3998 5450
2112 331 3249 348 ...Μηῆηηψρη-η-...ημ
3316 334 3323 337 .

448 356 851 367 “ne”-
914 350 1009 358 μ.
1066 348 1377 356 ,_-_.-_._.
1462 346 1579 353 ...-
1650 348 1659 349 ί
2026 343 2069 348 _
3130 361 3287 367 ψη

872 361 3116 386 _

264 378 847 399 -μ-πμ-ρᾲ-...υ

1428 502 1598 547 ANNO
1645 500 1871 546 ηοωκι
1910 497 2188 541 ωιιχιιι.

1210 675 2403 825 OTHLONUS

596 949 1008 1012 PRESBYTER
1048 946 1134 1003 ET
1174 941 1552 1002 MONACHUS
1586 939 1890 996 COENOBll
1927 939 1988 994 S.
2030 935 2446 993 EMMERAMMI
2488 933 3043 993 RATISBONENSIS.

851 1230 998 1317 DE
1068 1225 1349 1319 VITA
1419 1226 1568 1313 ET
1638 1220 2165 1312 SCRIPTIS
2233 1213 2778 1308 OTHLONI

1352 1431 2262 1569 DISQUISITIO.

411 1665 590 1738 (Apud
621 1662 690 1716 Β.
716 1662 776 1717 Ρ.
804 1660 1132 1716 Bernardum
1157 1657 1400 1723 Pezium,
1431 1653 1742 1709 Dissertatio
1769 1652 2032 1722 isagogica
2059 1652 2113 1704 in
2147 1659 2273 1702 tom.
2301 1647 2395 1701 Ill
2428 1647 2676 1701 Thesauri
2708 1647 2923 1709 Auced.,
2950 1657 3075 1712 pag.
3105 1639 3190 1711 ι.)

1667 1806 2021 1829 Μ

284 1921 382 1974 Res
425 1916 644 1974 Ozhloni
685 1916 769 1972 vel
817 1916 1032 1972 Othlohi
1065 1915 1222 1985 ‘apud
1253 1913 1536 1983 plerosque
1584 1929 1770 1969 reccn-
1806 1920 1848 1973 Α
1884 1930 1900 1961 ι
1937 1916 2060 1964 ante
2089 1907 2304 1962 solitum
2337 1915 2545 1973 tempus
2573 1901 2835 1966 discendi,
2862 1899 3150 1969 sinejussu
3178 1899 3448 1972 magistri,

223 2010 390 2064 tiores.
423 2006 744 2061 Browerum
775 2018 1047 2077 putamus,
1075 2004 1366 2066 Oudinum,
1408 2003 1643 2070 Piuium,
1674 2002 1787 2057 Ma-

223 2097 482 2149 billouium
514 2096 760 2165 aliosque
785 2135 799 2159 ,
837 2106 1097 2166 quotquot
1129 2095 1244 2164 ejus
1285 2094 1611 2148 mentionem
1654 2091 1787 2161 inje-

222 2193 416 2246 cerunt,
471 2185 884 2238 obscurissimae
923 2192 1067 2246 sunt,
1099 2183 1224 2236 licet
1253 2197 1342 2236 eas
1375 2181 1486 2251 ipse
1522 2180 1786 2235 Othlouus

224 2267 542 2341 amplissime
572 2271 1067 2341 caudidissimcque
1094 2271 1420 2340 perscriptas
1446 2271 1513 2325 ad
1543 2281 1788 2340 posteros

219 2364 590 2418 transmiserit.
623 2362 819 2418 Paucis
855 2363 1035 2418 omnia
1067 2361 1519 2431 complectimur:
1555 2362 1642 2416 ille
1675 2363 1808 2430 ipse.

220 2451 524 2525 Anouymns
559 2449 989 2524 Batisponensis,
1017 2455 1167 2522 cujus
1189 2453 1419 2505 libellum
1452 2455 1514 2507 de
1543 2455 1651 2506 suis
1680 2464 1789 2506 ten-

219 2545 513 2610 tationibus,
545 2547 698 2598 varia
730 2547 944 2613 fortuna
974 2555 1020 2598 et
1047 2547 1254 2613 scriptis
1276 2543 1514 2599 Joannes
1550 2543 1789 2598 Habilio-

220 2631 332 2685 uius
355 2633 657 2686 ex'codice
689 2632 1170 2688 Emmerammeusi
1223 2633 1274 2686 in
1313 2642 1458 2685 tonso
1505 2632 1788 2685 Analecta-

223 2734 327 2776 rum
362 2741 389 2778 a
425 2727 555 2794 pag.
591 2724 692 2778 404
730 2724 782 2778 in
825 2725 998 2780 lucem
1028 2724 1242 2787 extulit,
1277 2725 1361 2777 hic
1390 2732 1573 2779 uoster
1607 2722 1791 2777 Othlo-

225 2828 342 2876 uus,
385 2814 692 2869 monachus
736 2815 800 2868 et'
841 2813 1088 2869 Decauus
1131 2811 1428 2882 imperialis
1476 2813 1790 2868 monasterii

222 2902 278 2956 S.
306 2904 696 2958 Enuderammi
738 2901 859 2958 fuit.
889 2904 1032 2960 Idem
1081 2905 1313 2973 conjecit
1344 2903 1561 2972 quidem
1593 2902 1792 2956 acutis-

225 2994 380 3048 simus
406 2992 759 3048 Mabillouius
786 2995 838 3047 in
870 2994 1246 3049 Admonitionc
1273 2993 1470 3062 praevia
1498 2992 1563 3048 ad
1591 2993 1788 3046 dictum

224 3083 594 3154 Anonymum,
637 3085 770 3140 nihil
811 3095 986 3140 tamen
1037 3086 1174 3140 certi
1229 3084 1581 3153 pronuntiare
1628 3098 1790 3138 ausus

222 3182 315 3240 εει,
345 3192 446 3229 non
476 3177 621 3230 visis
660 3177 931 3240 omnibus,
968 3192 1087 3246 quae
1123 3183 1151 3230 a
1182 3190 1240 3231 se
1271 3176 1413 3230 edita
1444 3173 1611 3228 fuisse
1645 3188 1792 3229 com-

1893 2018 1910 2049 ‹
1947 2006 2118 2050 artem
2145 1997 2352 2050 discere
2388 1991 2680 2047 scribendi.
2723 1989 2942 2044 Furtivo
2976 1987 3120 2043 enim
3149 1996 3206 2044 et
3237 1989 3453 2044 insolito

1893 2106 1910 2138 ι
1944 2087 2124 2152 modo,
2168 2100 2268 2139 nec
2300 2100 2406 2138 non
2452 2083 2572 2137 sine
2616 2081 2842 2136 docente
2885 2080 3034 2135 nisus
3063 2095 3181 2134 sum
3209 2080 3453 2136 eamdem

1894 2198 1910 2228 α
1947 2186 2116 2232 artem
2145 2176 2418 2231 scribendi
2447 2174 2871 2243 apprehendere.
2899 2175 3015 2240 Qua
3043 2172 3112 2228 de
3137 2188 3196 2228 re
3228 2173 3458 2244 contigit

1895 2288 1912 2318 I
1946 2278 2004 2322 ut
2048 2283 2279 2338 pennam
2324 2267 2390 2321 ad
2433 2266 2776 2321 scribendum
2823 2266 3032 2320 inrecto
3077 2280 3174 2318 usu
3219 2266 3458 2321 retinere

1895 2381 1911 2412 ‹
1945 2372 2382 2422 consuescerem,
2415 2370 2513 2410 uec
2543 2363 2727 2425 postea
2763 2356 2831 2410 ab
2871 2355 2981 2408 ullo
3023 2354 3253 2408 docente
3295 2368 3460 2426 super

1895 2472 1911 2503 ί
1950 2451 2051 2506 hoc
2077 2450 2275 2522 corrigi
2325 2449 2586 2505 valerem.
2618 2435 2828 2502 Nimius
2872 2463 3106 2517 namque
3149 2463 3280 2503 usus
3327 2463 3458 2517 pro-

1895 2561 1912 2590 ι
1952 2541 2128 2596 hibuit
2159 2556 2246 2596 me
2273 2540 2583 2595 emendare.
2624 2539 2775 2606 Quod
2805 2555 2926 2595 eum
2970 2542 3218 2596 viderent
3253 2542 3455 2612 plures,

1897 2650 1913 2682 ε
1952 2631 2210 2686 dixerunt
2257 2645 2444 2686 omnes
2493 2645 2769 2699 nunquam
2799 2646 2888 2686 me
2933 2632 3070 2685 bene
3109 2633 3456 2703 scripturum.

1897 2738 1914 2772 t
1954 2718 2060 2775 Sed
2102 2719 2259 2774 aliter
2303 2719 2484 2774 evenit
2529 2734 2596 2773 ex
2645 2718 2821 2789 gratia
2869 2719 2986 2784 Dei,
3031 2722 3170 2776 sicut
3213 2722 3462 2792 plurimis

1898 2828 1915 2863 ι
1956 2820 2142 2866 uotum
2177 2820 2279 2866 est.
2313 2810 2444 2866 Nam
2469 2826 2591 2868 cum
2622 2811 2674 2865 in
2711 2813 2942 2881 pueritia
2973 2813 3196 2883 ipsoque
3225 2822 3464 2883 tempore

1899 2920 1916 2950 ι
1951 2918 2058 2970 quo
2108 2903 2286 2957 tabula
2345 2903 2474 2957 mihi
2525 2903 2649 2956 data
2696 2911 2779 2956 est
2817 2917 2938 2957 cum
2975 2903 3096 2958 aliis
3138 2903 3354 2973 pueris,
3385 2902 3461 2956 ἐπ’

1900 3015 1918 3046 ι
1956 2995 2268 3050 discendam
2323 2995 2647 3065 scripturam
2701 2995 2913 3049 viderer
2975 2994 3176 3064 aliquid
3227 2995 3452 3053 SCribere

1901 3105 1918 3136 ι
1957 3101 2139 3148 nosse,
2167 3084 2488 3138 miraculum
2518 3099 2623 3138 non
2649 3098 2872 3152 parvum
2905 3084 3110 3152 prmbui
3137 3083 3463 3138 videntibus.

1901 3197 1919 3229 ‹
1955 3177 2160 3231 Deinde
2197 3191 2328 3230 vero
2356 3192 2463 3230 non
2509 3184 2633 3245 post
2660 3176 2879 3245 longum
2927 3186 3141 3247 tempus
3185 3185 3294 3230 tam
3329 3176 3469 3231 bene

226 3271 475 3319 memorat
491 3263 1709 3335 Anonymus,opusculis,prmsertim'Dialogo
1731 3263 1794 3316 de
1827 3254 1870 3314 Β
1902 3287 1922 3320 ι
1956 3268 2195 3324 scribere
2229 3267 2390 3335 coepi,
2420 3275 2736 3335 tantumque
2768 3265 3017 3322 allectum
3055 3266 3122 3322 ad
3154 3267 3256 3322 hoc
3280 3266 3465 3331 habui,

225 3353 377 3406 tribus
424 3356 836 3424 qrtt't’st'ionibus,
874 3355 924 3407 in
969 3370 1074 3422 quo
1124 3372 1396 3423 personam
1443 3365 1498 3409 et
1545 3369 1696 3409 suam
1740 3365 1795 3410 et

229 3438 428 3498 lleurici
478 3445 744 3498 monachi
792 3443 1080 3514 Augiensis
1124 3444 1445 3513 patefecisse
1494 3460 1552 3499 se
1584 3445 1794 3498 scribit.

229 3529 322 3584 Sed
351 3548 536 3597 omne,
590 3534 636 3587 si
679 3533 823 3601 quod
869 3547 988 3587 esse
1035 3535 1226 3602 potuit,
1269 3535 1492 3587 dubium
1531 3534 1798 3590 sustulere

228 3622 321 3676 duo
354 3624 610 3692 insignes
643 3640 805 3677 manu
836 3624 1043 3678 exarati
1072 3625 1308 3690 codices,
1344 3626 1501 3679 ambo
1531 3626 1796 3695 quingen-

228 3721 391 3766 torum
419 3723 727 3777 annorum,
766 3727 995 3782 quorum
1020 3728 1185 3767 unum
1213 3715 1264 3768 in
1296 3714 1618 3769 bibliotheca
1644 3715 1801 3769 Lam-

226 3799 431 3858 bacensi
479 3801 666 3860 iri-4°.
705 3803 931 3856 alterum
981 3803 1034 3856 in
1084 3802 1542 3857 Sanct-Crucensi
1585 3804 1798 3861 in-folio

229 3892 547 3957 reperimus,
588 3892 641 3944 in
678 3891 876 3960 quibus
904 3889 993 3946 ille
1019 3890 1293 3961 Dialogus,
1324 3893 1596 3961 expressis
1633 3895 1818 3947 inter-‘

228 3975 527 4034 locutorum
572 3982 900 4045 nominibus,
944 3981 1157 4035 llenrici
1197 3982 1449 4036 videlicet
1475 3995 1530 4036 et
1559 3982 1800 4049 Othloni,

226 4081 584 4127 Conservatus
628 4081 729 4124 est.
769 4071 838 4127 Ut
880 4071 1015 4126 adeo
1043 4072 1176 4125 nihil
1220 4073 1426 4126 certius
1469 4088 1589 4128 esse
1632 4075 1802 4143 possit

228 4171 380 4224 quam
409 4158 759 4228 Anonymum
792 4159 943 4214 illum
981 4158 1427 4228 Ratisponensem
1456 4160 1533 4214 De
1558 4163 1798 4216 tentatio-

228 4244 398 4311 nibus,
443 4248 603 4299 uaria
647 4247 863 4314 fortuna
897 4259 946 4302 et
995 4250 1204 4319 scriptis
1254 4253 1363 4306 suis
1417 4269 1444 4306 a
1496 4252 1802 4308 Mabillonio

228 4336 561 4405 evulgatum,
599 4353 763 4391 unum
787 4341 1142 4411 eamdemque
1167 4356 1287 4398 esse
1328 4354 1490 4414 atque
1513 4344 1801 4399 Othlonum

229 4428 555 4481 monachum
589 4427 1162 4486 Emmerammensem.
1196 4433 1380 4503 Itaque
1397 4436 1494 4503 qui
1525 4433 1642 4502 ejus
1678 4436 1802 4489 vita:

230 4513 514 4571 historiam
548 4533 714 4572 nosse
741 4521 906 4589 cupit,
941 4522 1168 4577 citatum
1216 4531 1422 4579 tomum
1456 4524 1491 4578 4
1519 4524 1802 4580 Analecto-

1898 3376 1918 3410 ι
1950 3365 2088 3411 utet
2131 3357 2182 3409 iu
2222 3357 2338 3410 loco
2379 3355 2488 3419 illo,
2519 3371 2625 3424 quo
2655 3355 2782 3409 talia
2827 3356 3011 3421 didici,
3062 3357 3115 3410 id
3150 3365 3234 3410 est
3267 3355 3319 3409 in
3355 3369 3466 3410 etB-

1899 3466 1919 3499 ι
1955 3447 2118 3501 nobio
2151 3446 2452 3515 Tegernsec
2480 3445 2638 3505 dicto,
2673 3445 2870 3500 multos
2899 3446 3067 3501 libros
3096 3447 3457 3516 scripsissem,

1902 3555 1920 3588 ι
1955 3547 2008 3589 et
2059 3537 2112 3588 in
2163 3535 2447 3588 Franciam
2498 3534 2859 3603 (Orientalem
2919 3552 3010 3590 seu
3065 3535 3466 3607 Franconiam)

1903 3645 1920 3678 ‹
1958 3617 2248 3680 translatus
2297 3626 2471 3680 adhuc
2513 3640 2676 3694 puer,
2728 3625 2906 3694 ibique
2949 3627 3003 3678 in
3046 3634 3256 3680 tantum
3297 3627 3469 3680 multa

1906 3735 1924 3767 ι
1961 3715 2245 3770 scribendo
2287 3715 2641 3780 laborassem,
2675 3723 2734 3769 ut
2763 3715 2886 3770 inde
2916 3715 3132 3771 rediens
3172 3730 3308 3786 pene
3350 3716 3466 3771 visu

1905 3824 1923 3856 ‹
1959 3807 2205 3876 privatus
2236 3804 2478 3858 fuissem.
2505 3834 2572 3844 —
2595 3803 2722 3870 Quae
2751 3804 2896 3866 ideo,
2923 3824 2940 3856 ι
2973 3803 3246 3874 subjuugit
3283 3803 3470 3859 Othlo-

1901 3912 2031 3962 nus,
2099 3913 2115 3944 ε
2148 3892 2390 3962 proferre
2434 3895 2670 3958 decrevi,
2710 3904 2769 3948 ut
2814 3895 3023 3964 aliquos
3071 3895 3355 3951 incitarem
3401 3898 3470 3952 ad

1908 4005 1925 4037 ι
1961 3984 2193 4038 similem
2228 3982 2477 4038 all‘eetum
2508 3983 2812 4049 laborandi,
2845 3984 3182 4055 gratiamque
3212 3983 3330 4050 Dei,
3351 4000 3473 4056 qua:

1909 4093 1926 4124 ι
1964 4083 2108 4128 tanta
2160 4072 2290 4126 mihi
2332 4072 2593 4127 beneﬁcia
2627 4073 2876 4141 praebuit,
2921 4071 3047 4126 aliis
3086 4085 3338 4137 narrans,
3373 4087 3471 4127 eos

1910 4186 1925 4216 ι
1959 4166 2025 4218 ad
2073 4164 2521 4234 magnificandam
2559 4163 2803 4217 eamdem
2847 4165 3073 4231 gratiam
3115 4163 3207 4218 Dei
3255 4177 3470 4218 mecum

1911 4274 1929 4305 ι
1967 4255 2197 4308 traham.
2229 4273 2247 4307 ι
2284 4253 2346 4307 Et
2378 4251 2622 4323 profecto
2672 4261 2750 4308 tot
2792 4253 3062 4307 volumina
3101 4253 3316 4322 juvenis
3343 4252 3470 4308 dili-

1905 4343 2250 4411 gentissimus
2293 4341 2633 4410 conscripsit,
2667 4349 2746 4405 ut,
2778 4340 2885 4395 nisi
2918 4341 3028 4409 ipse
3059 4341 3158 4395 sub
3187 4339 3352 4396 ﬁnem
3385 4341 3473 4399 ci-

1909 4433 2004 4486 tati
2035 4432 2154 4486 libri
2195 4431 2404 4500 singula
2432 4439 2760 4495 recenseret,
2790 4447 2949 4486 nemo
2993 4430 3156 4486 facile
3198 4441 3258 4486 ut
3283 4433 3475 4490 credat

1907 4523 2148 4576 animum
2185 4531 2370 4590 posset
2409 4521 2683 4576 inducere.
2736 4521 2991 4588 Quaedam
3046 4523 3151 4593 ipsi
3178 4523 3233 4576 in
3282 4522 3506 4601 biblio-I

228 4618 347 4658 rum
378 4605 681 4663 Mabillouii
709 4587 942 4665 evolvat.
987 4611 1065 4667 Ne
1111 4622 1292 4667 tamen
1319 4613 1516 4683 quibus
1543 4615 1801 4670 Analecta
1829 4587 1874 4649 Ο
1907 4611 2064 4665 theca
2090 4587 2481 4680 Tegernseensi
2511 4619 2566 4666 et
2591 4587 3086 4667 Ernmerammensi
3113 4613 3474 4680 spectavimus

233 4697 300 4751 ad
326 4711 553 4753 manum
594 4715 703 4755 non
743 4710 890 4766 sunt,
934 4704 1065 4758 nihil
1093 4705 1160 4759 de
1197 4704 1413 4760 Othloni
1443 4706 1550 4759 vita
1592 4705 1804 4760 dedisse
1901 4700 1959 4754 in
1984 4714 2175 4754 manus
2215 4708 2270 4753 et
2301 4699 2616 4755 litterarum
2655 4698 2980 4767 elegantiam
3026 4707 3082 4752 et
3123 4698 3474 4753 accuratissi-

233 4786 536 4855 videamur,
577 4805 646 4844 en
673 4789 791 4858 ejus
814 4793 977 4848 veluti
1007 4796 1302 4862 epitomen.
1333 4795 1520 4850 Editus
1545 4795 1598 4849 in
1629 4795 1800 4850 lucem

1903 4807 2047 4847 mam
2085 4782 2569 4847 conformationem
2611 4789 2795 4848 defixi.
2837 4792 3106 4846 Caeterum
3151 4787 3417 4842 Othlouus
3453 4806 3484 4842 e

233 4877 331 4934 fuit
349 4880 624 4938 Othlouus
655 4885 799 4939 circa
831 4902 1029 4943 annum
1059 4889 1218 4952 1015,
1253 4889 1307 4942 in
1353 4891 1570 4945 ditecesi
1599 4889 1803 4944 Frisiu—
1901 4881 2135 4944 Francia
2164 4896 2413 4938 reversus
2439 4884 2603 4952 paulo
2638 4889 2762 4953 post
2785 4881 3091 4937 liberalium
3137 4880 3336 4933 artium
3377 4877 3489 4934 dis-

234 4970 406 5036 gensi,
427 4979 494 5026 ut
523 4986 592 5025 ex
621 4973 790 5028 variis
818 4977 1139 5045 scriptorum
1165 4978 1284 5045 ejus
1311 4979 1444 5033 locis
1464 4979 1798 5049 intelligitur.

233 5059 510 5132 Ingenium
543 5064 720 5120 docile
761 5081 824 5120 ac
860 5067 1013 5126 facile
1051 5081 1242 5126 nactus
1279 5086 1307 5124 a
1354 5073 1525 5141 prima
1572 5072 1805 5141 pueritia

235 5151 543 5222 singularis;
565 5155 858 5223 diligentia:
881 5161 1177 5228 specimina
1201 5160 1369 5224 dedit,
1397 5171 1567 5216 artem
1600 5161 1809 5215 litteras

234 5240 512 5310 eleganter
539 5244 796 5312 pingendi
829 5249 939 5304 sine
974 5251 1219 5322 magistri
1247 5265 1349 5318 ope
1379 5265 1442 5304 ac
1465 5249 1819 5304 institutione

235 5331 442 5388 discere
484 5349 802 5403 aggressus.
844 5337 970 5394 Rem
1013 5343 1126 5411 ipse
1167 5339 1436 5396 Othlouus
1472 5343 1523 5394 iu
1565 5339 1704 5392 libro
1735 5338 1809 5392 De

1904 4971 2114 5042 ciplinis
2161 4987 2220 5027 se
2281 4971 2628 5031 imbuendum
2694 4973 2973 5041 magistris
3037 4969 3314 5040 praebuit,
3354 4969 3495 5021 adeo

1908 5065 2271 5120 aunuentibus
2309 5064 2476 5120 Musis
2500 5079 2560 5124 ut
2585 5065 2948 5125 contentionis
2985 5060 3147 5121 laude
3183 5075 3376 5116 omnes
3403 5071 3493 5111 so-

1907 5154 2058 5208 dales
2115 5153 2274 5212 facile
2318 5157 2574 5214 anteiret.
2627 5153 2864 5215 Poeticis
2905 5154 3215 5226 praecipue,
3274 5160 3331 5205 ut
3377 5147 3492 5216 ipse

1909 5254 2163 5311 testatur,
2236 5245 2633 5318 delectabatur,
2709 5245 3042 5317 ardebatque
3111 5247 3266 5292 ῐιπιιο
3329 5234 3499 5306 Ρτοίί·

1909 5333 2083 5388 ciendi
2136 5344 2292 5397 testu,
2342 5342 2402 5388 ut
2447 5335 2621 5394 Deum
2665 5341 2985 5391 constanter
3020 5334 3240 5396 rogaret
3286 5335 3344 5380 ut
3389 5325 3498 5383 sibi

3063 5414 3292 5442 ιιιιιιιιαιιο
