3998 5450
470 337 528 391 11
1458 332 1829 394 οτειιοκυδ
1867 336 2244 396 MONACHUS
2279 336 2344 393 S.
2385 336 2822 394 EMMERAMMI.
3643 335 3714 393 13

467 449 712 509 eerdotio
770 449 1083 508 devovente.
1131 447 1237 506 Sed
1285 448 1552 508 Otlilonus
1603 468 1627 506 1
1657 453 1913 508 libentius
1951 453 2037 508 in-
2065 458 2110 516 Α
2144 469 2163 504 1
2201 450 2411 506 illorum
2434 451 2716 520 petitione,
2739 449 2936 520 quibus
2959 447 3200 504 scribere
3249 448 3414 519 capi,
3458 449 3525 504 ad
3579 457 3716 507 seri-

470 552 554 597 ter
595 543 867 599 studiosos
913 557 1153 614 quosque
1188 551 1244 598 et
1285 543 1556 600 doctiores
1603 545 1832 600 clericos
1875 560 2036 615 quam

469 634 612 690 inter
672 635 900 691 villanos
965 634 1168 690 versari
1237 649 1379 704 stepe
1446 635 1807 691 desiderabat.
1843 655 1862 688 1
1911 635 2040 702 Quae

469 725 743 780 desideria
809 734 862 780 et
925 725 1148 780 consilia
1211 733 1272 779 ut
1317 726 1638 794 quantocius
1698 726 1938 796 expleret
1972 741 2042 782 ac

465 821 855 882 exsequeretur
894 813 1140 867 stimulos
1174 813 1224 868 ei
1263 814 1469 869 addidit
1518 815 1839 885 permolesta
1887 832 2039 886 1111111-

467 901 592 956 dam
643 917 766 956 cum
815 900 1164 956 Werinhario
1200 903 1694 975 archipresbyterio
1719 945 1734 969 ,
1787 924 1806 954 1
1835 906 1888 960 in
1927 906 2041 976 epi-

467 1001 691 1063 scopatu
722 992 1053 1063 Frisingensi
1085 995 1558 1062 prmstautissimo,
1591 1015 1610 1048 1
1647 998 2035 1061 controversia,

464 1099 627 1154 quam
677 1085 791 1155 ipse
821 1083 874 1136 in
905 1083 1039 1136 libro
1095 1083 1362 1138 Visionnm
1389 1125 1404 1150 ,
1461 1086 1666 1141 visione
1693 1086 1727 1140 5
1755 1127 1770 1152 ,
1825 1087 1931 1142 late
1975 1101 2041 1142 ac

467 1187 653 1247 aperte
680 1178 955 1230 denarrat.
986 1173 1033 1227 A
1076 1189 1180 1242 qua
1227 1183 1286 1228 ut
1332 1190 1391 1229 se
1421 1176 1719 1246 expediret,
1771 1195 1789 1228 1
1817 1177 2038 1243 relictis,

471 1289 489 1320 1
527 1269 623 1332 ait,
651 1267 717 1320 ad
753 1276 962 1335 tempus
993 1265 1125 1320 meis
1154 1265 1422 1330 onmibus,
1455 1267 1665 1336 perrexi
1697 1267 1762 1321 ad
1798 1267 2044 1335 Ratispo-

471 1372 488 1400 ο
524 1368 646 1406 nam
675 1351 974 1415 civitatem,
1027 1351 1209 1420 ibique
1254 1351 1627 1408 Burchardum
1672 1357 2040 1408 venerandum

467 1461 487 1492 1
525 1441 776 1496 abbatem
803 1441 1035 1497 canobii
1065 1440 1122 1495 S.
1155 1441 1536 1497 Emmerammi
1567 1460 1665 1514 pro
1707 1446 1809 1500 mei
1860 1461 2043 1501 susce-

469 1549 488 1581 e
534 1531 718 1604 ptionc
749 1547 966 1602 rogans,
995 1531 1100 1586 cito
1126 1531 1408 1601 impetravi
1441 1545 1648 1604 rogata,
1681 1551 1778 1606 pro
1799 1551 1863 1591 eo
1892 1536 2042 1590 scili-

466 1641 486 1675 e
525 1631 614 1678 cet
641 1623 783 1692 quod
811 1622 1040 1678 emnobii
1072 1622 1312 1692 ejusdem
1355 1627 1602 1680 monachi
1643 1609 2040 1696 prbl‘ectuosum

467 1730 487 1765 1
521 1712 624 1768 sibi
648 1713 763 1767 fore
791 1712 1196 1767 arbitrabantur
1238 1728 1415 1768 meum
1461 1715 1604 1769 seire
1653 1717 1707 1770 in
1754 1717 2041 1771 scribendo

2144 561 2163 594 1
2209 543 2459 597 bendum.
2493 561 2510 594 1
2547 541 2672 596 Htec
2699 541 2812 612 ipse
2833 539 3118 606 Otblonus,
3150 540 3242 610 qui
3281 540 3408 609 quid
3433 540 3558 606 sibi,
3587 540 3718 596 dum

2140 634 2425 704 quemdam
2457 632 2839 702 discipulorum
2867 631 3048 686 acrius
3077 630 3416 700 castigasset,
3454 630 3716 694 evenerit,

2142 726 2193 780 in
2230 725 2364 778 libra
2401 723 2693 789 Visionum,
2719 722 2928 778 visione
2959 722 3142 787 tertia,
3172 721 3455 786 describit,
3479 721 3618 790 quod
3651 721 3721 776 iis

2140 831 2430 883 puerorum
2462 815 2735 884 magistris
2762 815 2956 869 terrori
2985 829 3105 868 esse
3147 813 3336 882 possit,
3387 812 3477 881 qui
3513 811 3718 868 nullum

2143 905 2195 959 in
2227 904 2512 974 puniendis
2533 904 2846 958 earumdem
2876 905 3071 959 erratis
3103 903 3320 957 modum
3349 917 3568 957 servare
3591 917 3725 958 con-

2141 1003 2449 1048 sueverunt.
2474 992 2631 1049 Circa
2659 1008 2859 1047 annum
2892 992 3030 1046 1055
3059 991 3338 1046 decaniam
3383 991 3720 1045 Emmeram-

2142 1086 2344 1142 meusis
2368 1085 2677 1140 monasterii
2699 1085 3101 1139 administravit
3125 1086 3178 1137 in
3201 1097 3308 1152 qua
3357 1101 3376 1134 1
3399 1082 3592 1137 abbate
3611 1081 3722 1137 Re-

2147 1196 2165 1228 1
2202 1175 2462 1246 ginbardo
2503 1191 2608 1230 non
2637 1176 2795 1246 juxta
2826 1175 3023 1245 regula:
3069 1185 3269 1228 sancta:
3308 1173 3574 1237 instituta,
3623 1171 3724 1228 sed

2146 1285 2165 1321 1
2215 1266 2508 1322 secundum
2533 1266 2766 1334 episcopi
2795 1273 3144 1334 praeceptum,
3177 1262 3260 1316 vel
3277 1262 3551 1333 iuniorum
3580 1276 3721 1331 quo-

2147 1374 2166 1407 1
2215 1357 2455 1410 rumdam
2484 1355 2734 1410 all'ectum
2759 1355 2991 1425 plurima
3015 1351 3139 1408 illuc
3165 1353 3506 1423 disponente,
3535 1349 3732 1407 Othlo-

2147 1467 2166 1498 1
2203 1462 2304 1502 nus
2323 1447 2544 1517 iugiter,
2568 1454 2829 1515 quantum
2860 1446 3058 1516 potuit,
3083 1443 3369 1515 praeceptis
3419 1442 3726 1511 huiusmodi

2148 1559 2166 1592 1
2205 1539 2512 1593 consentire
2535 1537 2722 1592 noluit.
2762 1536 2877 1604 Qua
2903 1537 2970 1591 de
3008 1551 3066 1590 re
3098 1536 3236 1590 inter
3265 1535 3439 1604 ipsum
3475 1541 3530 1588 ct
3557 1533 3726 1588 abba-

2149 1652 2166 1686 1
2203 1642 2309 1688 tem
2338 1631 2606 1686 discordia
2651 1645 2841 1700 magna
2873 1638 3060 1685 exorta
3089 1635 3196 1693 est,
3251 1642 3374 1682 cttm
3417 1641 3590 1697 neque
3636 1625 3730 1681 ille

2150 1740 2170 1773 1
2206 1737 2321 1786 sua,
2349 1736 2450 1776 nec
2477 1735 2577 1788 ego
2605 1718 2780 1790 (verba
2808 1716 3020 1772 0thIoni
3048 1726 3168 1770 sunt
3189 1731 3256 1769 ea:
3293 1715 3457 1769 Ltano
3494 1715 3730 1780 νιδιοῖ(Ὗ

467 1822 486 1854 ο
525 1803 609 1859 vel
639 1804 692 1859 in
724 1803 965 1859 docendo
988 1804 1278 1860 canonicos
1309 1805 1634 1875 quoslibet.»
1653 1805 1871 1862 Praefuit
1901 1807 2038 1862 Bur-
2068 1793 2116 1853 Β
2149 1833 2166 1864 1
2210 1812 2401 1866 visione
2428 1811 2506 1880 4,)
2540 1823 2657 1864 mea
2686 1817 2810 1863 vota
2841 1815 3050 1862 mutare
3093 1806 3307 1860 vellent.
3339 1805 3548 1860 Interea
3591 1818 3728 1860 vero

461 1896 718 1962 ehardus,
743 1909 810 1950 ex
836 1895 1163 1950 monasterio
1192 1896 1375 1967 Augite
1432 1896 1622 1953 Divitis
1654 1898 1718 1953 ad
1765 1898 2039 1952 abbatiam

462 1988 1015 2067 Emmerammensem
1039 1997 1370 2059 assumptus,
1400 1989 1468 2044 ab
1497 2005 1640 2046 anno
1689 1990 1827 2046 1050
1872 2006 2042 2062 usque

461 2081 530 2135 ad
555 2079 692 2134 1037
729 2081 828 2136 sub
854 2094 962 2149 quo
986 2080 1224 2135 omnium
1259 2080 1360 2138 loci
1386 2100 1634 2137 censuum
1681 2096 1726 2138 et
1781 2085 2040 2139 reditnum

459 2173 740 2242 descriptio
786 2171 930 2227 facta
959 2181 1042 2227 est
1095 2189 1237 2229 anno
1287 2175 1466 2242 1051,
1512 2177 1749 2232 Arnoldo
1799 2180 1893 2233 seu
1946 2179 2042 2232 Ar-

460 2262 681 2332 nolpbo,
708 2278 774 2318 ex
792 2263 988 2318 comite
1017 2265 1279 2318 monacho
1297 2273 1348 2335 et
1377 2267 1662 2335 praeposito
1692 2267 1898 2338 singula
1929 2268 2040 2322 dis-

459 2353 694 2420 quirente
723 2395 738 2420 ,
785 2369 949 2424 quam
992 2353 1256 2424 integram
1290 2354 1455 2410 habes
1503 2355 1728 2426 hujusce
1780 2356 2041 2412 Thesauri

461 2455 593 2501 tom.
628 2445 670 2512 Ι,
691 2455 832 2517 part.
861 2462 942 2510 tu,
974 2446 1078 2502 col.
1108 2445 1193 2500 67.
1226 2445 1340 2503 Sub
1370 2449 1556 2502 eodem
1591 2447 1903 2505 Burehardo
1928 2456 2043 2503 stu-

459 2541 548 2598 dia
575 2543 790 2614 pietatis
815 2552 870 2599 et
899 2543 1199 2597 litterarum
1221 2545 1436 2614 egregie
1464 2544 1514 2598 in
1547 2545 1874 2598 monasterio
1917 2543 2042 2596 Em-

390 2627 398 2636 ’
461 2633 840 2688 merammensi
895 2630 1143 2687 ﬂoruisse
1202 2649 1326 2686 mox
1401 2640 1729 2686 memoratus
1775 2631 2044 2686 Arnoldus

461 2722 816 2790 gravissimus
849 2721 1004 2774 testis
1029 2729 1133 2784 est,
1155 2720 1246 2788 qui
1277 2735 1401 2774 eum
1439 2740 1456 2770 1
1488 2719 1576 2773 tali
1623 2718 1750 2774 "loco
1801 2715 2040 2775 destina-

462 2821 574 2864 tum
604 2823 722 2863 esse
743 2809 835 2869 ait,
870 2807 923 2861 in
947 2823 1054 2877 quo
1085 2809 1345 2862 hactenus
1373 2808 1512 2877 ipso,
1563 2808 1800 2863 donante
1821 2817 1872 2862 et
1921 2825 2045 2862 san-

462 2899 705 2956 ctissima
729 2896 953 2968 Virgine
997 2897 1162 2952 Maria
1189 2899 1502 2968 adiuvante,
1530 2899 1803 2953 abundant
1857 2899 2046 2955 Patres

462 2998 517 3044 et
554 2987 750 3042 fratres
775 2989 886 3044 sive
914 2989 1052 3057 apud
1076 2988 1262 3054 Deum,
1291 2988 1406 3043 sive
1433 2989 1570 3059 apud
1595 2989 1850 3044 saeculum
1895 2989 2046 3045 valtle

464 3079 688 3135 nobiles.
720 3100 737 3132 1
771 3079 888 3150 Ipse
917 3078 1180 3134 Othlonus
1215 3079 1269 3133 in
1297 3080 1390 3134 lib.
1418 3079 1496 3134 De
1521 3081 1895 3136 (curationibus
1935 3083 2043 3136 suis

463 3177 713 3237 testatur,
746 3187 763 3220 1
795 3147 847 3223 in
878 3184 944 3224 eo
967 3168 1105 3234 loco,
1138 3184 1244 3240 quo
1274 3170 1434 3238 (anno
1467 3169 1623 3238 1052)
1656 3171 1950 3224 monachus
1966 3170 2044 3224 fa-
2072 3147 2116 3205 (ἶ

469 3279 488 3312 1
525 3269 640 3315 ctus
667 3269 769 3326 est,
801 3275 922 3315 eum
946 3259 1206 3330 plurimos
1234 3259 1458 3314 diversae
1497 3260 1772 3330 qualitatis
1802 3261 2046 3315 homines

471 3370 488 3402 1
527 3353 842 3416 invenisset,
868 3350 1128 3422 quosdam
1157 3349 1323 3405 libros
1345 3350 1560 3419 quidem
1596 3351 1848 3422 gentiles,
1879 3366 2046 3420 quos-

469 3467 488 3498 1
525 3445 652 3502 dam
683 3461 812 3501 vero
837 3461 1049 3500 sacram
1073 3444 1410 3515 Scripturam
1445 3446 1705 3516 legentes,
1735 3463 1793 3502 se
1818 3448 2047 3516 cmpisse

470 3557 489 3587 ι
528 3537 646 3592 illos
677 3537 1012 3592 solummodo
1037 3537 1261 3601 imitari,
1287 3552 1421 3607 quos
1453 3538 1668 3593 videbat
1693 3538 1887 3592 divina:
1913 3538 2046 3594 insi-

474 3650 490 3676 ι
528 3639 672 3685 stere
699 3628 936 3683 lectioni.
956 3647 973 3679 1
1007 3628 1213 3695 Quibus
1242 3629 1412 3683 sacris
1435 3629 1625 3684 studiis
1644 3629 1768 3683 dum
1791 3645 1852 3684 se
1878 3639 2046 3683 totum

466 3717 729 3774 Otblonus
759 3719 1052 3788 immergit,
1080 3718 1396 3772 incredibile
1426 3727 1511 3772 est
1543 3719 1596 3771 in
1643 3728 1893 3786 quantas,
1929 3733 2045 3771 ma-

467 3811 718 3865 rbinante
750 3809 890 3863 malo
917 3809 1179 3872 dannoue,
1210 3807 1536 3861 tentatioues
1567 3816 1621 3860 et
1654 3806 1816 3860 animi
1839 3807 2050 3860 crucia-

467 3913 553 3957 tus
582 3901 850 3957 iuciderit.
881 3900 1070 3953 Exstat
1102 3897 1168 3952 de
1207 3899 1274 3953 iis
1307 3897 1595 3966 singularis
1621 3896 1776 3962 liber,
1807 3905 1864 3951 ut
1884 3913 2046 3967 supra

464 3992 577 4058 jam
607 3989 858 4052 diximus,
890 4004 919 4041 a
948 3985 1257 4042 Mahillonio
1295 3987 1490 4042 editus.
1535 3986 1792 4040 Eantdem
1831 3985 2049 4041 calami-

469 4085 641 4131 tatum
678 4091 897 4130 suarum
936 4076 1216 4130 historiam
1247 4076 1471 4130 totidem
1527 4074 1640 4130 fere
1698 4075 1875 4131 verbis
1924 4091 2048 4145 per-

472 4168 605 4222 texit
635 4168 686 4222 in
717 4167 854 4222 libro
903 4166 976 4221 De
1021 4184 1176 4220 cursu
1207 4166 1491 4239 spirituali,
1519 4183 1548 4222 a
1581 4181 1698 4236 cap.
1739 4165 1831 4230 21,
1883 4181 2052 4234 usque

471 4257 538 4311 ad
562 4257 653 4321 26,
676 4266 729 4310 et
761 4257 812 4309 in
847 4256 982 4310 libro
1017 4256 1242 4310 metrico
1273 4255 1350 4310 De
1397 4256 1634 4310 doctrina
1687 4255 1975 4326 spirituali,
2019 4269 2049 4308 a

471 4360 588 4417 rap.
616 4345 681 4399 Μ
710 4346 776 4399 ad
808 4347 894 4400 19.
928 4345 1218 4401 Othlonunt
1247 4347 1446 4401 scholis
1471 4346 2052 4401 Emmeranunensibus

2145 1921 2166 1952 ο
2203 1918 2344 1972 srcpe
2373 1917 2468 1971 per
2513 1899 2910 1970 memetipsum,
2959 1912 3100 1967 stepe
3129 1911 3224 1966 per
3253 1895 3390 1950 alios
3422 1895 3571 1949 illum
3629 1910 3724 1950 ro-

2147 2013 2165 2046 1
2203 2009 2358 2066 gans,
2388 2000 2446 2046 ut
2476 1991 2603 2060 quia
2635 2005 2815 2044 mores
2851 1988 2956 2044 mei
2977 1988 3080 2044 sibi
3105 1987 3328 2042 omnino
3354 1985 3728 2056 displicerent,

2147 2104 2166 2137 1
2205 2099 2340 2139 mea
2368 2081 2592 2136 decauia
2618 2080 2906 2135 commissa
2961 2077 3288 2141 absolveret,
3335 2090 3435 2130 nee
3479 2076 3580 2130 hoc
3629 2088 3730 2144 per

2148 2196 2166 2230 1
2203 2185 2442 2246 tempora
2469 2172 2638 2228 multa
2666 2171 2913 2226 obtinere
2939 2168 3104 2223 valui.
3136 2167 3288 2223 Unde
3329 2166 3526 2221 factum
3557 2173 3638 2220 est
3668 2173 3728 2218 ut

2147 2291 2166 2324 ‹
2200 2269 2324 2340 quia
2350 2266 2494 2323 nulla
2524 2263 2667 2335 apud
2713 2278 2835 2319 eum
2877 2263 3170 2332 impetrare
3219 2259 3389 2330 potui,
3441 2257 3555 2313 zelo
3608 2257 3731 2328 plus

2149 2385 2167 2418 1
2203 2367 2347 2435 justo
2370 2364 2564 2418 ductus
2586 2374 2774 2429 aspera
2800 2357 3124 2424 incautaque
3152 2355 3293 2407 dicta
3345 2353 3592 2423 quaedam
3649 2350 3728 2404 ita

2150 2475 2167 2508 1
2203 2463 2389 2510 contra
2409 2467 2532 2508 eum
2556 2451 2880 2520 proferrem,
2906 2455 2966 2501 ut
3001 2459 3086 2500 me
3112 2460 3324 2515 quoque
3354 2442 3730 2498 meledictiouc

2150 2569 2168 2602 1
2211 2557 2612 2604 eonneeterem.
2643 2565 2661 2598 1
2697 2545 2866 2612 Quem
2893 2542 3149 2612 impetum
3181 2541 3345 2596 animi
3375 2555 3479 2610 qua
3520 2538 3732 2594 ratione

2145 2641 2305 2694 luerit
2332 2641 2450 2709 lege
2477 2637 2697 2691 citatam
2747 2636 3015 2690 Visionem
3058 2641 3330 2704 quartam,
3385 2647 3506 2702 qua:
3553 2629 3734 2698 gravi«

2147 2741 2257 2786 tate
2287 2747 2382 2786 sua
2409 2744 2598 2784 omnes
2632 2729 2778 2784 viros
2807 2727 3088 2798 religiosos
3135 2735 3464 2795 permoveat,
3517 2731 3574 2776 ut
3598 2719 3730 2776 vitia

2147 2835 2363 2874 suorum
2393 2816 2768 2887 praefectorum
2794 2815 3030 2871 ferocius
3056 2823 3112 2869 et
3152 2813 3500 2883 impotentius
3549 2827 3619 2868 ne
3644 2808 3728 2866 fe-

2147 2922 2291 2967 rant.
2330 2912 2501 2966 Porro
2520 2927 2588 2965 ex
2621 2910 2798 2980 poenis
2844 2910 2945 2965 sibi
2982 2909 3238 2964 divinitus
3291 2906 3504 2960 inﬂictis
3555 2920 3724 2960 emet~

2148 3019 2277 3074 gens
2298 3017 2440 3056 anno
2462 3001 2600 3054 1062
2614 2999 2838 3053 Fuldam
2866 2999 3108 3054 secessit.
3139 3016 3157 3048 1
3177 2995 3310 3052 Cum
3332 2995 3497 3059 enim,
3518 3014 3534 3046 1
3558 2993 3714 3063 inqui.

2149 3096 2200 3149 in
2232 3095 2325 3148 lib.
2356 3093 2434 3147 De
2475 3101 2630 3156 tent.,
2667 3107 2788 3160 pag.
2822 3089 2948 3153 441,
3001 3108 3019 3139 1
3045 3085 3430 3142 monasterium
3463 3094 3728 3148 nostrum,

2153 3205 2170 3236 1
2214 3184 2266 3238 in
2295 3185 2426 3237 urbe
2454 3182 2747 3236 Ratisbona
2801 3177 3182 3240 constitutum,
3236 3174 3386 3230 varia
3445 3174 3728 3244 episcopo-

2151 3296 2168 3327 1
2207 3292 2323 3330 rum
2353 3273 2728 3344 persecutione
2755 3269 2958 3324 destrui
2989 3268 3250 3333 viderem,
3277 3267 3456 3335 ibique
3486 3279 3582 3334 per
3629 3263 3730 3318 tri-

2152 3381 2170 3413 1
2215 3365 2360 3433 ginta
2391 3376 2562 3415 annos
2595 3358 2818 3413 meliora
2844 3371 3072 3426 sperans
3095 3355 3466 3416 subsisterent,
3519 3352 3732 3408 octmlto

2153 3471 2171 3503 1
2220 3452 2312 3506 Dei
2340 3450 2545 3519 iudicio
2577 3448 2735 3517 longe
2787 3447 2947 3500 aliter
2985 3461 3148 3515 quant
3201 3458 3474 3514 sperarem
3530 3441 3729 3498 evenit.

2152 3568 2170 3600 1
2217 3547 2458 3613 Qualiter
2484 3554 2663 3598 autem
2692 3541 2988 3596 destructio
3018 3549 3168 3593 tanta
3190 3539 3452 3600 evenerit,
3481 3535 3606 3604 quia
3629 3548 3733 3590 nec

2151 3655 2170 3687 1
2213 3635 2444 3689 breviter
2473 3630 2701 3701 proferri
2731 3629 2894 3691 valet,
2924 3643 3022 3681 nec
3051 3625 3279 3693 ineptias
3313 3632 3486 3675 tantas
3521 3623 3606 3676 hic
3637 3637 3733 3676 ex‘

2154 3743 2170 3773 1
2209 3738 2406 3792 ponere
2430 3721 2574 3779 libet,
2610 3718 2732 3771 aliis
2761 3715 3081 3784 proferenda
3116 3713 3378 3781 relinquo,
3403 3710 3504 3764 hoc
3534 3710 3732 3764 solum-

2154 3833 2170 3863 1
2211 3813 2370 3866 modo
2391 3825 2656 3865 enarrans
2682 3808 2806 3876 quia
2836 3822 2956 3859 cum
2981 3803 3250 3858 exteriora
3298 3801 3611 3856 monasterii
3636 3816 3732 3855 uo-

2154 3925 2171 3956 1
2217 3903 2315 3958 stri
2344 3898 2626 3956 commoda
2651 3898 2865 3967 penitus
2894 3893 3095 3949 destrui
3121 3891 3434 3956 sensissem,
3459 3899 3514 3946 et
3539 3899 3728 3946 contra

2155 4013 2172 4043 1
2211 3994 2326 4047 haec
2357 3990 2430 4044 nil
2480 3987 2922 4057 prmvaluissem;
2961 3984 3090 4053 quin
3123 3983 3230 4035 imo
3255 3996 3284 4034 a
3308 3979 3568 4034 fratribus
3613 3978 3735 4048 qui-

2155 4103 2173 4136 1
2212 4083 2435 4138 busdam
2461 4078 2774 4148 juvenibus,
2814 4076 3010 4145 quibus
3038 4072 3408 4142 displicebam,
3437 4069 3576 4140 apud
3613 4069 3733 4137 epi-

2157 4193 2174 4226 1
2211 4186 2433 4242 scopum
2462 4179 2770 4231 accusatus,
2798 4166 2978 4220 varias
3006 4164 3136 4219 mihi
3165 4163 3341 4217 minas
3367 4161 3434 4216 ab
3461 4160 3552 4215 illo
3569 4159 3734 4214 illius-

2157 4288 2173 4320 1
2209 4280 2314 4337 que
2339 4261 2694 4318 familiaribus
2716 4259 2798 4330 agi
2829 4257 3024 4328 saepius
3051 4255 3344 4316 audissem,
3389 4264 3517 4308 tunc
3562 4253 3734 4322 petita

2158 4381 2174 4411 1
2212 4359 2279 4412 ab
2299 4357 2492 4411 abbate
2514 4353 2751 4416 licentia,
2785 4351 2852 4405 ad
2879 4347 3267 4405 monasterium
3290 4344 3558 4399 Fuldense
3577 4343 3736 4414 quasi

473 4435 784 4506 przelectum
818 4435 982 4490 fuisse
1012 4437 1274 4493 discimus
1296 4451 1365 4493 ex
1406 4436 1500 4491 lib.
1550 4437 1628 4491 De
1675 4435 2050 4491 tentationibns
2079 4479 2127 4538 Β
2161 4467 2179 4500 ι
2223 4449 2329 4502 eno
2358 4458 2674 4501 reversurus
2701 4440 2938 4512 perrexi.
2993 4440 3375 4494 Verumtamen
3404 4448 3508 4488 non
3543 4432 3736 4487 dubito

469 4529 604 4593 suis,
631 4543 752 4597 pag.
779 4525 907 4592 H9,
936 4527 1024 4582 ubi
1046 4537 1330 4596 postquam
1362 4537 1654 4590 narrasset.
1717 4543 1776 4583 se
1806 4545 1824 4580 1
1857 4543 1984 4583 mox
2015 4543 2047 4582 a

478 4639 499 4672 e
544 4627 796 4687 suscepto
851 4619 1149 4673 monastico
1204 4619 1391 4673 habitu
1422 4659 1438 4684 ,
1493 4622 1849 4690 quorttmdam
1891 4634 2051 4691 prece

481 4729 500 4764 1
545 4709 840 4784 pulsatum.
875 4719 1022 4764 tanto
1045 4710 1236 4764 iterum
1264 4712 1532 4766 scribendi
1559 4713 1736 4766 studio
1763 4713 1930 4768 fuisse
1958 4728 2049 4767 oc-

484 4817 505 4854 ‹
540 4810 812 4870 cupatum,
843 4809 902 4854 ut
925 4815 1047 4854 raro
1071 4800 1170 4854 nisi
1196 4801 1246 4854 iu
1271 4800 1476 4855 festivis
1501 4800 1690 4856 diebus
1710 4811 1803 4856 aut
1833 4803 1884 4855 in
1931 4801 2051 4856 aliis

484 4916 503 4947 1
543 4897 689 4951 horis
717 4897 1202 4964 iueompetcntibus
1220 4896 1286 4949 ab
1301 4896 1402 4950 hoc
1417 4911 1579 4965 Opere
1598 4905 1858 4962 cessaret,
1881 4915 1898 4947 1
1925 4896 2053 4950 sub-

472 4987 672 5058 iungit,
700 5005 718 5037 1
739 4987 943 5042 interea
980 4987 1308 5042 successisse
1335 4998 1391 5041 et
1417 4986 1581 5041 alium
1630 4987 1890 5042 laborem.
1919 4985 2052 5040 Nam

485 5097 507 5118 ι
541 5095 641 5118 nm
669 5094 734 5118 nn
780 5079 847 5120 ςδίι
901 5079 1042 5120 ηιιηιΙ
1070 5080 1265 5120 cmninc
1286 5079 1482 5122 lnam-pe
1531 5090 1620 5122 aut
1660 5080 1914 5122 enrihm-A
1967 5088 2061 5124 aut

2157 4561 2174 4592 1
2214 4538 2344 4608 quin
2375 4545 2578 4590 tantam
2595 4532 3016 4589 destructionem
3049 4544 3208 4584 nemo
3237 4527 3292 4581 in
3313 4541 3412 4580 nos
3432 4540 3592 4595 agere
3608 4539 3736 4597 pos-

2158 4649 2176 4684 1
2215 4641 2316 4692 set,
2369 4627 2472 4681 nisi
2492 4624 2640 4694 iusto
2662 4623 2754 4678 Dei
2779 4621 2984 4690 iudicio
3015 4619 3363 4690 peccatisque
3391 4618 3595 4673 nostris
3621 4617 3740 4674 exi-

2158 4742 2176 4774 1
2223 4719 2475 4791 gentibus
2513 4714 2844 4784 permissus;
2889 4713 3032 4781 quod
3075 4709 3285 4766 scilicet
3329 4709 3522 4764 exinde
3561 4706 3739 4776 palam

2161 4831 2176 4861 1
2215 4811 2369 4864 datur
2390 4803 2612 4873 intelligi
2646 4801 2772 4871 quia
2804 4801 2856 4855 in
2883 4801 3002 4872 ipso
3027 4799 3373 4856 discessionis
3398 4811 3531 4852 meae
3574 4810 3738 4861 anno,

2161 4921 2177 4952 1
2214 4898 2307 4969 qui
2338 4905 2457 4951 erat
2485 4895 2555 4948 ab
2583 4894 2959 4948 incarnatione
2984 4892 3194 4946 Domini
3237 4889 3376 4944 1062
3435 4888 3740 4942 miserando

2167 5011 2184 5042 1
2219 5001 2536 5059 semperque
2564 4985 2795 5055 lugendo
2823 4985 2942 5054 igne
2968 4982 3306 5039 combustum
3333 4991 3417 5036 est
3435 4981 3741 5036 coenobium

2168 5099 2186 5124 α
2223 5087 2487 5124 nostrum-
2521 5095 2537 5122 1
2571 5073 2688 5124 lam
2712 5089 2840 5124 vero
2871 5088 2978 5124 auc
3003 5087 3145 5124 anno
3175 5071 3527 5124 Ratisnonam
3559 5083 3743 5124 rever-
