3998 5450
212 257 265 312 13
1295 252 1384 308 DE
1417 252 1574 307 VITA
1613 253 1700 309 ΕΤ
1741 252 1767 307 ε

1875 249 2048 336 teris
2082 249 2398 308 OTllLONl.
2982 333 2984 336 θ
3360 256 3425 310 tt

203 373 500 427 defunctum
533 366 726 422 fuisse.
756 365 882 434 Ejus
905 362 1102 420 nullam
1126 362 1178 418 in
1207 364 1536 420 monasterio
1554 363 1766 419 Etmne-
1791 369 1839 428 Α
1873 378 1894 413 ι
1935 358 2065 416 libet
2099 359 2263 417 lector
2288 361 2495 428 avidus,
2522 363 2642 418 licet
2673 363 2890 436 indigno
2915 365 3051 439 stylo
3067 367 3230 436 edlta,
3264 381 3427 439 gene-

207 461 481 517 ranuuensi
537 460 859 513 memoriam
912 471 1194 526 superesse
1248 456 1518 522 novimus,
1567 465 1766 526 prteter

205 552 331 605 solos
358 550 424 601 ab
467 563 539 601 co
576 547 798 600 relictos
850 546 1044 608 libros,
1097 560 1325 612 quorum
1373 552 1549 598 tamen
1595 545 1766 614 major

204 657 314 712 pars
343 640 563 693 nomine
600 638 840 692 auctoris
862 637 1114 691 destituta
1141 643 1243 698 est,
1288 651 1387 690 nec
1415 636 1468 690 id
1514 637 1648 690 adeo
1686 636 1765 690 fa-

202 735 290 789 cile
311 732 428 786 sciri
453 731 746 801 potuisset,
773 729 871 783 nisi
895 728 1203 798 Anonymus
1223 727 1628 782 Mabillonianus
1647 729 1766 798 quis

204 824 282 887 sit,
306 821 411 888 jam
444 830 576 872 ante
606 835 675 873 ex
709 820 918 873 detecto
947 833 976 870 a
1011 817 1163 870 nobis
1200 816 1415 871 Otbloui
1455 817 1666 888 dialogo
1691 817 1766 872 De

202 909 742 978 tribusqua'stionibus
755 908 1100 962 constitisset.
1118 907 1571 976 Depreltendintus
1587 918 1764 963 autem

200 1009 364 1070 postea
377 1014 576 1052 nomen
590 997 810 1052 Otltloni
824 999 983 1050 etiam
997 997 1047 1049 in
1059 996 1297 1064 ejusdem
1310 995 1767 1050 librometricoDe

201 1093 418 1144 doctrina
445 1089 716 1160 spirituali
739 1089 936 1143 diserte
960 1089 1037 1143 sic
1058 1089 1283 1159 exprimi
1317 1089 1367 1143 in
1390 1088 1492 1143 line
1513 1088 1712 1160 prologi
1744 1106 1760 1144 :

253 1199 421 1248 Lector
439 1201 496 1246 ad
527 1208 807 1270 extremum
831 1212 999 1270 precor
1015 1199 1104 1247 hoc
1120 1212 1258 1270 quam
1280 1200 1490 1270 maxime
1521 1200 1699 1262 solum,

253 1267 515 1331 Quatenus
534 1263 733 1331 Otltlonl
755 1263 1046 1331 qttaudoque
1072 1263 1196 1309 telis
1216 1263 1494 1331 memorari,

252 1325 336 1381 Qui
361 1322 481 1371 licet
504 1322 730 1370 indoctus
753 1323 858 1370 haec
877 1334 980 1368 sum
1003 1333 1296 1383 componere
1322 1323 1473 1374 nisus.

258 1444 353 1511 Qui
403 1459 599 1498 versus
629 1443 675 1500 si
722 1443 865 1498 vela
915 1442 1220 1498 Mabillonio
1267 1443 1352 1499 vel
1397 1444 1466 1500 ab
1512 1443 1768 1501 Anselmo

197 1531 482 1595 Grabncro,
510 1534 604 1600 qui
634 1533 976 1601 Anonymom
1003 1531 1078 1585 De
1113 1531 1480 1585 teutationibus
1507 1534 1615 1586 suis
1644 1547 1766 1586 cum

197 1623 278 1676 illo
294 1622 745 1683 emnnmnicavit,
771 1621 1131 1675 animadversi
1154 1620 1403 1680 luissent.
1431 1621 1630 1675 nullum
1656 1622 1765 1677 cui-

1876 468 1894 502 ι
1941 465 2077 504 rosa:
2105 458 2283 504 tamen
2325 453 2568 506 materiae
2617 453 2930 524 dignitatem
2973 457 3278 522 retinentia,
3328 474 3426 530 pro

1873 555 1892 590 ι
1937 540 2162 607 dapibus
2186 540 2344 594 lautis
2372 542 2630 609 potuisset
2652 556 2887 611 gustare.
2916 545 3048 602 Nam
3073 563 3193 617 qua:
3217 559 3430 605 senten~

1874 645 1890 678 t
1937 629 2006 681 tia
2038 627 2236 682 lautior
2259 638 2311 683 et
2339 631 2554 685 suavior
2593 633 2732 687 valet
2770 649 2889 690 esse
2931 651 3090 705 quam
3141 639 3206 694 de
3254 643 3429 711 gratia

1873 736 1890 766 ι
1927 717 2041 781 Dei,
2067 726 2122 772 et
2146 734 2243 773 cur
2271 721 2538 775 credenda
2565 723 2894 795 dicendaque
2916 728 3203 798 sitgratia;
3220 731 3424 800 judicia

1873 821 1892 855 ι
1936 821 2150 876 quoque
2191 825 2350 876 quam
2396 826 2526 867 vera
2571 812 2822 884 justaqne
2848 826 2902 870 et
2930 822 3231 876 necessaria
3273 823 3422 878 sint:

1871 914 1890 946 ι
1941 897 2110 952 sedet
2138 909 2396 968 qttantam
2428 901 2566 957 bene
2609 905 2797 974 agendi
2844 905 3151 964 facultatem
3189 928 3218 966 a
3271 915 3428 970 nobis

1873 1001 1891 1034 ι
1933 977 2244 1042 conressam
2267 987 2578 1056 habeamus,
2623 992 2830 1048 nisibus
2858 996 2982 1050 totis
3027 997 3299 1067 inquirere
3345 1009 3429 1055 at-

1874 1092 1891 1124 t
1925 1089 2028 1144 que
2051 1075 2293 1144 pluribus
2323 1080 2641 1136 testimoniis
2684 1084 3010 1152 approbare?
3062 1087 3184 1142 llrec
3231 1091 3428 1161 quippe

1873 1183 1892 1217 ι
1937 1166 2037 1220 tria
2072 1183 2168 1236 per
2195 1169 2352 1222 trium
2380 1171 2732 1240 qua-sionum
2753 1175 3045 1233 solutiones
3070 1178 3124 1232 in
3148 1178 3236 1233 illo
3263 1181 3420 1248 libro,

1874 1276 1892 1308 ι
1936 1272 2094 1327 quem
2126 1259 2177 1313 in
2210 1262 2365 1316 tertio
2389 1262 2558 1317 locavi
2590 1266 2798 1331 ordine,
2848 1268 3115 1339 styloqno
3155 1274 3302 1341 potui
3329 1289 3425 1342 per

1873 1364 1893 1398 ι
1943 1347 2215 1418 dialogum
2247 1352 2442 1420 protuli
2470 1392 2484 1416 ,
2517 1369 2742 1409 numero
2785 1357 2994 1413 scilicet
3030 1370 3086 1413 et
3119 1361 3307 1418 ordine
3337 1361 3428 1417 tali

1875 1455 1894 1488 ι
1930 1438 2243 1495 desiderans
2307 1453 2550 1497 sanctam
2599 1443 2916 1501 Trinitatem
2989 1452 3256 1507 venerari.
3325 1451 3430 1520 Sed

1875 1544 1894 1578 ι
1931 1520 1985 1581 et
2023 1530 2076 1583 in
2113 1531 2215 1586 boe
2249 1534 2490 1588 eamdem
2522 1533 2838 1592 Trinitatem
2863 1543 3104 1596 venerari
3127 1543 3428 1608 studebam,

1876 1635 1894 1667 ι
1936 1618 2058 1687 quia
2113 1620 2169 1673 in
2219 1623 2377 1675 tertia
2441 1625 2778 1692 quresu'one,
2821 1643 2979 1696 quam
3031 1632 3178 1686 velut
3228 1631 3428 1690 fercula

197 1731 340 1784 quam
397 1715 621 1769 dubium
678 1714 1022 1782 reliquissent
1078 1714 1226 1767 illum
1276 1715 1614 1785 Anonymum
1646 1730 1766 1770 esse
1797 1712 1840 1770 Β
1875 1721 1893 1755 ⁸
1929 1707 2170 1776 αυωάειιη
2211 1712 2476 1781 praecipua
2516 1714 2619 1767 ritu
2666 1718 2845 1786 sagaci
2883 1728 3134 1776 contexta
3176 1731 3230 1777 et
3262 1724 3427 1780 allata

193 1805 498 1859 Otblonum.
532 1802 668 1857 Nam
700 1811 756 1856 et
787 1803 999 1857 easdem
1030 1803 1356 1857 tentationes
1404 1802 1564 1858 Otblo
1606 1804 1657 1857 in
1704 1805 1766 1856 li-

195 1895 524 1949 brometrico
558 1895 632 1948 De
653 1895 895 1948 doctu‘ua
913 1894 1174 1964 tpirituali
1204 1896 1368 1959 canit,
1426 1910 1560 1965 quas
1599 1897 1653 1950 in
1697 1896 1762 1950 li-

193 1986 277 2038 bro
311 1987 392 2040 De
419 1987 802 2039 tentatiouibu:
831 1986 939 2039 suis
969 1985 1140 2040 soluta
1161 1987 1406 2040 oratione
1451 1986 1766 2058 Anonymus

194 2074 596 2144 Ratisponensis
610 2073 862 2143 exponit;
889 2083 942 2128 et
963 2083 1249 2142 utrumque
1271 2088 1405 2143 opus
1419 2090 1524 2130 uno
1543 2075 1762 2129 eodem-

194 2181 283 2233 que
333 2166 525 2220 codice
568 2164 922 2218 membraneo
959 2163 1136 2228 ιιι-8⁸,
1168 2179 1325 2231 quem
1378 2165 1765 2234 autographum

191 2268 294 2307 esse
319 2254 561 2308 dubitari
590 2268 699 2307 non
729 2261 927 2321 potest,
963 2252 1288 2307 continetur.
1317 2253 1424 2308 Sed
1443 2253 1556 2321 jam
1587 2253 1763 2324 Opera

193 2341 396 2396 Otbloni
448 2358 868 2408 recenseamus,
907 2359 1010 2398 non
1057 2357 1121 2397 eo
1159 2345 1372 2413 quidem
1417 2346 1606 2400 ordine
1657 2361 1765 2416 quo

193 2433 448 2488 Otblouus
473 2435 525 2487 in
549 2434 690 2487 libro
730 2432 804 2485 De
831 2433 1193 2487 tentatiouibus
1220 2435 1328 2488 suis
1350 2450 1412 2488 ea
1445 2434 1646 2500 retulit,
1670 2436 1763 2490 sed

194 2538 287 2592 quo
321 2524 412 2576 hic
441 2539 473 2575 a
505 2522 664 2576 nobis
692 2522 960 2591 publicata
986 2533 1142 2587 sunt,
1194 2531 1412 2577 strenue
1464 2539 1562 2578 nos
1614 2523 1767 2591 adju-

193 2616 431 2669 vantibus
456 2629 578 2668 ven.
603 2613 643 2666 Ρ
674 2611 939 2682 Leopoldo
958 2612 1352 2683 Wydemanno,
1371 2613 1435 2666 li.
1452 2613 1765 2684 P.Casparo

190 2706 483 2770 Altlchner,
510 2707 600 2773 qui
634 2706 863 2758 maxima
893 2706 1178 2761 sedulitate
1217 2706 1545 2762 Otliloniana
1590 2708 1767 2778 plera-

192 2810 286 2861 que
322 2794 480 2862 prelo
509 2795 746 2862 paravit,
798 2802 851 2847 et
882 2794 943 2846 ιι.
976 2795 1036 2848 P.
1073 2795 1304 2849 Reinero
1352 2796 1597 2860 Reitber,
1644 2813 1765 2852 con-

195 2884 451 2938 tabernaii
481 2893 688 2948 nostro,
713 2884 800 2937 cui
839 2883 1000 2937 etiam
1054 2884 1202 2938 brevi
1259 2884 1416 2952 longe
1468 2886 1763 2940 maximum

193 2977 418 3031 Gerbohi
473 2977 746 3047 praepositi
791 2976 1322 3048 Reicbcrspergeusis
1349 2994 1482 3048 opus
1511 2979 1584 3032 De
1608 2979 1761 3032 Auti-

1875 1815 1894 1850 ι
1932 1798 1984 1852 in
2027 1810 2268 1858 extremo
2299 1804 2366 1857 ad
2393 1804 2640 1860 lectionis
2667 1823 2873 1863 coenam
2905 1814 3308 1870 considentibus
3336 1833 3430 1886 ap-

1873 1907 1892 1941 t
1925 1891 2100 1959 posui,
2148 1893 2214 1947 de
2246 1893 2359 1963 ipsa
2391 1905 2578 1950 sancta
2613 1898 2878 1956 Trinitate
2912 1911 2965 1957 et
3015 1903 3249 1969 Uuitate,
3273 1908 3430 1976 juxta

1871 1994 1891 2028 ι
1927 1977 2294 2049 intelligentia:
2321 1998 2454 2038 meae
2481 1986 2644 2050 vires,
2688 1989 2836 2044 brevi
2879 2001 2932 2046 et
2955 2003 3137 2063 aperta
3174 1999 3426 2064 probata-

1873 2083 1894 2120 ι
1930 2083 2056 2138 que,
2094 2080 2151 2124 ut
2177 2086 2356 2142 spero,
2388 2075 2549 2131 variis
2587 2080 2846 2150 exemplis
2873 2091 2928 2136 et
2965 2087 3294 2154 argumentis
3338 2103 3427 2142 ra-

1873 2174 1894 2208 ι
1933 2158 2076 2212 tione
2115 2160 2367 2216 disserui.
2404 2163 2573 2233 Spero
2609 2167 2772 2221 etiam
2813 2186 2897 2225 me
2927 2172 2980 2226 in
3021 2175 3208 2228 eodem
3252 2176 3432 2232 libello

1871 2264 1890 2298 ι
1927 2249 2175 2304 omnibus
2210 2260 2316 2306 tam
2357 2253 2409 2306 in
2441 2257 2682 2310 surculari
2723 2275 2881 2328 quam
2927 2263 2978 2315 in
3015 2265 3278 2333 spirituali
3319 2268 3427 2322 vita

1873 2353 1892 2389 ι
1924 2339 2114 2407 positis
2151 2339 2329 2410 aliqua
2375 2342 2746 2400 mdilicalionis
2776 2349 2934 2402 verba
2980 2352 3286 2420 protulisse,
3333 2371 3432 2426 per

1872 2447 1891 2480 t
1930 2444 2050 2498 qua:
2078 2431 2306 2500 quilibet
2332 2435 2634 2491 esurientes
2679 2448 2734 2491 et
2761 2439 3005 2496 sitientes
3037 2442 3300 2510 justitiam
3346 2463 3434 2502 re»

1874 2534 1892 2568 ι
1931 2518 2016 2572 lici
2064 2528 2308 2597 possunt.
2336 2521 2461 2576 llaec
2487 2525 2702 2592 quidem
2731 2528 2797 2581 de
2827 2527 2949 2583 libri
2988 2534 3212 2587 extremi
3241 2535 3429 2592 ordine

1874 2623 1894 2658 ι
1930 2607 2038 2662 sint
2063 2609 2232 2675 dicta,
2269 2612 2352 2665 cui
2387 2611 2598 2666 titulum
2630 2614 2857 2685 imposui
2900 2617 2971 2671 De
3001 2621 3161 2675 tribus
3182 2628 3433 2692 qua’stioz
3486 2626 3489 2628 ’

1874 2713 1892 2747 ι
1927 2697 2101 2762 nibus,
2134 2698 2184 2752 id
2214 2708 2293 2753 est
2320 2717 2332 2752 :
2359 2701 2424 2756 de
2453 2700 2648 2758 divina:
2671 2705 2887 2773 pietatis
2907 2709 3176 2778 agnitione
3199 2713 3430 2782 jttdieio~

1873 2802 1890 2834 ι
1929 2801 2157 2854 rumque
2200 2788 2504 2844 divinorum
2529 2792 2858 2860 diversitate,
2901 2813 2999 2851 nec
3031 2815 3132 2854 non
3175 2801 3241 2856 tle
3278 2803 3426 2858 varia

1874 2891 1892 2922 ι
1929 2874 2065 2928 bene
2103 2877 2292 2944 agendi
2343 2877 2616 2936 facultate.
2662 2880 2864 2940 Deinde
2903 2901 3029 2942 vero
3065 2889 3432 2962 subjungimus

1872 2979 1890 3012 ι
1926 2977 2031 3030 qua
2072 2978 2233 3018 causa
2263 2964 2705 3045 fuerjtscriptus.
2738 2973 2962 3040 Quidam
2993 2992 3222 3047 namque
3249 2997 3432 3038 mona~

192 3070 374 3122 thrislo
422 3079 470 3121 et
513 3069 790 3121 srltismate
817 3106 833 3132 ,
879 3081 910 3120 e
953 3069 1276 3123 membranis
1322 3068 1558 3136 ejusdem
1602 3086 1763 3126 ntanu

1873 3065 1890 3097 ι
1929 3048 2062 3103 chus
2090 3050 2157 3104 de
2183 3051 2436 3121 Augiensi
2460 3058 2727 3122 coenobio,
2753 3062 3081 3118 nobilissima
3105 3066 3429 3123 Alemannoo

193 3161 450 3225 exscripta
459 3174 529 3218 m,
562 3157 768 3212 debcbn
778 3167 832 3209 nt
858 3158 1072 3211 eruditi.
1532 3227 1535 3230 _

259 3248 307 3298 l.
335 3246 620 3315 Dialogttm
653 3245 864 3299 0.Itlo:ti
887 3247 949 3298 de
971 3247 1135 3300 tribus
1161 3248 1531 3317 quastionibus
1577 3265 1642 3304 ex
1669 3265 1764 3306 ce-

195 3336 391 3390 tlicibus
418 3335 1104 3406 Sanet—Cruccnsiprdinis
1127 3337 1502 3394 Cistercicnsis
1529 3348 1583 3394 et
1607 3341 1769 3414 Latn-

195 3423 394 3480 baccnsi
418 3426 632 3480 ordinis
662 3424 718 3479 S.
757 3425 1031 3481 Benedicti
1079 3442 1178 3481 nos
1207 3429 1366 3483 edere
1407 3445 1473 3484 ex
1499 3447 1657 3501 supra
1681 3433 1767 3488 di-

196 3515 285 3568 ctis
307 3516 470 3570 facile
497 3531 688 3570 omnes
735 3527 1086 3584 cognoscunt.
1132 3517 1281 3571 Illum
1327 3519 1483 3574 nobis
1518 3537 1797 3578 reveren-_

196 3602 436 3657 dissimus
469 3613 528 3657 et
556 3603 880 3672 perilluStris
927 3604 1177 3660 dominus
1224 3606 1543 3679 Gerardus,‘
1563 3599 1775 3712 pnesul

197 3695 438 3760 optimus,
469 3709 634 3763 quem
680 3703 961 3764 propterea
1019 3695 1346 3752 Vindobonae
1397 3695 1765 3766 convenimus,

197 3798 250 3834 ex
269 3784 600 3838 bibliotheca
621 3799 739 3847 sua,
769 3784 1151 3852 prtestantibus
1172 3800 1301 3839 mss.
1353 3788 1632 3844 codicibus
1672 3793 1770 3846 ad-

198 3873 286 3926 line
319 3875 555 3936 referta;
584 3873 727 3927 ltuuc
762 3888 894 3925 vero
945 3874 1428 3930 reverendissimus
1458 3886 1512 3931 et
1542 3879 1767 3946 perillu-

200 3963 311 4016 stris
338 3962 598 4015 dominus
621 3960 789 4015 abbas
816 3960 1214 4016 Maximilianus
1259 3963 1285 4018 ὁ
1336 3966 1768 4036 φιλομαθέστατος

202 4056 439 4108 utendum
471 4054 856 4123 benignissime
881 4055 1128 4123 praebuit.
1157 4054 1348 4124 Operis
1369 4057 1450 4110 sui
1475 4071 1602 4111 sane
1626 4073 1766 4126 prte-

203 4145 379 4196 stantis
408 4151 464 4196 et
488 4158 649 4197 sacra
675 4141 977 4196 eruditione
999 4143 1139 4211 pleni
1164 4143 1501 4198 occasionem
1526 4153 1581 4198 et
1604 4147 1770 4200 ratio-

206 4248 309 4285 netu
325 4235 438 4301 ipse
451 4232 718 4288 Otblonus
740 4232 794 4285 in
818 4229 955 4285 libro
979 4231 1052 4285 De
1077 4232 1450 4286 tentationibus
1471 4235 1604 4298 suis,
1627 4236 1767 4304 apud

207 4321 557 4378 Mabillonium
575 4337 701 4393 pag.
726 4321 856 4388 M3,
873 4321 956 4375 bis
983 4322 1164 4375 verbis
1185 4321 1409 4390 exponit
1437 4339 1450 4374 :
1481 4341 1499 4373 ι
1524 4324 1765 4378 Tertium

1871 3153 1890 3186 ι
1928 3151 2045 3189 rum
2069 3138 2238 3208 stirpe
2261 3149 2434 3207 ortus,
2463 3145 2678 3201 nomine
2710 3147 3010 3217 lleinricus,
3037 3168 3157 3208 cum
3184 3155 3252 3210 ab
3272 3155 3428 3212 Jeru—

1871 3243 1892 3280 ι
1929 3227 2514 3302 salem'reverterctur,
2545 3240 2684 3308 apud
2719 3255 2816 3295 nos
2857 3242 3163 3312 aliquandiu
3199 3249 3434 3320 hospita-

1874 3332 1892 3366 ι
1930 3325 2016 3371 tus
2052 3327 2153 3372 est.
2193 3319 2293 3374 llic
2335 3337 2466 3393 ergo
2504 3328 2629 3394 quia
2679 3329 2733 3382 in
2778 3345 2932 3386 sacra
2981 3333 3259 3404 Scriptura
3296 3319 3432 3395 satis

1873 3426 1892 3459 ι
1927 3409 2199 3464 studiosus
2249 3410 2389 3478 fuit,
2452 3429 2539 3468 me
2589 3417 2898 3486 frequenter
2944 3425 3095 3491 quasi
3159 3426 3431 3482 doctorem

1873 3514 1892 3549 ι
1925 3498 2097 3564 adiit,
2141 3500 2455 3570 suppliciter
2501 3519 2696 3575 rogans
2742 3523 2841 3577 pro
2889 3512 3208 3579 quibusdam
3265 3532 3434 3574 sacrm

1874 3605 1893 3639 ι
1933 3587 2229 3657 Scriptura:
2259 3594 2563 3661 sententiis,
2598 3605 2656 3649 nt
2689 3609 2782 3653 eas
2811 3599 2910 3654 sibi
2942 3615 3284 3672 exponerem.
3321 3609 3435 3679 Ego

1874 3695 1892 3728 ι
1929 3689 2128 3744 autem,
2175 3681 2531 3738 lmmilitalem
2577 3695 2738 3757 atque
2792 3690 3249 3760 importunitatem
3294 3702 3430 3768 peti-

1843 3783 1890 3817 ~t
1927 3768 2089 3822 tionis
2119 3770 2238 3839 ejus
2276 3773 2580 3838 attendens,
2614 3786 2773 3845 prout
2806 3782 2953 3848 potui
2999 3783 3066 3837 ad
3090 3799 3314 3856 quaeque
3344 3805 3430 3844 ro-

1873 3874 1890 3906 ι
1927 3861 2358 3944 εειιειγιηθδροιιόί.
2399 3862 2640 3933 Cumque
2681 3867 2794 3922 [nec
2820 3869 3034 3926 collatio
3067 3877 3262 3944 saepius
3295 3878 3435 3934 inter

1875 3965 1893 3997 ι
1935 3943 2242 4003 ιιοεῖιιιὺίιει
2283 3951 2384 4005 sibi
2417 3953 2674 4022 placeret,
2697 3967 2969 4024 postremo
2998 3961 3126 4017 illud
3148 3943 3435 4036 deposcere

1873 4053 1892 4086 ι
1927 4037 2092 4106 cmpit
2132 4046 2192 4091 ut
2215 4040 2462 4095 eamdem
2491 4043 2833 4100 collationem
2871 4049 3068 4105 litteris
3103 4055 3428 4123 exciperem.

1874 4147 1892 4180 ι
1925 4129 2076 4196 Quod
2102 4131 2229 4186 licet
2251 4133 2340 4186 diu
2373 4141 2480 4188 tam
2511 4149 2609 4204 pro
2637 4136 2840 4192 desidia
2870 4155 3030 4208 quam
3053 4157 3153 4211 pro
3185 4145 3437 4215 ignoran-

1875 4236 1893 4269 ι
1932 4221 2004 4272 tia
2047 4219 2338 4286 dilferrem,
2385 4238 2670 4292 aggressus
2722 4241 2838 4280 sum
2903 4231 3140 4297 tandem,
3192 4236 3434 4294 scribens

1876 4327 1894 4360 ι
1928 4309 2144 4377 quidem
2178 4326 2275 4377 per
2311 4312 2600 4380 dialogum,
2634 4314 2727 4367 sed
2766 4316 2882 4370 sine
2930 4318 3083 4374 titulo
3122 4325 3357 4380 auctoris
3383 4336 3437 4381 et

215 4431 228 4461 I
263 4413 656 4477 verolibellum,
673 4427 834 4481 quem
857 4422 982 4466 ante
1001 4426 1172 4465 annos
1193 4427 1281 4473 xv,
1305 4421 1362 4465 ut
1390 4427 1530 4476 reor,
1549 4413 1764 4482 scripsi,

1875 4414 1894 4447 ι
1927 4399 2128 4467 absque
2176 4395 2528 4467 personarum
2579 4411 2826 4456 notarmn
2872 4403 3104 4472 litteris,
3149 4423 3216 4463 ne
3276 4410 3434 4469 facile

216 4520 231 4549 ι
270 4520 380 4557 cum
403 4507 454 4558 in
481 4514 733 4558 extremo
752 4503 941 4556 ordine
961 4503 1256 4572 posuerim,
1272 4503 1446 4572 primo
1462 4505 1766 4571 dicendum;

218 4611 234 4641 ί
271 4594 446 4648 deinde
469 4609 577 4663 qua
605 4608 772 4648 causa
813 4590 1040 4662 seriptus
1067 4591 1265 4656 fuerit,
1318 4595 1767 4652 subnectendum.

220 4698 238 4728 ‹
273 4681 394 4747 Quia
421 4683 562 4737 enim
593 4681 890 4736 multorum
918 4681 1189 4736 accuratis
1213 4681 1387 4751 epulis
1436 4683 1766 4738 ctenantium

221 4788 238 4819 ι
278 4787 380 4825 mos
403 4783 484 4828 est
515 4783 573 4827 ut
598 4772 656 4825 in
684 4772 859 4839 prima
885 4780 936 4826 et
961 4773 1200 4828 secunda
1239 4772 1356 4826 vice
1381 4771 1572 4827 viliora
1618 4788 1766 4842 qna:-

222 4875 240 4905 ε
275 4873 366 4926 que
390 4860 590 4915 fercula
625 4865 780 4929 (quae
811 4874 914 4913 non
946 4861 1066 4915 ideo
1090 4860 1280 4914 viliora
1313 4860 1561 4925 dicimus,
1615 4864 1769 4930 quasi

222 4963 239 4993 ι
275 4948 370 5000 sint
395 4949 533 5012 vilia,
549 4950 650 5002 sed
673 4944 819 5015 quod
843 4947 950 5002 sint
974 4947 1352 5018 inferiora,)’.in
1378 4959 1622 5004 extrema
1643 4965 1772 5008 vero

224 5052 239 5084 ι
275 5035 506 5102 lautiora,
537 5047 596 5092 et
628 5035 822 5103 aliqua
850 5046 964 5092 arte
991 5039 1261 5107 praecipua
1290 5048 1442 5092 cocta
1473 5039 1576 5094 sibi
1601 5054 1770 5109 appo-

220 5140 236 5172 ι
271 5140 386 5178 nere
407 5127 664 5191 jubeant,
697 5121 972 5189 cupientes
1000 5125 1054 5180 in
1085 5127 1189 5181 ltoc
1209 5141 1316 5179 non
1354 5133 1460 5179 tam
1494 5141 1606 5180 sua:
1634 5127 1772 5196 gula:

219 5229 234 5260 ι
269 5230 413 5284 quam
445 5215 686 5271 aliorum
728 5210 822 5279 qui
853 5211 987 5268 forte
1015 5213 1229 5270 invitati
1291 5223 1419 5269 sunt
1470 5217 1536 5270 ad
1580 5218 1769 5272 convi-

219 5319 234 5350 ι
273 5305 423 5368 vium,
464 5300 829 5359 delectationi
857 5309 909 5354 et
936 5302 1125 5359 honori
1152 5304 1455 5369 deservire;
1486 5319 1586 5375 ego
1609 5319 1772 5360 econ-

218 5407 235 5440 ι
274 5400 348 5446 tra
380 5393 554 5450 simile
573 5387 794 5450 aliquid
817 5387 1027 5446 inoliter
1051 5393 1196 5447 volui
1229 5392 1283 5446 in
1311 5399 1555 5447 extremo
1588 5391 1768 5450 aliqua

1876 4507 1894 4538 ι
1933 4497 2139 4556 pateret
2171 4487 2323 4555 cujus
2363 4504 2499 4558 opus
2540 4501 2702 4546 esset.
2733 4493 2880 4549 lnter
2913 4497 3026 4552 lucc
3068 4513 3198 4554 vero
3237 4501 3328 4556 ille
3368 4505 3434 4559 ad

1876 4595 1895 4626 ‹
1932 4576 2318 4631 monasterium
2359 4592 2516 4633 suum
2554 4591 2776 4636 vocatus
2803 4584 3184 4653 proficiscitur,
3227 4598 3282 4642 et
3316 4602 3437 4660 post

1877 4685 1895 4718 ι
1928 4684 2035 4723 non
2092 4668 2320 4723 multum
2372 4678 2582 4740 tempus
2636 4674 2701 4728 ad
2735 4690 2836 4729 nos
2879 4675 3073 4732 iterum
3124 4682 3434 4738 revertitur.

1874 4776 1892 4810 ι
1926 4758 2077 4813 Tunc
2122 4759 2310 4815 videns
2349 4776 2469 4829 qua:
2505 4766 2744 4820 scribere
2788 4768 2947 4836 coepi,
2996 4770 3336 4840 qualiterque
3373 4789 3440 4831 ea

1876 4868 1894 4901 ι
1932 4851 2268 4916 adumbrari,
2316 4853 2473 4905 unice
2509 4857 2663 4925 petiit
2709 4866 2768 4910 ut
2805 4868 2860 4912 et
2900 4875 3120 4915 causam
3167 4862 3441 4920 scribendi

1875 4959 1892 4990 ι
1929 4939 2252 4994 illustrarem
2298 4940 2551 5013 Prologo,
2606 4955 2662 5000 et
2701 4948 2986 5017 utriusque
3029 4962 3290 5021 personae,
3335 4953 3444 5006 mei

1875 5048 1896 5082 ι
1929 5031 2175 5086 videlicet
2193 5047 2257 5086 ac
2277 5032 2380 5094 sui,
2408 5038 2724 5092 memoriam
2754 5038 3115 5108 patefacerent
3136 5040 3189 5093 in
3213 5039 3445 5108 dialogo.

1876 5137 1896 5172 ι
1932 5124 2074 5190 quod
2112 5138 2260 5186 mox,
2302 5131 2360 5176 ιιι
2390 5136 2661 5195 poteram,
2709 5132 2954 5186 scribens
2997 5133 3218 5203 implere
3256 5133 3446 5186 stude-

1877 5230 1894 5260 ι
1932 5210 2076 5264 bam.
2109 5209 2236 5264 Hzec
2275 5211 2442 5279 igitur
2466 5228 2628 5271 causa
2674 5219 2950 5288 Dialogum
2993 5237 3078 5275 me
3107 5218 3342 5273 scribere
3367 5217 3449 5273 fe-

1880 5318 1898 5350 ι
1935 5301 2043 5366 cit;
2067 5316 2232 5370 quant
2259 5301 2464 5358 idcirco
2495 5309 2756 5374 reseravi,
2780 5324 2846 5363 ne
2868 5309 3053 5365 videar
3079 5309 3280 5362 frustra
3306 5307 3450 5361 scri-

1879 5411 1897 5444 s
1933 5392 2040 5450 ptis
2074 5393 2177 5447 alia
2227 5394 2428 5448 addere
2483 5401 2706 5450 scribta.
2745 5408 2908 5450 uttme
2931 5400 3147 5450 contrita
3175 5393 3445 5450 cbaritate
