3998 5450
442 278 447 283 -
523 249 585 306 l5
615 252 619 256 ’
1385 232 1755 297 οτιιιοπυε
1791 232 2101 294 MONAClll

2208 233 2267 292 S.
2310 234 2751 291 EMMERAMMI.
3702 236 3771 295 16

521 384 540 418 ι
579 362 871 421 incitentur
909 362 976 418 ad
1014 356 1317 432 legentium.
1347 373 1366 407 ι
1419 354 1712 422 llucusque
1752 351 1821 407 de
1844 344 2088 420 ‘Dialogo
2115 356 2162 415 Α
2190 366 2256 406 es
2289 348 2478 406 eodem
2506 348 2694 404 codice
2731 345 3080 418 adjunximus
3103 347 3453 418 fragmentum
3479 346 3788 412 Relationis,

520 456 677 508 tiium
700 453 1046 525 quastiouum
1089 451 1203 519 ipse
1234 445 1517 509 Othlonus,
1566 444 1763 513 quibus
1795 441 2087 513 quidquam

522 546 890 618 superaddere
922 553 1378 613 supervacaneum
1410 534 1589 591 fuerit.

591 641 646 694 Ξ.
686 635 925 709 Epistola
965 636 1028 689 de
1066 629 1418 703 permissionis
1460 628 1709 681 bonorum
1741 632 1789 680 et
1831 623 2091 679 malorum

524 732 716 787 causis.
740 759 809 771 —
831 726 1119 784 Othlonum
1164 719 1416 793 epistolas
1451 718 1710 789 quasdam
1738 727 1793 771 et
1818 729 2093 771 sermones

530 821 817 892 scripsisse
850 824 1061 874 constat
1091 830 1159 869 ex
1188 813 1254 867 iis
1281 826 1401 881 qua:
1424 810 1476 864 in
1514 808 1655 862 libro
1688 804 1764 861 De
1798 804 2097 859 tentationi-

527 911 621 965 ιω
646 921 693 965 et
722 907 927 978 scriptis
968 904 1076 958 suis
1115 902 1369 974 prodidit.
1403 917 1421 951 ι
1452 899 1597 953 inter
1642 898 1776 961 htcc,
1808 895 2008 965 inquit,
2040 903 2097 950 et

531 1022 550 1056 ι
584 1015 859 1059 sermones
880 998 1140 1069 quosdam
1170 1008 1271 1049 nec
1298 1009 1402 1048 non
1429 989 1683 1061 epistolas
1705 1003 1804 1058 pro
1826 985 2096 1042 communi

530 1111 550 1146 ι
585 1090 820 1146 utilitate
850 1084 1076 1157 scripsi;
1115 1098 1250 1154 quas
1281 1081 1323 1137 si
1370 1083 1492 1152 quis
1520 1079 1660 1134 forte
1707 1077 1885 1147 legere
1912 1074 2096 1130 volue-

530 1201 550 1234 ι
584 1181 676 1246 rit,
714 1177 856 1249 apud
896 1191 993 1232 nos
1024 1174 1264 1229 invenire
1309 1172 1529 1241 poterit.
1562 1188 1581 1221 ι
1611 1169 1688 1223 Ex
1720 1168 1805 1222 his
1837 1181 1945 1221 non
1990 1164 2097 1220 nisi

528 1271 670 1325 hanc
724 1268 957 1330 unicam,
1015 1264 1182 1333 ipsius
1230 1261 1445 1319 Othloni
1496 1275 1658 1314 manu
1713 1266 1994 1313 exaratam
2042 1257 2097 1311 in

526 1361 712 1419 codice
740 1359 1084 1415 membraneo
1126 1354 1266 1409 in-io
1294 1353 1614 1423 reperimus,
1660 1351 1713 1406 in
1763 1365 1868 1419 qua
1897 1350 2097 1404 doctri-

525 1466 653 1509 nam
679 1451 733 1507 in
759 1447 1081 1521 praecedenti
1112 1445 1333 1515 Dialogo
1362 1441 1617 1497 traditam
1650 1439 1815 1496 veluti
1839 1453 2096 1509 compen-

526 1545 618 1600 dio
634 1542 746 1612 jam
771 1556 935 1597 senex
959 1538 1155 1608 repetit
1175 1547 1231 1593 et
1259 1534 1513 1591 inculcat.

598 1634 651 1688 3.
693 1632 847 1687 Liber
865 1631 929 1686 de
954 1647 1110 1685 cursu
1134 1625 1417 1698 spirituali.
1445 1656 1515 1667 —
1540 1624 1760 1679 Librum
1790 1622 1934 1678 hunc
1960 1620 2090 1678 Oth-

2190 442 2257 495 de
2311 439 2657 495 translatione
2696 438 2935 507 corporis
2982 437 3043 492 S.
3092 435 3331 507 Dionysii
3367 454 3396 491 e
3441 435 3676 493 Francia
3715 441 3772 493 in

2190 530 2527 586 Germaniam
2553 530 2623 583 ad
2649 528 3022 583 monasterium
3048 526 3106 583 S.
3146 527 3544 594 Emmerammi,
3569 528 3635 585 de
3661 545 3774 599 quo

2193 620 2696 691 argumento-plura
2745 620 3006 683 dicemus,
3055 618 3124 672 ab
3176 618 3403 673 eruditis
3447 617 3582 674 viris
3627 619 3776 675 haud

2192 712 2520 782 spernenda,
2549 718 2672 779 post
2702 709 2965 779 integrant
2994 707 3445 764 Othloniauorum
3483 710 3776 780 opusculo-

2194 812 2313 854 rum
2335 800 2729 854 recensionem.

2237 872 2320 943 ’5.
2362 887 2519 942 Liber
2560 889 2625 941 de
2670 887 3026 942 admonitione
3052 884 3361 941 clericorum
3400 893 3449 939 et
3492 884 3773 941 (uicorum.

2195 977 2388 1033 -—Hic
2429 985 2515 1033 est
2569 976 2660 1032 ille
2699 976 2912 1033 libellus
2956 975 3174 1032 0thloni
3201 1015 3217 1043 ,
3263 990 3424 1047 quem
3482 976 3777 1046 appellavit

2196 1066 2501 1123 Hunualem
2529 1084 2621 1138 pro
2661 1068 3033 1122 ammonitione
3064 1067 3374 1122 clericorum
3412 1078 3460 1120 et
3495 1066 3775 1131 (uicorum,

2200 1159 2269 1213 ab
2296 1175 2362 1214 eo
2390 1160 2567 1214 adhuc
2592 1158 2773 1213 Fnldze
2806 1158 2980 1228 posito
3002 1157 3235 1227 scriptus
3261 1166 3317 1212 et
3343 1156 3542 1223 editus,
3569 1165 3629 1210 ut
3658 1155 3778 1225 ipse

2201 1256 2437 1303 testatur
2477 1249 2529 1301 in
2562 1248 2699 1302 libro
2724 1247 2797 1301 De
2820 1247 3191 1302 tentationibus
3224 1255 3275 1300 et
3307 1247 3513 1315 scriptis
3553 1249 3685 1301 suis.
3716 1245 3778 1301 In

2200 1356 2265 1396 eo
2293 1341 2647 1396 saluberrima
2689 1341 2980 1396 sanctioris
3008 1341 3132 1396 vita:
3166 1341 3483 1395 documenta
3511 1355 3542 1396 e
3583 1339 3784 1395 divinis

2200 1432 2498 1503 Scripturis
2528 1432 2796 1503 depromit
2835 1431 3117 1494 0thlonus,
3163 1429 3490 1501 modumque
3528 1429 3693 1484 tradit
3724 1428 3781 1483 in

2197 1526 2503 1601 omnilitze
2540 1524 2968 1594 conditionisque
3008 1537 3205 1592 genere
3245 1512 3397 1593 probi
3449 1537 3513 1577 ac
3541 1520 3774 1593 perfecti

2548 1615 2718 1671 oliicia
2761 1616 3065 1671 excolendi.
3116 1615 3301 1670 Prodit
3329 1628 3395 1669 ex
3442 1613 3782 1686 autographo

525 1723 681 1779 ionus
730 1719 944 1790 collegit
989 1727 1271 1787 postquam
1319 1714 1487 1770 Fulda
1547 1728 1799 1768 reversus
1852 1710 2093 1780 pluscula
2128 1711 2175 1773 Β
2205 1705 2689 1760 Emmeranimensi
2721 1702 2905 1760 codice
2933 1703 3090 1759 iit-4°.

529 1812 632 1867 alia
658 1808 913 1881 opuscula
942 1808 1219 1863 edidisset.
1270 1806 1347 1861 De
1374 1818 1439 1859 eo
1491 1803 1565 1857 ita
1600 1802 1712 1872 ipse
1762 1801 2000 1870 loquitur
2044 1800 2098 1853 in

533 1903 671 1958 libro
712 1901 788 1954 De
831 1898 1197 1954 tentationibus
1238 1907 1285 1951 et
1330 1894 1536 1964 scriptis
1577 1894 1686 1948 suis
1712 1905 1732 1943 .'
1768 1910 1785 1943 ι
1820 1890 1950 1945 Post
1983 1886 2101 1944 hinc

545 2014 564 2047 ι
599 2003 802 2058 autem,
854 2006 973 2046 cum
1020 1991 1258 2045 viderem
1304 1986 1462 2043 simul
1492 1994 1546 2041 et
1575 1984 1817 2040 audirem
1865 1982 2102 2051 undique

537 2102 555 2134 ι
589 2080 911 2136 Christianae
940 2078 1215 2148 religionis
1257 2076 1700 2139 destructionem,
1737 2079 2006 2127 rectorum
2047 2076 2103 2124 et

537 2187 556 2222 ι
588 2170 890 2240 principum
917 2167 1296 2238 negligentiam
1330 2166 1384 2220 in
1422 2163 1686 2227 subditos,
1713 2170 1820 2216 tam
1852 2158 1905 2215 in
1944 2156 2102 2229 spiri-

523 2269 556 2311 ἰ
592 2259 721 2314 tuali
748 2272 909 2327 quam
940 2255 1183 2311 saeculari
1214 2255 1318 2309 vita
1344 2254 1568 2325 positos,
1599 2251 1945 2319 doloremque
1959 2248 2101 2319 jngi-

526 2360 553 2403 ι
589 2357 670 2402 ter
694 2363 792 2417 pro
815 2346 1029 2413 talibus,
1058 2345 1297 2415 cogitare
1320 2345 1456 2414 ccepi
1485 2353 1542 2397 ut
1563 2344 1687 2412 quia
1711 2341 1887 2396 nullus
1914 2339 2101 2409 digna-

537 2457 556 2491 ι
593 2446 742 2492 retur
787 2451 875 2491 me
920 2435 1108 2489 audire
1148 2435 1422 2489 communi
1470 2447 1719 2487 sermone
1767 2432 2098 2500 loquentem,

537 2546 556 2579 ι
595 2540 695 2596 pro
731 2526 1036 2593 miseraque
1075 2532 1225 2577 tanta
1266 2522 1659 2586 cimdolentem,
1687 2520 1775 2575 vel
1814 2520 2101 2576 scribendo

538 2634 557 2667 ι
593 2614 772 2683 aliqua
823 2627 992 2668 sacra:
1048 2611 1342 2679 Scriptum
1404 2612 1567 2665 verba
1612 2608 1909 2680 proferrem
1958 2608 2102 2665 unde

526 2721 558 2757 -¢
595 2703 808 2772 aliquos
833 2700 1103 2758 aedificare
1126 2714 1361 2770 possem.
1400 2699 1513 2755 Hac
1535 2700 1699 2770 igitur
1726 2715 1888 2755 causa
1908 2700 2099 2770 scripsi

540 2813 556 2845 ι
591 2792 786 2847 librum
811 2791 915 2847 mei
937 2806 1152 2861 quoque
1178 2791 1357 2861 operis
1384 2792 1755 2857 novissimum,
1779 2791 1863 2845 cui
1887 2791 2100 2845 titulum

539 2902 560 2934 ι
597 2881 827 2952 imposui
856 2881 933 2935 De
966 2897 1120 2935 cursu
1142 2881 1422 2950 spirituafi.
1469 2881 1524 2935 in
1554 2897 1658 2950 quo
1692 2880 1940 2937 videlicet
1962 2881 2102 2937 libro

539 2994 558 3027 ι
595 2982 852 3045 quantum
869 2988 965 3043 per
977 2987 1148 3027 sacra:
1162 2972 1475 3042 Scripturte,
1494 2974 1835 3044 maximeque
1844 2988 1941 3043 per
1954 2972 2102 3029 Psal-

2272 1794 2328 1850 6.
2388 1793 2543 1848 Liber
2581 1793 2941 1848 metricus'de
2987 1793 3226 1847 doctrina
3271 1790 3557 1863 spirituafi.
3594 1821 3663 1834 --
3701 1791 3784 1849 De

2201 1885 2360 1955 hujus
2382 1884 2628 1955 opusculi
2668 1880 2942 1939 scribendi
2971 1884 3259 1939 occasione
3286 1897 3446 1937 nemo
3473 1884 3785 1938 accuratius

2190 1978 2525 2033 disseruerit
2563 1989 2723 2047 quam
2752 1976 2867 2045 ipse
2912 1973 3197 2041 0thlonus,
3240 1970 3394 2043 cujus
3424 1975 3491 2029 in
3535 1974 3674 2030 libro
3703 1973 3786 2030 De

2196 2068 2572 2124 tentationibus
2612 2078 2659 2121 et
2699 2069 2904 2137 scriptis
2934 2067 3041 2120 suis
3069 2068 3184 2121 hinc
3213 2065 3470 2120 memoria
3501 2073 3556 2120 et
3596 2065 3783 2121 consi-

2202 2162 2483 2217 deratione
2530 2160 2849 2231 dignissima
2875 2159 3040 2213 verba
3079 2167 3248 2212 sunt:
3286 2174 3304 2208 ι
3338 2155 3578 2211 Primum
3625 2156 3783 2211 libel-

2207 2268 2226 2301 ι
2262 2249 2392 2314 lum,
2430 2242 2987 2316 metricerprolatum,
3024 2247 3109 2301 cui
3158 2247 3390 2317 imposui
3438 2245 3651 2302 titulum
3700 2245 3783 2301 De

2209 2360 2227 2393 ι
2258 2339 2524 2409 spirituali
2547 2338 2807 2401 doctrina,
2837 2334 3079 2393 scribere
3110 2337 3415 2408 hujnsmodi
3446 2345 3563 2391 erat
3593 2352 3781 2393 causa.

2208 2451 2226 2485 ι
2263 2432 2396 2487 Cum
2426 2432 2570 2485 enim
2601 2429 2891 2501 quondam,
2928 2443 2995 2483 ex
3036 2427 3349 2485 infirmitate
3385 2429 3617 2483 maxima
3645 2443 3782 2483 con-

2209 2539 2228 2574 r
2263 2522 2563 2586 valescens,
2595 2520 2661 2575 ad
2698 2518 3014 2574 monasticae
3041 2520 3374 2590 professions
3400 2519 3564 2573 vitam
3601 2517 3785 2572 venis-

2207 2626 2227 2660 (
2260 2624 2401 2675 sem,
2431 2618 2559 2663 tunc
2589 2609 2643 2662 in
2672 2607 2844 2673 brevi,
2876 2607 2996 2677 plus
3017 2622 3179 2677 quam
3201 2606 3461 2663 credibile
3489 2607 3576 2672 sit,
3604 2606 3782 2661 factus

2208 2724 2226 2758 ι
2259 2720 2378 2761 sum
2409 2718 2615 2774 soSpes.
2663 2703 2739 2757 Ex
2780 2717 2884 2772 qua
2933 2702 3193 2772 sospitale
3216 2702 3419 2757 veritus
3465 2716 3533 2756 ne
3560 2700 3783 2771 aliquod

2208 2816 2226 2850 ι
2262 2799 2516 2853 datnnum
2543 2795 2825 2866 spirituale
2856 2795 2987 2849 mihi
3014 2795 3270 2858 oriretur,
3300 2807 3457 2864 prece
3491 2793 3779 2849 Dominum

2209 2908 2228 2942 ι
2264 2890 2450 2945 intima
2489 2887 2675 2958 rogavi
2724 2902 2792 2941 ne
2831 2901 2916 2941 me
2950 2885 3003 2939 in
3040 2894 3185 2939 tanta
3233 2884 3492 2954 sospitate
3532 2883 3771 2954 positum

2208 2998 2229 3031 ‹
2262 2980 2375 3035 otio
2428 2978 2603 3034 inutili
2663 2986 3011 3047 torpescere,
3058 2976 3151 3031 sed
3199 2975 3376 3044 aliqua
3437 2975 3778 3041 tentatione,

540 3083 561 3117 ο
594 3065 713 3120 terii
735 3075 788 3119 et
808 3064 1098 3135 Evangelii,
1127 3079 1610 3134 campmncurrcrc
1627 3064 2103 3136 potui,scribendo
2128 3051 2175 3115 C
2210 3088 2229 3122 ι
2262 3085 2423 3139 quam
2455 3069 2585 3124 mihi
2616 3062 2912 3138 con'g'ruere
2948 3069 3135 3134 sciret,
3174 3066 3377 3139 pulsari
3416 3058 3778 3139 permitteret.

537 3173 557 3209 ι
596 3155 810 3226 protuli.
849 3174 866 3207 ι
903 3155 1034 3221 Qua:
1062 3154 1174 3209 fere
1203 3155 1389 3209 eadem
1418 3155 1611 3224 repetit
1642 3155 1692 3208 in
1723 3156 1943 3226 prolego
1963 3170 2103 3226 prte-

531 3245 700 3301 sentis
719 3244 863 3308 libri,
900 3245 1038 3299 eruti
1067 3258 1133 3299 ex
1163 3246 1498 3314 autographo
1524 3244 1709 3299 codice
1748 3228 1908 3311 ἰη-Ιιο,
1940 3260 2101 3316 quem

524 3334 708 3389 adhuc
749 3333 1072 3389 bibliotheca
1106 3335 1617 3391 Emnterammensis
1642 3335 1902 3405 possidet.
1942 3338 2101 3392 Aliud

529 3423 769 3494 ejusdem
815 3424 995 3494 operis
1036 3424 1339 3496 exemplum
1394 3426 1448 3479 in
1477 3426 1661 3482 codice
1710 3426 2103 3497 Tcgernseensi

531 3512 669 3568 ἰπὶ-8⁸
705 3512 958 3579 vidimus,
996 3514 1065 3569 ab
1106 3514 1221 3584 ipso
1253 3514 1683 3571 etiam'Othlono
1724 3526 2022 3585 exaratum,
2050 3526 2105 3573 et

531 3604 670 3674 grati
702 3603 869 3658 animi
911 3616 1075 3658 causa
1104 3602 1601 3674 Tegernseensibus
1631 3619 1753 3659 cum
1796 3604 2104 3660 Proverbia-

532 3709 647 3748 rum
677 3694 831 3758 libro,
853 3705 985 3758 etc.,
1017 3693 1296 3748 donatum.
1450 3694 1463 3707 '

530 3804 533 3807 ·
605 3783 660 3838 4.
703 3783 958 3838 Narratio
987 3783 1050 3837 de
1076 3784 1303 3854 quodam
1331 3784 1612 3851 miraculo,
1637 3796 1740 3841 etc.
1764 3813 1833 3829 ε-
1855 3784 2106 3844 Narratio

534 3877 651 3931 htcc
687 3877 740 3928 in
773 3875 960 3930 eodem
987 3875 1171 3929 codice
1214 3875 1354 3930 unde
1401 3876 1596 3930 librum
1636 3877 1711 3932 De
1755 3894 1909 3945 cursu
1946 3879 2104 3951 spiri-

534 3964 667 4021 tuali
714 3965 1042 4034 accepimus,
1090 3975 1289 4032 exstat,
1330 3975 1384 4022 et
1409 3968 1623 4037 quidem
1665 3985 1772 4025 una
1810 3971 2107 4042 eademque

531 4066 719 4119 manu,
752 4054 805 4108 id
853 4061 934 4108 est
989 4053 1224 4122 0thloni,
1262 4056 1582 4126 perscripta.
1631 4056 1755 4114 llaec
1791 4059 1894 4115 etsi
1929 4058 2108 4116 brevis

533 4147 627 4214 sit,
651 4148 896 4218 quaedam
926 4156 1102 4202 tamen
1146 4149 1386 4203 continet
1414 4161 1533 4217 qua:
1573 4149 1774 4205 veteris
1810 4134 2107 4223 disciplinis

530 4241 949 4297 consuetudines
994 4240 1207 4310 egregie
1253 4240 1502 4294 illustret.
1542 4238 1725 4295 Primo
1760 4242 1906 4297 enim
1953 4241 2107 4299 iucu-

523 4329 742 4383 ‘lentum
786 4329 872 4383 hic
920 4328 1087 4384 babes
1118 4328 1444 4399 exemplum,
1490 4329 1739 4386 homines
1768 4331 1833 4386 de
1877 4333 2105 4389 crimine

539 4418 1039 4487 suspectosjudicio
1070 4436 1219 4488 aqure
1250 4420 1531 4488 probandi.
1577 4422 1821 4478 Alterum
1867 4432 1971 4490 est,
2004 4404 2103 4480 ho-

530 4507 740 4562 minem
776 4507 902 4561 licet
925 4507 1042 4577 ejus
1066 4509 1328 4575 criminis,
1360 4510 1511 4579 cujus
1538 4527 1697 4568 causa
1729 4514 1931 4584 judicio
1954 4524 2107 4583 aqua:

538 4597 865 4652 commissus
913 4596 1115 4665 fuerat,
1166 4615 1360 4669 purum
1412 4618 1476 4656 ac
1528 4604 1887 4671 innocentem,
1928 4615 2106 4660 tamen

543 4688 913 4752 succubuisse,
955 4688 1024 4743 ob
1055 4688 1198 4744 aliud
1228 4689 1432 4745 scilicet
1457 4692 1681 4758 crimen,
1708 4694 1848 4762 quod
1880 4696 2106 4748 necdum

540 4776 861 4845 pmnitentia
889 4766 1148 4842 cluisset;
1179 4787 1340 4847 atque
1368 4779 1773 4848 adeojudicinm
1806 4779 1931 4836 illud
1954 4773 2126 4854 aqua!

541 4867 801 4922 ferventis
825 4866 910 4921 vel
939 4864 1146 4937 frigidae
1174 4869 1240 4923 ad
1267 4870 1694 4926 convincendum
1717 4872 1782 4926 de
1805 4881 1953 4926 certo
1975 4887 2105 4941 quo-

540 4958 687 5029 piam
731 4967 786 5012 et
841 4967 1195 5015 controverso
1246 4961 1473 5017 crimine
1527 4977 1719 5029 reum,
1769 4978 2107 5033 nequaquam

544 5050 712 5107 fuisse
752 5050 1042 5122 ejusmodi,
1088 5061 1147 5107 ut
1191 5052 1450 5109 innocens
1484 5054 1727 5109 damnari
1772 5070 1876 5110 non
1905 5063 2105 5125 posset,

532 5143 646 5200 nisi
679 5143 723 5199 is
751 5158 857 5199 non
887 5141 1058 5199 solum
1088 5143 1156 5198 ab
1177 5158 1242 5199 eo
1270 5143 1467 5200 delicto
1489 5146 1553 5200 de
1574 5159 1681 5215 quo
1708 5145 1941 5214 suspicio
1968 5153 2105 5211 erat,

539 5232 637 5289 sed
665 5240 719 5286 et
747 5234 814 5288 ab
837 5231 1087 5287 omnibus
1117 5248 1340 5302 prorsus
1366 5233 1530 5288 etiam
1558 5235 1695 5289 alius
1738 5236 1953 5306 generis
1981 5249 2107 5305 pec-

543 5321 680 5377 catis
709 5321 965 5377 immunis
1001 5329 1168 5377 eSSet.
1219 5320 1497 5377 Postremo
1526 5337 1590 5377 ex
1622 5324 1722 5393 hac
1765 5323 1990 5378 historia
2022 5324 2103 5378 di-

454 5440 461 5450 .
542 5423 699 5450 meum
736 5409 1189 5450 Iinnbnndmimn
1232 5412 1429 5450 conon-In
1451 5412 1601 5450 In‘inic
1644 5413 1864 5450 Ini-hum
1889 5415 2082 5450 εισιιΙιηιη

2208 3180 2227 3213 ι
2260 3160 2388 3216 Post
2414 3162 2552 3216 hanc
2575 3161 2873 3215 orationem
2915 3175 3019 3215 non
3050 3159 3277 3214 multum
3308 3159 3566 3228 temporis
3590 3157 3780 3223 fluxit;

2207 3272 2229 3305 r
2260 3243 2314 3308 et
2344 3268 2471 3309 ecce
2501 3253 2663 3307 varim
2695 3244 3051 3307 tentationum
3085 3250 3347 3306 molestire
3374 3250 3696 3307 accedentes
3722 3248 3777 3325 in

2208 3362 2226 3395 ι
2261 3354 2468 3399 tantum
2520 3360 2606 3400 me
2662 3344 3158 3406 circumdederunt,
3209 3352 3267 3397 ut
3322 3350 3377 3398 et
3424 3342 3642 3397 incaute
3692 3357 3779 3397 me

2209 3453 2227 3485 ο
2264 3448 2451 3488 orasse
2479 3442 2535 3487 et
2561 3433 2731 3504 magis
2757 3434 2822 3487 ad
2855 3433 3132 3487 interitum
3160 3448 3324 3502 quam
3353 3432 3418 3485 ad
3456 3442 3777 3502 proventum

2190 3536 2228 3573 Δι
2263 3524 2573 3577 exauditum
2605 3537 2726 3577 esse
2748 3523 3036 3591 aliquando
3067 3535 3300 3576 vererer.
3328 3519 3433 3575 Sed
3465 3520 3660 3590 sacpius
3687 3537 3783 3577 rc~

2210 3629 2230 3663 ι
2265 3617 2504 3665 tractans
2544 3610 2672 3665 illud
2704 3610 3056 3681 apostolicum
3089 3626 3102 3663 :
3134 3607 3333 3663 Fidelis
3364 3606 3523 3671 Deus,
3555 3610 3644 3680 qui
3674 3626 3782 3665 non

2210 3717 2228 3751 ι
2265 3699 2492 3769 patietur
2520 3715 2603 3753 vos
2634 3699 2823 3753 tentari
2855 3714 3013 3768 supra
3048 3696 3101 3750 id
3127 3696 3267 3767 quod
3303 3697 3537 3768 potestis,
3564 3694 3656 3752 sed
3690 3697 3779 3767 fa-

2210 3808 2231 3841 t
2265 3789 2361 3843 ciet
2397 3804 2512 3841 cum
2558 3787 2844 3841 tentatione
2886 3796 3223 3858 proventum,
3270 3792 3327 3839 ut
3367 3787 3576 3856 possitis
3618 3788 3784 3840 sueti-

2211 3899 2230 3933 ι
2264 3896 2404 3945 nere,
2433 3879 2692 3947 laboravi,
2730 3894 2834 3934 non
2874 3890 3135 3950 quantum
3167 3874 3475 3944 debui,'sed
3517 3890 3779 3950 quantum

2186 3968 2233 4021 λι
2265 3967 2556 4039 fragilitate
2597 3981 2715 4022 mea
2766 3968 3134 4038 permittente,
3173 3967 3396 4037 ipsoque
3433 3966 3660 4022 Domino
3693 3969 3782 4021 ad-

2190 4069 2231 4112 ἰ
2255 4058 2500 4129 juvante,
2559 4057 2731 4129 potui,
2782 4072 2852 4113 ne
2897 4058 2951 4112 in
3001 4064 3297 4127 conspectu
3343 4056 3780 4112 adversariorum

2184 4154 2234 4205 ἰ
2265 4163 2505 4205 meorum
2556 4161 2891 4202 corruerem.
2943 4146 3179 4217 ideoque
3238 4147 3293 4201 in
3339 4155 3487 4202 tanta
3535 4148 3780 4203 molestia

2214 4261 2231 4293 ι
2266 4239 2601 4301 tentationis,
2626 4252 2745 4307 qua:
2789 4248 2854 4291 eo
2881 4237 3055 4307 magis
3080 4235 3416 4302 imminebat,
3457 4252 3564 4305 quo
3604 4235 3781 4305 major

2214 4347 2232 4381 ι
2270 4330 2497 4399 sospitas
2518 4326 2812 4396 corporalis
2834 4318 3026 4391 inerat,
3048 4326 3359 4381 omnimodo
3383 4334 3619 4381 tractare
3638 4326 3781 4395 ccepi

2214 4440 2231 4475 ι
2267 4421 2411 4492 quali
2444 4421 2622 4476 studio
2653 4420 2909 4490 qualique
2939 4418 3124 4473 labore
3150 4432 3346 4489 corpus
3395 4416 3609 4488 spiritui
3653 4417 3781 4472 sub-

2216 4513 2508 4584 rjicerem.
2557 4507 2693 4564 Nam
2737 4523 2798 4563 ea
2850 4523 2970 4579 quae
3006 4507 3367 4563 communiter
3405 4522 3529 4562 cum
3569 4503 3780 4561 cmteris

2193 4616 2236 4656 ἰ
2269 4602 2527 4658 fratribus
2574 4601 2628 4655 iu
2672 4598 2920 4655 ctenohio
2959 4613 3119 4670 agere
3166 4594 3419 4662 docebar,
3462 4596 3556 4650 sed
3602 4605 3656 4650 et
3688 4588 3779 4650 illa

2216 4712 2233 4745 ι
2268 4706 2385 4761 qua:
2408 4690 2631 4760 speciali
2655 4690 2939 4744 devotione
2974 4687 3258 4743 scribendo
3284 4695 3377 4741 aut
3403 4685 3651 4757 legendo,
3683 4700 3776 4740 seu

2215 4800 2233 4835 ι
2270 4785 2435 4839 etiam
2462 4781 2761 4852 jejunando
2790 4788 2982 4852 sponte
3026 4778 3187 4845 subii,
3228 4794 3333 4833 non
3374 4779 3515 4841 satis
3543 4776 3781 4849 afﬂigere

2216 4858 2464 4941 (corpus
2520 4870 2861 4924 videbantur.
2909 4869 3154 4939 Cumque
3199 4868 3287 4923 diu
3343 4875 3631 4923 tractarem
3672 4880 3781 4936 quo

2217 4978 2234 5010 ι
2273 4959 2606 5025 potissimum
2635 4959 2815 5013 studio
2843 4957 3135 5014 memet.in
3167 4958 3332 5012 tantis
3358 4957 3612 5027 periculis
3649 4970 3779 5012 con-

2218 5070 2235 5102 i
2270 5051 2516 5106 stitutum
2548 5050 2825 5120 aptissime
2849 5049 3162 5121 jugiterque
3208 5049 3659 5119 constringerem,
3689 5060 3779 5101 occ

2218 5160 2235 5192 ι
2272 5139 2444 5195 currit
2470 5139 2650 5210 animo
2694 5148 2755 5194 ut
2783 5139 2836 5192 in
2882 5138 3175 5194 dictamine
3206 5153 3291 5194 me
3327 5152 3647 5209 occuparem
3677 5133 3776 5190 ali-

2217 5252 2235 5284 (
2271 5247 2412 5302 quo;
2438 5231 2582 5303 quod
2620 5239 2674 5284 et
2725 5245 2868 5301 saepe
2898 5242 3154 5302 expertus
3197 5246 3316 5287 sum
3353 5238 3587 5284 mentem
3618 5224 3778 5284 lasci-

2217 5341 2235 5373 ι
2270 5338 2390 5377 vam
2417 5320 2701 5389 cujuslibet
2727 5320 3049 5376 scholastice
3076 5320 3324 5376 instructi
3352 5320 3405 5373 in
3434 5315 3578 5371 nullo
3619 5328 3776 5388 posse

2214 5432 2231 5450 ι
2270 5413 2439 5450 Inani:
2490 5411 2785 5450 nnnclrinni
2837 5428 2997 5450 nutant
3054 5412 3232 5450 clndin
3277 5408 3533 5450 dininndi-
3578 5405 3772 5450 “nim:—
