3998 5450
186 196 254 254 Π
1197 199 1287 258 DE
1320 202 1479 260 VlTA
1515 201 1606 263 ET
1642 200 1951 271 SCRIPTIS
1988 199 2310 263 0THLONI.
3391 211 3455 268 18

201 342 220 378 ι
254 327 306 380 in
349 321 601 380 saeculari
648 319 761 374 vita
801 317 1008 389 positus
1047 330 1132 373 me
1179 315 1523 379 exercebant,
1571 328 1778 386 ponens
1809 318 1851 374 Α
1878 313 2037 373 medii
2060 315 2175 379 mi,
2199 314 2569 371 recentissimo
2586 316 2835 382 edita,“
2857 332 3056 375 annum
3079 320 3277 378 Christi
3301 326 3459 392 ποθὶ,

204 438 220 466 ι
257 418 310 471 in
343 430 409 471 eo
445 412 631 466 varias
672 407 971 478 spiritualis
1000 405 1260 462 doctrina:
1302 404 1621 467 sententias,
1652 404 1775 474 qui-

205 529 223 559 ‹
255 509 353 564 bus
394 521 481 561 me
512 503 858 565 solummodo
905 509 1093 557 contra
1137 499 1462 555 tentationes
1494 497 1780 553 imminen-

206 621 221 649 ι
258 607 336 652 tes
365 595 652 650 instruens
704 591 977 653 raboravi,
1006 600 1099 643 aut
1139 588 1422 660 pravitatis
1453 602 1585 641 mete
1609 601 1782 656 quan-

204 708 222 739 ι
258 689 493 751 titatem,
536 699 705 756 quam
752 697 874 738 cum
909 681 1123 737 caeteris
1168 679 1383 735 clericis
1422 679 1782 734 comnmniter

202 799 222 830 s
257 779 309 831 in
379 776 589 831 mundo
640 773 1003 839 exercebam,
1064 768 1572 841 pertinaciatnqne,
1618 782 1779 838 quam

203 887 222 919 s
254 867 569 939 specialiter
596 881 713 937 prae
757 862 943 918 multis
982 862 1184 918 ibidem
1226 859 1526 915 retinebam
1549 898 1565 925 ,
1609 858 1780 929 magis

204 980 221 1011 ι
257 961 625 1028 attenderem,
653 968 818 1028 atque
847 955 1043 1011 litteris
1067 952 1363 1024 expositam
1392 950 1582 1021 majori
1610 950 1785 1021 ρωπί-

206 1075 226 1108 ι
257 1057 425 1112 tentia
455 1054 770 1110 diluendam
811 1063 1188 1124 agnoscerem.
1237 1046 1439 1103 lnserui
1487 1045 1539 1099 in
1590 1044 1781 1099 eadem

206 1169 224 1201 ι
255 1148 417 1203 etiam
446 1145 637 1201 libella
655 1158 960 1200 sermonem
984 1141 1271 1212 quemdam
1294 1137 1620 1194 lamentabili
1645 1136 1784 1208 stylo

206 1258 224 1291 ι
258 1238 465 1294 editum
484 1275 503 1302 ,
528 1236 683 1305 prius
705 1232 925 1302 quidem
955 1230 1237 1301 disputans
1282 1228 1351 1284 de
1375 1227 1585 1283 diversa
1624 1225 1783 1281 cleri-

206 1348 227 1379 ο
258 1342 450 1382 eorum
492 1321 826 1396 negligentia
867 1335 969 1377 nec
1005 1334 1112 1375 non
1140 1319 1396 1381 avaritia;
1429 1317 1621 1373 deinde
1651 1332 1782 1373 nar-

203 1435 229 1469 s
262 1432 387 1473 rans
409 1416 478 1472 de
507 1412 807 1471 miserabili
837 1413 1198 1483 improbitatis
1226 1428 1359 1469 mea:
1388 1411 1646 1478 vindicta,
1672 1420 1782 1467 tam

203 1490 621 1583 sospiritualiter
641 1519 806 1575 quam
832 1502 1187 1574 corporaliter
1206 1510 1436 1573 patrata.
1464 1499 1782 1571 Ignorabam

207 1619 226 1652 s
259 1599 406 1654 enim
431 1608 561 1653 tunc
587 1597 632 1652 si
658 1610 770 1667 quo
789 1594 907 1650 loco
930 1592 1247 1664 proferenda
1273 1590 1450 1647 forent
1476 1589 1781 1660 lmjusmodi

1883 418 1913 458 a
1941 419 2064 474 pag.
2095 403 2219 458 450.
2264 404 2362 462 Ubi
2404 415 2582 462 tamen
2629 410 2927 465 monendus
2952 422 3035 467 est
3060 413 3144 467 vir
3170 415 3457 484 antiquita-

1881 503 1993 548 tum
2025 495 2297 551 studiosus
2320 495 2559 566 ejusdem
2600 497 2815 554 Henrici
2865 498 3101 571 Elegiam
3141 503 3206 557 de
3245 505 3461 560 diversi-

1880 594 1985 639 tate
2011 584 2237 651 fortuna:
2272 594 2319 639 et
2361 584 2704 655 philosOpItiat
2751 589 3124 657 consolatione,
3163 593 3272 661 jam
3318 594 3462 650 circa

1880 695 2081 734 annum
2127 679 2289 742 {550,
2328 689 2491 750 atque
2538 678 2675 736 adeo
2721 682 2958 737 maximo
3002 696 3128 741 ante
3182 687 3461 742 Daumium

1883 782 2142 855 tempore,
2170 773 2438 844 integram
2479 775 2617 846 typis
2646 790 2900 829 excusam
2933 776 3118 843 fuisse,
3158 779 3458 848 cujusmodi

1880 864 2155 936 exemplar
2209 865 2349 920 iit-4°
2406 865 2555 920 hisee
2588 865 2759 921 oculis
2796 866 2849 920 in
2874 866 3193 925 bibliotheca
3223 870 3464 941 Tegern-

1880 955 2057 1010 secnsi
2088 954 2340 1009 vidimus.
2381 955 2643 1011 Addimus
2671 965 2928 1026 praeterea
2970 958 3023 1012 in
3058 975 3218 1028 opere
3245 961 3471 1034 Leyseri

1884 1059 2132 1116 magnam
2159 1044 2266 1098 vim
2298 1044 2457 1100 medii
2495 1046 2594 1100 aevi
2639 1054 2919 1115 poetarum
2959 1047 3274 1115 desiderari,
3303 1064 3471 1120 quam

1882 1135 2038 1191 nobis
2088 1144 2272 1190 nostra
2320 1135 2650 1191 collectanea
2703 1148 3017 1208 suggerunt.
3066 1137 3179 1193 imo
3221 1140 3264 1194 si
3314 1141 3469 1196 nobis

1882 1227 2052 1281 otium
2076 1235 2239 1291 esset,
2266 1226 2577 1283 facillimum
2605 1226 2744 1283 foret
2770 1227 3152 1300 Leyserianam
3176 1229 3467 1286 Historiam
3548 1234 3549 1237 “

1884 1317 2044 1388 duplo
2101 1317 2182 1374 vel
2237 1318 2469 1387 amplius
2512 1319 2808 1375 auctiorem
2853 1320 3098 1376 reddere.
3150 1321 3473 1377 Laudandus

1887 1418 2064 1467 tamen
2098 1408 2181 1462 vir
2210 1408 2457 1479 egregius
2493 1408 2634 1478 quod
2681 1409 3047 1464 vastissimum
3093 1418 3475 1482 argumentum

1886 1499 2019 1554 adeo
2046 1496 2318 1555 luculenta
2343 1497 2637 1567 specimine
2667 1497 2937 1555 illustrare
2961 1499 3153 1555 saltem
3183 1512 3469 1571 aggressus

1887 1590 1976 1643 sit.
2030 1587 2137 1644 Sed
2179 1588 2294 1643 haec
2350 1587 2652 1643 incidenter
2707 1589 2851 1644 dicta
2904 1591 3223 1645 sunta:ad
3256 1589 3473 1649 Othloni

207 1711 233 1741 ι
259 1691 436 1756 dicta,
472 1705 603 1759 quae
628 1665 756 1743 licet
799 1686 851 1740 in
885 1684 1045 1740 modo
1088 1685 1196 1740 sint
1224 1688 1423 1755 posita,
1446 1692 1569 1755 post
1589 1692 1784 1741 caetera
1817 1665 1860 1725 Β
1887 1693 2050 1749 opera
2093 1684 2449 1732 revertamur.

207 1802 227 1833 ι
260 1791 474 1848 tamen,
534 1797 658 1836 cum
723 1794 812 1835 me
882 1777 1086 1847 aliquid
1150 1775 1533 1847 perspicaciori
1590 1775 1787 1829 intuitu

209 1893 229 1926 ι
259 1886 564 1946 agnoscere
606 1873 897 1943 coepissem
921 1910 936 1936 ,
967 1886 997 1924 a
1030 1884 1117 1924 me
1152 1876 1404 1925 canstant
1444 1868 1619 1931 edita,
1661 1866 1787 1936 quia

208 1983 227 2016 ι
263 1963 513 2023 metricis
538 1962 786 2034 prolatus
810 1969 894 2015 est
932 1960 1140 2025 verbis,
1173 1974 1294 2029 quae
1321 1959 1470 2028 puris
1494 1967 1550 2013 et
1577 1958 1786 2012 intrau-

210 2073 230 2107 ι
266 2054 409 2111 tibus
436 2053 508 2108 ad
531 2051 819 2108 discendas
853 2051 1060 2105 litteras
1089 2065 1119 2104 a
1152 2049 1337 2103 multis
1366 2049 1615 2119 primitus
1642 2048 1790 2102 exhi-

202 2163 230 2217 s
260 2145 376 2200 beri
406 2142 610 2199 solent.
642 2139 895 2211 inprimis
919 2154 1133 2211 quoque
1172 2153 1372 2210 ponere
1402 2136 1613 2192 decrevi
1646 2145 1701 2192 ut
1721 2150 1789 2191 ex

211 2255 230 2287 ι
258 2236 363 2292 hoc
408 2233 639 2305 quilibet
684 2232 754 2287 ad
796 2229 1043 2286 veritatis
1076 2229 1224 2285 viam
1272 2241 1566 2285 conversus
1611 2234 1793 2280 sumat

214 2348 232 2382 s
268 2327 426 2400 quasi
478 2325 769 2397 prandium
801 2323 1171 2380 conversionis
1196 2337 1307 2379 sum
1337 2336 1655 2392 congruum,
1685 2320 1791 2376 sic-

214 2440 232 2472 ι
265 2436 369 2490 que
391 2418 583 2475 leviori
616 2415 740 2472 cibo
764 2413 1001 2470 refectus
1029 2412 1097 2468 ad
1137 2411 1395 2466 lautiores
1435 2412 1600 2480 dapes
1626 2424 1792 2465 sacrae

213 2528 233 2565 ι
265 2510 529 2566 doctrina:
556 2507 851 2576 capiendas
896 2505 1073 2575 aptior
1117 2503 1413 2579 accedat._»
1458 2500 1609 2555 Hunc
1642 2500 1793 2555 libel-

209 2598 315 2655 lum
343 2614 413 2655 ex
435 2597 628 2653 codice
669 2594 1006 2666 autographa
1038 2594 1200 2660 lli-8“,
1230 2593 1281 2647 in
1314 2591 1638 2646 bibliotheca
1667 2590 1793 2644 Em-

210 2687 592 2745 merammensi
625 2692 863 2749 servato,
887 2683 1176 2745 edidimus,
1218 2679 1445 2749 adjectis
1474 2678 1609 2733 varii
1638 2693 1791 2749 argu-

214 2778 383 2834 menti
420 2776 598 2832 sacris
643 2774 783 2839 adis,
812 2772 1223 2844 epigrammatis
1253 2780 1307 2825 et
1359 2769 1641 2839 poematis,
1673 2785 1793 2839 qua:

210 2870 387 2926 omnia
413 2883 577 2923 manu
609 2864 830 2923 Othloni
853 2871 1072 2919 exarata
1107 2862 1160 2917 in
1182 2860 1400 2915 laudato
1426 2860 1610 2916 codice
1635 2873 1791 2932 spar-

212 2961 307 3017 sim
336 2958 700 3015 habebantur.

1957 1773 2011 1828 8.
2051 1770 2235 1824 Sermo
2260 1770 2313 1823 in
2346 1767 2529 1824 Natali
2558 1769 2934 1838 apostolorum.
2956 1770 3333 1828 —Othlouum
3357 1788 3475 1830 ser-
3544 1789 3570 1801 π

1888 1883 2079 1922 manes
2110 1865 2390 1934 scripsisse
2418 1866 2550 1920 satis
2586 1880 2650 1920 ex
2692 1865 2852 1921 dictis
2880 1868 3214 1935 praecedente
3248 1881 3474 1922 numero
3542 1880 3547 1883 λ

1889 1967 2143 2014 constare
2171 1965 2368 2029 potest.
2410 1955 2486 2011 Ex
2510 1955 2596 2010 his
2631 1964 2810 2011 tamen
2860 1972 2966 2010 non
3010 1956 3112 2011 nisi
3162 1957 3305 2011 hunc
3350 1956 3474 2011 uni-
3512 1956 3515 1957 ⁷

1889 2063 2012 2107 cum
2044 2047 2097 2102 in
2127 2045 2460 2116 autographa
2495 2045 2680 2101 codice
2706 2046 2853 2101 iii-4°
2889 2049 3118 2117 posteris
3149 2048 3473 2104 bibliotheca

1890 2138 2402 2194 Emmerammensis
2439 2138 2693 2193 servavit.
2754 2136 2916 2193 Forte
2964 2140 3017 2194 in
3066 2139 3185 2195 aliis
3234 2140 3477 2196 Bavarian

1891 2230 2233 2287 bibliothecis
2268 2229 2452 2300 plures
2497 2239 2811 2300 supersunt,
2854 2247 2990 2301 quos
3033 2234 3102 2288 oh
3140 2232 3477 2289 Othlonianm

1890 2337 2085 2381 manus
2107 2320 2427 2392 elegantiam
2468 2330 2523 2376 et
2565 2321 2951 2377 rotunditatem
2997 2324 3065 2378 ab
3108 2323 3226 2379 aliis
3269 2323 3474 2381 discer-

1893 2428 2025 2473 nere
2060 2413 2215 2469 nobis
2254 2427 2360 2468 non
2396 2412 2683 2467 admodum
2721 2411 2932 2470 diﬂlcile
2970 2413 3126 2470 foret.

1964 2508 2025 2577 9.,
2055 2506 2211 2560 Liber
2262 2505 2550 2560 Visiomtm.
2572 2504 2817 2561 —-llunc
2861 2506 3122 2577 insignem
3160 2507 3377 2575 librum,
3409 2524 3478 2566 ex

1894 2615 2000 2669 quo
2030 2597 2198 2653 multa
2236 2597 2472 2667 egregia,
2505 2596 2785 2650 historiam
2831 2597 3011 2651 saeculi
3059 2613 3111 2651 χι
3157 2598 3477 2667 spectantia,

1896 2706 1994 2744 nec
2018 2688 2325 2744 ullibiallas
2353 2688 2511 2742 obvia
2553 2688 2923 2759 intelligimus,
2962 2688 3227 2747 Othlonus
3264 2700 3383 2761 post
3409 2692 3477 2746 li-

1896 2780 2050 2834 brum
2092 2778 2169 2834 De
2207 2777 2470 2847 spirituali
2510 2777 2749 2832 doctrina
2780 2786 2834 2833 et
2875 2779 3141 2849 dialogum
3183 2780 3260 2835 De
3314 2783 3481 2837 tribus

1892 2870 2290 2937 qua'stt'om'bus,
2318 2868 2501 2924 Fuldzr
2531 2885 2696 2941 agens
2723 2872 3045 2941 composuit.
3087 2871 3199 2940 Qua
3230 2873 3296 2928 de
3324 2888 3384 2929 re
3406 2876 3482 2930 ita

1897 2963 2009 3031 ipse
2033 2962 2084 3016 in
2110 2960 2250 3016 libro
2276 2959 2351 3014 De
2384 2960 2756 3014 teutationibus
2793 2970 2841 3015 et
2865 2961 3070 3031 scriptis
3095 2963 3205 3017 suis
3232 2963 3477 3025 disserit:

275 3051 328 3103 7.
386 3048 532 3102 Libri
587 3044 986 3101 Prorerbiorum
1038 3059 1141 3098 non
1195 3041 1296 3096 nisi
1350 3040 1686 3112 paucissimis
1738 3039 1790 3093 in

1903 3071 1917 3104 ι
1962 3050 2179 3104 Librum
2201 3063 2327 3103 vero
2368 3046 2662 3112 Visionum,
2699 3049 2823 3105 licet
2850 3058 2969 3119 post
2985 3050 3121 3106 duos
3148 3052 3477 3122 scripserim,

212 3143 345 3198 libro
370 3141 452 3195 De
480 3140 854 3195 tentationibus
875 3149 922 3193 et
947 3138 1282 3208 scriptinsuis
1312 3135 1574 3192 Othlouus
1600 3134 1788 3189 memi—

214 3234 308 3288 nit.
354 3251 373 3284 ι
403 3231 536 3287 Item
572 3229 808 3285 libellum
838 3229 1276 3293 Proverbiarum,
1307 3227 1573 3297 inquiens,
1608 3227 1661 3281 in
1698 3240 1795 3281 eo-

219 3342 237 3373 ι
278 3325 400 3378 dem
437 3319 769 3375 monasterio
790 3317 1042 3373 Fuldcusi
1072 3317 1297 3386 positus,
1324 3316 1561 3371 scribere
1582 3315 1742 3385 cmpi.
1769 3332 1789 3368 ι

213 3412 276 3468 Et
299 3413 402 3469 sub
434 3411 598 3466 linem
633 3409 727 3476 ait,
757 3418 955 3480 praeter
984 3407 1087 3462 alia
1129 3427 1147 3459 ι
1177 3406 1359 3462 multis
1386 3406 1598 3463 dedisse
1620 3420 1679 3461 se
1707 3412 1800 3459 aut

212 3502 424 3558 misisse
447 3500 739 3570 aliquando
762 3511 1042 3553 sermones
1063 3506 1155 3551 aut
1180 3497 1482 3566 proverbia,
1505 3511 1598 3573 seu
1617 3494 1799 3566 aliqua

213 3592 585 3648 acditicationis
628 3590 847 3660 scripta.
882 3607 901 3640 ι
943 3586 1235 3643 Proverbia
1285 3588 1400 3642 haec
1443 3586 1561 3641 sine
1610 3585 1796 3652 dubio,

216 3682 441 3739 diversis
463 3680 793 3751 temporibus
817 3677 981 3744 edita,
1015 3688 1138 3748 post
1167 3679 1278 3748 ipse
1307 3677 1361 3731 in
1400 3678 1519 3740 hoc,
1548 3677 1690 3746 quod
1711 3675 1801 3732 hic

214 3773 384 3838 vides.
406 3787 607 3842 corpus
630 3770 842 3842 collegit
868 3769 1203 3839 redegitque,
1242 3783 1310 3823 ex
1351 3783 1458 3837 quo
1484 3767 1800 3822 adolescen-

218 3863 310 3918 tnli
343 3882 361 3915 ι
391 3870 617 3932 possent
658 3872 781 3930 apte
828 3860 1018 3914 instrui
1065 3868 1188 3928 post
1213 3857 1497 3913 lectionem
1533 3857 1799 3912 Psalterii.

222 3979 239 4011 ι
273 3946 412 4014 Sunt
429 3957 600 4020 enim,
629 3975 647 4008 ι
678 3963 736 4011 ut
757 3952 985 4008 aliirmat
1012 3955 1217 4008 Auctor
1241 3950 1291 4007 in
1312 3950 1554 4022 prologo,
1582 3971 1602 4004 ι
1634 3952 1804 4006 multo

222 4067 242 4100 s
271 4046 539 4104 brevioris
565 4053 621 4099 et
646 4042 906 4113 planioris
935 4042 1215 4098 sententia:
1250 4057 1413 4111 quam
1444 4040 1532 4096 illa
1562 4040 1802 4098 fabulosa

222 4159 242 4195 ι
271 4140 466 4195 Aviani
501 4139 665 4201 dicta,
706 4136 799 4191 sed
837 4144 893 4191 et
925 4136 1140 4190 utiliora
1180 4150 1340 4204 quam
1375 4134 1619 4204 quaedam
1642 4136 1804 4191 Cato—

225 4248 242 4281 ι
276 4231 360 4286 nis
379 4230 579 4293 verba;
609 4240 731 4297 qua!
746 4235 971 4295 utraque
985 4238 1181 4311 omnes
1194 4239 1329 4295 pene
1355 4225 1597 4296 magistri
1628 4225 1808 4296 legere

1899 3161 1919 3194 ι
1966 3143 2018 3197 in
2042 3140 2231 3197 ordine
2261 3148 2435 3199 tamen
2458 3140 2753 3196 secundum
2776 3141 2901 3196 ideo
2934 3143 3113 3212 posui,
3142 3152 3200 3197 ut
3243 3144 3330 3200 illa
3380 3145 3479 3200 do-

1900 3251 1918 3284 ‹
1965 3233 2162 3297 ctrina,
2190 3246 2312 3301 qua:
2341 3232 2394 3287 in
2425 3232 2589 3302 priori
2621 3232 2799 3287 libello
2839 3233 2939 3303 (De
2979 3234 3142 3288 tribus
3176 3234 3483 3305 quastioni-

1902 3341 1920 3375 ι
1968 3321 2082 3393 bus)
2111 3323 2277 3377 variis
2303 3322 2510 3390 prolata
2547 3331 2632 3378 est
2671 3324 2977 3389 sententiis,
3022 3325 3074 3378 in
3125 3326 3228 3379 hac
3271 3338 3485 3395 quoque

1904 3433 1921 3464 ι
1968 3414 2137 3469 variis
2184 3414 2633 3469 corroboraretur
2676 3413 2975 3483 exemplis;
3024 3430 3198 3483 caque
3243 3418 3485 3472 tenacius

1904 3522 1922 3556 ι
1968 3504 2244 3574 praemissa
2270 3502 2771 3558 amicainhzereant
2807 3503 2987 3567 verba,
3022 3518 3140 3573 qute
3176 3504 3367 3572 majori
3399 3515 3479 3561 te-

1905 3614 1923 3647 t
1967 3594 2223 3649 stimonio
2249 3601 2361 3648 tam
2399 3593 2618 3663 pietatis
2646 3608 2806 3664 quam
2844 3593 3147 3649 severitatis
3193 3594 3387 3650 divinte
3428 3597 3483 3651 in

1907 3704 1925 3736 ι
1972 3681 2421 3752 subsequentibus
2440 3682 2905 3745 commendantur,
2929 3682 2980 3736 in
3011 3695 3214 3736 morem
3237 3683 3487 3739 videlicet

1907 3792 1924 3826 s
1974 3771 2219 3826 lautioris
2251 3770 2379 3835 cihi,
2407 3771 2498 3839 qui
2527 3771 2704 3840 primo
2727 3785 2864 3840 aqua
2895 3785 3030 3840 pura
3055 3781 3258 3839 coctus,
3292 3773 3488 3829 deinde

1909 3883 1929 3915 ι
1974 3863 2152 3933 aliqua
2176 3862 2314 3917 aceti
2340 3861 2424 3916 vel
2445 3861 2608 3916 etiam
2633 3862 2834 3931 piperis
2854 3862 3158 3932 adjectione
3178 3867 3486 3923 accuratius

1910 3972 1927 4006 ι
1974 3962 2327 4024 pratparatur.
2368 3950 2495 4009 Sola
2524 3952 2666 4007 enim
2700 3952 2940 4007 leuitatis
2966 3953 3128 4008 verba
3166 3955 3218 4008 in
3246 3955 3487 4013 docendo

1911 4064 1929 4096 ι
1976 4044 2200 4113 prolata,
2248 4042 2403 4112 quasi
2441 4042 2659 4112 quidam
2711 4042 2815 4097 cibi
2852 4042 2904 4097 in
2944 4042 3055 4098 sala
3101 4059 3237 4114 aqua
3278 4047 3484 4103 excocti

1914 4157 1932 4189 ι
1978 4128 2201 4207 possunt
2219 4135 2463 4204 intelligi.
2495 4133 2599 4189 Sed
2622 4149 2745 4190 cum
2771 4134 2965 4189 dehinc
2988 4134 3164 4204 aliqua
3180 4138 3486 4192 severitatis

1915 4246 1934 4278 ι
1979 4226 2224 4295 exempla
2248 4224 2634 4288 admiscentur,
2664 4224 2809 4276 velut
2834 4237 3020 4277 amara
3048 4224 3184 4279 aceti
3212 4238 3304 4280 seu
3338 4226 3483 4297 pipe-

227 4339 245 4372 s
276 4321 447 4376 solent
474 4319 543 4375 ad
575 4318 750 4389 prima
777 4331 1065 4387 puerorum
1091 4316 1434 4383 documenta,
1481 4332 1586 4371 non
1627 4326 1804 4373 atten-
1838 4356 1885 4417 υ
1916 4336 1935 4370 ι
1983 4317 2058 4372 ris
2086 4316 2449 4371 additamenta
2476 4313 2690 4368 condita
2716 4312 2936 4377 fercula,
2976 4324 3037 4369 ut
3079 4315 3331 4372 suaviora
3376 4317 3489 4374 elli-

225 4429 246 4466 s
273 4413 462 4467 dentes
486 4409 611 4480 quia
645 4419 756 4464 tam
787 4408 1023 4478 parvulis
1052 4421 1217 4478 quam
1259 4407 1566 4463 senioribus
1605 4407 1807 4465 Christi

227 4519 245 4551 ι
280 4500 525 4557 ﬁdelibus
553 4514 712 4555 sacra
737 4499 916 4569 potius
936 4513 1098 4569 quam
1121 4498 1338 4570 gentilia
1368 4497 1672 4552 rudimenta
1703 4499 1812 4568 pri-

229 4609 247 4643 ι
282 4593 442 4648 initus
472 4592 583 4646 sint
606 4588 935 4653 exhibenda,
966 4597 1027 4644 ut
1052 4589 1105 4645 in
1129 4588 1214 4644 his
1242 4588 1580 4658 aliquatenus
1605 4588 1809 4643 instru-

230 4703 249 4734 ι
279 4682 371 4749 eti,
428 4690 620 4751 postea
676 4676 963 4734 szeculares
1010 4679 1224 4734 litteras
1275 4678 1377 4732 arti
1432 4676 1811 4735 Grammatice

231 4794 248 4825 ι
281 4787 545 4844 congruas
574 4769 826 4825 securius
854 4768 1078 4834 discant,
1109 4787 1133 4824 ι
1168 4776 1274 4823 etc.
1313 4767 1460 4838 Opus
1490 4769 1594 4825 hoc
1613 4769 1812 4823 extuli-

228 4881 341 4921 mus
361 4882 428 4923 cx
456 4861 803 4933 autographa
830 4859 1315 4918 Emmerammensi
1347 4861 1508 4918 in4°.
1552 4860 1745 4916 Exstat
1762 4872 1819 4917 et

231 4959 364 5013 aliud
394 4954 807 5030 autographum
841 4953 894 5008 in
922 4953 1244 5010 bibliotheca
1273 4951 1683 5023 Tegernseensi,
1723 4952 1818 5008 sed

234 5050 482 5122 principio
532 5047 821 5107 mutilum.
881 5045 1050 5105 Porro
1096 5050 1147 5103 in
1194 5046 1381 5101 eadem
1424 5045 1818 5118 Tegernseensi

232 5140 539 5201 bibliotheca
576 5139 859 5210 reperitur
883 5139 1042 5195 etiam
1069 5141 1210 5196 alius
1233 5140 1399 5196 codex
1438 5138 1822 5196 membranaue

228 5234 379 5304 ἱυ-εο,
407 5236 508 5293 sub
528 5235 713 5297 linem
752 5230 929 5285 steculi
964 5247 1037 5288 xu
1080 5238 1357 5294 exaratos,
1402 5231 1688 5288 continens
1719 5243 1817 5284 cu-

220 5324 423 5397 jusdam
452 5319 692 5380 Henrici
718 5321 987 5386 proverbia
1011 5331 1239 5384 centum,
1280 5320 1383 5376 hoc
1411 5320 1511 5377 init
1539 5338 1553 5374 :
1588 5318 1709 5371 Pax
1750 5320 1818 5372 sit

235 5415 447 5450 ιιι-..δη-
474 5413 571 5450 nisi
597 5406 804 5450 nmina-
846 5416 929 5450 etr-
970 5427 982 5438 ·
1021 5413 1109 5450 nisi
1144 5409 1410 5450 "plurimm
1455 5425 1561 5450 non
1607 5407 1820 5450 videtur

1920 4429 1936 4460 ι
1982 4409 2241 4473 ciantur,
2294 4421 2402 4461 nan
2450 4404 2744 4474 incongrue
2803 4404 3189 4476 intelliguntur.
3251 4409 3491 4479 Apparet

1918 4522 1935 4554 ι
1984 4502 2147 4572 igitur
2174 4500 2300 4570 quia
2324 4498 2466 4553 sicut
2489 4497 2645 4553 cibus
2670 4504 2775 4551 tam
2812 4500 3011 4554 amaris
3041 4514 3201 4569 quam
3232 4504 3489 4558 suavibus

1918 4608 1935 4641 ι
1982 4589 2338 4645 condimentis
2357 4596 2542 4643 coctus
2563 4584 2771 4641 avidius
2790 4587 3038 4652 sumitur,
3068 4588 3140 4643 ita
3169 4599 3224 4644 et
3246 4592 3492 4647 doctrina

1918 4699 1936 4731 ο
1983 4678 2363 4735 blandimentis
2386 4676 2604 4747 quidem
2631 4675 2905 4740 inchoata,
2933 4679 3027 4732 sed
3050 4677 3244 4733 deinde
3272 4681 3496 4749 alicujus

1918 4787 1936 4818 ‹
1982 4766 2288 4823 severitatis
2328 4767 2611 4820 commista
2643 4764 2902 4834 exemplis
2937 4765 3229 4823 studiosius
3254 4771 3493 4826 auditur.

1923 4878 1963 4929 ιη
1990 4859 2141 4921 Unde
2173 4868 2232 4914 et
2255 4856 2552 4926 Apostolus
2584 4856 2857 4912 doctorem
2890 4856 3187 4925 quemlibet
3226 4859 3502 4917 instruens

1925 4970 1942 5002 ι
1987 4952 2063 5004 ait
2092 4968 2105 5003 :
2132 4949 2332 5021 Argue,
2357 4947 2593 5015 obsecra,
2629 4947 2864 5016 increpa,
2907 4948 2963 5004 id
3004 4958 3110 5014 est,
3134 4949 3501 5006 blandimenta

1925 5059 1941 5090 ι
1988 5039 2289 5095 terroribus
2332 5035 2761 5095 admisce—lu
2810 5036 3060 5093 Fnldensi
3099 5039 3267 5107 igitur
3314 5053 3501 5093 mona-

1926 5150 1944 5183 ο
1990 5132 2156 5186 sterio
2184 5131 2415 5200 positus,
2452 5140 2511 5185 et
2533 5136 2728 5198 optatae
2758 5128 3160 5196 tranquillitatis
3186 5136 3346 5194 atque
3369 5126 3505 5180 cbae

1924 5244 1943 5278 s
1992 5224 2168 5279 vitatis
2216 5224 2358 5278 dono
2403 5220 2604 5277 ibidem
2650 5219 2878 5289 patitns,
2922 5221 3233 5290 frequenter
3264 5215 3505 5271 tractavi

1926 5337 1944 5370 α
1989 5316 2223 5387 qualiter
2251 5327 2353 5386 pro
2388 5311 2635 5381 ejusdem
2675 5311 3077 5382 tranquillitatis
3105 5307 3277 5377 gratia
3318 5308 3444 5371 Deo.
3473 5319 3505 5359 a

1924 5427 1942 5450 ι
1988 5421 2097 5450 mm
2119 5405 2247 5450 mihi
2271 5405 2396 5450 data
2416 5412 2523 5450 εκι-
2546 5410 2725 5450 grates
2745 5398 3020 5450 referrem.
3044 5396 3291 5450 Mannum
3310 5395 3509 5450 uuluae
