3998 5450
484 252 552 310 t9
1329 241 1331 243 '
1405 249 1782 308 ornamus
1818 250 2200 310 MONACIIUS
2242 252 2303 310 s.
2337 236 2769 308 EMMEMMMI
3677 257 3752 312 eo

475 389 494 420 ι
541 367 859 426 deferendas
891 369 1004 428 Deo
1036 367 1237 440 gratias
1272 366 1583 424 omnimodo
1619 377 1960 435 convertens,
1999 379 2056 427 et
2087 372 2127 431 Α
2157 365 2390 438 quodam
2423 365 2691 422 coenobita
2732 365 3096 422 Lunaelaeensi
3129 381 3191 422 ea
3224 367 3438 438 aliaque
3478 368 3658 423 omnia
3687 370 3750 426 S.

454 477 495 511 τι
541 456 588 516 si
637 475 740 529 qua
792 459 1026 516 dictandi
1075 459 1302 516 materia
1333 469 1457 530 apte
1485 460 1804 528 occurrerit,
1854 461 2056 520 diutius

479 551 857 619 «exquirens,
899 550 1072 620 reperi
1116 552 1334 606 tandem
1368 551 1655 622 quamdam
1686 552 1921 610 dictandi
1966 567 2057 608 oc-

476 659 494 692 ι
541 644 835 708 casionetn,
867 644 1085 698 visiones
1106 644 1376 708 videlicet,
1406 660 1542 716 quas
1572 655 1626 701 et
1656 661 1754 718 ego
1783 648 2056 718 quondam

477 753 494 784 ι
541 734 674 798 vidi,
706 743 762 789 et
791 735 858 789 ab
885 735 1006 788 aliis
1028 747 1124 804 per
1151 735 1271 790 loca
1299 736 1509 791 diversa
1539 737 1813 806 proiectus
1852 739 2055 794 audivi.

478 845 496 876 ι
541 825 651 880 llas
689 841 922 896 namque
955 827 1022 881 ad
1053 827 1340 881 multorum
1384 829 1630 883 notitiam
1677 829 1891 886 deferre
1939 832 2057 887 ideo

475 936 494 968 ι
539 917 672 972 utile
697 932 816 972 esse
847 917 1171 982 arbitrabar,
1199 919 1324 990 quia
1353 919 1515 975 credo
1558 919 1625 975 ad
1668 936 1854 975 omnes
1885 923 2058 977 Immi-

477 1025 497 1058 ‹
542 1023 640 1063 nes
671 1010 966 1080 pertinere,
990 1010 1200 1079 quoties
1229 1011 1457 1081 quilibet
1484 1013 1734 1067 visitatur
1766 1029 1794 1066 a
1829 1012 1937 1068 Deo
1968 1024 2062 1069 aut

479 1116 498 1149 ε
541 1113 642 1168 per
687 1101 1119 1169 castigationem,
1167 1110 1259 1156 aut
1298 1117 1397 1172 per
1429 1103 1871 1169 consolationem,
1921 1105 2061 1160 sicut

478 1208 498 1240 σ
541 1199 596 1243 et
626 1190 739 1260 ipse
777 1191 830 1244 in
863 1190 1152 1259 Evangelio
1180 1193 1308 1248 dicit
1343 1211 1354 1246 :
1390 1193 1542 1260 Quod
1573 1194 1662 1249 nui
1695 1195 1836 1261 dico,
1883 1197 2063 1250 omni-

482 1297 502 1330 a
542 1280 644 1335 bus
679 1280 820 1335 dico.
860 1280 1132 1337 lncitabar
1158 1284 1318 1338 etiam
1348 1299 1415 1338 ex
1449 1285 1550 1339 hoc
1583 1286 1650 1340 ad
1694 1287 2060 1354 scribendum,

482 1391 500 1423 ι
542 1372 670 1442 quia
700 1388 821 1427 eum
856 1373 982 1429 olim
1017 1374 1224 1429 libellos
1245 1376 1380 1432 duos
1404 1378 1686 1443 ediderim,
1719 1380 1933 1434 tertium
1963 1395 2062 1450 pro

480 1482 499 1515 ι
545 1473 748 1520 sancta:
775 1463 1058 1521 Trinitatis
1089 1467 1312 1532 honore,
1352 1470 1396 1523 si
1431 1469 1542 1538 ipsa
1593 1469 1831 1525 Trinitas
1877 1472 2065 1542 digna-

481 1571 499 1601 ι
548 1563 696 1608 retur
727 1555 1008 1624 inspirare,
1047 1557 1241 1626 srepius
1263 1558 1444 1626 optavi
1476 1557 1692 1614 addere.
1735 1559 1849 1613 Tali
1881 1559 2062 1629 itaque

482 1661 501 1691 ‹
542 1655 708 1698 causa
739 1643 989 1699 incitatus
1016 1645 1204 1700 librum
1239 1646 1530 1712 Visionum,
1559 1649 1624 1704 de
1652 1664 1759 1719 quo
1771 1649 1882 1717 jam
1913 1650 2062 1704 locu-

2161 457 2468 530 Wolfgangi
2496 458 2750 513 miracula
2778 459 3031 513 iiliomatc
3076 459 3271 514 Latino
3313 463 3750 527 conscrihantut‘,

2161 553 2286 617 hoc,
2313 568 2415 606 non
2446 552 2573 616 alio,
2621 551 2778 606 ntodo
2811 551 2861 605 in
2890 550 3281 621 amplissimum
3322 566 3457 622 opus
3496 553 3562 606 de
3606 554 3753 607 Actis

2161 645 2474 700 Sanctorum
2519 646 2824 699 inserenda.

2217 737 2302 790 Η.
2343 736 2551 791 Passim
2581 737 2632 790 in
2664 736 3004 790 bibliothecis
3033 735 3333 791 Germaniae
3361 738 3596 792 occurrit
3628 735 3754 792 Vita

2161 823 2220 880 S.
2257 825 2472 881 Nicotai
2509 843 2591 897 cp.
2639 826 2962 897 Myrr/tensis
3004 837 3222 882 auctore
3249 827 3470 892 Joanne.
3496 829 3754 892 diacono,

2161 919 2252 988 qui
2291 933 2351 973 se
2382 919 2433 972 in
2472 918 2694 989 prologo
2719 935 2919 973 servum
2954 917 3012 973 S.
3041 917 3291 973 Januarii
3320 929 3494 974 vocat.
3530 919 3605 974 Ac
3634 921 3754 974 haec

2162 1009 2285 1065 Vita
2311 1008 2536 1079 duplicis
2559 1009 2770 1078 generis
2791 1018 2890 1063 est.
2927 1007 3046 1063 Una
3071 1009 3214 1062 enim
3238 1009 3461 1080 singulis
3481 1008 3755 1078 capitibus

2164 1100 2388 1155 metrica
2435 1099 2687 1153 lemmata
2747 1099 2964 1170 prteiixa
3015 1100 3195 1166 habet,
3247 1115 3474 1171 quorum
3518 1099 3755 1170 primum

2165 1191 2472 1262 hujusmodi
2517 1200 2600 1245 est
2624 1209 2636 1244 :

2287 1303 2381 1352 llic
2405 1302 2531 1350 liber
2554 1303 2751 1363 ingenui
2773 1302 2933 1351 Vitam
2960 1309 3120 1352 narrat
3145 1303 3352 1364 Nirulai,

2287 1365 2472 1415 Graecia
2497 1377 2643 1426 quem
2668 1367 2818 1426 norit,
2845 1365 3038 1414 DDlltllli
3065 1378 3157 1414 nec
3183 1368 3339 1426 gratia
3363 1365 3572 1428 sprevit.

2234 1467 2414 1524 Altera
2449 1467 2530 1522 his
2559 1468 2900 1522 lemmatibus
2929 1477 3101 1532 caret,
3135 1469 3430 1537 eodemque
3459 1469 3618 1522 modo
3641 1482 3762 1538 quo

2161 1559 2330 1630 prior,
2383 1573 2574 1627 nempe
2622 1560 2707 1613 his
2759 1559 2942 1613 verbis
2987 1559 3217 1629 incipit:
3260 1559 3500 1613 Gloriosa
3543 1559 3757 1628 quidem

2163 1659 2282 1704 acta
2311 1659 2632 1713 sanctorum,
2659 1649 2843 1716 quibus
2866 1648 2928 1700 ab
2956 1658 3072 1700 ortu
3101 1649 3402 1711 nativitatis,
3435 1657 3541 1702 etc.
3579 1648 3758 1714 Quam

484 1751 501 1781 ι
552 1741 638 1787 tus
690 1747 832 1797 sum,
869 1734 1109 1789 scribere
1155 1736 1354 1790 studui.
1387 1757 1404 1788 ›
1461 1737 1748 1810 Hucusque
1797 1740 2062 1796 Othlonus
2095 1727 2138 1785 Β
2169 1743 2360 1795 harum
2398 1738 2660 1794 Othlonus
2716 1738 3087 1793 emendaverit
3135 1738 3398 1792 incertum
3450 1737 3603 1790 nobis
3649 1746 3755 1790 est.

478 1821 545 1876 de
571 1821 745 1877 isthoc
779 1837 876 1879 suo
905 1837 1091 1893 opere,
1134 1841 1242 1895 quo
1281 1840 1346 1880 ex
1391 1841 1578 1883 comvo
1626 1837 1680 1883 et
1721 1828 1857 1884 forte
1899 1831 2065 1885 etiam

477 1912 811 1983 autographa
841 1914 1025 1968 codice
1049 1914 1530 1972 Emmerammensi
1573 1917 1742 1972 in-io.
1777 1919 1844 1973 Β.
1876 1920 1934 1974 Ρ.
1967 1921 2068 1976 Lu-

479 1998 700 2055 dovicus
751 2001 1034 2073 Moidings,
1092 2006 1474 2062 solertissimus
1517 2016 1572 2062 et
1621 2008 1674 2063 in
1727 2010 1808 2064 his
1853 2011 2066 2077 studiis,

476 2091 655 2159 quoad
675 2091 722 2144 ei
747 2106 845 2160 per
866 2107 1034 2148 sacrae
1063 2095 1384 2150 obedientia:
1400 2099 1602 2163 munia,
1630 2114 1750 2169 qua:
1772 2115 1892 2154 cum
1911 2101 2069 2158 laude

480 2181 615 2246 obit,
649 2182 792 2246 licet,
822 2185 1250 2241 studiosissimus
1283 2188 1483 2242 sodalis
1523 2199 1708 2245 noster
1753 2194 2066 2262 exscripsit.

482 2271 778 2328 Dolendum
818 2290 966 2340 sane,
1005 2277 1248 2332 codicem
1278 2294 1306 2332 a
1333 2280 1622 2350 principio,
1660 2283 1934 2338 nescimus
1961 2300 2069 2354 qua

479 2375 666 2427 causa,
716 2364 1020 2420 mutilatum
1052 2381 1160 2421 uno
1188 2367 1316 2422 folio
1364 2369 1609 2424 destitui.
1665 2372 1722 2426 Si
1777 2373 1896 2428 libri
1936 2390 2066 2431 mss.

483 2453 796 2507 monasterii
833 2454 1143 2511 Pruelensis
1176 2472 1342 2528 prope
1385 2457 1755 2528 Ratisponam,
1805 2463 1896 2531 qui
1926 2477 2070 2518 anno

483 2544 622 2599 1547
646 2544 842 2600 ibidem
879 2548 1223 2612 exstiterunt,
1262 2550 1438 2603 adhuc
1468 2551 1752 2616 habentur,
1784 2567 1850 2607 ex
1882 2566 2068 2606 eorum

480 2636 732 2705 quoidam
783 2646 966 2691 nostra
1011 2638 1177 2692 editio
1222 2638 1509 2706 aliquando
1550 2642 1802 2696 resarciti
1850 2628 2070 2712 poterit.

487 2727 630 2781 lnter
657 2726 775 2780 illos
799 2727 945 2781 enim
973 2726 1164 2780 librum
1201 2725 1477 2782 Visionum
1517 2727 1733 2784 Othloni
1773 2735 2072 2789 recensitos

483 2815 670 2883 fuisse,
715 2817 974 2873 discimus
1016 2833 1082 2872 ex
1131 2819 1442 2873 eorumdem
1490 2819 1770 2892 Catalogo,
1814 2824 2075 2893 prazdicto

487 2922 628 2962 anno
678 2908 811 2962 satis
842 2917 1096 2964 accurate
1139 2908 1410 2964 coniecto.
1445 2910 1516 2964 Ea
1552 2927 1683 2967 vero
1706 2915 1950 2970 recensio
1996 2917 2074 2971 sic

484 3006 648 3059 habet
673 3022 686 3058 :
723 3023 741 3056 ‹
770 3003 1063 3059 Sententiae
1094 3004 1288 3059 divinae
1310 3006 1377 3061 de
1398 3006 1664 3062 Trinitate
1686 3017 1742 3064 et
1769 3010 2072 3066 substantia

483 3095 764 3150 Trinitatis
791 3103 846 3151 et
871 3094 974 3148 alia
999 3095 1325 3165 hujusmodi.
1369 3095 1503 3152 Item
1547 3099 1830 3154 sententia:
1876 3100 2070 3155 divinae
2097 3087 2142 3149 C

485 3201 716 3254 quarum
744 3194 796 3240 et
826 3187 904 3240 sic
931 3185 1208 3241 sciendum
1254 3194 1339 3242 est
1396 3187 1492 3258 (ita
1531 3188 1693 3258 cod.),
1742 3189 1884 3259 qttod
1929 3191 2074 3245 Deus.

488 3276 759 3330 hominem
796 3273 1111 3340 formatum,
1146 3285 1201 3330 et
1238 3277 1291 3332 in
1331 3278 1518 3333 eodem
1553 3279 1798 3348 quaedam
1835 3280 1900 3334 de
1930 3279 2075 3334 Rhe-

489 3367 677 3420 torica.
725 3365 953 3421 Cronica
981 3364 1278 3432 Bonitonis,
1317 3377 1371 3423 et
1405 3368 1457 3423 in
1502 3370 1691 3424 eodem
1732 3368 1869 3423 liber
1901 3369 2074 3425 sancti

488 3457 758 3512 Ambrosii
793 3459 867 3514 De
903 3459 1011 3514 vita
1050 3460 1448 3530 episcoporum.
1487 3461 1815 3517 Constitutio
1851 3462 2073 3527 Gelasii,

489 3545 668 3615 qualis
707 3547 900 3602 debeat
947 3561 1068 3604 esse
1104 3556 1289 3617 pastor
1336 3549 1609 3604 Ecclesia}.
1670 3551 1964 3622 Exceptum
2012 3552 2084 3606 de-

493 3636 610 3692 Vita
642 3639 1028 3696 solitariorum.
1072 3637 1264 3694 Sermo
1297 3640 1576 3709 cujusdam
1608 3640 1661 3694 in
1694 3641 1851 3695 laude
1879 3649 2079 3695 sancta:

494 3727 692 3781 Mariae.
731 3729 894 3782 Liber
920 3727 1227 3783 Holdeberti
1274 3729 1376 3800 [sic
1410 3730 1567 3793 cod.;
1611 3729 1710 3800 leg.
1758 3730 2078 3801 Hildeberti]

493 3822 560 3876 de
595 3821 761 3875 Maria
807 3820 1145 3893 Egyptiaca,
1186 3831 1242 3876 et
1285 3821 1387 3876 alia
1433 3823 1696 3891 quzedam.
1737 3822 1899 3877 Liber
1928 3822 2087 3878 Bcdae

497 3915 574 3969 De
614 3921 808 3968 natura
839 3927 1041 3966 rerum.
1080 3912 1226 3966 ldem
1271 3911 1338 3965 de
1383 3911 1611 3966 diversis
1647 3911 1934 3966 fructibus.
1982 3912 2086 3967 Pa-

496 4003 722 4058 tberius.
774 4002 888 4056 Duo
917 4001 1254 4057 Abceedari‘i.
1313 3999 1552 4056 Libellus
1591 4001 1657 4056 de
1705 4001 1869 4057 Petro
1893 4016 2080 4072 puero.

495 4090 658 4146 Liber
688 4090 985 4156 Visionum,
1019 4111 1038 4144 ο
1075 4100 1182 4146 etc.
1737 4145 1740 4148 .

570 4181 658 4236 10.
707 4181 877 4236 Vitam
903 4183 1071 4236 sancti
1095 4182 1328 4248 Nicolai,
1353 4200 1444 4237 nec
1465 4200 1566 4238 non
1587 4184 1753 4238 sancti
1781 4183 2090 4254 Wolfgangi

497 4273 802 4338 emendum,
828 4273 961 4326 sicut
984 4273 1038 4326 in
1063 4273 1330 4342 utriusque
1378 4272 1506 4326 Vita:
1549 4272 1763 4342 prologo
1796 4274 2088 4338 intimatur,

499 4363 682 4431 scripsi
711 4373 988 4432 antequam
1020 4364 1378 4432 proficiscerer
1425 4363 1494 4416 ad
1533 4363 1906 4416 monasterium
1950 4361 2088 4415 Ful-

2167 1831 2446 1902 Conjicere
2474 1839 2652 1884 tamen
2681 1830 2764 1884 vel
2803 1845 2872 1884 ex
2905 1829 3147 1884 versibus
3177 1828 3302 1883 licet
3336 1828 3570 1897 priorem
3631 1841 3757 1880 esse.

2168 1921 2220 1976 in
2261 1938 2364 1991 qua
2406 1921 2715 1975 exornanda
2759 1937 2913 1975 suum
2948 1919 3210 1973 Othlonus
3251 1919 3482 1972 studium
3524 1916 3766 1971 colloca-

2168 2013 2325 2066 verit.
2366 2011 2528 2066 Forte
2559 2011 2722 2066 etiam
2769 2025 2873 2064 non
2918 2010 3018 2064 nisi
3062 2009 3286 2064 arbitrio
3335 2009 3632 2062 scribarum
3663 2021 3762 2076 ge-

2169 2103 2368 2157 nninns
2391 2101 2608 2157 Othloni
2637 2101 2908 2171 prologus,
2943 2102 2995 2153 in
3028 2115 3134 2169 quo
3162 2114 3314 2152 suam
3341 2097 3758 2151 emendationem

2169 2194 2401 2247 iniimari
2433 2194 2526 2254 ait,
2564 2193 2958 2263 prmtermissns
2985 2192 3037 2244 in
3065 2190 3279 2258 scriptis
3311 2189 3462 2241 libris
3490 2187 3606 2240 fuit.
3649 2185 3760 2239 Sed

2171 2285 2286 2340 hinc
2318 2282 2624 2348 conjectura
2660 2290 2868 2334 tantum
2901 2292 3002 2334 est.
3043 2280 3308 2335 Creternm
3340 2279 3503 2331 etiam
3551 2292 3580 2328 a
3626 2274 3760 2328 Rei-

2170 2375 2330 2429 noldo
2359 2373 2609 2440 episcopo
2640 2370 2938 2440 Eysletensi
2963 2370 3248 2438 quamdam
3282 2367 3568 2421 Historia»:
3602 2365 3756 2419 de-S.

2174 2462 2400 2517 Nico/ao
2426 2461 2625 2516 editam
2652 2462 2834 2525 fuisse,
2850 2460 2962 2528 jam
2987 2461 3039 2514 in
3070 2460 3266 2514 itinere
3287 2466 3472 2513 nostro
3493 2456 3768 2512 Bavarico.

2171 2555 2500 2617 monuimus,
2532 2555 2673 2623 quod
2701 2553 2842 2607 vide.

2243 2645 2330 2698 12.
2388 2643 2617 2712 Scripsit
2663 2642 2828 2696 etiam
2877 2642 3143 2698 Othlonus
3204 2641 3373 2695 l’itam
3427 2639 3488 2694 S.
3532 2639 3760 2702 Allonis,

2171 2754 2278 2791 una
2315 2753 2432 2790 enm
2463 2735 2773 2806 quibusdam
2808 2735 3128 2788 carminibus
3157 2735 3223 2787 ad
3261 2732 3494 2786 eumdem
3521 2740 3758 2784 sanetum

2171 2826 2564 2897 pertinentibus,
2591 2825 2734 2896 quod
2764 2825 2928 2894 ipsius
2961 2825 3326 2879 testimonium
3357 2830 3438 2875 est
3468 2822 3518 2873 in
3552 2819 3644 2873 lib.
3678 2817 3764 2871 De

2173 2932 2354 2976 tcntat.
2377 2931 2423 2974 et
2446 2921 2623 2990 script.
2644 2920 2773 2974 suis.
2811 2918 2978 2973 Porro
3004 2925 3181 2971 autem
3216 2916 3304 2969 tthi
3333 2916 3445 2968 hare
3473 2911 3593 2966 Vita
3622 2910 3763 2965 deli-

2175 3021 2344 3067 tescat
2372 3025 2470 3065 nos
2511 3010 2742 3063 nondum
2768 3008 3148 3078 comperimus.
3185 3005 3344 3058 Forte
3378 3005 3495 3058 Vita
3529 3001 3760 3064 Altonis.

2173 3121 2201 3156 a
2231 3099 2597 3157 Bollandi‘anis
2621 3098 2688 3151 ad
2715 3097 2856 3152 diem
2889 3097 2922 3151 9
2950 3094 3230 3149 Februarii
3274 3102 3328 3146 et
3374 3108 3403 3145 a
3454 3089 3764 3144 Mabillonio

2174 3190 2309 3245 Βίης.
2335 3189 2530 3244 Bened.
2560 3187 2646 3251 lll,
2678 3203 2729 3256 p.
2765 3202 2826 3249 η,
2855 3202 2884 3239 a
2912 3201 3032 3256 pag.
3062 3184 3190 3248 ‘2l7,
3217 3183 3360 3237 edita
3390 3191 3445 3236 et
3471 3166 3761 3244 illustrata,

2175 3283 2242 3335 ab
2271 3295 2436 3351 opere
2465 3278 2680 3334 Othloni
2711 3276 2967 3331 distincta
2999 3291 3105 3330 non
3145 3283 3250 3337 est,
3291 3271 3593 3343 prazsertim
3637 3286 3763 3325 cum

2178 3373 2306 3437 line,
2333 3385 2494 3440 quem
2525 3369 2671 3422 varia
2701 3369 2935 3420 carmina
2965 3366 3222 3435 consequi
3261 3371 3568 3433 potuerunt,
3610 3372 3766 3414 trun-

2177 3472 2294 3517 cata
2322 3463 2411 3525 sit,
2434 3469 2488 3515 et
2509 3459 2623 3526 ejus
2644 3459 2855 3512 initium
2879 3461 3072 3511 eodem
3092 3455 3202 3510 fere
3224 3456 3404 3518 modo,
3423 3468 3530 3522 quo
3545 3451 3680 3505 Vita:
3702 3449 3762 3504 S.

2176 3553 2478 3623 Wolfgaugi
2503 3552 2853 3621 principium,
2887 3549 3267 3603 concinnatum
3299 3545 3387 3598 sit.
3431 3543 3542 3597 Nec
3571 3558 3765 3612 quem-

2179 3659 2338 3714 quam
2366 3651 2578 3696 moveat
2599 3639 2741 3709 quod
2775 3646 2966 3692 auctor
2994 3637 3153 3690 editzn
3182 3633 3393 3687 Altonis
3417 3631 3554 3685 Vita:
3575 3639 3766 3698 aperte

2181 3747 2240 3786 se
2271 3730 2592 3784 monaclmm
2626 3725 3234 3781 Altomnnasteriensem
3267 3719 3432 3774 fuisse
3482 3728 3538 3774 et
3564 3717 3768 3772 sazculo

2183 3821 2469 3876 undecimo
2515 3819 2848 3888 ingrediente
2905 3815 3070 3886 (apud
3112 3812 3478 3867 Mabillonium
3508 3819 3766 3880 typOgran

2182 3911 2414 3982 phorum
2432 3909 2565 3963 vitio
2582 3907 2839 3962 saeculum
2865 3922 2916 3959 ιχ
2936 3921 3033 3975 pro
3050 3921 3102 3958 ιι
3123 3918 3378 3959 excusant
3399 3901 3502 3970 est)
3518 3899 3766 3955 ﬂoruisse

2186 4003 2395 4066 innuat,
2414 4001 2555 4070 quod
2578 4001 2646 4054 ab
2667 4007 2828 4053 aetate
2853 3997 3070 4053 Othloni
3094 3997 3326 4050 alienum
3348 3994 3440 4047 sit.
3465 3991 3594 4045 Nam
3615 4004 3768 4046 more

2186 4108 2284 4148 suo
2315 4091 2582 4148 Othlontts
2608 4089 2875 4158 ejusmodi
2904 4088 3150 4143 Vitarum
3189 4101 3292 4140 non
3323 4085 3530 4154 primus
3553 4091 3764 4146 auctor,

2188 4184 2283 4239 sed
2313 4181 2668 4250 interpolator
2693 4180 2956 4233 duntaxat
2981 4177 3101 4240 fuit,
3130 4177 3220 4245 qui
3259 4175 3453 4245 stylum
3479 4171 3770 4226 emendas-

2190 4288 2268 4339 se,
2285 4282 2378 4327 aut
2403 4273 2583 4342 aliqua
2608 4271 2908 4341 dempsisse
2932 4269 3014 4324 vel
3039 4267 3310 4323 addidisse
3333 4271 3617 4319 contentus
3640 4259 3772 4314 reli-

2192 4383 2295 4438 qua
2313 4365 2493 4420 omnia
2515 4363 2894 4426 dissimulavit,
2927 4370 2986 4415 ttt
3012 4370 3069 4414 ιιι
3102 4374 3131 4412 a
3156 4372 3254 4411 suo
3285 4367 3526 4424 tempore
3558 4368 3621 4405 ac
3648 4351 3768 4405 loco

499 4457 681 4518 dense,
714 4453 887 4522 inquit
912 4453 1026 4521 ipse
1048 4453 1310 4508 Othlonus
1352 4453 1444 4507 lib.
1483 4453 1563 4506 De
1591 4461 1771 4506 lentat.
1799 4462 1845 4506 et
1885 4452 2088 4521 scriptis
2117 4435 2167 4493 Ῑ)
2193 4435 2559 4513 abhorrentia.
2607 4453 2816 4508 lllustre
2865 4449 3024 4516 hujus
3072 4446 3396 4516 exemplum,
3439 4459 3507 4496 ne
3557 4442 3768 4510 longius

500 4548 633 4602 suis.
681 4547 882 4602 [larum
915 4545 1084 4601 altera
1133 4547 1276 4600 edita
1305 4555 1388 4601 est
1415 4547 1555 4615 apud
1584 4545 1947 4601 Mabillonium
1972 4543 2086 4599 Sm-

503 4639 612 4694 cui.
649 4624 982 4695 Benedictiini
1026 4637 1090 4703 v,
1119 4652 1148 4690 a
1173 4651 1295 4708 pag.
1337 4638 1461 4702 8l2,
1512 4639 1630 4692 sine
1661 4638 1878 4692 Othloni
1908 4647 2087 4692 tamen

502 4728 830 4799 pmfatione,
859 4743 1021 4799 quam
1045 4727 1132 4782 hic
1152 4742 1272 4782 cum
1300 4727 1558 4781 analeotis
1589 4725 1931 4795 quibusdam,
1959 4739 2092 4794 quo-

504 4837 622 4876 rum
647 4831 836 4877 auctor
857 4837 958 4877 nos
980 4821 1132 4885 latet,
1152 4835 1218 4874 ex
1239 4819 1424 4874 codice
1437 4817 1726 4872 Mellicensi
1749 4815 2086 4872 exhibemus.

507 4911 772 4965 Przeterea
817 4911 872 4965 in
918 4909 1147 4981 gratiam
1193 4907 1680 4963 eruditissimorum
1716 4904 1936 4959 Patrum
1967 4903 2090 4956 Bol—

506 4999 878 5054 landianorum
906 5009 1156 5054 notamus
1179 4997 1422 5052 diversas
1448 4995 1690 5065 egregias
1717 5003 1774 5050 et
1805 5001 2092 5048 accuratas

507 5089 856 5146 collectiones
901 5088 1279 5145 Miraculorum
1338 5087 1393 5141 S.
1449 5084 1757 5156 Wolfgangi
1801 5092 1912 5138 tum
1959 5096 2091 5137 mss.

511 5190 624 5236 tum
683 5179 823 5253 typis
867 5180 1040 5235 editas
1091 5178 1148 5232 in
1201 5175 1528 5234 monasterio
1579 5172 1947 5229 Lnntelacensi
1998 5185 2092 5226 seu

514 5273 815 5330 Monseensi
846 5273 1052 5339 haberi,
1072 5287 1138 5328 ex
1157 5272 1354 5343 quibus
1373 5285 1436 5326 ea
1465 5275 1684 5338 przestat
1709 5281 1828 5336 quae
1857 5263 2090 5318 Pataviae

514 5367 806 5423 vernacula
827 5367 1006 5438 lingua
1037 5364 1176 5436 apud
1205 5362 1491 5434 Georgium
1514 5359 1678 5414 lloler
1696 5372 1837 5412 anno
1867 5353 2098 5412 1655m-

2192 4548 2469 4610 abcamus,
2494 4545 2649 4600 nobis
2674 4543 2910 4612 suppetit
2943 4539 3056 4595 Vita
3083 4539 3137 4594 S.
3179 4533 3486 4606 WolI‘gangi
3517 4535 3569 4588 in
3618 4531 3776 4585 Actis

2193 4635 2294 4691 SS.
2325 4635 2608 4689 Benedict.
2635 4633 2771 4687 Suec.
2805 4633 2870 4695 γ,
2898 4645 3020 4702 pag.
3044 4629 3170 4692 8H,
3199 4627 3364 4686 edita,
3392 4639 3554 4693 quam
3581 4621 3770 4691 genui-

2193 4740 2323 4780 num
2341 4724 2558 4779 Othloni
2584 4723 2749 4779 fetum
2777 4737 2895 4775 esse
2922 4736 3086 4790 supra
3108 4714 3620 4776 demonstravimus,
3645 4713 3772 4766 licet

2195 4816 2509 4870 advertente
2539 4813 2868 4875 Mabillouio,
2889 4810 3007 4878 ejns
3031 4819 3220 4862 auctor
3245 4806 3406 4859 multa
3431 4805 3496 4856 ab
3527 4820 3614 4855 ore
3633 4801 3766 4871 ejus,

2197 4907 2370 4961 sancti
2395 4905 2600 4959 scilicet
2621 4902 2945 4973 Wolfgangi,
2975 4899 3252 4967 accepisse
3275 4912 3332 4950 se
3363 4890 3770 4961 testetur,quod

2198 4997 2455 5061 Othlono,
2478 5004 2693 5050 centum
2715 4991 2830 5047 fere
2852 4991 3008 5046 annis
3030 4990 3088 5045 S.
3124 4986 3443 5056 Wolfgango
3465 4981 3767 5052 posteriori,

2197 5084 2488 5140 convenire
2519 5096 2626 5137 non
2669 5095 2827 5150 posse
2875 5078 2994 5132 viro
3023 5077 3184 5130 docto
3214 5075 3384 5127 visum
3425 5070 3543 5123 fuit.
3575 5067 3683 5124 Sed
3709 5081 3772 5120 ea

2199 5173 2399 5230 veteris
2456 5171 2695 5226 auctoris
2755 5169 2917 5222 verba
2972 5167 3192 5221 retinuit
3243 5163 3538 5222 Othlonus,
3591 5155 3774 5226 aperis

2200 5265 2519 5321 emendator
2548 5269 2754 5317 tantum
2781 5259 3242 5328 et°intcrpolator,
3282 5270 3386 5311 non
3416 5251 3625 5321 primus
3646 5263 3775 5302 con-

2200 5359 2361 5414 ditor.
