3998 5450
231 279 288 335 Ii
1240 273 1329 330 DE
1372 272 1531 329 VI'I'A
1567 272 1657 328 ET
1697 270 2004 329 SCRIPTIS
2047 272 2375 332 0THLONI.
3406 275 3477 330 Η

237 412 257 446 ι
287 388 772 464 precibusiutimis
799 396 857 444 et
881 386 1130 453 assiduis,
1173 385 1448 442 Withelmi
1493 386 1700 442 scilicet
1727 400 1795 440 ex
1822 386 1874 448 Α
1905 403 1923 436 ι
1962 396 2252 458 agerentur
2300 389 2522 446 ibidem.
2579 387 2694 459 Qua
2747 389 2814 447 de
2867 404 2926 448 re
2970 391 3038 450 ad
3084 392 3478 449 monasterium

237 505 254 538 ι
288 481 705 553 congregatione
734 489 936 542 nostra,
976 497 994 531 ι
1029 477 1206 548 inquit
1229 477 1284 531 in
1327 477 1472 533 libro
1502 477 1579 532 De
1614 485 1796 531 tentat.

231 574 500 644 stjscriptis
517 575 656 638 suis,
674 592 694 623 s
724 571 1142 640 etalterius,qui
1171 572 1238 624 ad
1267 569 1796 625 nosdiscendicausa

235 687 252 720 ι
283 683 344 721 ex
373 666 708 720 monasterio
745 664 804 719 S.
839 665 1015 735 Μειςηί
1066 664 1234 726 venit,
1281 663 1548 717 Adalham
1601 664 1799 729 dictus,

235 776 252 811 ι
283 759 480 829 quique
510 773 660 812 nunc
696 759 750 810 in
785 765 984 811 sanctis
1026 755 1171 810 Afrae
1206 755 1459 810 cmnobio
1509 755 1676 810 abbas
1720 766 1804 811 est

233 869 249 901 ι
280 848 628 903 constitutus.
663 865 683 898 ι
719 846 868 914 Opus
899 846 1073 899 adhuc
1115 845 1245 898 latet
1269 845 1492 899 alicubi.
1516 845 1652 899 Nam
1680 846 1800 900 libri

229 942 323 998 duo
341 943 406 997 de
425 939 554 995 Vita
582 940 641 995 S.
670 941 849 1010 Magni
875 950 1093 994 attczore
1115 940 1348 1008 quodam
1375 937 1802 993 Pseudo-Theo-

228 1031 349 1085 doro
376 1030 636 1093 eremita,
666 1031 734 1083 ab
761 1028 1076 1083 Ermenrico
1134 1029 1504 1096 Elewmgensi
1538 1029 1806 1082 monacho

229 1121 487 1176 emendati
518 1132 578 1175 et
611 1120 856 1175 distincti
904 1135 933 1173 a
975 1119 1233 1174 Goldasto
1275 1120 1551 1183 dicuntur,
1581 1119 1672 1188 qui
1713 1134 1806 1174 eos

229 1212 448 1280 primum
478 1211 536 1263 in
568 1210 748 1265 lucem
801 1210 1023 1279 protulit
1073 1219 1204 1264 tom.
1252 1209 1293 1276 Ι,
1326 1217 1466 1279 part.
1514 1225 1576 1272 ll,
1623 1225 1804 1264 rerum

229 1303 725 1360 Alamannicarum.
774 1304 1037 1360 Caeterum
1085 1319 1149 1359 ex
1207 1307 1374 1359 citato
1421 1304 1638 1360 Othloni
1687 1304 1806 1360 loco

228 1393 496 1469 supplendi
523 1404 656 1449 sunt
681 1395 938 1450 abbatum
969 1395 1024 1450 S.
1045 1395 1280 1451 Udalrici
1308 1404 1362 1450 et
1387 1396 1528 1450 Afra:
1551 1396 1808 1467 Augustae

231 1482 376 1539 Vind.
416 1485 678 1556 catalogi,
705 1486 759 1540 in
785 1487 980 1555 quibus
1012 1497 1127 1542 toto
1158 1487 1442 1542 undecimo
1471 1487 1666 1544 Steculo
1689 1488 1809 1543 nul-

229 1573 304 1631 lus
331 1575 603 1630 Adallmm
634 1579 896 1633 occurrit.

295 1668 376 1721 ll.
418 1668 680 1724 Omnium
707 1668 1156 1725 Othlonianorum
1197 1670 1458 1727 hactenus
1505 1671 1803 1728 recensito-

1908 498 1927 530 ι
1962 479 2265 535 Amerbacb
2286 480 2748 553 dictum‘perrexi,
2773 485 2998 554 cupiens
3020 484 3129 542 illic
3157 491 3479 555 exspectare

1907 591 1925 625 ι
1965 587 2244 642 quousque
2266 581 2447 628 certus
2476 573 2659 629 ﬁerem
2687 575 2754 630 de
2779 576 3090 630 monasterii
3119 575 3473 647 (Emmeram~

1909 681 1927 716 ι
1964 664 2174 732 mensis)
2199 664 2480 734 qualitate.
2505 663 2746 732 Cumque
2769 666 2836 719 ab
2879 662 3120 732 ejusdem
3156 664 3476 721 monasterii

1909 772 1926 806 ι
1963 754 2159 809 abbate
2186 763 2468 823 susceptus
2495 755 2641 808 omni
2668 755 3002 809 humanitate
3030 764 3086 810 et
3116 756 3318 823 pietate
3347 754 3478 811 reti-

1910 864 1927 898 ι
1963 860 2140 910 nerer,
2165 845 2307 900 etde
2329 860 2497 900 sacra:
2536 845 2832 914 Scriptura:
2879 846 3263 914 quiestionibus
3293 845 3478 902 multis

1909 955 1927 988 s
1969 935 2111 992 inter
2137 950 2234 991 nos
2260 950 2441 991 sermo
2482 935 2732 992 assiduus
2773 945 3043 1007 ageretttr,
3075 936 3479 1008 placuissetque

1911 1047 1928 1080 ι
1963 1028 2012 1083 ei
2068 1028 2368 1099 saepissime
2417 1029 2699 1099 responsio
2760 1043 2900 1094 mea,
2960 1028 3158 1082 accidit
3213 1037 3271 1083 ut
3323 1029 3478 1098 juxta

1913 1137 1931 1171 ι
1965 1118 2243 1174 Paschalia
2273 1118 2408 1174 festa
2432 1120 2656 1174 dixisset
2677 1119 2743 1174 ad
2773 1134 2856 1174 me
2887 1136 2901 1172 :
2929 1117 3136 1173 Credite
3157 1121 3307 1185 milii,
3338 1121 3482 1191 quod

1913 1230 1932 1263 ι
1967 1213 2012 1266 si
2052 1213 2191 1267 robis
2243 1213 2522 1282 praecipere
2565 1211 2766 1282 aliquid
2813 1228 3036 1282 possent,
3078 1212 3268 1282 absque
3315 1211 3477 1266 dubio

1913 1319 1932 1354 ι
1965 1292 2299 1372 pra’ciperem
2322 1313 2375 1355 ut
2399 1301 2452 1356 in
2473 1303 2571 1356 hac
2585 1303 2910 1357 solemnitate
2929 1303 3169 1371 proxima
3192 1318 3486 1358 sermonem

1913 1408 1930 1441 ι
1971 1391 2212 1459 faceretis
2251 1391 2320 1444 ad
2354 1389 2624 1461 papulum.
2665 1389 2762 1446 Cui
2809 1406 2909 1461 ego
2953 1391 3202 1462 respondi
3251 1391 3438 1447 dicens
3468 1407 3487 1446 :

1913 1499 1932 1535 t
1970 1481 2078 1536 Cur
2099 1481 2227 1537 talia
2249 1483 2422 1538 dicitis
2455 1484 2524 1537 ad
2549 1500 2650 1547 me,
2675 1485 2766 1554 qui
2799 1483 2928 1538 nihil
2949 1483 3109 1553 hujus
3136 1484 3211 1537 rei
3236 1483 3368 1548 scio,
3399 1483 3491 1554 qui

1915 1595 1932 1628 ι
1968 1593 2233 1647 nunquam
2255 1577 2498 1630 consuevi
2538 1576 2788 1646 populum
2816 1575 3012 1646 alloqui
3033 1578 3088 1630 in
3123 1576 3370 1642 publica?
3393 1573 3492 1631 Illo

1916 1685 1934 1718 ι
1973 1679 2103 1720 vero
2145 1665 2332 1719 eadem
2366 1673 2667 1736 repetente,
2711 1665 2851 1734 cmpi
2882 1680 3006 1720 mox
3061 1665 3301 1735 cogitare
3347 1664 3494 1720 intra

231 1772 340 1811 rum
364 1771 596 1826 Operam
627 1760 1139 1828 praestantissimum
1163 1771 1245 1816 est
1273 1761 1346 1814 De
1401 1760 1516 1814 Vita
1544 1761 1606 1817 S.
1637 1761 1804 1816 Boni-
1843 1737 1884 1796 Β
1919 1773 1936 1807 ‹
1975 1770 2062 1810 me
2087 1755 2274 1810 dicens
2305 1774 2317 1808 :
2345 1753 2483 1821 Quid
2534 1753 2792 1819 facerem,
2821 1754 2867 1809 si
2917 1753 3134 1822 aliquis,
3162 1755 3317 1824 cujus
3337 1754 3494 1824 jussa

232 1850 345 1918 facii
365 1852 599 1919 episcopi
633 1850 929 1920 Hoguntini
955 1863 1002 1907 et
1029 1856 1291 1923 martyris,
1321 1853 1474 1921 cujus
1496 1854 1634 1910 hanc
1653 1855 1808 1910 nobis

233 1939 504 1996 histeriam
542 1941 676 1996 texit
699 1941 750 1995 iu
783 1941 875 1996 lib.
898 1943 976 1997 De
995 1954 1119 1998 teut.
1143 1955 1190 1998 et
1219 1945 1397 2014 script.
1428 1947 1537 2000 suis
1567 1961 1587 2001 :
1622 1964 1640 1996 ι
1673 1945 1806 2000 Cum

238 2048 256 2081 ι
287 2031 448 2100 igitur
477 2034 918 2102 persecutionem
948 2049 1110 2103 quam
1145 2035 1197 2088 in
1246 2037 1579 2090 monasterio
1622 2047 1808 2092 nostro

240 2137 256 2170 ι
284 2136 472 2190 passus
517 2138 672 2178 eram
727 2122 935 2192 fugiens
986 2125 1054 2178 ad
1111 2124 1382 2180 Fuldense
1422 2127 1807 2182 monasterium

240 2229 258 2261 s
290 2213 558 2277 venirem,
588 2214 770 2283 ibique
797 2229 893 2284 per
931 2230 1104 2269 annos
1129 2226 1364 2285 quatuor
1389 2233 1512 2272 cum
1546 2218 1806 2289 tranquil-

241 2320 258 2351 s
290 2301 438 2357 litate
493 2319 690 2374 magna
737 2315 1104 2360 commoratus
1134 2307 1371 2371 viderer,
1407 2309 1645 2363 dictandi
1672 2308 1810 2363 scri-

239 2412 257 2445 ι
287 2395 559 2466 bendique
586 2396 825 2451 studium
855 2395 1202 2466 frequentare
1252 2399 1568 2467 postulabar
1613 2417 1642 2454 a
1693 2399 1809 2468 qui.

243 2501 261 2534 ι
288 2483 518 2539 busdam
551 2483 797 2552 ejusdem
829 2487 1144 2541 monasterii
1175 2480 1458 2552 fratribus,
1483 2498 1536 2542 ut
1571 2487 1629 2544 S.
1655 2489 1813 2542 Boni-

243 2590 260 2622 ι
293 2571 409 2627 facii
440 2572 643 2635 Vitam,
674 2574 877 2628 difﬁcili
931 2575 1071 2645 stylo
1097 2576 1321 2642 editam,
1352 2578 1554 2648 aliquid
1601 2577 1812 2634 facilius

242 2681 260 2711 ι
292 2661 530 2717 ederem.
575 2661 748 2729 Quam
795 2664 1112 2734 petitionem
1161 2665 1294 2720 licet.
1335 2667 1425 2721 diu
1467 2667 1810 2737 denegarem,

244 2769 261 2803 ι
295 2762 572 2823 postremo
606 2763 787 2808 tamen
834 2755 1142 2825 compulsus
1189 2757 1512 2826 importunis
1537 2757 1809 2826 precibus,

244 2863 262 2896 ι
293 2855 347 2900 ιιι
373 2847 556 2916 potui,
585 2847 731 2916 quod
770 2848 972 2918 petitus
1017 2864 1168 2904 eram
1199 2850 1436 2920 implevi.
1483 2851 1655 2908 Causa
1683 2867 1812 2923 ergo

245 2953 272 2984 tt
297 2936 396 2997 tali.
434 2936 636 2992 librum
689 2938 861 2993 sancti
911 2938 1171 2994 Bonifacii
1212 2951 1495 3011 promptus
1533 2943 1747 3013 scripsi.
1787 2965 1806 2996 ι

239 3025 375 3096 Opus
402 3029 532 3095 hoc,
570 3029 627 3084 in
651 3029 786 3084 duos
811 3028 1020 3085 libellos
1045 3031 1113 3084 ab
1142 3031 1258 3102 ipso
1287 3031 1520 3088 Otblono
1558 3033 1809 3098 divisum,

242 3089 367 3185 quos
387 3089 627 3188 junctim
659 3120 850 3173 librum
881 3120 972 3175 hic
1001 3089 1178 3186 vocat:
1205 3123 1272 3177 ab
1296 3122 1529 3179 Henrico
1571 3089 1812 3186 Canisio;
1841 3089 1886 3151 Ο

241 3206 512 3272 ϐωιδετο.
567 3208 959 3274 Bollandianis,
1004 3219 1059 3265 et
1106 3220 1382 3281 postremo
1431 3228 1461 3266 a
1507 3211 1816 3268 Mahillonio

241 3298 436 3353 editum
467 3301 625 3354 estin
652 3301 805 3355 Actis
826 3300 926 3356 SS.
951 3317 1034 3357 or.
1067 3301 1126 3356 S.
1160 3302 1360 3358 Bened.
1382 3302 1522 3358 Szec.
1551 3304 1638 3368 lli,
1665 3313 1816 3375 parte

243 3402 297 3452 η,
326 3404 354 3441 a
389 3404 518 3460 pag.
547 3389 640 3453 28,
673 3388 827 3458 cujus
854 3390 936 3446 vel
967 3391 1078 3445 sola
1115 3392 1382 3462 praefatio,
1415 3394 1459 3448 si
1485 3409 1608 3448 cum
1633 3395 1816 3450 hacte-

243 3491 338 3533 nus
365 3479 434 3533 de
468 3477 702 3534 Otblono
741 3478 925 3534 relatis
969 3479 1302 3546 conferatur,
1325 3481 1729 3538 evidentissime
1752 3498 1817 3539 ac

242 3564 552 3632 planissime
575 3567 914 3622 demonstrat
944 3567 1073 3622 illud
1105 3568 1304 3623 nullius
1353 3569 1577 3624 alterius
1601 3569 1814 3626 Othloni

243 3670 357 3710 esse
388 3671 552 3726 posse
575 3672 738 3725 quam
791 3657 1319 3722 Emmerammensis,
1351 3660 1532 3715 Fuldze
1562 3662 1814 3734 hospitis,

244 3757 293 3802 et
333 3747 396 3804 S.
427 3748 721 3815 Bonifacii,
769 3749 1115 3805 Fuldensium
1165 3753 1400 3822 patroni,
1434 3753 1817 3824 aiiquotannis

245 3836 463 3891 alumni.

309 3927 397 3982 l5.
436 3926 722 3983 Browerus
749 3928 800 3983 in
824 3928 1094 3986 Sideribus
1120 3931 1406 3986 illustrium
1445 3941 1492 3986 et
1513 3943 1814 3990 sanctorum

244 4016 494 4084 virorum,
521 4017 611 4088 qui
641 4015 999 4086 Germaniam,
1037 4023 1329 4092 praesertim
1373 4040 1643 4094 magnam,
1691 4027 1814 4082 olim

247 4107 388 4160 rebus
433 4107 590 4176 gestis
638 4119 916 4182 ornarunt,
974 4112 1138 4165 etiam
1206 4109 1376 4165 Vitam
1424 4111 1485 4168 S.
1551 4113 1815 4184 Pyrminii

244 4197 593 4268 chorepiscopi
642 4199 956 4268 publicavit,
1003 4201 1224 4271 praefixo
1279 4201 1495 4258 Othloni
1533 4207 1817 4262 cmuobitze

247 4283 523 4342 Fuldensis
543 4288 783 4343 nomine.
800 4290 996 4344 Verum
1015 4307 1136 4344 eam
1154 4291 1579 4348 lucubrationem
1595 4294 1811 4351 Othloni

242 4383 353 4428 esse
379 4392 484 4428 tum
510 4392 688 4444 posse,
716 4377 809 4432 sed
835 4377 1150 4432 Warmanni
1171 4395 1239 4433 ex
1263 4382 1528 4436 monacho
1549 4383 1810 4453 Augiensi

244 4467 473 4533 episcopi
497 4464 958 4530 Constantiensis,
975 4466 1088 4534 jam
1118 4469 1329 4524 erudite
1351 4486 1415 4525 ac
1439 4471 1606 4527 solide
1626 4483 1810 4530 osten-

245 4554 314 4607 dit
343 4555 687 4612 Mabillonius
704 4557 843 4612 Saac.
881 4559 1080 4613 Bened.
1113 4557 1202 4623 lll,
1227 4570 1367 4628 part.
1393 4576 1454 4625 ll,
1482 4577 1511 4615 a
1537 4577 1659 4633 pag.
1689 4564 1814 4619 156.

249 4643 305 4696 Ει
343 4660 472 4700 vero
502 4649 625 4716 quis
671 4647 856 4700 credat
901 4647 1078 4716 ipsum
1126 4647 1416 4704 Othlonum
1466 4651 1518 4704 in
1565 4652 1700 4708 libro
1737 4654 1816 4708 De

248 4741 416 4788 leutat.
479 4746 529 4789 et
581 4737 768 4805 script.
828 4738 969 4800 suis,
1024 4736 1116 4791 ubi
1176 4739 1536 4793 minutissima
1591 4745 1817 4814 quaeque

248 4823 487 4891 Opuscula
511 4825 882 4896 persequitur,
908 4825 1086 4880 Vitam
1114 4825 1170 4881 S.
1193 4826 1437 4882 Pirminii
1461 4829 1629 4884 solam
1651 4832 1816 4888 silen-

252 4911 316 4965 tio
335 4919 829 4983 prastermismrum
856 4917 1044 4984 fuisse,
1073 4919 1117 4973 si
1147 4934 1204 4974 re
1238 4935 1365 4976 vera
1395 4921 1523 4992 quid
1550 4924 1817 4993 ejusmodi

250 5006 367 5059 olim
389 5007 756 5063 condidisset?
786 5007 954 5076 Igitur
981 5019 1076 5064 aut
1094 5010 1430 5080 conjectura,
1472 5021 1565 5068 aut
1586 5015 1816 5084 pseudo-

251 5096 554 5166 epigraplms
580 5098 762 5153 codex
789 5095 1047 5152 Browero
1074 5099 1346 5171 imposuit.

315 5184 392 5240 16.
423 5186 646 5244 Certum
670 5195 858 5240 autem
890 5187 1033 5242 aliud
1077 5199 1160 5244 est
1179 5189 1497 5260 opusculum
1546 5189 1764 5246 Othloni
1795 5209 1809 5245 :

256 5273 501 5340 Quomodo
522 5278 816 5350 legendum
830 5275 898 5329 sit
913 5277 967 5331 in
982 5278 1128 5334 rebus
1152 5283 1458 5345 visibilibus,
1472 5283 1612 5349 quod
1631 5291 1811 5336 tamen

253 5379 281 5418 a
302 5369 442 5422 nobis
467 5371 748 5424 hactenus
777 5365 963 5421 uullibi
993 5379 1262 5438 repertum
1298 5382 1403 5428 est.
1441 5371 1496 5424 ld
1526 5371 1609 5426 his
1634 5371 1818 5427 verbis

1917 1864 1935 1898 α
1974 1848 2273 1918 transgredi
2296 1863 2400 1901 non
2425 1861 2829 1916 prmsumerem,
2851 1846 2973 1900 talia
2992 1846 3121 1901 mihi
3139 1845 3494 1916 praeciperet?

1916 1957 1933 1990 α
1975 1937 2128 1994 Unde
2144 1936 2453 2006 hujusmodi
2471 1953 2606 2007 opus
2621 1939 3005 1991 assumendum
3023 1945 3105 1991 est
3129 1936 3256 1991 mihi
3276 1945 3492 2005 sponte.

1916 2050 1934 2084 ι
1973 2030 2289 2101 priusquam
2319 2031 2388 2086 ab
2439 2030 2620 2100 aliquo
2668 2029 2962 2100 compellar
3018 2039 3260 2100 potente,
3313 2038 3372 2084 ut
3413 2028 3496 2084 sic

1919 2141 1936 2175 ι
1975 2121 2198 2193 probem
2225 2122 2354 2192 quid
2399 2122 2646 2177 facturus
2687 2136 2885 2176 essem.
2937 2121 3315 2190 Continuoque
3354 2119 3495 2192 stylo

1919 2229 1937 2262 ι
1974 2219 2218 2278 accepto,
2238 2211 2480 2266 scribere
2495 2213 2632 2282 (ταξιιὶ
2650 2212 2703 2265 in
2729 2212 2944 2266 modum
2963 2211 3256 2276 sermonis,
3273 2225 3496 2266 sumens

1919 2321 1938 2356 ι
1976 2303 2257 2357 exordium
2288 2304 2354 2357 de
2393 2303 2694 2357 Psaltnislte
2724 2303 2883 2358 dictis
2911 2322 2925 2357 :
2954 2303 3207 2357 Dominus
3256 2304 3321 2358 de
3367 2303 3496 2358 calo

1919 2414 1938 2446 ι
1974 2396 2220 2466 prospicit
2243 2411 2398 2465 super
2419 2394 2560 2463 ﬁlios
2582 2395 2874 2448 hominum.
2897 2394 3025 2460 Qum
3049 2394 3306 2448 nimirum
3329 2393 3492 2456 dicta,

1919 2506 1937 2538 s
1979 2494 2239 2556 quantum
2288 2487 2455 2555 potui,
2499 2485 2917 2540 similitudinum
2946 2485 3284 2555 argumentis
3336 2485 3496 2540 robo-

1921 2593 1939 2627 (
1979 2576 2114 2641 ravi,
2145 2575 2373 2630 credens
2398 2591 2496 2644 per
2520 2576 2637 2630 hate
2661 2575 2872 2646 aliquos
2897 2573 3176 2629 aediﬁcari.
3201 2573 3297 2629 Cui
3331 2575 3488 2631 vide-

1921 2683 1939 2716 ι
1976 2665 2101 2721 licet
2122 2667 2271 2735 operi
2298 2666 2509 2719 titulum
2539 2666 2800 2736 imposui:
2828 2666 3102 2731 Quomodo
3129 2666 3403 2737 legendum
3424 2669 3494 2724 sit

1921 2775 1939 2808 t
1978 2758 2032 2810 in
2059 2756 2207 2809 rebus
2223 2755 2678 2811 visibilibus.'Ctttu
2704 2765 2882 2810 autem
2902 2755 2955 2809 in
2977 2755 3166 2812 eodem
3183 2757 3304 2812 loco
3321 2773 3491 2813 unum

1921 2869 1938 2900 s
1976 2862 2113 2918 pene
2161 2863 2359 2902 annum
2415 2862 2713 2910 manerem,
2740 2857 3004 2902 venerunt
3052 2849 3225 2904 nuntii
3269 2865 3333 2905 ex
3375 2864 3497 2903 mo-
3553 2878 3575 2898 .

1922 2955 1941 2988 ι
1980 2937 2217 2992 nasterio
2234 2947 2420 2992 nostro
2436 2937 2608 3001 missi,
2624 2954 2746 2992 cum
2761 2938 2955 3007 quibus
2970 2940 3164 2996 exinde
3176 2942 3240 2996 ad
3255 2942 3494 3012 patriam

1924 3046 1941 3078 ι
1980 3043 2226 3082 reversus
2259 3043 2402 3093 sum,
2433 3048 2452 3080 ι
2481 3037 2583 3083 etc.
2633 3029 2708 3083 Ex
2762 3029 2924 3085 dietis
2964 3028 3178 3086 Othloni
3231 3033 3496 3088 habemus

1916 3118 2234 3188 opusculum
2263 3119 2366 3174 hoc
2390 3119 2444 3172 in
2459 3118 2671 3172 modum
2692 3120 2947 3173 sermonis
2962 3130 3275 3176 contextum
3301 3121 3492 3179 fuisse.

1915 3209 2077 3266 Forte
2109 3210 2159 3265 id
2193 3209 2369 3264 adhuc
2397 3209 2448 3263 in
2498 3208 2837 3265 Franconico
2867 3211 3200 3266 monasterio
3230 3211 3500 3266 Amorba-

1915 3302 2089 3367 censi,
2122 3302 2279 3373 cujus
2325 3300 2652 3357 bibliotheca
2679 3302 2896 3376 egregia
2944 3316 3064 3360 esse
3097 3301 3291 3366 fertur,
3320 3302 3496 3358 adhuc

1917 3408 2133 3449 asserva
2141 3402 2192 3448 ll]
2201 3408 2245 3446 l'.

1989 3486 2074 3539 17.
2117 3484 2194 3539 Ex
2227 3485 2387 3539 toties
2412 3485 2578 3540 citato
2604 3485 2742 3540 libro
2778 3485 2851 3540 De
2873 3494 3053 3539 leniat.
3084 3495 3133 3540 et
3155 3487 3333 3554 script.
3359 3487 3494 3549 suis,

1914 3576 2120 3646 pariter
2149 3583 2294 3644 patet
2322 3574 2613 3632 Othlonum
2659 3576 2820 3630 etiam
2869 3575 3150 3643 scripsisse
3197 3574 3390 3628 librum
3420 3572 3496 3630 De

1915 3665 2238 3735 confessione
2263 3675 2472 3718 actuum
2516 3680 2753 3717 suorum.
2788 3682 2814 3716 ι
2841 3664 2911 3718 At
2937 3664 2979 3718 si
3013 3679 3142 3732 qua,
3174 3663 3369 3732 inquit,
3403 3664 3496 3718 in-

1922 3774 1940 3809 t
1980 3754 2208 3809 firmitas
2243 3753 2327 3807 vel
2354 3753 2637 3808 subitanea
2666 3768 2813 3807 mors
2837 3767 2924 3808 me
2950 3753 3002 3806 in
3032 3753 3292 3807 extremis
3317 3752 3495 3822 impe-

1922 3864 1942 3898 ‹
1977 3846 2118 3900 diret
2141 3861 2171 3898 a
2199 3844 2380 3899 debita
2409 3844 2770 3909 confessione,
2794 3843 2983 3898 saltem
3008 3858 3105 3912 per
3126 3842 3325 3913 scripta
3349 3851 3500 3911 pate-

1922 3953 1941 3988 ς
1980 3936 2239 4004 facerem,
2280 3934 2404 4006 quis
2429 3949 2496 3989 ex
2537 3935 2875 4003 memetipso,
2909 3933 3031 4003 quis
3075 3947 3138 3987 ex
3189 3932 3283 3987 Dei
3321 3933 3496 4003 gratia

1922 4048 1940 4081 ι
1977 4042 2173 4082 essem.
2217 4046 2238 4078 ι
2269 4027 2421 4082 l-lunc
2477 4025 2676 4082 librum
2726 4027 2965 4080 nondum
3016 4025 3336 4096 reperimus,
3388 4026 3497 4083 nisi

1916 4118 2055 4174 forte
2078 4118 2124 4172 is
2147 4117 2260 4187 ipse
2288 4118 2358 4171 sit
2387 4131 2546 4186 quem
2572 4116 2647 4170 De
2677 4117 3050 4170 tentatiom’bus
3080 4125 3130 4170 et
3153 4117 3358 4186 scriptis
3383 4116 3494 4174 suis

1917 4208 2283 4278 conscriptum
2311 4206 2650 4261 Mabillouius
2675 4207 2864 4260 edidit.

1987 4299 2073 4354 l8.
2109 4299 2165 4352 1n
2201 4299 2329 4354 torni
2383 4298 2552 4352 nostri
2584 4297 2601 4350 l
2630 4305 2784 4366 parte
2826 4295 3267 4367 tpublicavimus
3294 4285 3500 4354 oratio?

1919 4409 2032 4445 nem
2060 4407 2154 4446 seu
2187 4391 2557 4462 precationem
2607 4388 2848 4453 Othloni,
2897 4388 3154 4444 idiomate
3197 4388 3392 4444 Latino
3437 4397 3498 4446 et

1919 4481 2218 4537 Theodisco
2239 4481 2520 4549 scriptam,
2547 4495 2667 4552 quae
2694 4480 2812 4535 sine
2834 4480 2998 4535 dubio
3021 4479 3124 4535 illa:
3149 4481 3269 4536 dua:
3290 4481 3496 4536 oratio-

1920 4589 2007 4625 nes
2034 4580 2162 4625 suut
2185 4571 2251 4626 de
2279 4570 2476 4641 quibus
2503 4571 2556 4627 in
2592 4571 2730 4627 libro
2759 4570 2834 4626 De
2864 4580 3048 4627 tental.
3074 4581 3121 4628 et
3150 4573 3356 4642 scriptis
3383 4574 3497 4628 suis

1922 4661 1992 4715 ita
2015 4662 2252 4731 loquitur
2280 4680 2294 4717 :
2332 4681 2350 4714 ι
2388 4663 2580 4721 Adhuc
2608 4661 2854 4734 proferre
2873 4663 3006 4720 libet
3027 4664 3256 4719 duarum
3276 4665 3488 4732 oratio-

1925 4769 1943 4802 s
1981 4768 2110 4806 num
2137 4753 2319 4808 verba.
2349 4753 2651 4812 Attendeus
2680 4753 2824 4808 enim
2851 4757 3049 4828 sapius
3080 4757 3208 4828 quia
3236 4757 3500 4826 plurimos

1925 4859 1944 4893 ι
1979 4842 2241 4911 exemplis
2266 4842 2449 4913 pravis
2476 4843 2694 4906 seduxi,
2721 4842 2847 4897 talia
2879 4846 3144 4902 orationis
3163 4845 3326 4899 verba
3357 4843 3500 4900 scri-

1924 4949 1942 4982 ‹
1978 4932 2109 4987 bere
2159 4934 2364 4997 studui,
2397 4933 2452 4989 iu
2496 4937 2697 5008 quibus
2735 4938 3110 5009 unusquisque
3161 4935 3293 4989 satis
3319 4932 3503 4990 doceri

1925 5037 1943 5069 s
1979 5028 2155 5088 potest
2181 5023 2454 5091 quomodo
2481 5043 2584 5098 pro
2635 5039 2696 5079 se
2721 5032 2778 5077 et
2797 5038 2905 5092 pro
2954 5027 3072 5082 aliis
3105 5036 3266 5078 orare
3291 5021 3505 5077 debeat.

1924 5123 1942 5157 ε
1981 5108 2111 5174 Qum
2140 5111 2350 5166 scilicet
2374 5119 2664 5174 orationes
2711 5127 2837 5168 cum
2868 5133 2901 5172 a
2928 5112 3246 5188 quibusdam
3270 5108 3382 5175 iam
3412 5111 3512 5162 lla-

1925 5213 1942 5248 t
1975 5197 2224 5275 beantur,
2267 5199 2322 5254 in
2371 5202 2479 5261 hoc
2521 5201 2794 5280 opusculo
2843 5205 3154 5263 describere
3194 5195 3361 5249 uolui.
3420 5195 3514 5251 Ha:

1927 5306 1944 5338 ι
1979 5300 2158 5343 autem
2183 5291 2481 5362 orationes,
2501 5301 2726 5364 aliaque
2747 5298 3005 5361 superius
3027 5293 3092 5348 de
3115 5283 3348 5342 dictandi
3371 5286 3515 5341 dono

1928 5395 1945 5428 ι
1984 5380 2223 5448 prolata,
2249 5391 2403 5438 tanto
2432 5393 2614 5450 magis
2643 5383 2837 5450 pietati
2873 5387 3069 5442 divinae
3107 5384 3355 5432 constant
3378 5377 3514 5434 refe.
