3998 5450
525 178 596 237 ιδ
1438 185 1811 247 erumnas
1850 192 2071 252 nos“

2165 197 2229 255 iS
2254 199 2323 253 S.
2348 201 2817 263 EMMEKAM!1..‘
3664 227 3740 282 24

524 289 1022 359 Eunnerammensi,
1047 295 1131 351 cui
1153 295 1482 354 simillimum
1497 302 1656 357 etiam
1674 303 1727 358 in
1752 305 2076 367 bibliotheca
2104 312 2153 374 Α
2182 310 2369 367 Nullus
2422 315 2584 385 igitur
2627 318 2762 376 alius
2792 322 2977 380 titulus

521 379 909 455 Tegernseensi
934 387 1331 454 conspeximus.
1658 458 1661 459 ν

591 468 677 526 l9.
716 470 792 527 De
815 473 952 529 libro
977 473 1189 531 Otldoni
1211 476 1282 545 De
1302 482 1691 554 tentatianibus,
1707 488 1849 543 varia
1867 488 2079 559 fortuna

519 567 567 613 et
594 561 800 632 scriptis
825 563 933 618 suis
959 565 1090 621 satis
1117 565 1377 624 hactenus
1401 574 1823 641 pnedicavimus.

591 648 682 703 20.
712 648 1062 709 Promisimus
1083 670 1242 726 supra
1264 657 1329 710 ad
1351 670 1602 729 quartum
1618 663 1833 722 Otbloni
1853 682 2078 740 opuscu-
2111 654 2119 663 ’

519 735 627 791 lum
652 753 752 794 nos
775 741 861 795 hic
888 742 954 797 de
976 746 1155 814 magni
1204 751 1459 804 momenti
1487 752 1779 823 fragmento
1810 735 2075 815 relationis

515 827 579 879 de
604 828 948 885 translatione
967 834 1200 902 corporis
1226 835 1281 891 S.
1316 837 1557 910 Dionysii
1579 842 1636 898 in
1656 842 1987 903 Germaniam
2006 851 2075 904 ad

518 919 888 974 monasterium
918 919 976 975 S.
1017 921 1389 981 Emmerammi
1422 940 1649 987 acturos.
1675 933 1938 1001 Quocirca
1967 940 2076 1008 pri-

514 1026 660 1067 mum
688 1014 927 1070 omnium
954 1016 1076 1073 vide
1110 1020 1350 1079 notulam
1391 1034 1632 1082 nostram
1678 1029 1747 1083 ad
1790 1045 1908 1085 eam
1949 1032 2077 1089 lacié

512 1102 682 1167 niam,
706 1103 847 1158 unde
874 1114 1093 1161 constat
1117 1108 1316 1164 dictum
1338 1111 1697 1184 fragmentum
1730 1127 1820 1172 aut
1845 1119 2076 1178 Othlono

511 1191 678 1248 multo
726 1193 1038 1264 antiquius,
1087 1208 1180 1253 aut
1237 1200 1426 1258 saltem
1484 1206 1786 1264 certissime
1842 1209 2074 1271 Otblono

510 1295 751 1337 coaevum
791 1283 876 1339 vel
920 1285 1088 1357 ipsius
1122 1290 1342 1346 omnino
1383 1291 1600 1350 Otltloni
1645 1313 1783 1363 esse,
1834 1299 1886 1356 id
1928 1303 2073 1372 quod

510 1371 639 1440 quid
662 1371 717 1427 in
749 1373 947 1430 celebri
977 1375 1066 1432 illa
1089 1376 1153 1434 de
1178 1381 1534 1440 translatione
1582 1388 1825 1457 corporis
1861 1389 1919 1444 8.
1948 1371 2075 1446 Dio-

508 1461 651 1532 nysii
674 1462 741 1518 ad
772 1467 1161 1526 monasterium
1191 1471 1683 1531 Emmerammense
1705 1480 2070 1537 controversia

506 1555 766 1609 momenti
799 1555 1009 1625 all‘erat,
1041 1574 1200 1617 nemo
1230 1562 1467 1631 ignorat,
1487 1566 1578 1635 qui
1603 1569 1929 1640 praecipuum
1953 1571 2068 1627 Ma-
2122 1574 2125 1577 ’

3024 329 3337 387 nominatim
3389 331 3446 390 S.
3499 334 3765 413 Dionysii,

2181 403 2969 477 tneritaimjﬂorandiOIhlono
3019 428 3164 488 erat,
3210 437 3369 494 quinm
3418 427 3570 484 ﬁrma
3617 403 3743 502 πίεται

2178 497 2361 561 suasio
2404 499 2473 559 de
2520 500 2759 570 ejusdem
2801 510 3041 578 corporis
3067 512 3136 566 ein
3174 519 3502 573 monasterio
3526 497 3744 578 Emme-3

2180 589 2474 645 rammensi
2535 594 2841 661 praesentia.
2894 597 3056 655 tidem
3122 608 3550 672 speetat'oodex
3603 608 3745 665 alius
3792 620 3797 621 '

2177 676 2557 736 membraneus
2602 682 2656 737 in
2697 682 2789 740 fol.
2827 685 3165 746 bibliothecas
3209 693 3742 768 Emmerammcnsis,

2178 765 2270 833 qui
2311 781 2475 857 opera
2516 769 2573 824 S.
2599 769 2851 843 Dionysio
2875 776 3033 848 vulgo
3080 781 3331 838 attributa
3380 765 3745 857 complectens

2177 869 2337 910 manu
2367 855 2582 915 Othloni
2614 872 2868 919 exaratus
2894 875 2996 934 est,
3028 878 3085 924 ut
3111 872 3341 940 probant
3372 855 3744 946 sequentesin

2178 946 2295 1019 ﬁne,
2311 951 2590 1006 versiculi:

2296 1048 2367 1123 lin
2384 1063 2495 1123 ego.
2512 1053 2729 1123 tantillus
2751 1055 2926 1123 thlob
2950 1060 3095 1123 vulgo
3116 1057 3370 1115 vocitata;-
3434 1102 3441 1105 μ
3504 1096 3507 1097 ν

2297 1112 2524 1193 gnat-uvis
2552 1116 2823 1193 omnigenis
2845 1112 3105 1193 corruptus,
3118 1112 3213 1173 sim
3229 1112 3518 1193 finiat—ieiunis,

2296 1168 2394 1254 gat;
2403 1168 2848 1254 Βριξξιῇἱξξιεᾶρρρε
2862 1168 3212 1254 εογὶᾲῖεξιᾶὸξῦῖι
3219 1168 3636 1254 induimus

2300 1231 2477 1299 Sancte
2501 1234 2680 1299 Dionisi
2709 1231 2887 1297 martyr
2907 1231 3450 1299 celeberrime-(ibris'ti.

2300 1290 2565 1371 Rede
2584 1310 2748 1371 quies?
2775 1290 3003 1371 precibus
3018 1290 3529 1371 _sié‘rz’s]ile‘ni&'r'2;to.
3702 1368 3705 1371 ,

2296 1351 2392 1402 Vos
2408 1351 2699 1417 quoque'qui
2719 1351 2899 1423 legitis,
2914 1351 3242 1416 ἢθελεναῶὦίἧῖ
3260 1351 3618 1431 ᾖόέέοᾝὲῖξιίε.

2177 1435 2277 1492 Ubi
2304 1438 2452 1495 vides
2479 1440 2794 1513 Dionysium
2824 1447 3208 1506 celeberrimum
3235 1466 3512 1525 martyrem
3542 1458 3644 1514 dici
3670 1459 3741 1517 ab
3815 1516 3829 1523 ,

2175 1529 2428 1598 Οιιιιοηο,
2458 1535 2599 1602 quod
2640 1535 2708 1590 de
2747 1538 2863 1607 ejus
2894 1544 3139 1612 corporis
3180 1548 3515 1615 possessione
3550 1567 3613 1606 ac
3655 1567 3742 1605 re-

510 1639 719 1696 billonii
742 1623 1145 1716 argumentum,
1168 1664 1198 1703 a
1225 1623 1726 1726 silentio'Arnu'pbi
1754 1623 1849 1713 seu
1878 1623 2073 1717 Ᾰιτηοι-
2103 1645 2149 1707 Β
2175 1629 2483 1726 θωηδηῖηφ
2511 1623 2855 1726 Ξηῒθῃίξθηθβ
3065 1633 3208 1726 σίτῳ
3248 1633 3383 1690 106³
3432 1638 3735 1708 contigui“

504 1728 597 1800 phi
652 1732 866 1791 comitis
916 1735 971 1791 in
1028 1736 1239 1809 dialogo
1292 1741 1368 1795 De
1414 1743 1692 1801 miraculis
1744 1746 1802 1801 8.
1857 1749 2072 1806 Emme-

506 1824 720 1889 rammi,
743 1835 874 1894 ete.,
903 1827 1128 1897 petitum
1151 1840 1299 1887 recte
1321 1847 1555 1902 unquam
1577 1837 1849 1906 espeudit.
1877 1837 2071 1895 Verum

504 1911 558 1966 id
609 1924 986 1984 argumentum
1039 1918 1145 1974 hoc
1183 1918 1485 1993 fragmento
1539 1925 1762 1981 nimium
1811 1940 2070 1999 quantum

502 2002 831 2059 inﬁrmatur.
861 2005 996 2062 Cum
1027 2008 1169 2064 enim
1203 2012 1316 2083 ipse
1338 2012 1674 2072 Mabillonius
1699 2026 1825 2072 tom.
1844 2018 1907 2074 ιν
1934 2019 2072 2076 Ana-

500 2092 652 2161 lect.,
680 2110 802 2169 pag.
833 2096 960 2163 403,
989 2098 1248 2169 fateatur,
1277 2102 1568 2161 Otblonum
1588 2107 1862 2178 Arnolpho
1890 2126 2071 2180 mqua-

500 2184 607 2241 lem
638 2187 937 2256 exstitisse,
979 2191 1109 2260 quid
1172 2194 1445 2250 traditioni
1491 2197 2068 2257 Emmerammensium

499 2278 643 2333 obsit
661 2278 937 2336 silentium
960 2280 1165 2337 Arnolﬁ
1189 2285 1254 2339 de
1274 2288 1563 2356 praesentia
1588 2292 1832 2360 corporis
1858 2292 1915 2347 8.
1938 2292 2067 2349 Dio-

502 2370 669 2440 uysii,
696 2386 857 2442 quam
918 2373 1196 2447 Arnolpbo
1243 2379 1603 2449 synchronus,
1653 2382 1959 2454 pietateque
2005 2401 2069 2442 ac

500 2460 740 2516 doctrina
780 2461 826 2518 si
875 2478 983 2519 non
1034 2466 1222 2534 major,
1274 2478 1422 2522 certe
1475 2484 1573 2539 par
1621 2469 1887 2526 ΟιΙιΙοηυε
1933 2474 2067 2529 adeo

500 2562 688 2622 aperte
737 2555 1029 2631 praedicat?
1072 2557 1139 2611 Et
1185 2558 1428 2626 profecto
1480 2558 1734 2627 Otldono,
1782 2560 1979 2633 Corpus
2005 2563 2063 2619 S.

498 2642 740 2714 Dionysii
771 2644 825 2699 in
853 2660 951 2700 suo
981 2648 1310 2704 monasterio
1358 2648 1842 2719 Emmerammensi
1875 2654 2067 2711 adesse

496 2749 755 2805 prtesens,
785 2737 1254 2807 persuasissimum
1305 2739 1491 2807 fuisse,
1516 2757 1581 2795 ex
1611 2742 1973 2800 monumentis
2000 2746 2066 2800 ab

398 2820 421 2841 ⁹
494 2841 564 2881 eo
588 2826 789 2883 relictis
815 2828 962 2883 nullo
981 2830 1198 2900 negotio
1226 2830 1416 2885 conﬁci
1440 2840 1633 2900 potest.
1659 2832 1715 2886 ln
1743 2831 2065 2904 Parapbrasi

495 2918 690 2977 Latina
715 2919 977 2994 orationis
1005 2920 1319 2978 Thcodisca:
1346 2934 1495 2994 rogat
1523 2923 1688 2980 Deum
1716 2933 1774 2979 ut
1803 2926 1903 2981 sibi
1937 2941 2062 2983 soc-

496 3019 688 3066 cnrrat
705 3026 799 3082 per
819 2993 924 3067 SS.
954 3023 1243 3083 martyrum
1294 2989 1544 3085 Stephani
1586 3026 1739 3087 atque
1768 3015 2062 3088 Laurentii,
2091 2989 2136 3051 C

510 3103 615 3158 Viti
632 3114 680 3159 et
705 3104 1001 3171 Pancratii,
1033 3103 1241 3175 Georgii
1266 3117 1313 3161 et
1347 3106 1742 3173 Emmerammi,
1784 3109 1994 3176 Quirini
2017 3122 2066 3167 et

497 3195 721 3264 Gaetuli,
761 3197 1061 3253 Sebastiani
1103 3208 1151 3254 et
1194 3198 1464 3266 Vincentii,
1507 3217 1599 3255 nec
1644 3217 1748 3256 non
1782 3219 1874 3271 per
1909 3202 2066 3257 Mau-

496 3289 675 3345 ritiiet
703 3290 959 3353 Dtouvsu,
992 3300 1124 3358 etc.,
1171 3293 1389 3357 merita;
1430 3293 1520 3347 ubi
1563 3291 1711 3347 nullo
1757 3293 1862 3347 alio
1909 3293 2066 3349 titulo

498 3378 809 3449 Dionysium
830 3381 1076 3436 nominat
1097 3396 1258 3461 quam
1282 3382 1423 3451 quod
1446 3379 1563 3450 ejus
1580 3396 1774 3451 corpus
1798 3381 1852 3436 in
1882 3382 2066 3439 Eccle-

492 3471 576 3526 sia
622 3470 1104 3529 Emmerammensi
1153 3473 1420 3529 asservari
1452 3473 1674 3527 minime
1715 3489 1835 3528 cum
1867 3474 2066 3529 sodali-

492 3558 594 3617 bus
621 3562 735 3619 suis
760 3563 987 3620 dubitet.
1012 3563 1123 3621 Nec
1149 3565 1341 3634 opponi
1371 3572 1551 3635 potest
1589 3566 1842 3633 consequi
1874 3580 1937 3618 ex
1983 3567 2063 3621 in-

491 3654 775 3710 vocatione
818 3654 1076 3720 Othloni,
1132 3656 1297 3710 etiam
1345 3669 1569 3724 corpora
1623 3653 1722 3709 SS.
1779 3653 2062 3724 Stephani,

496 3742 793 3808 Laurentii,
831 3741 961 3807 Viti,
987 3751 1116 3807 etc.,
1151 3743 1205 3797 in
1235 3743 1562 3797 monasterio
1589 3741 1647 3797 S.
1678 3742 2062 3797 Emmerammi

495 3832 813 3903 quiescere,
864 3836 1005 3904 quod
1051 3841 1199 3889 certo
1245 3832 1434 3888 falsum
1482 3834 1570 3889 sit.
1620 3833 1752 3887 Nam
1796 3833 1937 3888 ratio
1965 3848 2064 3889 cur

493 3924 630 3982 alios
657 3934 875 3983 sanctos
917 3925 1250 3981 invocaverit
1282 3925 1564 3990 Othlonus,
1595 3925 1750 3981 facile
1779 3926 1878 3981 ista
1909 3925 2060 3980 reddi

492 4022 673 4085 potest
696 4015 840 4086 quod
868 4015 921 4070 in
958 4014 1024 4071 iis
1052 4015 1184 4071 locis
1208 4015 1262 4071 in
1292 4015 1487 4086 quibus
1512 4013 1720 4069 illorum
1749 4023 2059 4069 sanctorum

492 4112 587 4162 aut
620 4105 848 4163 celebris
875 4107 1154 4163 veneratio
1182 4115 1274 4161 aut
1294 4104 1535 4176 reliquiae
1563 4105 1784 4170 fuerint,
1817 4104 2060 4173 aliquan-

491 4193 587 4249 diu
609 4193 774 4249 vitam
821 4195 1083 4266 exegerit,
1131 4203 1293 4264 atque
1339 4196 1472 4250 adeo
1498 4208 1702 4271 eorum_
1722 4192 1824 4248 sibi
1855 4192 2055 4248 cultum

496 4282 814 4340 familiarem
862 4283 1075 4351 fecerit,
1101 4286 1243 4357 quod
1272 4300 1341 4342 ex
1378 4283 1516 4339 libro
1553 4282 1669 4353 ejus
1694 4280 1771 4337 Dc
1808 4281 2056 4338 tentatio-

494 4373 653 4438 uibus
694 4375 806 4431 suis
836 4376 1206 4432 conﬁrmatur.
1250 4376 1448 4432 Verum
1488 4375 1591 4430 hoc
1618 4373 1686 4430 de
1722 4373 1780 4428 S.
1807 4372 2058 4444 Dionysio

2172 1713 2348 1788 omnis
2385 1713 2488 1768 late
2511 1713 2754 1785 Bajoaria
2783 1718 3123 1789 gloriaretur.
3164 1723 3273 1779 Nec
3302 1727 3516 1781 videtur
3545 1727 3738 1785 Othlo-

2125 1835 2128 1839 ~
2173 1817 2274 1856 nus
2301 1801 2478 1873 Opera
2509 1804 2762 1877 Dionysii
2792 1809 2903 1864 alio
2950 1813 3129 1866 animo
3172 1827 3424 1871 exarasse
3469 1834 3628 1887 quam
3679 1827 3739 1873 ut

2170 1902 2450 1948 recentem
2505 1895 2752 1951 tutelaris
2807 1900 2890 1954 sui
2943 1901 3163 1971 gloriam
3211 1913 3265 1958 et
3312 1908 3736 1974 venerationem,

2169 1992 2383 2039 ostensa
2423 1983 2662 2053 ejusdem
2711 1988 2957 2044 doctrina
2987 1999 3041 2045 et
3071 1993 3392 2059 eruditione,
3422 1996 3560 2065 apud
3608 2008 3740 2052 suos

2169 2082 2396 2142 augeret
2442 2081 2499 2128 et
2543 2075 2927 2141 conﬁrmaret,
2977 2081 3224 2149 quamvis
3276 2083 3387 2152 ipse
3436 2084 3576 2139 circa
3620 2086 3738 2142 haec

2170 2170 2411 2233 tempora
2439 2164 2730 2221 Ratisbona
2755 2170 2985 2224 abesset.
3017 2170 3121 2226 Sed
3146 2181 3199 2225 et
3225 2182 3348 2228 ante
3374 2171 3732 2232 inventionem

2128 2259 2414 2325 ‘corporis
2466 2257 2526 2311 8.
2568 2259 2819 2329 Dionysii
2852 2262 3379 2323 Emmerammenses
3426 2269 3561 2324 idem
3614 2267 3737 2325 seu-'-

2166 2345 2305 2401 sisse
2337 2356 2551 2402 constat
2587 2363 2656 2403 ex
2695 2348 2801 2404 a‘lio
2835 2353 3020 2408 codice
3063 2357 3407 2413 membraneo
3447 2359 3614 2425 in-L‘,
3639 2354 3735 2430 qui

2166 2436 2336 2493 libros
2373 2450 2607 2508 quatuor
2634 2441 2974 2513 Dialogorum
3019 2443 3077 2500 S.
3098 2444 3345 2518 Gregorii
3391 2466 3543 2522 papa:
3566 2452 3741 2508 ροηιὶ-

2164 2540 2277 2596 net,
2306 2531 2372 2584 ad
2396 2546 2623 2601 quorum
2652 2532 2851 2588 calcem
2880 2534 2976 2590 bos
2992 2550 3178 2593 versus
3202 2537 3379 2610 legas:
3718 2532 3725 2553 ’

2286 2634 2397 2705 foli
2422 2641 2566 2705 cepta
2588 2639 2692 2705 mel
2709 2636 2894 2705 calamo
2908 2646 3136 2705 currente
3160 2646 3350 2705 peregi.

2288 2696 2504 2756 Spondet
2529 2696 2757 2756 Udatrico
2781 2700 2896 2748 mihi
2922 2702 3084 2752 Suevo
3105 2696 3235 2751 meta
3254 2696 3434 2756 littoris

2286 2755 2491 2820 [riemia
2515 2758 2606 2806 ﬁxa
2632 2759 2770 2820 polis,
2800 2773 2890 2809 non
2916 2761 3098 2812 lubrica
3119 2764 3243 2813 dona
3275 2755 3466 2815 laveris.

2287 2817 2665 2890 Emmeramme',
2690 2817 2906 2890 Dypnisl,
2926 2821 3231 2884 Wolfgange,
3255 2826 3481 2890 Gregori,

2287 2876 2464 2948 Eestro
2479 2883 2723 2948 scriptort,
2735 2876 2855 2948 :dum
2868 2876 2997 2931 mors
3011 2876 3229 2944 prvemEt,
3243 2876 3575 2948 este‘patr'oni.

2291 2938 2821 3012 'S‘pesnot't‘con'undet,
2840 2938 3123 3012 quamquam
3143 2938 3334 3012 reavita
3353 2938 3617 3012 repugnet.

2288 2997 2391 3048 Pax
2415 2999 2481 3049 sit
2504 3000 2775 3064 Berngero,
2800 2997 2889 3052 sub
2911 2997 3013 3066 quo'
3032 3002 3178 3056 Patre
3205 3007 3368 3059 vivere
3391 2997 3574 3072 quatis;

2237 3099 2499 3168 Quocirca
2547 3103 2942 3160 observandum
2990 3107 3123 3163 duos
3149 3106 3470 3180 Peringeros
3504 3111 3733 3169 diversis

2166 3194 2497 3265 temporibus
2532 3194 2769 3266 regimen
2798 3197 3314 3257 Emmerammensis
3352 3201 3578 3257 abbatite
3605 3218 3730 3272 ges-

2164 3289 2322 3345 sisse.
2373 3289 2531 3345 Prior
2578 3291 2647 3346 ab
2671 3307 2814 3347 anno
2859 3292 3075 3349 circiter
3100 3294 3236 3350 1046
3282 3296 3544 3371 usquead
3572 3293 3729 3363 104$,

2164 3378 2303 3435 alter
2332 3380 2401 3435 ab
2428 3396 2569 3437 anno
2595 3382 2730 3437 “87
2758 3398 2927 3453 usque
2972 3385 3039 3439 ad
3066 3384 3197 3440 1201
3234 3387 3564 3441 monasterio
3592 3402 3732 3455 pra:-

2164 3467 2284 3522 fuit.
2313 3468 2496 3537 Itaque
2520 3486 2644 3525 eum
2669 3472 3043 3526 characteium
3072 3474 3264 3541 quibus
3291 3474 3460 3527 codex
3491 3475 3730 3543 perscri-

2163 3566 2287 3626 ptus
2313 3565 2395 3610 est
2418 3555 2589 3612 forma
2616 3558 2870 3613 saeculum
2898 3560 3239 3615 undecimum
3265 3562 3477 3626 innuat,
3507 3563 3551 3616 is
3579 3563 3726 3619 circa

2162 3656 2362 3697 annum
2389 3644 2523 3698 1047
2568 3654 2727 3714 atque
2770 3647 2903 3701 adeo
2946 3646 3200 3715 plusculis
3247 3658 3371 3702 ante
3413 3649 3726 3717 praedictam

2164 3734 2525 3789 inventionem
2582 3737 2740 3790 annis
2787 3737 3003 3790 exarari
3058 3738 3261 3792 debuit.
3337 3739 3467 3805 Qua:
3519 3749 3725 3817 autem,

2162 3809 2364 3894 quasso,
2392 3825 2584 3880 scriba:
2621 3826 2723 3880 alia
2758 3828 2894 3881 ratio
2919 3842 3038 3883 esse
3060 3830 3231 3899 potuit
3261 3844 3417 3899 opem
3440 3829 3497 3884 8.
3530 3809 3728 3901 υἱοηγέ

2161 3912 2226 3967 sii
2258 3912 2331 3967 uti
2367 3922 2422 3968 et
2453 3913 2552 3968 SS.
2580 3914 2961 3971 Emmerammi
3005 3926 3165 3986 atque
3199 3914 3495 3989 Wolfgangi
3540 3919 3728 3990 implo-e

2162 4005 2339 4070 randi,
2373 4004 2474 4060 nisi
2509 4015 2656 4060 certa
2701 4006 2981 4074 persuasio
3010 4006 3077 4060 de
3103 4008 3440 4078 possessione
3484 4009 3733 4079 corporis

2159 4090 2394 4160 ejusdem
2442 4092 2547 4148 divi
2576 4094 2607 4148 ?‘
2655 4093 2797 4147 Nihil
2847 4094 3029 4165 itaque
3068 4104 3235 4166 agunt
3283 4097 3375 4165 qui
3426 4097 3584 4152 unius
3622 4095 3725 4152 Ar-

2158 4183 2340 4252 nolphi
2377 4184 2443 4239 de
2490 4183 2546 4238 S.
2575 4183 2813 4255 Dionysii
2864 4184 3105 4254 reliquis,
3147 4202 3178 4241 e
3205 4185 3373 4241 Gallia
3420 4187 3485 4241 ad
3530 4201 3730 4242 monaa

2158 4273 2380 4328 sterium
2407 4272 2893 4328 Emmerammense
2917 4273 3203 4337 translatis,
3229 4274 3496 4329 silentium
3508 4273 3727 4331 Emme-

2161 4364 2555 4421 rammensibus
2596 4373 2889 4434 opponunt,
2937 4380 3055 4418 cum
3085 4364 3173 4419 alii
3211 4365 3450 4420 Arnoldo
3480 4381 3574 4420 seu
3614 4363 3721 4420 Ar-

494 4467 600 4524 diei
628 4467 772 4524 haud
808 4483 967 4541 posse
996 4476 1210 4528 constat
1238 4484 1305 4524 ex
1345 4467 1659 4524 recensione
1703 4462 2063 4519 monasterio-

2165 4454 2359 4524 nolpho
2385 4454 2546 4509 coaevi
2576 4462 2740 4509 testes
2772 4469 2879 4509 non
2905 4452 3080 4509 desint
3105 4455 3194 4525 qui
3220 4465 3459 4510 veterum
3503 4455 3722 4512 illorum

493 4573 613 4614 ιιιιω
654 4560 918 4627 omnium,
961 4560 1029 4616 ad
1078 4575 1200 4629 qum
1231 4574 1289 4615 se
1321 4559 1538 4623 adiisse,
1584 4567 1679 4612 aut
1715 4572 1835 4611 cum
1867 4554 2065 4624 quibus
2163 4545 2505 4601 traditionem
2549 4546 2915 4600 corroborent.
2970 4545 3075 4602 Sed
3119 4547 3186 4602 ad
3232 4546 3370 4603 hanc
3412 4546 3720 4603 universam

494 4645 603 4702 sibi
653 4648 943 4705 amicitiam
993 4649 1317 4720 singularem
1371 4647 1742 4703 intercessisse
1792 4645 1846 4699 in
1894 4644 2061 4699 citato

2165 4651 2273 4690 rem
2320 4644 2572 4690 accurate
2612 4636 3042 4706 pertractandam
3069 4652 3177 4692 non
3207 4638 3549 4692 tumultuaria
3574 4652 3722 4707 quie-

492 4737 635 4795 libro
687 4746 936 4802 testatur,
976 4740 1028 4793 in
1059 4753 1287 4809 quorum
1334 4736 1479 4791 nullo
1506 4735 1807 4806 prtecipuus
1844 4732 1903 4786 S.
1928 4732 2057 4787 Dio-
2157 4728 2282 4781 dam
2323 4725 2658 4791 observatio,
2702 4726 2796 4782 sed
2839 4726 2929 4781 vix
2977 4726 3246 4797 integrum
3289 4726 3538 4782 volumen
3583 4726 3719 4787 satis

488 4827 653 4908 ante
686 4827 866 4889 cultus.
901 4828 1203 4897 exhibetur,
1249 4826 1438 4885 saltem
1480 4823 1623 4896 quod
1668 4836 1767 4878 nos
1796 4823 2050 4878 sciamus.
2156 4818 2339 4875 fuerit.
