3998 5450
221 373 286 430 ιθ
874 371 1002 428 LIB.
1046 373 1133 429 DE
1171 371 1724 430 TENTATIONIBUS
1761 375 1916 433 SUIS
1953 378 2043 432 ΕΤ
2081 377 2410 436 SCRIPTIS.
2447 407 2520 425 -
2555 379 2758 438 PARS.
2800 381 2840 438 1.
3417 383 3490 440 30

225 497 390 576 potest.
412 487 469 542 in
493 489 881 576 dilas‘partcs,
905 505 1135 571 quarum
1166 489 1236 576 (in
1251 489 1427 576 priori
1461 489 1640 570 varias
1664 490 2168 576 legationessuas.
2201 492 2255 545 in
2290 491 2815 576 posterior-[scripta
2860 501 3402 576 suancomtpem‘orath.
3437 493 3491 576 In

229 557 307 612 bis
331 556 509 613 Vitam
543 560 611 613 S.
639 556 873 622 Nicolai,
904 556 1139 628 itemque
1165 558 1224 613 S.
1251 558 1580 629 Wolfgangi,
1629 568 1680 629 et
1730 559 1788 613 S.
1840 560 2013 625 Magni
2057 577 2114 614 se
2135 556 2457 615 emendasse
2499 563 2649 616 dicit.
2699 556 2804 616 Sed
2855 570 2906 616 et
2937 561 3112 616 Vitam
3143 563 3201 616 S.
3234 563 3492 618 Bonifacii

224 630 448 698 episeopi
478 638 539 682 et
566 629 857 700 martyris,
885 631 1081 698 diﬁicili
1119 630 1253 698 stylo
1277 628 1492 690 editam,
1527 628 1760 700 faciliori
1784 629 2019 700 reddidit
2055 639 2239 699 rogatu
2273 630 2499 683 fratrum
2524 647 2596 700 rex
2615 631 2865 685 Fuldensi
2896 634 3245 694 monasterio,
3281 633 3492 700 inquod

223 700 442 767 procella
468 701 669 752 nescio
703 699 811 770 qua
844 701 1147 767 exagitatus
1170 709 1468 752 secesserat
1499 715 1640 752 anno
1668 699 1822 770 l06‘2.
1852 700 1925 770 Ea
1969 701 2069 770 hoc
2113 701 2270 770 unico
2310 699 2568 770 opusculo
2595 709 2740 766 (nam
2765 702 2866 753 alia
2900 702 3136 770 reperire
3166 719 3268 755 non
3313 699 3494 770 potui.

224 772 353 835 tuus)
385 770 678 835 c-:-njiccre
703 768 832 823 licet
868 771 1008 823 hunc
1055 785 1177 823 esse
1205 770 1501 824 Otblonum
1533 771 1624 838 qui
1649 782 1766 821 acta
1799 769 1856 822 S.
1887 768 2148 822 Bonifatii
2183 785 2322 820 novo
2347 769 2484 837 stylo
2515 769 2734 839 donavit
2763 769 3237 839 amplifiratitque.
3275 768 3404 824 Nam
3433 779 3491 826 et

223 847 425 908 tempus
453 849 614 893 recte
645 843 926 907 congruit,
953 851 1005 893 et
1030 839 1296 894 Othlonus
1327 840 1442 908 ipse
1464 855 1572 908 non
1601 855 1666 891 ex
1697 839 1974 898 l"ultlet:si.
2003 839 2096 892 sed
2121 855 2183 891 ex
2215 839 2320 890 illlt)
2343 853 2503 907 grege
2529 848 2667 889 erat.
2698 838 2846 891 Unde
2872 841 3100 893 miratur
3126 838 3184 893 se
3216 843 3315 895 hae
3339 843 3404 895 de
3432 854 3492 895 re

221 924 245 959 a
275 907 651 961 Fuldensilius
687 908 856 962 fuisse
889 910 1306 973 interpellatum,
1348 907 1422 962 tot
1453 907 1696 978 Panibus
1727 909 1906 975 peritis
1937 923 2042 960 tatu
2075 909 2204 960 inter
2243 925 2348 970 vos,
2388 910 2461 960 ait
2502 908 2795 962 Fuldet‘.ses
2826 908 2968 976 ipsos
2990 910 3290 976 alloquens,
3329 927 3489 978 quam

219 978 626 1044 circumquaque
657 980 1104 1032 commoruntibus
1128 981 1391 1047 hucusque
1417 977 1628 1030 relictis.
1656 979 1772 1043 Quo
1805 977 1983 1047 minus
2014 989 2191 1030 tamen
2219 979 2341 1031 huic
2373 979 2662 1030 sententia:
2690 979 2854 1030 nimis
2876 996 3034 1046 quam
3070 982 3298 1033 fidenter
3320 977 3486 1034 inlite-

216 1061 374 1103 ream.
410 1048 548 1100 illud
586 1050 840 1100 occurrit
870 1049 1008 1116 quod
1035 1046 1336 1102 monachus
1383 1048 1490 1104 ille,
1517 1049 1762 1114 quisquis
1797 1057 1900 1111 est,
1932 1046 2336 1111 ltatisponensis
2383 1048 2560 1099 Vitam
2612 1047 2670 1099 S.
2720 1047 2978 1101 Bonifatii
3023 1050 3248 1116 [utiliori
3282 1059 3486 1103 tantum

213 1117 678 1196 stvlo_donaverit,
713 1117 984 1196 Otltlonus
1006 1118 1420 1196 veroepistolis,
1444 1117 1581 1196 actis
1605 1117 1982 1196 conciliorum,
2013 1119 2242 1196 aliisque
2264 1118 2490 1196 multum
2518 1132 2638 1171 eam
2667 1119 2837 1180 auxit,
2871 1129 3031 1187 atque
3058 1124 3109 1171 iu
3159 1120 3293 1174 duos
3316 1120 3486 1175 libros

217 1185 504 1239 Willibaldi
533 1189 767 1242 unicum
825 1189 1089 1241 distinxit.
1121 1185 1368 1242 Lectoris
1396 1187 1497 1240 erit
1537 1188 1637 1241 bac
1665 1190 1730 1241 de
1758 1205 1815 1240 re
1840 1187 1982 1241 ferre
2005 1189 2292 1257 judicium.
2415 1193 2430 1208 '

279 1257 474 1327 Eodem
508 1269 769 1326 tempore
801 1275 908 1325 quo
932 1261 1205 1327 sequentis
1252 1257 1413 1310 libelli
1447 1258 1703 1324 scriptor,
1748 1257 2004 1312 Arnolfus
2033 1274 2094 1312 ex
2145 1259 2342 1312 comite
2391 1258 2689 1312 monachus
2735 1258 2800 1311 ad
2831 1258 2886 1311 S.
2917 1257 3389 1319 Emtncrammum,
3418 1273 3486 1312 ex

214 1326 451 1397 emnobio
489 1343 598 1380 suo
631 1329 686 1380 in
719 1326 1020 1382 Saxoniam
1044 1328 1193 1380 abire
1222 1338 1447 1382 coactus
1473 1337 1578 1389 est,
1625 1327 1854 1381 fratrum
1887 1345 2109 1382 suorum
2155 1329 2392 1390 invidiae,
2427 1345 2619 1397 nempe
2663 1331 2806 1397 quod
2841 1339 2959 1381 acta
3005 1329 3060 1381 S.
3100 1329 3488 1382 Enumeramtui

211 1395 498 1464 depravata
535 1400 849 1452 emendare
880 1399 1057 1457 vellet.
1090 1399 1390 1452 cedemlum
1425 1408 1598 1450 ratus.
1626 1399 1731 1452 Sed
1760 1399 1826 1460 is,
1859 1409 1986 1451 ante
2015 1401 2431 1452 conversionem
2458 1395 2567 1451 non
2589 1395 2824 1452 clericus
2850 1402 2943 1450 sed
2972 1414 3178 1457 comes,
3211 1415 3312 1451 non
3337 1399 3488 1451 vidc-

212 1473 291 1516 tur
312 1481 434 1519 esse
486 1477 694 1520 auctor
716 1469 994 1537 sequentis
1031 1469 1214 1530 libelli,
1247 1467 1399 1535 cujus
1435 1468 1743 1536 exemplum
1793 1468 1945 1522 nobis
1998 1468 2366 1537 flagitantibus
2396 1469 2682 1537 religiosus
2723 1470 2806 1522 vir
2843 1469 3130 1522 Auselmus
3177 1468 3492 1537 Grabuerus

206 1548 306 1600 jam
351 1550 519 1656 supra
576 1536 840 1591 laudatus
869 1554 895 1589 a
934 1554 989 1591 se
1020 1540 1346 1604 tlesct‘iplllttl
1389 1539 1544 1591 nobis
1589 1538 1980 1594 humanissime
2015 1536 2334 1595 transmisit.
2373 1536 2536 1594 Vetus
2576 1541 2744 1594 codex
2775 1541 2914 1593 hunc
2940 1539 3150 1592 titulum
3175 1536 3395 1608 praefert
3423 1552 3442 1591 :
3490 1565 3497 1606 ε

218 1603 398 1656 Incipit
435 1606 557 1656 iber
593 1614 663 1656 de
691 1608 980 1656 tentatione
1008 1609 1284 1656 cuiusdam
1315 1608 1575 1656 monachi-

218 1603 398 1673 Incipit
415 1603 557 1660 liber
593 1614 663 1659 de
691 1608 980 1662 tentatione
1008 1603 1284 1681 cujusdam
1315 1608 1575 1664 monac/ti.

1460 1905 1749 1996 PARS
1820 1907 2237 1996 PRIMA.

270 2126 387 2180 Fuit
412 2126 647 2195 quidam
677 2123 915 2179 clericus
948 2124 1094 2177 vitiis
1137 2123 1324 2177 multis
1352 2124 1526 2179 modis
1555 2125 1791 2187 deditus,
1822 2128 1868 2186 Α
1896 2123 2276 2186 effectum,Dei
2303 2123 2470 2193 gratia
2491 2123 2797 2186 resistente,
2829 2139 2933 2178 non
2959 2118 3495 2194 potuisset-tentata?

215 2217 294 2284 qui
320 2232 444 2270 cum
470 2217 680 2285 s:epius
709 2232 737 2267 a
773 2215 999 2268 Domino
1025 2225 1463 2269 commoueretur
1489 2231 1588 2285 pro
1625 2232 1803 2268 emen-

213 2307 420 2361 datione
452 2323 576 2365 sua,
610 2321 914 2359 conversus
941 2307 1156 2359 tandem
1177 2307 1320 2360 venit
1351 2309 1417 2359 ad
1449 2307 1800 2360 monasticam

214 2399 633 2466 professionem,
685 2397 852 2452 nullis
899 2413 1114 2451 suorum
1149 2399 1447 2452 amicorum
1477 2400 1799 2453 scientibus.

217 2491 264 2544 ln
306 2505 370 2547 eo
421 2502 614 2545 autem
672 2490 797 2544 loco
841 2505 948 2558 quo
980 2491 1277 2543 monachus
1320 2490 1492 2545 factus
1529 2500 1632 2554 est,
1681 2506 1800 2544 cum

214 2582 471 2651 plurimos
553 2581 789 2636 diversa:
854 2582 1130 2651 qualitatis
1190 2583 1438 2638 homines
1487 2586 1797 2647 invenisset,

216 2674 468 2743 quosdam
513 2671 686 2727 libros
715 2671 934 2742 quidem
964 2673 1212 2742 gentiles,
1257 2674 1518 2741 quosdam
1541 2671 1544 2674 ’
1567 2690 1693 2728 vero
1719 2690 1806 2727 sa-

219 2779 355 2820 cram
381 2764 745 2831 Scripturam
771 2762 1032 2832 legentes,
1084 2763 1198 2832 ipse
1223 2764 1388 2832 cmpit
1417 2764 1563 2816 illum
1602 2764 1803 2816 solum-

219 2857 364 2910 modo
389 2856 780 2924 imitari,quos
802 2855 1018 2909 videbat
1049 2855 1248 2908 divinaa
1275 2856 1526 2910 insistere
1559 2853 1798 2909 lectioni.

220 2946 419 3012 Quanto
453 2957 642 3000 autem
677 2945 1016 3015 frequentior
1041 2954 1156 2998 erat
1187 2946 1238 2998 in
1278 2943 1582 3011 lmjnsmodi
1617 2944 1801 2997 lectio-

220 3049 295 3093 ne,
323 3043 477 3088 tanto
507 3035 681 3104 magis
712 3033 990 3089 molestias
1012 3033 1291 3087 diabolica:
1331 3033 1649 3087 tentationis
1679 3046 1804 3086 sea-

221 3126 376 3180 tiebat
412 3127 524 3181 sibi
553 3126 886 3191 inolescere;
916 3127 1010 3181 sed
1041 3125 1130 3181 ille
1170 3127 1222 3179 in
1256 3126 1483 3179 Domino
1523 3124 1802 3178 confidens

219 3217 504 3287 gratiaeque
537 3217 630 3271 Dei
661 3232 720 3271 se
737 3215 940 3287 jugiter
963 3217 1328 3280 committens,
1370 3231 1436 3270 eo
1468 3216 1648 3268 animo
1693 3229 1803 3284 quo

219 3307 390 3374 cmpit,
439 3308 496 3363 in
529 3322 686 3360 saera
738 3306 968 3361 lectione
995 3321 1343 3376 perseverare
1371 3307 1597 3362 studuit.
1631 3307 1798 3361 Cum-

221 3411 312 3463 que
338 3409 462 3467 pos:
491 3398 722 3451 multum
751 3400 1008 3468 temporis
1030 3400 1098 3453 ab
1129 3400 1231 3454 hac
1256 3399 1660 3468 impugnatione
1685 3399 1791 3453 eri-

1907 2217 2268 2282 ncquissimus
2293 2215 2343 2268 iu
2372 2231 2454 2268 me
2479 2217 2743 2279 obtinere,
2771 2215 2838 2268 ad
2868 2215 3087 2284 majoris
3113 2217 3380 2270 excitatus
3403 2223 3490 2272 est

1907 2321 2139 2373 pugnam
2175 2305 2449 2372 nequitize.
2478 2302 2608 2356 Nam
2634 2313 2751 2356 arte
2778 2304 2933 2357 solita
2963 2306 3028 2356 ad
3053 2305 3485 2372 desperationem

1906 2411 1990 2448 u;e
2021 2407 2130 2462 per:
2145 2395 2334 2446 rabere
2365 2394 2597 2456 studuit,
2650 2394 2915 2461 inspirans
2957 2394 3161 2447 scilicet
3194 2395 3485 2459 incassum,

1906 2502 1990 2538 me
2022 2485 2177 2538 talem
2209 2484 2344 2536 velle
2375 2484 2593 2546 reverti,
2645 2485 2734 2552 qui
2795 2484 2958 2536 tantis
3016 2485 3334 2540 criminibus
3367 2501 3486 2539 sum

1907 2579 2216 2647 implicatus
2247 2589 2302 2632 ut
2333 2596 2434 2631 non
2469 2578 2639 2632 solum
2671 2579 3026 2648 principibus,
3055 2580 3145 2631 sed
3174 2580 3336 2633 etiam
3357 2577 3490 2632 mul-

1906 2669 2119 2724 titudini
2164 2682 2395 2734 carterm,
2431 2671 2668 2740 ipsisque
2698 2671 2853 2724 simul
2882 2671 3193 2738 parentibus
3219 2680 3270 2725 et
3292 2685 3490 2741 cogna-

1906 2763 1975 2817 tis
1998 2779 2198 2816 exosus
2231 2779 2428 2816 essem.
2471 2763 2726 2825 Putasne,
2754 2763 2946 2831 inquit,
2969 2772 3025 2814 ut
3051 2773 3155 2815 tam
3186 2763 3489 2818 sceleratus

1904 2853 2066 2906 homo
2091 2853 2229 2922 apud
2277 2854 2443 2906 [leum
2479 2853 2715 2922 judicent
2761 2853 3224 2907 districtissimum
3271 2855 3485 2908 veniam

1904 2942 2074 3012 possit
2120 2942 2456 3010 promereri?
2509 2942 2968 3011 quandoquidem,
3023 2943 3161 2996 sicut
3225 2943 3486 3013 scriptum

1903 3046 1988 3088 est
2026 3052 2038 3086 :
2081 3032 2180 3086 Via:
2199 3034 2378 3102 justus
2408 3033 2718 3086 mirabitur.
2745 3033 2821 3086 Ne
2855 3033 3040 3101 cupias
3075 3048 3204 3102 ergo
3239 3049 3356 3100 qum
3378 3048 3486 3086 non

1903 3131 2027 3177 sunt
2050 3122 2336 3190 cupienda,
2361 3121 2452 3174 sed
2485 3121 2662 3190 potius
2701 3121 2765 3173 ad
2789 3136 2850 3174 ea
2884 3121 3084 3174 laboris
3131 3123 3204 3174 tui
3250 3121 3486 3176 studium

1904 3223 2159 3267 converte
2185 3228 2305 3281 quae
2348 3211 2541 3265 amodo
2573 3212 2748 3279 possis
2786 3210 3051 3264 obtinere.
3100 3211 3154 3265 Si
3203 3211 3344 3264 enim
3386 3211 3484 3276 ita,

1903 3311 1961 3354 ut
1991 3310 2044 3354 tu
2077 3302 2468 3355 studiosissime
2493 3300 2750 3363 mstimas,
2779 3301 3034 3353 omnibus
3065 3315 3319 3354 concessa
3348 3298 3487 3353 foret

1902 3390 2208 3460 bnjusmodi
2255 3389 2504 3452 facultas,
2555 3398 2616 3442 ut
2670 3388 2879 3442 scilicet
2923 3388 2990 3441 ad
3045 3403 3211 3457 regna
3243 3387 3486 3442 caelestia

222 3497 446 3555 perctur,
480 3488 729 3557 cogitans
775 3488 1024 3557 qualiter.
1044 3503 1141 3558 per
1179 3502 1241 3542 ea
1287 3504 1405 3557 qua:
1455 3503 1645 3557 passus
1681 3497 1798 3543 eral.
1832 3486 1874 3543 Β
1905 3493 2013 3537 tam
2047 3498 2334 3552 perversos
2367 3479 2724 3551 quamjustus
2759 3480 2918 3532 homo
2947 3479 3250 3548 pertingere
3279 3487 3484 3548 posset,

224 3585 320 3630 tam
358 3578 476 3646 ipse
504 3593 670 3646 quam
715 3579 806 3633 alii
842 3579 1097 3633 tedificari
1142 3587 1380 3647 possent,
1436 3579 1651 3648 scripsit
1691 3593 1797 3632 non

223 3666 382 3720 solum
415 3667 598 3722 illatas
627 3670 945 3724 tentationis
980 3669 1277 3732 molestias.
1313 3671 1405 3724 sed
1433 3671 1596 3724 etiam
1633 3685 1801 3724 saera:

224 3753 511 3825 Scriptura:
534 3757 718 3823 verba,
749 3773 870 3827 qua:
890 3773 956 3812 ex
979 3759 1154 3812 divina
1180 3759 1531 3828 inspiratione
1555 3758 1651 3812 sibi
1677 3757 1808 3828 pro-'

228 3857 498 3910 venerant,
525 3863 589 3902 ex
617 3849 812 3918 quibus
835 3851 1039 3904 interea
1066 3849 1238 3904 fraudi
1271 3850 1546 3904 diabolica:
1575 3865 1822 3926 resima-5

225 3933 388 3990 dendo
412 3937 670 3991 utebatur
705 3953 802 4007 pro
842 3938 1050 4008 clypeo.
1084 3938 1176 3993 Sic
1199 3941 1394 4007 quippe
1435 3939 1618 4008 incipit
1668 3938 1801 3992 scri-

224 4019 339 4079 bere
365 4026 432 4080 de
460 4028 815 4082 tentatiomun
845 4043 1064 4083 suarum
1096 4029 1371 4084 molestia:

290 4113 602 4171 Delusiones
618 4117 835 4172 Satanze
859 4118 1034 4172 varias
1050 4118 1278 4188 vigilans
1300 4133 1362 4172 ac
1377 4118 1652 4172 dormiens
1676 4132 1800 4187 per-

229 4204 340 4270 tuli,
359 4222 496 4277 quas
522 4208 648 4262 licet
663 4203 954 4263 universas
983 4225 1248 4278 nequeam
1289 4225 1558 4278 promere,
1589 4209 1801 4279 aliquas

235 4302 401 4350 tamen
433 4299 707 4353 memoria:
730 4301 944 4362 insitas,
969 4311 1125 4369 prout
1148 4316 1387 4368 possum,
1411 4301 1532 4355 volo
1554 4301 1758 4355 referre
1784 4318 1797 4353 :

230 4387 542 4442 etreorboc
570 4390 801 4458 primum
837 4391 905 4444 de
948 4389 1228 4446 fraudibus
1280 4392 1366 4445 his
1413 4393 1800 4461 perbibendum

232 4477 363 4543 quod
391 4486 445 4530 et
465 4489 588 4532 ante
601 4480 936 4534 monachalis
952 4482 1074 4534 vita:
1097 4481 1504 4549 professionem.
1529 4489 1581 4534 et
1608 4490 1792 4548 postea

233 4563 314 4616 diu
348 4581 631 4635 perpessus
674 4584 818 4634 sum,
860 4570 1004 4638 quod
1040 4570 1247 4624 scilicet
1295 4571 1430 4625 satis
1465 4571 1659 4624 stolida
1701 4572 1802 4624 im-

233 4655 542 4725 providaque
601 4659 766 4712 etiam
835 4659 1043 4714 inesset
1093 4660 1344 4715 voluntas
1393 4661 1796 4727 conversionis;

235 4744 346 4810 quia
369 4758 556 4801 contra
598 4747 939 4818 Scripturam
970 4767 1089 4820 qua:
1127 4751 1257 4806 dicit
1293 4769 1306 4804 :
1338 4749 1532 4805 Omnia
1568 4751 1656 4820 fac
1681 4770 1798 4805 cum

1901 3589 2242 3642 nequaquam
2284 3571 2572 3639 Apostolus
2623 3571 2708 3622 ille
2743 3569 3231 3622 exerllentissiutus
3287 3567 3487 3623 Paulus

1899 3652 2109 3719 diceret
2138 3681 2152 3716 :
2185 3660 2306 3716 Non
2332 3662 2468 3714 enim
2499 3670 2571 3714 est
2598 3660 2829 3713 omnium
2853 3658 3002 3726 ﬁdes.
3029 3658 3094 3710 Et
3122 3658 3314 3710 iterum
3340 3657 3484 3714 idem

1900 3751 2210 3832 dicithon
2243 3768 2416 3806 omnes
2443 3751 2684 3804 obediunt
2734 3748 3043 3817 Evangelia;
3084 3748 3304 3817 ipseque
3344 3747 3468 3803 Sal-

1902 3858 2056 3902 vator
2082 3855 2136 3900 et
2172 3845 2553 3900 veracissimus
2606 3851 2795 3896 auctor
2835 3841 2948 3894 bzec
3006 3838 3312 3894 rudimenta
3354 3840 3486 3895 suis

1901 3941 2208 4009 numdoque
2235 3937 2379 3991 dedit
2411 3936 2556 3990 oumi
2590 3949 2604 3987 :
2635 3934 2737 3998 Qui
2779 3940 2944 4002 potest
2971 3947 3154 4001 capere
3200 3932 3393 4000 capiat.
3425 3931 3484 3986 In

1899 4048 2003 4102 qua
2035 4030 2220 4100 procul
2266 4029 2426 4082 dubio
2455 4025 2719 4081 sententia
2764 4023 3018 4086 innotuit,
3054 4020 3196 4090 quod
3230 4037 3335 4074 non
3363 4036 3483 4074 om-

1900 4122 1984 4175 nis
2014 4121 2150 4176 bona
2180 4119 2366 4188 possit.
2407 4117 2542 4171 Cum
2598 4130 2727 4184 ergo
2781 4111 3150 4166 delusionibus
3202 4120 3486 4178 torqucrcr

1903 4211 2117 4271 talibus,
2147 4210 2268 4277 quis
2296 4217 2452 4277 putas
2468 4207 2632 4294 etiam
2666 4215 2792 4258 tunc
2821 4211 2939 4256 erat
2963 4201 3210 4254 animus?
3232 4200 3305 4253 nil
3339 4199 3485 4254 aliud

1900 4311 2046 4355 certe
2088 4310 2213 4354 tunc
2249 4299 2500 4368 prcevalui
2531 4292 2634 4350 nisi
2663 4296 2818 4358 ﬂere,
2857 4306 2911 4348 et
2943 4295 3097 4363 juxta
3130 4292 3478 4346 Psalmistam

1900 4389 2110 4457 fuerunt
2134 4388 2382 4456 lacryma:
2421 4403 2548 4438 mete
2567 4401 2727 4451 panes
2759 4384 2843 4435 die
2877 4400 2939 4434 ac
2967 4391 3134 4435 nocte.
3175 4380 3373 4434 Fateor
3399 4377 3482 4432 tti-

1901 4477 2094 4530 mirum
2139 4491 2204 4528 ex
2235 4476 2422 4527 intimo
2458 4473 2618 4525 corde
2646 4472 2788 4540 quod
2821 4472 3018 4534 nullus,
3075 4471 3175 4525 nisi
3221 4487 3316 4540 per
3343 4484 3473 4540 gra-

1903 4569 2029 4620 tiam
2060 4565 2271 4620 Domini
2300 4565 2490 4627 solam,
2522 4562 2648 4616 talia
2679 4571 2855 4632 potest
2883 4563 3120 4616 vincere.

1971 4659 2264 4726 Postquam
2314 4667 2493 4710 autem
2541 4655 2826 4710 insidiator
2877 4653 3241 4708 calidissimus
3287 4665 3372 4704 me
3414 4649 3485 4705 ad

1901 4747 2293 4817 deSperationis
2322 4746 2481 4799 illata:
2523 4759 2846 4798 consensum
2876 4741 3117 4811 nequivit
3144 4739 3483 4810 pertrahere,

237 4834 456 4900 consilio,
487 4835 602 4891 sine
630 4838 858 4892 consilio
879 4850 1166 4909 parentum
1192 4849 1240 4894 et
1281 4841 1579 4895 amicorum
1607 4857 1799 4910 quam—
1828 4829 1871 4890 C
1904 4852 2130 4895 conatus
2155 4848 2234 4894 est
2269 4855 2364 4908 per
2386 4837 2489 4891 alia
2529 4836 2731 4890 fraudis
2762 4850 2871 4889 suae
2901 4834 3218 4901 argumenta
3243 4831 3308 4882 ad
3325 4829 3483 4897 justi-

238 4934 332 4988 que
366 4923 418 4978 in
466 4927 702 4981 maximo
746 4927 1048 4997 juventutis
1099 4931 1314 4986 fervore
1364 4935 1572 5002 positus
1624 4934 1802 4990 subito

239 5009 412 5068 vellem
451 5017 619 5082 adire,
649 5018 919 5087 nimisque
946 5023 1089 5075 t'oret
1119 5021 1480 5078 inconsultum
1513 5033 1571 5078 ut
1610 5023 1798 5093 hujus-

240 5106 368 5160 modi
403 5107 560 5165 homo
604 5110 890 5180 quisquam
919 5106 1454 5184 [tam‘periculosum
1496 5113 1824 5184 susciperet

241 5203 434 5263 votum;
483 5199 713 5270 ideoque
769 5201 936 5258 multo
962 5203 1154 5259 melius
1195 5215 1336 5260 esset
1383 5217 1441 5261 ut
1483 5205 1800 5276 przestolans

244 5299 394 5353 usque
417 5290 478 5342 ad
502 5291 682 5346 atatis
711 5294 1022 5348 maturioris
1069 5293 1474 5362 perfectionem,
1510 5306 1637 5350 tunc
1677 5303 1798 5352 tan-

245 5374 351 5406 λιιι-ι
373 5393 482 5406 Δια-ιιι
513 5395 569 5406 Α-
603 5382 774 5406 -.!_n-.-
805 5383 1086 5406 :....----..3l
1126 5385 1291 5406 -..-.._!-
1353 5403 1398 5405 AA-
1425 5404 1430 5405 γ
1487 5397 1531 5406 ι-
1573 5402 1662 5406 κ..-
1707 5404 1710 5405 ν

1906 4934 1991 4987 tia:
2017 4934 2210 4987 divina:
2263 4931 2652 5000 blasphemiam
2686 4942 2769 4981 mc
2817 4927 3122 4987 deflectere,
3170 4938 3274 4977 non
3305 4921 3488 4974 deter-

1904 5025 2073 5080 rendo
2100 5033 2154 5078 et
2206 5020 2642 5091 improperando,
2691 5017 2783 5072 sed
2832 5016 2986 5086 quasi
3043 5013 3376 5069 condolendo
3429 5018 3491 5066 et

1901 5115 2275 5185 coinpatiendo
2325 5112 2603 5166 amictioni
2665 5123 2820 5174 mem,
2880 5121 3174 5177 suggerens
3236 5098 3490 5154 videlicet

1901 5207 2051 5262 cordi
2073 5221 2191 5260 meo
2214 5205 2520 5274 bnjusmodi
2539 5202 2914 5274 cogitationes.
2938 5202 2982 5255 0
3005 5215 3166 5268 quam
3183 5187 3491 5249 miserande

1900 5299 2132 5372 juvenis,
2163 5297 2316 5363 cujus
2345 5297 2584 5351 dolorem
2612 5293 2791 5348 nullus
2819 5292 3094 5346 hominum
3126 5289 3381 5354 dignatur
3403 5295 3494 5336 at-

2183 5386 2222 5404 Λ
2249 5386 2279 5403 κο
2345 5402 2352 5403 κ
2407 5394 2451 5404 .-
2501 5402 2506 5403 ,
2542 5387 2558 5404 I
2591 5383 2819 5404 -*-2..--_.
2855 5381 2936 5404 -..-I
2968 5377 3270 5404 ΑυΑΑ-ξοιισιο
3310 5377 3492 5402 ηΛΙΑεο
