3998 5450
469 243 534 299 δι
1142 286 1145 289 ρ
1286 298 1289 299 ν
1457 243 1756 302 OTllLONl
1795 246 2101 304 MONACHI
2141 247 2201 304 S.
2242 251 2659 313 EMHERAMMI
3082 265 3086 271 '
3632 277 3721 334 59-

470 353 601 457 qttid
652 351 865 454 videtur
924 351 1267 455 iueptunret
1314 351 1699 459 inordinatum.
1724 356 1860 410 Cum
1910 370 2039 458 ergo
2067 361 2115 419 Α
2143 357 2365 417 brorum
2413 366 2654 423 omnium
2710 354 3111 442 constringerer
3157 378 3476 438 debilitate:
3515 384 3704 459 sicque

471 444 608 499 sciat
628 442 880 512 etpossit
911 443 1115 506 otnnia,
1134 457 1438 512 quarenou
1460 444 1688 513 adiuvat
1715 453 1767 500 te
1790 447 1845 501 in
1871 446 2040 501 tribuo

478 532 812 595 Ltionetua,
841 531 933 600 qui
964 544 1061 600 pro
1091 530 1208 598 eius
1253 547 1437 587 amore
1484 534 1744 604 reliquisti
1795 544 1849 589 et
1891 536 2038 606 prius

476 620 729 687 saeculum
754 631 810 677 et
840 620 950 689 iam
977 620 1066 675 diu
1096 621 1524 679 inrestimabilem
1561 625 1792 680 sustines
1832 626 2040 681 crucia-

397 773 400 776 ,
472 711 622 769 uno?
647 710 777 777 Quae
801 723 930 780 rogo
970 709 1074 764 ista
1115 709 1219 764 erit
1266 709 1402 764 ratio
1425 711 1799 778 districtionis,
1827 728 1946 782 quae
1972 714 2041 768 ad

475 813 536 857 se
579 798 783 871 iugiter
828 799 1123 855 clamantes
1149 800 1400 855 omnibus
1448 802 1655 857 cruciat
1695 803 1904 859 modis?
1934 804 2042 859 Fac

477 889 627 962 quod
665 888 909 944 facturus
935 888 1073 953 eris;
1105 887 1314 957 depone
1350 903 1710 960 supervacuas
1748 905 1933 960 preces
1987 900 2042 946 et

478 979 676 1049 luctus,
708 979 832 1050 quia
878 978 970 1034 ille
998 977 1052 1036 in
1077 978 1179 1034 hac
1222 980 1531 1045 severitate,
1563 979 1618 1034 in
1648 995 1752 1049 qua
1780 981 2043 1039 hactenus

475 1080 616 1138 erat,
643 1067 836 1129 amado
879 1069 1043 1125 etiam
1083 1079 1409 1141 perseverat.
1442 1071 1580 1126 Nam
1621 1072 1781 1129 nimis
1819 1072 2039 1128 stultum

474 1172 558 1221 est
584 1178 648 1222 ea
675 1162 923 1236 precibus
945 1170 1230 1228 attentare,
1246 1179 1365 1234 qum
1389 1170 1441 1217 te
1468 1162 1607 1219 scias
1634 1179 1740 1219 non
1764 1177 1921 1233 posse
1942 1164 2041 1218 im-

470 1265 707 1327 petrare.
744 1254 1126 1315 Verumtamen
1184 1256 1292 1312 noli
1325 1256 1512 1313 timere
1534 1296 1550 1325 ,
1588 1257 1715 1328 quia
1765 1272 2037 1327 nunquam

473 1344 633 1413 unius
660 1347 897 1418 potentis
935 1344 1201 1416 iniustitia
1250 1363 1440 1404 omnes
1483 1347 1749 1418 permittit
1788 1349 2034 1417 perdere.

472 1438 751 1507 Quomodo
772 1438 914 1494 enim
939 1446 1121 1507 posset
1142 1437 1259 1493 ﬁeri
1291 1446 1350 1492 ut
1376 1438 1538 1492 homo
1561 1437 1845 1506 quisquam
1871 1451 2041 1492 mere-

454 1537 622 1585 .retur
646 1540 860 1599 semper
884 1526 1076 1599 aflligi?
1110 1527 1192 1582 vel
1220 1526 1343 1597 quis
1390 1525 1699 1581 mortalium
1751 1526 1867 1581 sine
1910 1540 2037 1595 pce-

471 1630 597 1680 cato
626 1621 767 1678 valet
791 1634 913 1676 esse
956 1619 1025 1676 ab
1073 1619 1228 1675 initio
1258 1634 1427 1690 usque
1454 1618 1523 1675 ad
1566 1617 1726 1674 linem
1762 1616 1920 1673 vitae?
1947 1624 2040 1671 aut

2140 450 2211 552 ad
2247 453 2531 511 ecclesiam
2580 460 2788 515 nutanti
2827 470 2881 515 et
2917 463 3224 522 difﬁcillimo
3271 485 3456 540 gressu
3507 450 3701 547 perve-

2138 555 2332 597 ntrcm.

2208 632 2560 706 Proferemla:
2587 650 2670 696 est
2717 644 2895 698 adhuc
2941 649 3169 703 tentatio
3212 660 3268 706 et
3294 654 3526 711 'dclttsio
3570 674 3701 725 una,

2132 739 2298 793 quam
2336 735 2484 783 tanto
2512 729 2778 786 diﬂlcilius
2809 733 3058 791 intimare
3088 754 3250 807 queo,
3289 753 3488 810 quanto
3525 746 3703 803 minus

2140 830 2376 886 unquam
2422 820 2624 890 aliquid
2669 822 2969 891 huiusmodi
3006 828 3243 899 legebam
3287 842 3380 888 aut
3414 836 3717 892 audiebam

2138 906 2209 961 ab
2238 905 2362 961 ullo.
2397 908 2689 979 Postquam
2719 915 2862 969 enim
2888 919 3273 989 suprascriptis
3295 930 3352 977 et
3376 924 3495 979 aliis
3519 926 3703 983 multis

2140 997 2530 1055 tentationibus
2559 1000 2823 1072 (quarum
2868 1009 3126 1075 quasdam
3166 1011 3386 1068 minime
3411 1012 3463 1069 in
3494 1030 3702 1072 memo-

2141 1088 2219 1142 ria
2250 1089 2442 1155 habeo,
2479 1095 2738 1161 quasdam
2769 1111 2916 1161 vero,
2948 1099 3350 1172 ne'legentibus
3378 1104 3478 1159 sim
3523 1093 3714 1175 ttedio,

2138 1177 2227 1233 hic
2255 1178 2498 1250 proferre
2522 1181 2708 1256 nolo.)
2732 1200 2850 1241 sum
2881 1178 3163 1257 impulsus,
3206 1191 3298 1245 sed
3336 1207 3433 1261 per
3460 1193 3551 1249 Dei
3580 1212 3727 1266 ενα..

2139 1268 2270 1325 tiam
2325 1286 2355 1325 a
2412 1273 2515 1328 ﬁde
2569 1283 2624 1330 et
2684 1290 2779 1345 spe
2831 1278 3066 1335 celestis
3120 1282 3306 1337 auxilii
3362 1300 3702 1358 nequaquam

2137 1358 2375 1429 evulsus,
2406 1371 2535 1418 tunc
2564 1364 2964 1437 impugnatione
2995 1370 3086 1424 tali
3116 1371 3318 1428 diutius
3344 1378 3583 1446 torqueri
3615 1391 3703 1432 me

2138 1451 2455 1518 sentiebam,
2487 1469 2584 1523 per
2607 1472 2765 1527 quam
2789 1469 2844 1516 et
2870 1463 2934 1518 de
2963 1458 3257 1535 Scriptura:
3281 1479 3451 1527 sacrae
3475 1466 3701 1524 scientia

2137 1550 2190 1593 et
2217 1541 2388 1610 ipsius
2414 1543 2509 1598 Dei
2533 1549 2766 1603 essentia
2796 1565 3019 1619 prorsus
3044 1553 3293 1609 dubitare
3314 1557 3701 1625 compellebar.

2137 1630 2194 1684 ιη
2236 1631 2462 1688 aliarum
2506 1637 2719 1704 quidem
2755 1643 3109 1697 tentationunt
3148 1645 3463 1702 discrimine
3500 1643 3744 1719 aliquid"

454 1715 677 1786 parvuli
703 1714 1012 1772 innocentia
1032 1714 1262 1786 qualiter
1281 1713 1489 1783 acquiri
1510 1721 1687 1783 potest
1709 1713 1761 1768 in
1784 1711 2032 1769 senecta?

2139 1722 2406 1794 refrigerii
2438 1725 2800 1795 intervallum,
2845 1731 3043 1802 aliquid
3077 1734 3188 1802 spei
3225 1711 3702 1806 prmstabatur're-

468 1805 609 1862 sicut
633 1803 879 1861 Christus
908 1802 1106 1858 docet:
1142 1802 1279 1866 Nisi,
1327 1802 1598 1872 inquiens,
1637 1802 1870 1857 conversi
1917 1802 2035 1871 fae—

467 1897 583 1952 ritis
628 1905 676 1951 et
701 1894 993 1967 eﬁiciamini
1017 1895 1151 1948 εἴρια
1186 1892 1413 1963 parvuli,
1439 1910 1543 1947 non
1578 1893 1837 1946 intrabitis
1863 1891 1918 1946 in
1951 1908 2033 1946 re-

464 2004 629 2067 quam
656 1986 920 2043 calorum.
953 1983 1201 2056 Nunquid
1226 1992 1281 2039 et
1309 1984 1411 2041 hoc
1447 1994 1501 2040 te
1527 1998 1635 2039 non
1671 1991 1851 2039 movet
1891 1982 2034 2052 quod

467 2074 720 2137 Ezechiel
746 2075 1006 2147 propheta
1047 2075 1409 2137 comminatur
1438 2074 1625 2131 dicens
1655 2075 1885 2129 :Anima
1918 2091 2036 2145 quae

465 2166 775 2237 peccaverit,
801 2166 913 2237 ipsa
940 2166 1229 2221 morietur?
1253 2164 1310 2221 Si
1340 2165 1483 2221 enim
1519 2165 1695 2220 omnis
1731 2166 1821 2236 qui
1849 2173 2038 2236 peccat

460 2256 746 2322 morietur,
793 2254 1038 2327 profecto
1086 2254 1265 2311 nullus
1306 2254 1470 2309 homo
1512 2254 1699 2310 salvus
1738 2256 1863 2321 erit,
1909 2256 2034 2325 quia

467 2359 629 2407 nemo
656 2345 860 2415 absque
895 2352 1121 2417 peccato
1146 2343 1377 2399 inveniri
1402 2351 1599 2415 potest.
1629 2342 1816 2399 Nonne
1843 2344 2036 2399 simili-

464 2446 551 2495 ter
568 2447 628 2496 et
652 2435 797 2497 illam
824 2437 1125 2499 mirabilem
1148 2437 1494 2502 sententiam,
1522 2451 1685 2505 quam
1725 2436 1884 2505 paulo
1913 2444 2033 2504 post

448 2529 609 2591 idem
629 2529 889 2601 propheta
913 2529 1065 2594 dicit,
1092 2537 1182 2583 tua
1208 2542 1361 2583 mens
1384 2527 1643 2581 attendit?
1663 2526 1752 2579 Ait
1777 2541 1907 2596 ergo
1930 2543 1943 2579 :
1971 2524 2033 2580 Si

464 2617 706 2672 averterit
736 2632 789 2671 se
821 2615 997 2686 justus
1031 2633 1063 2670 a
1094 2615 1308 2684 iustitia
1349 2631 1447 2667 sua
1476 2623 1525 2668 et
1555 2612 1732 2681 fecerit
1775 2610 2030 2683 iniquita-

462 2719 588 2777 tem,
610 2722 784 2763 omnes
796 2706 1021 2777 iustitia:
1042 2706 1156 2775 ejus
1176 2713 1327 2759 erunt
1352 2705 1407 2758 in
1436 2702 1763 2758 oblivionem.
1784 2702 1922 2757 llinc
1948 2710 2033 2756 est

463 2796 607 2866 quod
658 2795 749 2853 ille
790 2792 956 2850 Judas
991 2793 1233 2864 proditor
1280 2792 1526 2859 Domini,
1568 2808 1689 2847 cum
1727 2793 1830 2848 hoc
1866 2808 2029 2847 unum

466 2884 770 2945 traditionis
798 2884 1003 2942 crimen
1033 2883 1360 2948 admisisset,
1385 2893 1508 2953 post
1534 2882 1843 2938 multimoda
1871 2881 2033 2953 iusti-

466 2978 551 3039 tia:
570 2990 734 3047 cpera
766 2975 1054 3035 damnatus
1095 2984 1197 3030 est.
1240 2973 1472 3030 Attende
1502 2974 1679 3033 adhuc
1713 2982 1769 3028 et
1793 2973 1896 3027 alia
1924 2972 2031 3029 duo

2123 1814 2374 1885 ,l'ugium;
2412 1816 2478 1877 in
2523 1817 2641 1874 istis
2680 1834 2808 1875 vero
2857 1837 2955 1891 per
3000 1825 3163 1880 horas
3207 1827 3492 1881 continuas
3526 1831 3704 1885 omnis

2136 1903 2250 1960 fere
2291 1906 2469 1962 solatii
2501 1908 2750 1977 privabar
2788 1913 3114 1981 cognitione.
3164 1915 3218 1968 In
3258 1915 3379 1970 aliis
3408 1931 3505 1985 per
3535 1934 3705 1975 sacrae

2138 1997 2459 2057 documenta
2492 1998 2785 2068 Scriptura:
2811 2002 3152 2071 aliquatenus
3180 2006 3483 2072 roboratus,
3514 2016 3702 2067 contra

2137 2086 2289 2143 illata
2323 2087 2517 2145 mortis
2551 2087 2731 2156 iacula
2778 2091 2900 2146 ﬁdei
2942 2095 3163 2163 speique
3198 2094 3364 2161 armis
3399 2097 3700 2162 decertavi;

2139 2176 2192 2232 in
2225 2179 2330 2234 iata
2372 2188 2552 2235 autem
2584 2182 2726 2235 omni
2765 2181 3102 2237 dubitatione
3135 2193 3190 2238 et
3233 2185 3427 2240 mentis
3463 2187 3705 2242 caecitate

2136 2270 2550 2341 circumseptus,
2573 2271 2619 2326 si
2650 2281 2740 2326 aut
2767 2272 2871 2326 ulla
2901 2272 2952 2326 in
2982 2272 3275 2342 Scriptnris
3302 2275 3473 2331 sacris
3501 2276 3704 2332 veritas

2135 2364 2208 2419 sit
2244 2378 2309 2417 ac
2355 2363 2653 2433 profectus,
2697 2373 2792 2419 aut
2838 2365 2883 2421 si
2923 2364 3062 2420 Dens
3107 2367 3449 2436 omnipotens
3491 2375 3705 2425 constet

2134 2466 2359 2520 prorsus
2393 2451 2651 2508 dubitavi.
2684 2453 2739 2507 in
2766 2454 2906 2521 aliis,
2935 2455 3176 2523 inquam,
3204 2454 3498 2511 tolerabilis
3524 2456 3704 2526 aliquo

2134 2541 2295 2597 modo
2322 2551 2380 2597 et
2407 2550 2701 2611 temperata
2729 2543 2828 2598 fuit
2854 2545 3270 2615 impugnationis
3295 2562 3485 2612 causa;
3518 2549 3570 2602 in
3598 2549 3702 2604 ista

2131 2641 2313 2689 autem
2336 2632 2460 2687 talis
2481 2634 2796 2703 erumpebat
2832 2634 3083 2690 violentia
3111 2644 3169 2690 ut
3198 2652 3317 2692 non.
3343 2636 3512 2692 solum
3539 2638 3705 2706 spiri-

2134 2722 2329 2786 tuales,
2356 2723 2451 2779 sed
2478 2724 2641 2778 etiam
2684 2724 2993 2793 corporales
3034 2727 3136 2781 mei
3168 2740 3360 2782 sensus
3397 2728 3585 2796 vigore
3614 2742 3704 2784 so-

2134 2810 2230 2867 lito
2259 2809 2704 2869 destituerentur.
2736 2812 3032 2869 Videbatur
3056 2815 3200 2869 enim
3233 2815 3362 2870 mihi
3406 2816 3705 2886 interdum,

2133 2909 2194 2954 ιιι
2221 2899 2376 2969 quasi
2403 2901 2650 2957 obvelato
2678 2898 2796 2957 visu
2827 2911 2883 2958 et
2911 2905 3095 2959 auditu
3137 2905 3213 2960 nil
3256 2906 3412 2976 iuxta
3445 2907 3586 2962 vires
3612 2923 3708 2963 sc-

2136 2990 2258 3047 litas
2290 2991 2470 3046 videre
2502 3002 2596 3046 aut
2630 2993 2819 3048 audire
2861 3007 3095 3063 possem.
3142 2995 3362 3051 interim
3402 3011 3502 3067 ego
3547 2996 3704 3066 quasi

465 3065 700 3131 ma‘ima
728 3063 887 3134 ¹¹¹¹Ῑ¹¹⁵
917 3063 1143 3119 “nonis
1181 3062 1447 3134 e‘empl‘“
1478 3062 1533 3118 in
1574 3063 1769 3159 (Ιυίίξυδ
1814 3062 2029 3159 Proin“
2060 3056 2103 3117 (ἶ
2134 3083 2416 3152 cuiusdam
2448 3099 2660 3140 mecum
2686 3056 3040 3155 colloquentis
3060 3094 3115 3141 et
3141 3102 3238 3142 ore
3265 3056 3705 3159 etiatnvapposito

440 3169 520 3229 et
547 3159 759 3218 deliniri
808 3167 985 3230 potest
1016 3159 1192 3214 omnis
1232 3167 1415 3213 nostra
1467 3156 1755 3212 sententia.
1814 3153 2034 3222 Legitur

461 3250 609 3307 enim
633 3249 690 3307 in
718 3248 886 3304 Exodi
923 3248 1084 3314 libro,
1111 3247 1239 3317 quia
1272 3247 1468 3301 dixerit
1502 3245 1761 3300 Dominus
1786 3245 1853 3300 ad
1880 3244 2032 3316 Moy-

463 3354 557 3409 sen
582 3356 598 3393 :
624 3324 914 3397 Hiurebor
941 3338 1026 3393 cui
1051 3337 1284 3401 voluero,
1328 3347 1375 3391 et
1419 3332 1641 3391 clemens
1676 3351 1763 3389 ero
1801 3336 1854 3389 in
1879 3351 2031 3405 quem

464 3430 593 3493 inihi
614 3428 867 3500 placuerit
885 3444 906 3493 ;
933 3442 1254 3499 rursumque
1270 3428 1320 3480 in
1336 3425 1627 3496 Evangelio
1648 3424 1906 3494 scriptum
1926 3433 2030 3491 est,

458 3521 587 3593 quia
607 3520 794 3595 volens
813 3519 1033 3590 quidam
1061 3517 1354 3590 discipulus
1379 3518 1495 3589 ejus
1524 3515 1662 3581 ﬁeri,
1706 3530 1769 3571 ac
1797 3515 1981 3571 dicens
2013 3531 2030 3571 :

461 3612 669 3683 Sequar
687 3622 736 3666 te
766 3626 1074 3682 quocunque
1096 3609 1241 3672 ieris,
1266 3606 1508 3677 repulsus
1524 3616 1608 3661 est
1629 3608 1695 3659 ab
1715 3606 1904 3660 eodem
1928 3604 2034 3658 Do-

462 3702 610 3763 mino
640 3701 853 3757 dicente
878 3714 893 3752 :
929 3697 1115 3768 Vulpes
1142 3697 1318 3765 foveas
1346 3696 1556 3758 habent,
1584 3704 1632 3750 et
1661 3694 1890 3749 volucres
1914 3694 2030 3749 ειειὶ

459 3794 652 3861 nidos,
707 3790 883 3845 Filius
933 3799 1106 3845 autem
1143 3787 1368 3841 hominis
1415 3801 1516 3839 non
1550 3784 1701 3839 habet
1751 3784 1840 3837 ubi
1875 3794 2029 3854 caput

458 3900 615 3943 suum
649 3881 878 3937 reclinet.
916 3879 960 3936 Ο
995 3878 1285 3934 indiscreta
1324 3877 1616 3933 severitas!
1655 3892 1689 3930 ο
1726 3876 2031 3931 miseranda

460 3973 714 4044 aequitas!
749 3986 868 4042 qua:
898 3969 1267 4025 tantummodo
1292 3966 1583 4025 voluntatis
1602 3982 1713 4022 suae
1745 3966 2029 4021 arbitrium

459 4065 725 4136 sequitur,
743 4074 800 4119 et
823 4062 891 4119 ad
910 4076 970 4117 se
990 4058 1367 4130 confugientes
1389 4059 1666 4129 suscipere
1686 4057 2026 4124 dedignatur.

454 4154 815 4217 lntolerabilis
856 4164 1003 4210 certe
1043 4150 1165 4206 talis
1206 4159 1290 4206 est
1325 4149 1610 4216 disciplina
1651 4146 1886 4216 nullique
1918 4161 2033 4201 me-

460 4248 566 4305 rito
610 4245 905 4318 placitura:
954 4241 1270 4313 Huiusmodi
1316 4254 1530 4309 quoque
1576 4236 1887 4292 delusiones
1936 4235 2027 4290 diu

454 4336 909 4408 perturbaverunt
946 4332 1304 4404 cogitationes
1348 4344 1517 4396 meas,
1563 4329 1619 4384 in
1662 4329 1856 4398 quibus
1893 4329 2027 4383 satis

456 4426 677 4499 probari
719 4424 867 4480 valet
911 4423 1131 4494 quantis
1165 4420 1422 4496 periculis
1484 4435 1637 4477 mens
1678 4435 1799 4478 mea
1841 4418 2024 4490 subia-

454 4525 624 4585 seret.

481 4663 489 4669 .
522 4607 609 4670 Ad
630 4606 852 4665 easdem
879 4603 1185 4661 tlelusioncs
1209 4602 1420 4658 videtur
1440 4601 1712 4670 pertinere
1734 4599 1874 4670 quod
1897 4600 2026 4656 sub-

454 4706 743 4770 sequentcr
784 4695 905 4751 volo
955 4694 1180 4753 referre.
1224 4694 1379 4764 Saepe
1423 4707 1656 4761 namque
1704 4691 1929 4762 contigit
1965 4698 2026 4745 ut

457 4790 584 4861 quia
621 4788 903 4845 matutinis
932 4786 1082 4843 horis
1115 4786 1183 4842 ad
1219 4786 1432 4856 signum
1461 4784 1715 4853 primum,
1754 4783 1895 4838 sicut
1935 4797 2023 4836 re-

463 4880 588 4953 gula
610 4888 804 4937 sancta
840 4879 1017 4945 docet,
1054 4876 1198 4932 volui
1239 4890 1546 4947 exsurgere,
1593 4873 2022 4945 pbantasmatico

454 4968 638 5039 aliquo
659 4969 815 5038 signo
841 4968 1001 5040 longe
1040 4974 1169 5043 ante
1196 4973 1407 5034 tempus
1433 4965 1686 5037 surgendi
1732 4965 2023 5029 excitatus,

446 5060 525 5125 ad
558 5059 857 5119 oratorium
892 5058 1137 5115 venirem
1174 5055 1423 5138 festinus.
1473 5054 1587 5112 Hoc
1627 5055 1795 5110 etiam
1837 5054 2024 5110 tandiu

454 5149 664 5208 credidi
690 5164 830 5223 opus.
853 5161 976 5206 esse
1010 5148 1274 5215 divinum,
1325 5161 1605 5219 quousque
1628 5161 1692 5202 ex
1723 5146 2023 5216 tempestivi

433 5240 663 5311 soporis
726 5239 1110 5311 impedimento
1178 5248 1428 5297 eoactum
1490 5252 1578 5294 me
1633 5238 1893 5295 sentirem
1953 5237 2023 5295 ad

456 5327 915 5400 intempestivum.
957 5328 1213 5387 Patiebar
1250 5340 1307 5403 et
1343 5331 1446 5387 hoc
1484 5344 1582 5400 per
1621 5330 1829 5400 aliquot
1857 5344 2028 5387 annos

454 5417 509 5450 δη
561 5420 839 5450 ηΛΔΙιι-ηἷιι
1134 5426 1191 5450 ΙΙ.
1422 5419 1706 5450 nt‘mnt‘lnm
1757 5434 1920 5450 annua
1971 5418 2024 5450 θη

2132 3174 2298 3230 verba
2327 3173 2463 3239 meis
2492 3174 2713 3229 auribus
2740 3175 3071 3233 susurrando
3095 3177 3433 3233 immittentis
3456 3178 3702 3234 audirem

2132 3265 2468 3336 dicentisque
2490 3280 2506 3319 :
2529 3264 2661 3325 Cur-
2683 3264 2869 3322 labore
2895 3282 3051 3323 casso
3088 3269 3270 3324 tandiu
3300 3268 3580 3339 latigaris‘l
3610 3268 3702 3325 ubi

2131 3365 2216 3413 est
2245 3356 2335 3411 illa
2363 3370 2487 3426 apes
2514 3364 2602 3411 tua
2626 3371 2787 3426 quam
2812 3371 2981 3427 usque
3010 3359 3166 3414 modo
3191 3358 3463 3414 retinebas
3485 3357 3538 3412 in
3560 3355 3707 3413 Serio

2131 3446 2326 3517 plura?
2356 3445 2567 3510 Nonne,
2599 3446 2839 3501 omnium
2872 3446 3180 3501 mortalium
3228 3445 3565 3508 stultissime,
3612 3459 3705 3499 ca-

2130 3536 2284 3591 sibus
2320 3536 2556 3603 propriis
2596 3536 2797 3606 poteris
2836 3537 3086 3604 probare,
3129 3535 3252 3603 quia
3294 3542 3349 3588 et
3387 3533 3699 3603 Scriptura-

2132 3639 2250 3678 rum
2284 3624 2617 3686 testiﬁcatio,
2657 3633 2712 3679 et
2751 3625 2913 3678 totius
2951 3633 3212 3679 creaturae
3240 3621 3549 3691 imaginatio
3580 3621 3703 3675 abs-

2131 3726 2237 3781 que
2265 3711 2477 3765 ratione
2523 3719 2740 3766 constat
2772 3718 2828 3765 et
2852 3710 2971 3765 sine
2998 3709 3239 3764 rectore?
3268 3708 3507 3777 nunquid
3537 3721 3703 3777 expe-

2129 3802 2362 3856 rimentc
2397 3790 2503 3856 non
2558 3799 2839 3869 cognoscis
2888 3799 3012 3868 quia
3046 3798 3190 3852 aliud
3218 3797 3476 3853 librorum
3510 3795 3702 3852 relatio

2126 3889 2433 3965 divinorum
2474 3897 2528 3943 et
2568 3889 2711 3943 aliud
2757 3889 2866 3943 vita
2907 3901 3191 3957 moresque
3238 3886 3533 3956 probantur
3575 3900 3701 3942 esse

2130 3978 2445 4033 hominum?
2470 3976 2703 4032 Putasne
2732 3985 2811 4031 tot
2840 3976 3005 4031 tnillia
3039 3975 3317 4030 hominum
3348 3988 3553 4039 errare,
3582 3974 3696 4042 qui,

2129 4077 2189 4123 ut
2229 4069 2345 4138 ipse
2385 4082 2602 4138 quoque
2644 4069 2906 4122 hactenus
2952 4067 3245 4133 cernebas,
3283 4078 3383 4120 nec
3408 4065 3700 4121 observare

2128 4175 2223 4214 seu
2246 4174 2348 4213 nec
2365 4159 2642 4229 suscipere
2662 4166 2855 4215 curant
2875 4157 3194 4212 documenta
3220 4155 3513 4211 librorum?
3537 4152 3698 4209 Cunt-

2127 4264 2232 4321 que
2277 4264 2439 4318 super
2477 4250 2563 4304 his
2597 4258 2823 4306 moestus
2869 4249 2923 4303 in
2956 4249 3119 4304 corde
3160 4255 3448 4303 tractarem
3479 4245 3694 4316 smpius,

2126 4338 2281 4406 quasi
2304 4337 2690 4407 interrogando
2711 4336 3102 4407 etohiiciendo:
3129 4335 3184 4391 Si
3200 4337 3272 4391 ita
3295 4345 3402 4399 est,
3425 4335 3694 4406 inquiens,

2129 4443 2228 4484 cur
2258 4437 2405 4483 tanta
2434 4428 2810 4485 convenientia
2838 4437 2921 4483 est
2950 4428 3002 4482 in
3033 4427 3282 4482 ontnibus
3311 4426 3424 4481 fere
3454 4427 3698 4498 Scriptu-

2128 4520 2203 4575 ris
2227 4519 2487 4574 divinitus
2511 4519 2809 4589 inspiratis,
2847 4526 2906 4572 ut
2934 4517 3145 4572 ratione
3173 4516 3289 4589 pari
3330 4526 3385 4571 et
3414 4517 3480 4571 de
3504 4515 3695 4572 condi-

2128 4621 2243 4666 tore
2267 4611 2378 4665 Deo
2404 4618 2461 4665 et
2483 4610 2549 4666 de
2573 4611 2947 4665 mandatorum
2972 4608 3139 4677 ipsius
3163 4607 3507 4663 observantia
3534 4621 3697 4662 enar-

2126 4702 2290 4758 rent?
2337 4702 2520 4757 Visum
2582 4709 2666 4756 est
2719 4698 3022 4768 huiusmodi
3091 4698 3252 4763 verba
3300 4698 3494 4752 iterum
3540 4695 3695 4765 quasi

2126 4789 2501 4859 respondendo
2530 4788 2661 4843 mihi
2688 4787 2938 4858 inspirari
2966 4805 2979 4840 :
3007 4786 3133 4840 Ideo
3176 4785 3386 4855 utique,
3431 4799 3465 4839 ο
3506 4783 3693 4839 insen-

2124 4889 2260 4943 sate,
2294 4876 2572 4947 Scriptura
2599 4876 2654 4931 in
2677 4890 2782 4949 qua
2813 4875 3038 4929 conﬁdis
3066 4874 3131 4929 de
3158 4872 3255 4927 Dei
3282 4888 3510 4942 persona
3547 4872 3694 4928 etde

2125 4970 2386 5038 religione
2421 4966 2703 5036 multiplici
2731 4963 2892 5020 verba
2921 4963 3130 5034 profert
3148 4962 3418 5032 quomodo
3445 4961 3692 5017 homines

2124 5061 2199 5116 illi
2223 5061 2313 5129 qui
2338 5058 2632 5127 Scriptura:
2655 5054 2892 5124 eiusdem
2917 5062 3170 5109 auctores
3191 5052 3317 5107 olim
3343 5052 3693 5115 exstiterunt,

2124 5149 2312 5215 eodem
2334 5145 2493 5201 modo
2522 5160 2629 5215 quo
2652 5145 2815 5199 etiam
2846 5143 2901 5197 in
2927 5152 3164 5212 tempore
3198 5143 3449 5213 praesenti
3484 5140 3688 5207 vivunt,

2134 5237 2234 5308 ipsi
2260 5246 2389 5291 tunc
2415 5236 2683 5290 vixerunt.
2711 5232 2899 5288 Modus
2921 5244 3099 5288 autem
3131 5233 3341 5288 vivendi
3372 5232 3423 5287 in
3452 5241 3695 5299 tempore

2130 5324 2403 5397 praesenti,
2434 5323 2575 5378 sicut
2602 5332 2656 5375 tu
2684 5336 2894 5390 quoque
2925 5322 3051 5388 scis,
3086 5329 3297 5378 constat
3335 5320 3479 5385 talis,
3509 5329 3566 5371 ut
3598 5322 3693 5372 ho-

2132 5424 2283 5450 παρίει
2329 5414 2543 5450 nitidam
2572 5423 2620 5450 nl
2656 5413 2903 5450 ralininca
2931 5413 3063 5450 cali:
3096 5414 3342 5450 hnvni‘nnc
3380 5410 3688 5450 l'nnnanllll'-
