3998 5450
274 360 339 415 53
959 355 1086 415 LIB.
1126 356 1213 412 DE
1248 352 1798 412 TENTATIONIBUS
1836 350 1993 411 SUIS
2031 354 2120 412 ΕΤ
2157 352 2485 416 εωιιιιτιδ.
2514 391 2583 402 -
2607 360 2784 419 PARS
2824 362 2866 420 Ι.
3467 369 3538 426 54

273 474 384 527 haec
407 470 484 525 ita
508 481 643 524 esse
674 466 927 539 quotidie
953 478 1113 539 potes
1144 467 1412 538 probare?
1444 468 1595 523 Unde
1623 478 1784 538 putes
1806 477 1863 523 et
1887 470 1937 529 Α
1966 466 2116 526 lestis
2158 470 2413 541 adjutorii
2456 473 2814 531 instrumenta
2853 492 2921 533 ex
2966 477 3343 553 lectione'pari
3368 497 3538 556 agno-

272 574 518 619 auctores
538 563 952 633 scripturarum
982 562 1329 630 antiquarum
1364 562 1611 633 religiosa
1642 560 1861 631 quidem

272 655 608 725 honestaque
649 655 805 710 dicta
847 655 1232 725 composuisse,
1283 655 1377 710 sed
1419 670 1527 710 non
1567 655 1862 711 secundum

272 744 585 800 earumdem
631 745 917 801 dictorum
949 745 1267 816 qualitatem
1311 745 1538 801 vixisse.
1569 746 1740 816 igitur
1778 759 1865 801 se-

273 834 505 890 cundum
549 835 722 889 talem
776 835 992 890 modum
1043 849 1233 890 omnes
1277 834 1412 906 legis
1458 834 1656 890 divinae
1696 834 1864 890 libros

274 924 511 995 intelligo
559 926 948 996 conscriptos,
990 933 1052 979 ut
1090 924 1343 980 videlicet
1390 925 1761 996 religiositatis
1805 933 1861 981 et

273 1016 491 1069 virtutis
537 1016 892 1086 superficiem
945 1015 1235 1084 quamdam
1286 1016 1532 1069 exterius
1589 1015 1859 1082 habeant,

273 1106 503 1160 interius
546 1121 683 1161 vero
727 1107 997 1161 rationem
1036 1106 1197 1160 aliam
1226 1115 1281 1160 et
1305 1106 1633 1162 intellectum
1672 1108 1864 1178 exqui-

274 1206 413 1251 rant.
441 1196 602 1251 Sicut
629 1198 684 1250 in
715 1197 969 1267 plurimis
1007 1197 1351 1266 maximeque
1384 1197 1436 1251 in
1477 1198 1676 1253 divinis
1714 1199 1863 1254 codi-

274 1289 423 1342 cibus
455 1286 619 1341 facile
653 1288 1005 1356 reperiuntur
1038 1288 1342 1354 sementim,
1377 1287 1541 1342 aliam
1576 1288 1630 1342 in
1656 1287 1860 1353 littera,

272 1379 431 1432 aliam
465 1378 522 1432 iu
554 1377 913 1449 intelligentia
958 1377 1222 1433 rationem
1263 1379 1577 1434 retinentes.
1618 1378 1742 1436 Haec
1765 1394 1863 1434 au-

274 1482 378 1525 tem
425 1472 613 1525 omnia
647 1472 724 1525 ita
755 1486 876 1526 esse
910 1485 1017 1525 uno
1050 1470 1203 1524 Pauli
1241 1472 1553 1526 testimonio
1577 1472 1857 1542 approbo:

272 1560 473 1616 Littera
513 1565 681 1627 enim,
725 1563 926 1632 inquit,
964 1563 1175 1627 occidit,
1221 1562 1439 1633 spiritus
1460 1574 1658 1629 autem,
1697 1564 1748 1617 id
1776 1574 1861 1621 est

270 1669 489 1718 sensus,
520 1654 779 1723 eiuiﬁcat.
818 1654 1006 1709 Nonne
1044 1656 1180 1710 satis
1223 1666 1411 1725 aperte
1438 1671 1537 1727 per
1562 1656 1676 1711 hsce
1713 1657 1859 1727 Apo-

269 1743 388 1799 stoli
418 1748 593 1799 verba
617 1746 835 1800 deceris
864 1747 1012 1816 quia,
1043 1746 1089 1802 si
1119 1746 1381 1802 librorum
1416 1748 1557 1802 dicta
1590 1748 1857 1818 sequeris,

1967 576 2159 627 scens;
2189 572 2283 618 aut
2314 579 2403 619 me
2436 565 2718 622 victoriam
2762 568 3030 640 adeptam,
3072 586 3194 642 qme
3234 587 3350 628 mea
3398 589 3534 630 nun-

1966 667 2129 723 quam
2161 662 2265 720 est,
2293 656 2541 712 mihimet
2561 657 2847 729 deputasse
2872 660 3199 725 arbitretur:
3229 678 3327 719 seu
3350 665 3537 738 etiam,

1965 746 2120 814 quasi
2172 747 2305 801 mihi
2350 746 2614 803 defuisset
2658 751 2921 819 proiectio
2969 753 3149 807 divina
3190 754 3242 809 in
3287 755 3442 822 meis,
3483 754 3539 812 in

1964 835 2079 890 suis
2120 836 2316 906 pariter
2377 838 2768 893 teutationibus
2805 840 2944 895 idem
2990 843 3092 897 sibi
3126 853 3411 900 venturum
3442 858 3541 902 te.

1967 935 2166 981 rentur.
2192 926 2289 983 Cui
2319 930 2611 1000 suspicioni
2637 931 2840 985 nullum
2867 934 3002 989 dans
3025 934 3227 1003 locum,
3256 936 3429 993 fateor
3453 950 3540 996 me

1963 1027 2157 1073 contra
2187 1018 2383 1074 diaboli
2414 1021 2639 1077 insidias
2667 1024 2810 1078 omni
2838 1024 2996 1079 modo
3022 1041 3119 1095 per
3146 1029 3374 1100 gratiam
3404 1028 3546 1086 divi-

1966 1122 2091 1162 nam
2142 1109 2491 1175 instructum,
2519 1126 2614 1166 seu
2642 1112 2844 1167 desidia
2876 1112 3204 1186 lascivitque
3235 1118 3400 1172 animi
3431 1122 3536 1174 tor-

1966 1209 2181 1269 pentem
2211 1200 2357 1255 nullo
2381 1216 2620 1271 unquam
2649 1204 2948 1260 certamine
2975 1204 3177 1272 debito,
3210 1219 3300 1263 aut
3326 1209 3540 1281 vigilia-

1932 1303 2105 1353 -rum,
2144 1297 2236 1343 aut
2275 1289 2492 1361 jejunii,
2534 1291 2627 1347 seu
2667 1294 3038 1365 cujuscunque
3065 1298 3413 1354 continentiae
3439 1315 3540 1372 pro

1958 1379 2167 1433 viribus
2197 1379 2339 1434 datis
2368 1395 2653 1454 pugnasse.
2701 1381 2837 1437 Nam
2882 1392 2941 1437 ut
2985 1393 3306 1456 praeteream
3344 1388 3542 1448 collata

1958 1470 2205 1525 scientiae
2238 1469 2480 1525 liberalis
2500 1470 2641 1526 dona
2664 1486 2785 1542 qua:
2807 1474 3311 1545 circumspectiouis
3341 1478 3542 1536 instru-

1961 1570 2143 1615 menta
2169 1570 2419 1616 constant
2456 1563 2712 1629 maxima,
2745 1564 2967 1619 memini
3003 1578 3088 1621 me
3126 1565 3457 1638 frequenter,
3486 1580 3542 1628 et

1960 1653 2197 1707 maxime
2215 1669 2339 1708 cum
2368 1654 2601 1723 primum
2624 1657 2692 1709 de
2717 1664 2887 1711 stratu
2914 1673 3032 1712 meo
3059 1657 3110 1712 in
3143 1660 3423 1717 matutinis
3445 1676 3542 1719 ex-

1958 1759 2239 1815 surgerent
2276 1744 2447 1812 horis,
2490 1760 2614 1800 mox
2645 1760 2674 1799 ιι
2703 1749 2937 1817 quodam
2969 1753 3123 1820 quasi
3156 1766 3365 1807 mecum
3410 1760 3538 1809 sur-

270 1836 502 1888 niaxima
531 1836 778 1906 pericula
806 1836 1064 1906 patieris?
1106 1836 1251 1892 Idem
1293 1851 1509 1907 quoque
1548 1837 1615 1895 de
1645 1838 1738 1893 Dei
1773 1853 1861 1893 es-
1888 1840 1934 1900 Β
1962 1845 2143 1905 gente,
2192 1848 2511 1906 mecumque
2551 1837 2710 1892 simul
2754 1841 3054 1909 gradiente,
3089 1856 3184 1912 per
3211 1838 3537 1905 ineli‘abilem

266 1929 441 1981 sentin
486 1916 908 1997 intelligendum
940 1937 1043 1983 est.
1071 1929 1321 1999 Alioquin
1346 1932 1391 1985 si
1415 1930 1594 2000 aliqua
1624 1946 1856 2000 persona

272 2025 363 2070 aut
391 2016 573 2070 virtus
600 2017 694 2070 Dei
726 2016 1116 2086 omnipotentis
1141 2026 1308 2083 esset,
1340 2034 1679 2090 nequaquam
1708 2030 1855 2077 tanta

265 2106 522 2164 confusio
559 2116 728 2177 atque
765 2108 1055 2163 diversitas
1094 2108 1147 2163 in
1187 2110 1349 2165 rebus
1386 2111 1601 2166 cunctis
1628 2126 1858 2182 appare-

270 2206 372 2251 ret.
409 2196 522 2252 Sed
566 2212 747 2267 neque
793 2196 887 2252 tibi
925 2198 1240 2254 discrimina
1272 2209 1421 2254 tanta
1448 2202 1852 2273 contingerent,

270 2286 502 2355 talisque
528 2286 822 2353 dubitatio,
854 2303 1016 2358 quam
1040 2289 1200 2346 modo
1222 2290 1449 2361 pateris,
1494 2292 1721 2348 minime
1760 2293 1857 2348 im-

268 2377 526 2431 mineret.

337 2465 584 2537 Cumque
607 2460 935 2538 huiusmodi
964 2469 1332 2528 delusionibus
1361 2472 1646 2544 plusquam
1676 2474 1858 2531 credi-

270 2559 375 2616 bile
416 2560 489 2613 sit
532 2561 907 2631 impugnarer,
953 2572 1007 2619 et
1058 2574 1278 2635 pr0pter
1328 2568 1625 2624 inauditam
1684 2568 1854 2639 ipsius

272 2647 696 2720 impugnationis
740 2653 1062 2721 qualitatem
1110 2655 1202 2709 ulli
1242 2655 1471 2711 fratrum
1503 2669 1688 2728 aperte
1718 2659 1851 2714 indi-

273 2754 397 2793 care
424 2755 646 2796 vererer
680 2741 915 2813 (nullum
946 2745 1093 2801 enim
1135 2746 1261 2802 talia
1293 2763 1453 2817 posse
1492 2751 1717 2806 credere
1758 2760 1852 2807 aut

263 2829 463 2885 audire
516 2831 884 2904 arbitrabar);
948 2844 1073 2890 tunc
1125 2836 1239 2892 solo
1281 2847 1609 2909 prostratus,
1642 2849 1699 2897 et
1741 2856 1853 2912 pne

262 2919 636 2974 amaritudine
681 2923 918 2992 suspiria
965 2924 1121 2997 longa
1168 2929 1391 2983 trahens
1421 2938 1476 2985 et
1515 2931 1654 2986 vires
1683 2932 1847 2989 animi

260 3008 554 3082 colligens,
578 3012 741 3066 emisi
775 3012 936 3069 talem
968 3014 1125 3071 labiis
1154 3028 1205 3071 et
1230 3027 1450 3086 pectore
1474 3035 1695 3076 vocent:
1728 3023 1772 3078 0
1800 3024 1847 3078 si

264 3102 391 3170 quis
431 3117 518 3168 es,
551 3102 944 3173 Omnipotens,
989 3108 1126 3184 et.si
1176 3108 1252 3165 sis
1298 3111 1532 3181 undique
1576 3127 1845 3181 praesens,

268 3193 407 3247 sicut
445 3205 502 3249 et
548 3196 602 3248 in
642 3195 796 3252 libris
824 3197 932 3268 legi
960 3199 1257 3268 saepissime
1290 3202 1493 3268 mults,
1515 3203 1626 3271 jam
1656 3218 1849 3274 precor

266 3286 501 3339 ostende
542 3287 667 3355 quis
706 3287 782 3340 sis
822 3296 879 3341 et
921 3288 1048 3358 quid
1087 3290 1279 3358 possis,
1311 3291 1545 3361 eripiens
1572 3294 1732 3349 citius
1763 3309 1849 3348 me.

268 3373 578 3444 opericulis
605 3377 1043 3443 imminentibus;
1091 3395 1216 3433 nam
1259 3378 1487 3435 sufferre
1531 3383 1703 3453 magis
1749 3400 1844 3439 ne-

264 3480 408 3535 queo
429 3468 745 3525 discrimina
774 3478 945 3525 tanta.
972 3469 1128 3525 Nulla
1152 3473 1347 3528 dehinc
1377 3488 1565 3528 mora:
1589 3484 1642 3529 et
1668 3474 1845 3529 ablata

258 3564 349 3610 est
371 3572 472 3627 per
501 3557 595 3613 Dei
618 3561 848 3630 gratiam
884 3576 990 3616 non
1026 3561 1199 3616 solum
1231 3563 1410 3618 omnis
1432 3563 1522 3617 illa
1549 3563 1844 3619 dubitatio-

265 3645 353 3701 nis
376 3650 703 3719 supradicta:
728 3651 946 3717 nebula,
970 3653 1064 3708 sed
1088 3654 1253 3709 etiam
1292 3655 1532 3711 scientiae
1564 3655 1659 3712 lux
1699 3665 1845 3711 tanta

268 3741 320 3795 in
343 3742 511 3797 corde
561 3758 680 3797 meo
727 3744 955 3799 emicuit
997 3753 1056 3799 ut
1093 3754 1146 3802 et
1181 3761 1456 3816 nunquam
1500 3747 1844 3818 postmodum

263 3832 401 3888 tales
443 3834 800 3890 dubitationis
858 3836 1152 3891 mortifera:
1197 3838 1450 3893 tenebras
1501 3839 1843 3901 sustinerem,

254 3930 320 3978 et
342 3939 406 3979 ea
436 3940 562 3995 qua:
605 3929 785 3982 minus
824 3936 985 3983 antea
1036 3929 1266 3997 cognovi
1316 3928 1620 4000 intelligere
1645 3928 1844 3999 carpis—

264 4029 402 4068 sem.
434 4015 602 4087 Cujus
623 4018 787 4073 etiam
827 4017 1196 4087 intelligentia:
1228 4020 1401 4088 gratia
1431 4021 1484 4074 in
1516 4028 1722 4074 tantum
1748 4034 1848 4089 per

265 4104 409 4159 idem
460 4115 672 4175 tempus
720 4107 857 4162 mihi
899 4108 1219 4177 augebatur,
1266 4117 1327 4162 ut
1372 4123 1479 4163 non
1523 4123 1642 4163 eam
1688 4107 1846 4163 facile

262 4210 481 4266 possem
522 4197 818 4253 occultare.
858 4197 1123 4253 lnstinctu
1151 4198 1295 4253 enim
1322 4200 1557 4269 quodam
1588 4197 1843 4254 ineffabili

254 4296 317 4340 'et
345 4288 561 4343 fervore
588 4288 806 4344 insolito
838 4287 1420 4359 succensus,aliquam
1454 4290 1627 4345 laudis
1649 4290 1846 4346 divinas

264 4380 484 4447 Operam
509 4394 607 4449 pro
631 4381 803 4450 gratia
828 4379 1023 4434 collata
1049 4394 1329 4436 assumere
1355 4380 1641 4435 incitabar.
1681 4380 1843 4435 Cum-

267 4485 371 4538 que
407 4472 654 4526 eamdem
697 4472 1068 4542 intelligentia:
1106 4473 1336 4543 gratiam
1374 4486 1474 4528 nec
1514 4488 1736 4544 prorsus
1768 4482 1844 4528 ta-

1961 1925 2179 1979 modum
2200 1940 2346 1980 nunc
2371 1927 2666 1996 increpari,
2702 1928 2976 1984 interdum
3009 1928 3206 1986 leniter
3230 1932 3537 2000 admoneri,

1957 2018 2154 2071 crebro
2174 2019 2337 2073 etiam
2371 2020 2673 2074 humillimo
2703 2021 2821 2075 nisu
2853 2021 3129 2078 obsecrari
3161 2038 3260 2092 pro
3280 2027 3541 2082 emenda-

1958 2106 2105 2162 tione
2144 2122 2356 2163 morum
2386 2116 2438 2163 et
2478 2109 2756 2175 vitiorum,
2793 2124 2981 2169 eorum
3027 2113 3241 2184 quidem
3290 2115 3540 2186 inprimis

1948 2211 2077 2265 qua:
2127 2197 2384 2251 hesterno
2427 2197 2653 2252 forsitan
2696 2198 2789 2253 die
2825 2200 3146 2270 ignoranter
3189 2205 3538 2262 committens

1957 2298 2056 2351 pro
2099 2283 2269 2339 nihilo
2317 2285 2474 2350 duxi;
2508 2286 2703 2342 deinde
2745 2302 2876 2341 vero
2913 2300 3014 2358 pro
3042 2304 3233 2347 eorum
3280 2294 3538 2349 emenda-

1954 2375 2146 2441 tione,
2202 2389 2323 2444 qua:
2372 2375 2427 2428 in
2482 2391 2809 2447 quocunque
2857 2387 3101 2449 tempore
3151 2382 3386 2451 admisi,
3436 2394 3535 2440 aut

1952 2465 2132 2535 inepte
2158 2464 2401 2530 ridendo,
2435 2474 2531 2520 aut
2560 2466 2776 2522 incaute
2798 2468 3087 2537 loquendo,
3114 2484 3213 2525 seu
3250 2473 3419 2527 etiam
3450 2474 3534 2529 in-

1955 2556 2105 2610 utilia
2135 2556 2423 2626 cogitando
2451 2573 2466 2609 :
2497 2566 2774 2626 postremo
2802 2556 3312 2630 prolemendatione
3351 2561 3537 2632 cujus-

1953 2633 2082 2700 libet
2131 2646 2267 2711 vitii,
2316 2647 2459 2715 quod
2507 2648 2666 2717 longe
2700 2646 2813 2715 jam
2854 2656 3013 2703 antea
3040 2659 3413 2720 perpetratum

1954 2738 2196 2793 tuemini.

1940 2850 1943 2855 ‘
2022 2830 2270 2899 Cumque
2302 2829 2608 2899 huiusmodi
2645 2831 3002 2902 inspiratione
3039 2841 3097 2889 et
3134 2834 3392 2891 instinctu
3422 2837 3534 2896 eir-

1950 2929 2276 2977 cumventus
2304 2922 2593 2978 ecclesiam
2614 2923 2927 2989 intrassem,
2958 2934 3013 2980 et
3033 2925 3101 2980 ad
3126 2927 3392 2984 orationis
3418 2936 3536 2985 stu-

1942 3002 2096 3066 -di'um
2128 3026 2216 3065 me
2242 3011 2563 3081 suppliciter
2592 3011 2937 3067 inclinassem
2965 3023 3059 3069 aut
3084 3018 3527 3085 prostravissem‘,

1952 3100 2097 3156 Deus
2161 3101 2268 3156 scit
2328 3103 2473 3172 quod
2531 3117 2638 3157 non
2696 3104 2970 3171 mentior,
3019 3104 3365 3161 videbantur
3396 3108 3530 3163 milii

1898 3224 1919 3242 ι
1951 3196 2093 3266 quod
2121 3196 2321 3266 aliquid
2351 3211 2380 3251 a
2409 3208 2497 3251 me
2534 3196 2852 3265 deposceret
2886 3197 3076 3253 eodem
3105 3197 3531 3267 studio'oran‘di,

1953 3289 2179 3344 dicens:
2213 3289 2385 3344 Sicuti
2421 3289 2588 3360 igitur
2621 3289 2717 3344 tibi
2749 3297 2961 3359 gratum
3008 3297 3094 3346 est
3139 3300 3201 3346 ut
3239 3305 3269 3345 a
3303 3304 3393 3347 me
3445 3292 3535 3350 ro-

1950 3390 2072 3449 gata
2102 3380 2458 3448 consequaris
2486 3420 2500 3446 ,
2548 3379 2618 3434 ita
2651 3392 2868 3451 quoque
2894 3381 3028 3437 mihi
3063 3382 3359 3453 pretiosum
3399 3388 3535 3439 cod-

1950 3478 2080 3534 stat,
2105 3472 2151 3524 si
2184 3480 2237 3523 tu
2265 3470 2517 3539 precibus
2559 3472 2783 3527 obedias
2832 3473 2987 3527 meis.
3039 3471 3229 3528 Nonne
3277 3484 3407 3546 ergo
3447 3478 3530 3538 tu.

1936 3574 2110 3629 quem
2158 3575 2301 3631 stupe
2351 3562 2573 3630 rogavi,
2624 3570 2685 3615 ut
2735 3574 2804 3616 ne
2857 3562 2960 3617 hoc
3009 3570 3103 3617 aut
3150 3558 3529 3620 iliud'vltimn

1949 3663 2131 3719 geras,
2179 3650 2355 3703 adhuc
2396 3649 2450 3703 in
2495 3648 2602 3703 illis
2626 3650 2985 3719 perseveras?
3021 3651 3264 3721 nunquid
3290 3664 3398 3707 non
3428 3654 3529 3709 ad-

1935 3739 2055 3794 "huc
2092 3739 2145 3793 in
2181 3748 2243 3795 te
2270 3740 2506 3795 resident
2533 3740 2834 3795 carnalium
2864 3754 3046 3796 rerum
3072 3741 3364 3808 desideria,
3404 3742 3528 3798 ser's

1947 3832 2136 3888 vitutis
2178 3831 2376 3886 divinae
2422 3830 2766 3902 negligentia,
2791 3831 3074 3902 iactantia:
3100 3840 3157 3887 et
3180 3832 3526 3903 arrogantia,

1948 3939 2050 3979 nec
2080 3939 2188 3979 non
2221 3925 2446 3978 vestitus
2479 3922 2734 3995 superﬂui
2784 3923 3046 3990 studium,
3093 3925 3238 3980 illius
3285 3925 3521 3982 hominis

1948 4016 2152 4080 odium,
2186 4030 2345 4085 quem
2373 4017 2482 4070 scis
2508 4031 2538 4070 a
2569 4024 2621 4069 te
2653 4029 2759 4070 non
2795 4030 2915 4072 esse
2951 4016 3264 4081 odiendnm,
3305 4017 3521 4073 dicente

1953 4106 2239 4176 Scriptura
2284 4123 2299 4161 :
2326 4104 2511 4159 Omnis
2553 4105 2644 4176 qui
2671 4106 2782 4159 odit
2813 4105 3029 4175 fratrem
3058 4121 3232 4171 suum,
3254 4107 3517 4161 homicida

1945 4208 2039 4252 est.
2070 4197 2125 4252 Si
2150 4198 2296 4252 enim
2330 4197 2420 4252 ille
2447 4205 2501 4251 te
2530 4197 2733 4252 frustra
2777 4211 3108 4268 persequens
3152 4197 3373 4267 iniquus
3414 4206 3522 4263 ese,

1947 4290 2073 4359 quid
2104 4290 2170 4343 ad
2198 4300 2250 4344 te
2280 4288 2518 4358 pertinet
2568 4297 2628 4342 ut
2673 4302 2796 4342 eum
2846 4286 3098 4341 similiter
3140 4286 3524 4355 persequaris?

1946 4379 2133 4433 Nonne
2155 4379 2263 4433 scis
2290 4380 2550 4447 scriptum
2580 4393 2592 4430 :
2623 4377 2756 4430 Mihi
2776 4376 3186 4446 cindic:am,ego
3214 4378 3520 4443 reuincant,

1945 4468 2075 4521 dicit
2122 4466 2416 4521 Dominus?
2454 4465 2515 4520 Si
2540 4479 2671 4520 vero
2699 4466 2823 4520 talis
2843 4474 2933 4521 est
2961 4473 3020 4520 ut
3047 4481 3174 4519 eum
3204 4476 3523 4522 convertere

268 4574 388 4615 cere
434 4577 537 4618 nec
586 4563 936 4618 convenienti
986 4562 1195 4618 ratione
1257 4577 1468 4632 possem
1520 4564 1838 4633 perhibere,
1872 4544 1917 4602 Ῑ)
1947 4559 2157 4628 possis,
2204 4573 2302 4612 cur
2351 4556 2452 4611 huc
2496 4557 2759 4629 negligis?
2797 4573 2976 4613 nonne
3005 4557 3071 4611 ad
3102 4558 3204 4614 hoc
3235 4559 3525 4630 unicuique

268 4661 498 4708 tractare
528 4654 692 4722 carpi,
743 4656 871 4725 quia
921 4652 1149 4709 forsitan
1189 4655 1441 4711 dictando
1468 4667 1523 4711 et
1554 4658 1841 4714 scribendo

268 4738 443 4798 fervor
490 4744 686 4800 insitus
740 4745 935 4799 liceret
981 4743 1235 4814 proferri.
1290 4743 1404 4801 Hoc
1448 4746 1632 4815 itaque
1680 4750 1841 4804 modo

270 4836 598 4892 occasionem
642 4836 921 4892 scribendi
956 4851 1213 4902 sumens,
1258 4843 1314 4891 et
1343 4851 1406 4889 ea
1434 4851 1552 4906 quae
1597 4837 1842 4908 superius

272 4923 330 4979 de
350 4926 594 4984 illusione
617 4927 888 4982 diabolica
914 4926 1279 4997 proferebam,
1301 4936 1359 4982 et
1378 4943 1497 4997 quae
1521 4929 1698 4985 adhuc
1722 4946 1843 5000 pro-

269 5010 397 5070 ferre
426 5016 573 5080 volo,
608 5015 678 5075 de
698 5015 896 5070 divinae
929 5015 1302 5085 inspirationis
1328 5016 1596 5088 colloquio
1623 5019 1839 5089 scripsi,

264 5100 329 5157 ita
350 5104 637 5177 incipiens.

325 5196 591 5265 Quoniam
626 5197 800 5269 igitur
828 5198 1130 5255 delusiones
1161 5197 1457 5259 diabolicas
1493 5206 1838 5269 peccatorum

259 5302 485 5314 ..ΑΛ----μ
536 5305 703 5314 ..αι-⁸η
743 5298 952 5314 ουκ-ΠΛΑ-
1001 5299 1160 5314 ..ορ-..Α
1211 5300 1387 5314 ηις-ιι..-
1427 5307 1510 5314 ιιι..-
1554 5298 1834 5314 -.-Αμῖι-ι--

1940 4648 2213 4718 ingenium
2283 4647 2626 4717 liberalisque
2698 4649 2923 4704 scientia
2966 4664 3004 4703 a
3054 4649 3165 4704 Deo
3215 4656 3521 4718 praestatur,

1941 4748 2000 4795 ut
2025 4739 2157 4794 alios
2186 4739 2456 4794 aedificare
2486 4740 2778 4795 moliatur?
2802 4741 2882 4794 An
2911 4740 3198 4796 arbitraris
3223 4749 3283 4795 nt
3318 4749 3370 4796 te
3396 4749 3517 4797 tan-

1941 4830 2217 4884 tummodo
2247 4831 2299 4883 in
2330 4829 2462 4884 alios
2490 4840 2805 4899 peccantem
2846 4831 3005 4885 velim
3031 4830 3287 4895 tolerans,
3316 4840 3377 4886 et
3404 4840 3524 4889 non

1943 4920 2197 4976 similiter
2240 4921 2374 4976 alios
2405 4921 2459 4975 in
2502 4932 2557 4976 te
2602 4921 2975 4992 delinquentes
3020 4938 3193 4993 usque
3230 4923 3301 4978 ad
3347 4924 3524 4993 paeni-

1932 5012 2173 5068 "tentiam
2201 5014 2554 5083 exspectare?
2588 5013 2723 5083 quin
2749 5014 2932 5084 potius
2960 5017 3200 5080 attende,
3230 5016 3358 5086 quia
3379 5015 3524 5073 sicut

1932 5104 2189 5159 omnium
2235 5118 2401 5159 unum
2444 5105 2720 5174 patientiae
2767 5113 2821 5160 et
2866 5107 3211 5175 paternitatis
3241 5108 3415 5162 habeo
3444 5105 3529 5162 af-

1944 5199 2178 5266 fectum;
2230 5214 2326 5255 vos
2370 5210 2552 5257 autem
2604 5202 2850 5256 homines
2884 5202 2989 5258 hoc
3028 5203 3183 5256 decet
3209 5200 3525 5256 omnimodo

1942 5293 2224 5314 --..--.!.’I-..-
2252 5301 2304 5314 --ι
2334 5299 2475 5314 1-....-
2518 5290 2732 5314 _-'-a-n2-
2771 5302 2901 5314 ικη...
2944 5289 3135 5314 1--.-οε..
3164 5287 3312 5314 ..Αιτῖη
3342 5289 3503 5314 ...ιιι-ιυ-

2334 5299 2475 5314 ΙΑ-μ..-
2518 5290 2732 5314 μ’..οιιιξ-
2771 5302 2901 5314 una...
2944 5289 3135 5314 Ι--.ιιοειι
3164 5289 3312 5314 -Αιτῗη
3342 5289 3523 5314 ...ιιι-υ.
