3998 5450
464 332 537 401 55
1474 329 1775 389 οτιιιοιιι
1811 330 2118 391 MONACHI
2161 334 2217 390 S.
2262 332 2682 397 EMMERAMMI
3004 348 3007 351 λ
3651 344 3731 404 58

463 448 563 504 das
578 440 888 517 persolvere
913 442 1135 498 votum?
1158 439 1384 511 Rogasti
1409 440 1573 496 etiam
1598 441 1694 496 tibi
1723 441 1880 496 talem
1909 455 2039 512 prae-
2066 450 2115 505 Α
2143 445 2340 499 mentis
2380 446 2655 517 gravibus,
2689 456 2784 504 aut
2833 449 3119 508 inhonesta
3150 453 3521 511 membrorum
3552 457 3728 515 amis-

464 537 595 594 stari
641 535 840 599 loemn,
880 534 935 588 in
969 548 1075 604 quo
1100 531 1312 601 copiam
1336 530 1566 587 haberes
1591 531 1874 597 librorum.
1902 532 2041 587 Ecce

460 629 684 684 auditus
732 640 814 691 es,
865 639 995 680 ecce
1043 623 1212 678 libros
1257 622 1463 678 retines
1514 622 1787 677 diversmn
1848 623 2040 692 dogma

460 719 741 783 ferentes,
796 717 848 770 in
903 715 1101 784 quibus
1151 722 1413 769 mternam
1468 714 1672 784 poteris
1718 729 2043 785 cognoscere

460 807 648 861 vitam.
672 805 783 860 Cur
810 803 973 858 rebus
1001 802 1169 857 variis
1199 811 1436 857 mentem
1486 815 1583 872 per
1613 802 1796 857 inania
1831 804 2043 874 Spargis

460 907 517 953 ct
563 896 742 950 minus
806 902 1047 963 optatum
1116 890 1339 947 festinas
1389 904 1605 948 sumere
1669 892 1913 947 donum?
1958 891 2041 947 Ad

461 985 579 1040 lucc
627 983 790 1038 etiam
836 995 1033 1051 rogare
1079 980 1358 1045 studuisti,
1410 989 1469 1035 ιιι
1515 981 1643 1049 quia
1695 990 1747 1038 te
1793 983 1862 1036 ad
1910 981 2042 1037 tole-

460 1073 627 1135 randa
674 1072 902 1126 adversa
952 1079 1321 1140 praeparatum
1376 1080 1432 1125 et
1487 1080 1794 1142 promptum
1851 1072 2041 1128 existi-

458 1165 643 1229 masti,
683 1163 923 1232 aliquam
969 1176 1134 1233 super
1170 1169 1223 1215 te
1275 1161 1646 1231 permitterem
1694 1165 1880 1219 venire
1926 1179 2044 1220 mo-

457 1255 670 1311 lestiam
716 1252 1058 1321 tentationis,
1119 1266 1217 1323 per
1274 1266 1436 1320 quam
1486 1253 1783 1331 meruisses
1836 1254 2049 1325 aliqua.

458 1356 616 1401 tenus
660 1341 950 1414 cxpurgari
978 1356 1008 1395 a
1037 1342 1300 1412 peccatis.
1323 1409 1327 1413 _
1351 1342 1489 1397 Ecce
1523 1351 1579 1396 ct
1611 1344 1716 1398 boc
1758 1344 1832 1399 ita
1874 1360 2048 1402 exau-

457 1436 594 1501 divi,
640 1445 701 1490 ut
739 1450 846 1489 non
883 1433 1179 1488 secundum
1229 1432 1544 1502 nequissimi
1573 1433 1860 1491 tentatoris
1897 1446 2043 1502 vota,

464 1526 561 1597 sed
621 1524 802 1595 potius
852 1522 1008 1592 justa
1059 1523 1203 1579 vires
1250 1522 1346 1577 tibi
1384 1536 1671 1577 concessas
1707 1526 1775 1578 ab
1812 1538 1877 1578 eo
1915 1523 2041 1579 fati-

457 1615 662 1689 garetis
699 1629 714 1667 :
748 1623 803 1669 et
852 1623 1031 1669 tamen
1070 1628 1193 1668 cum
1231 1613 1299 1668 ab
1339 1612 1645 1682 lntjnsmodi
1682 1627 2044 1684 compugnan-

437 1710 537 1774 _tia
596 1704 925 1777 attingcris,
989 1719 1115 1759 mox
1179 1702 1323 1757 velut
1389 1703 1608 1772 ignarus
1664 1701 1749 1757 vel
1803 1703 2031 1758 inermis

460 1801 634 1855 rictus
658 1796 869 1851 abibis?
893 1794 1118 1850 Constat
1140 1795 1353 1865 ineptus
1375 1794 1557 1859 homo,
1580 1793 1670 1863 qui
1698 1809 1757 1849 sc
1787 1795 1891 1850 scit
1910 1796 2036 1850 sub-
2068 1788 2110 1848 Β

453 1892 586 1947 dere
608 1897 825 1953 neutro,
867 1902 965 1963 nec
996 1887 1114 1958 paci
1140 1886 1391 1942 videlicet
1430 1900 1533 1940 nec
1573 1884 1732 1957 bello.
1773 1884 1899 1940 Paci
1923 1885 2038 1955 qui-

454 1985 596 2048 dem,
639 1982 765 2052 quia
795 1995 917 2036 cum
946 1978 1090 2034 nulla
1122 1978 1298 2055 aderit
1323 1992 1522 2049 pugna,
1568 1991 1628 2032 se
1658 1985 1913 2047 tanquam
1945 1992 2042 2032 va-

453 2073 622 2129 lidum
666 2081 723 2127 et
752 2079 1061 2142 promptum
1104 2077 1297 2140 Sponte
1339 2066 1499 2122 ollert
1547 2066 1619 2122 ad
1656 2068 2033 2139 pugnandum;

453 2166 596 2223 bello
620 2174 821 2230 autem,
862 2163 990 2234 quia
1024 2177 1186 2233 quam
1217 2162 1452 2232 primum
1485 2160 1789 2215 insonuerit
1814 2160 2038 2232 clangor

452 2274 667 2330 pagum,
696 2271 824 2311 mox
853 2255 1114 2326 depositis
1146 2253 1316 2308 armis
1352 2250 1487 2323 fugit
1526 2251 1592 2306 ad
1640 2251 1833 2307 solatia
1865 2251 2036 2322 pacis.

453 2350 626 2417 Quem
656 2360 788 2416 ergo
810 2354 1124 2401 sanctorum
1150 2342 1373 2397 Patrum
1401 2342 1455 2396 in
1482 2340 1663 2396 Veteri
1685 2351 1781 2396 aut
1808 2342 1862 2397 in
1889 2341 2037 2397 Novo

453 2439 801 2496 Testamento
852 2438 1162 2508 degentium
1213 2449 1325 2489 tam
1374 2443 1589 2505 gratum
1641 2434 1771 2488 mibi
1817 2442 2038 2502 tamque

451 2531 745 2603 pretiosum
769 2545 892 2586 esse
930 2541 1168 2598 unquam
1214 2526 1413 2597 legisti,
1459 2532 1519 2579 ut
1560 2539 1681 2579 eum
1716 2523 1768 2577 in
1816 2521 2038 2577 tribula-

457 2622 622 2679 tionis
642 2620 874 2691 alicujus
896 2618 1119 2685 fornace
1140 2617 1431 2672 noluissem
1456 2614 1709 2691 probari?
1735 2612 1793 2666 In
1816 2613 2038 2681 quibus-

450 2730 665 2784 cunque
691 2690 856 2783 igitur
894 2711 1048 2764 libris
1081 2708 1278 2763 divina:
1318 2707 1449 2775 legis
1495 2690 1706 2775 placeat
1751 2704 1852 2771 boc
1894 2702 2036 2773 quod

448 2804 558 2873 jam
590 2801 701 2857 dixi
732 2798 1052 2869 exquirere,
1093 2804 1148 2851 et
1184 2794 1429 2850 invenies
1464 2793 1655 2863 procul
1689 2793 1856 2848 dubio
1902 2791 2035 2846 mibi

452 2909 559 2948 non
589 2893 642 2947 in
668 2906 765 2946 sua
796 2889 1072 2944 voluntate
1097 2886 1379 2951 delicatos,
1408 2884 1503 2941 sed
1544 2885 1715 2957 magis
1763 2874 1815 2939 in
1859 2884 2035 2939 tribu-

452 2982 654 3037 latione
688 2996 754 3037 ac
793 2977 1167 3050 persecutione
1208 2977 1463 3046 probatos
1495 2990 1714 3045 semper
1742 2974 2031 3045 placuisse.

460 3074 612 3131 Unde
641 3073 695 3141 in
728 3069 1023 3141 Evangelio
1052 3068 1250 3124 dicitur
1271 3084 1288 3123 :
1311 3066 1463 3121 Beati
1497 3066 1587 3137 qui
1626 3066 2030 3137 persecutionum

2142 535 2410 611 sionevix
2437 549 2757 607 praesentem
2785 542 2949 597 vitam
2975 545 3242 602 redimere
3264 558 3599 615 meruerunt,
3623 564 3722 605 seu

2120 625 2304 692 etiam
2331 626 2497 698 (quod
2525 629 2887 689 miserabilius
2900 633 3008 702 est)
3034 644 3127 688 aut
3148 635 3360 706 gladiis,
3388 647 3478 711 aut
3509 637 3721 708 bestiis,

2142 719 2407 788 autigne,
2439 720 2555 775 sive
2579 723 2736 791 aquis
2763 727 3065 796 consumpti
3103 737 3333 783 mortem
3380 730 3724 799 repentinam

2114 860 2119 867 ,
2143 806 2443 864 subierunt.
2472 810 2601 876 Qua:
2626 814 2806 868 omnia
2837 814 2964 871 licet
3005 818 3191 874 multis
3217 820 3537 876 criminibus
3577 837 3725 894 swpe

2143 899 2458 967 meruisses,
2497 917 2602 957 non
2634 904 2804 959 solum
2835 907 3033 974 pietate
3060 908 3238 963 divina
3277 920 3553 979 protectus
3593 929 3725 968 eva-

2145 989 2296 1056 sisti;
2339 1006 2524 1047 verum
2561 993 2724 1059 etiam
2778 996 3013 1069 ingentia
3057 1000 3219 1059 dona.
3258 1016 3376 1069 qua:
3405 1002 3727 1057 mortalibus

2143 1082 2393 1152 plurimis
2433 1094 2560 1139 sunt
2592 1096 2808 1157 negata,
2851 1097 2905 1142 tu
2932 1088 3079 1144 velut
3110 1105 3175 1144 ex
3211 1092 3417 1147 meritis
3449 1093 3723 1161 aliquibus

2145 1176 2427 1246 acquisita,
2452 1177 2520 1232 ab
2543 1179 2700 1233 annis
2724 1180 3019 1247 puerilibus
3040 1197 3209 1250 usque
3236 1183 3289 1237 in
3316 1199 3554 1254 priesens
3582 1193 3724 1239 tem-

2144 1280 2245 1336 pus
2290 1282 2503 1337 semper
2533 1269 2775 1333 tenuisti.
2807 1269 2999 1327 Nonne
3040 1287 3171 1343 ergo
3207 1273 3324 1328 haec
3354 1282 3504 1327 tanta
3536 1289 3721 1329 recor-

2144 1359 2362 1415 datione
2392 1369 2517 1414 sunt
2546 1360 2741 1430 digna?
2774 1362 3015 1432 nunquid
3046 1363 3207 1418 ullam
3252 1364 3308 1418 in
3347 1363 3515 1418 Deum
3548 1365 3720 1420 babes

2138 1453 2297 1523 iusta:
2322 1456 2675 1526 querimonia:
2703 1457 2961 1511 causam?
3000 1455 3127 1512 Scio
3161 1457 3347 1527 utique
3376 1467 3428 1512 te
3453 1473 3520 1512 eo
3548 1457 3719 1526 majo-

2145 1561 2261 1602 rem
2304 1561 2404 1618 pro
2445 1546 2790 1602 tribulatione
2834 1538 3154 1618 quacunque
3197 1549 3398 1604 recenti
3446 1549 3713 1618 querimo-

2144 1634 2289 1690 niam
2321 1635 2542 1702 babere,
2573 1651 2680 1706 quo
2708 1639 2886 1692 minus
2920 1638 2973 1692 in
3007 1647 3245 1708 tempore
3274 1639 3598 1708 praecedenti
3621 1638 3718 1694 ad-

2145 1742 2300 1799 versa
2328 1728 2518 1785 Suliltts
2544 1744 2667 1785 eras
2693 1729 2798 1783 ulla
2826 1730 3117 1800 sustinere.
3145 1730 3376 1801 Ideoque
3398 1739 3587 1785 contra
3611 1729 3717 1784 Do-

2137 1822 2269 1876 mini
2292 1821 2500 1892 llagella
2527 1823 2764 1893 peccatis
2786 1823 2892 1877 tuis
2912 1821 3191 1878 abolendis
3218 1821 3382 1877 nimis
3408 1821 3715 1877 necessaria

2138 1922 2288 1970 tanto
2317 1914 2489 1985 magis
2520 1915 2679 1970 modo
2707 1930 3047 1971 murmurare
3072 1913 3235 1979 soles,
3265 1922 3469 1984 quanto
3509 1912 3718 1981 majore

2135 2004 2416 2061 clementia
2443 2006 2813 2076 patientiaque
2844 2005 2934 2060 ille
2962 2006 3224 2062 hactenus
3253 2006 3565 2075 iniquitates
3595 2012 3717 2060 tuas
3800 2011 3806 2014 ‘

2136 2094 2397 2165 sustinuit
2423 2108 2634 2150 omnes.
2666 2095 2771 2150 Sed
2802 2095 2916 2150 haec
2956 2102 3037 2148 est
3063 2092 3410 2162 iniustissima
3436 2092 3716 2147 hominum

2136 2184 2568 2255 recompeusatio
2596 2191 2656 2237 ut
2687 2199 2811 2238 cum
2839 2198 2869 2237 a
2897 2183 3129 2253 pueritia
3172 2197 3341 2251 usque
3370 2183 3436 2235 ad
3466 2190 3719 2236 senecta.-

2138 2280 2245 2328 tctn
2291 2273 2595 2343 omnigenis
2640 2283 2981 2344 peccatorum
3027 2274 3277 2341 sordibus
3306 2273 3530 2327 involuti
3576 2272 3720 2328 mira

2136 2363 2230 2417 Dei
2258 2363 2456 2432 pietate
2480 2362 2870 2426 sustineantur,
2897 2372 2950 2416 et
2981 2372 3167 2432 postea
3195 2377 3264 2417 ne
3292 2362 3514 2416 :eternis
3543 2362 3715 2431 depu-

2138 2458 2323 2504 tentur
2351 2449 2649 2520 suppliciis,
2694 2465 2792 2519 pro
2819 2451 3130 2506 eorumdem
3180 2447 3522 2520 pcecatorum
3562 2449 3715 2506 ablu-

2137 2540 2284 2621 tionc
2324 2539 2668 2608 aliquatenus
2712 2538 3047 2611 aIIIigantur;
3086 2540 3262 2596 nullas
3309 2541 3360 2595 e'i
3391 2552 3572 2612 grates
3596 2549 3715 2597 slu-

2137 2631 2298 2686 deant
2326 2630 2657 2699 impendere,
2686 2642 2779 2687 aut
2806 2649 2903 2703 pro
2927 2634 3167 2690 exhibita
3196 2635 3591 2704 compassione,
3620 2641 3719 2689 aut

2135 2735 2235 2791 pro
2259 2721 2659 2777 emendatione.
2687 2722 2804 2777 Noli
2840 2739 2968 2792 ergo
2995 2724 3204 2789 mirari,
3229 2725 3355 2793 quia
3382 2725 3511 2778 mihi
3536 2723 3717 2793 placet

2135 2827 2327 2866 omnes
2346 2812 2563 2881 probari
2585 2830 2598 2867 :
2624 2829 2747 2867 nam
2772 2829 2871 2868 nec
2891 2814 3012 2877 sibi,
3037 2830 3135 2870 nec
3154 2815 3273 2869 aliis
3292 2814 3490 2886 cogniti
3513 2813 3712 2878 forent,

2137 2900 2237 2954 nisi
2256 2915 2349 2967 eos
2368 2910 2698 2963 tentantenta
2714 2902 2893 2971 aliqua
2908 2913 3086 2958 certos
3098 2918 3163 2958 ac
3179 2904 3433 2974 probatos
3449 2903 3710 2958 facerent.

2137 2989 2271 3055 Quis
2299 2990 2443 3044 enim
2482 2990 2638 3046 miles
2676 2991 2878 3067 mullum
2915 2992 3084 3061 praelii
3113 2992 3407 3063 periculum
3433 3001 3712 3062 expertus,

2142 3081 2419 3150 praeliandi
2452 3084 2631 3138 socius
2652 3083 2756 3139 erit
2778 3084 2994 3139 certus?
3023 3085 3251 3154 ideoque
3273 3083 3425 3140 multi
3452 3086 3503 3138 in
3523 3086 3636 3138 otio
3655 3092 3714 3139 et

450 3164 730 3234 patiuntur
755 3168 967 3230 propter
993 3157 1281 3227 justitiam,
1317 3154 1563 3226 quoniam
1584 3148 1814 3222 ipsorum
1850 3162 1923 3206 est
1955 3168 2038 3207 re-

2146 3171 2197 3224 in
2243 3186 2376 3241 pace
2424 3172 2598 3227 inutili
2627 3172 2847 3239 nutriti,
2877 3174 3122 3241 quamvis
3153 3163 3321 3228 fortes
3344 3188 3405 3229 se
3447 3187 3567 3229 esse
3595 3186 3713 3227 cre-

451 3267 610 3323 gnum
643 3248 912 3303 ccelorum.
939 3245 996 3300 Id
1027 3245 1154 3299 item
1181 3242 1494 3312 evangeliea
1527 3242 1692 3294 verba
1723 3247 2035 3295 testantur:

454 3340 694 3413 Regnum
746 3336 995 3393 caelorum
1042 3336 1143 3390 rint
1190 3334 1422 3403 patitur,
1473 3341 1522 3385 et
1571 3328 1781 3385 violenti
1826 3328 2036 3399 rapiunt

451 3433 606 3487 illud.
640 3433 771 3487 Item
797 3430 1059 3499 scriptum
1086 3437 1170 3484 est
1199 3426 1254 3480 in
1286 3422 1576 3494 Evangelio
1601 3440 1614 3477 :
1641 3421 1825 3475 Ardua
1856 3429 1904 3474 et
1940 3435 2037 3472 an-

352 3566 355 3567 ν
449 3538 606 3600 gusta
637 3535 712 3580 est
741 3525 824 3581 via
862 3540 983 3596 qua:
1011 3523 1154 3576 ducit
1177 3520 1246 3575 ad
1272 3520 1450 3575 vitam.
1489 3518 1627 3572 IIinc
1649 3517 1812 3571 etiam
1841 3513 2039 3569 Paulus

451 3617 728 3689 apostolus
770 3615 944 3671 dicit:
969 3611 1139 3667 Nemo
1186 3608 1525 3697 co'ronabitur
1559 3607 1661 3661 nisi
1697 3608 1783 3680 qui
1813 3605 2038 3676 legitime

452 3709 747 3765 certaverit.
768 3706 904 3763 Cum
926 3719 1058 3776 ergo
1083 3703 1199 3758 luce
1220 3695 1274 3757 et
1296 3701 1380 3756 bis
1399 3698 1600 3755 similia
1621 3697 1789 3752 multa
1815 3697 1867 3752 in
1891 3695 2040 3750 Scri-

451 3802 628 3873 pturis
652 3799 825 3855 sacris
854 3797 962 3852 scis
985 3807 1108 3849 esse
1135 3791 1357 3861 scripta,
1391 3804 1559 3859 quare
1592 3796 1672 3851 tu,
1717 3789 1764 3840 si
1803 3785 2037 3855 aliquam

456 3893 580 3961 vita:
598 3887 854 3961 perennis
870 3898 1130 3941 coronam
1151 3883 1234 3936 vis
1255 3880 1556 3952 percipere,
1576 3877 1650 3932 nil
1671 3875 2036 3931 tribulationis

456 3990 555 4037 aut
577 3979 838 4035 molestia:
862 3991 961 4046 pro
985 3973 1308 4031 criminibus
1335 3971 1525 4025 saltem
1552 3968 1860 4024 commissis
1888 3966 2041 4035 cupis

456 4069 763 4128 sustinere?
789 4066 1020 4121 Attende
1056 4065 1237 4132 itaque
1271 4061 1559 4131 diligenter
1586 4059 1653 4113 ad
1685 4071 1748 4112 ea
1778 4072 1898 4126 qua:
1924 4054 2038 4123 jam

456 4166 638 4221 dicere
682 4160 823 4224 volo,
869 4158 1123 4229 quoniam
1169 4155 1345 4226 legisti
1387 4153 1514 4207 talia
1557 4153 1772 4208 crebro.
1816 4150 2039 4204 Plurimi

457 4267 692 4323 namque
736 4259 1052 4306 sanctorum
1104 4244 1213 4300 non
1271 4254 1480 4299 tantum
1516 4256 1613 4311 pro
1663 4240 2041 4295 emendatione

457 4362 551 4402 seu
585 4326 924 4401 correctione
958 4347 1345 4411 peccatorum,-
1368 4344 1630 4405 quantum
1663 4340 1883 4402 propter
1916 4344 2043 4400 pro-

456 4438 729 4494 batiouem
773 4442 866 4487 aut
909 4438 1186 4501 perpetua:
1230 4425 1506 4481 felicitatis
1545 4421 2040 4491 compensationem

460 4535 728 4585 tormenta
776 4524 830 4578 in
875 4496 979 4577 hoc
1010 4496 1229 4574 mundo
1271 4516 1633 4587 pertulerunt,
1677 4513 1819 4569 sicut
1865 4511 2036 4567 sancti
2066 4496 2116 4556 Ῑ)

458 4620 584 4684 Job,
634 4613 842 4678 Daniel,
879 4611 1070 4675 Isaias,
1118 4608 1384 4663 Jeremias
1431 4606 1486 4660 in
1533 4603 1746 4669 Veteri;
1797 4602 1849 4657 in
1889 4600 2038 4657 Novo

460 4720 643 4766 autem
674 4707 1023 4777 Testamento
1050 4715 1240 4756 omnes
1270 4714 1407 4769 pene
1436 4705 1734 4768 martyrum
1763 4694 1915 4749 ebori
1962 4692 2038 4748 le-

460 4808 661 4872 guntur
689 4797 806 4852 ideo
835 4793 1008 4862 magis
1036 4789 1208 4862 passi,
1239 4798 1299 4844 ut
1338 4788 1486 4844 velut
1513 4801 1705 4840 aurum
1734 4786 1787 4838 in
1818 4783 2040 4838 fornace

460 4888 748 4959 probatum
776 4884 1022 4955 puriores
1046 4878 1246 4942 ell'ecti,
1277 4886 1479 4932 aeterna
1519 4873 1925 4944 perfruerentur
1951 4884 2041 4924 re-

461 4966 615 5048 quie,
643 4989 808 5045 quam
839 4981 895 5026 ut
929 4987 1026 5042 pro
1052 4967 1348 5024 sceleribus
1392 4964 1567 5035 puniri
1598 4972 1807 5018 reatum
1837 4960 2041 5031 persol-

462 5076 655 5125 verent
678 5066 827 5121 illata
865 5061 1234 5119 tribulatione.
1266 5059 1346 5113 'I‘u
1377 5050 1670 5112 vero'nibil
1696 5055 1888 5110 borum
1925 5068 2040 5109 me-

464 5160 571 5215 rito
603 5156 698 5212 tibi
732 5153 1007 5210 vindica-re
1054 5160 1228 5221 potes,
1277 5155 1336 5200 ut
1372 5145 1581 5200 scilicet
1610 5143 1781 5213 magis
1810 5141 1879 5197 ad
1909 5156 2037 5213 pro-

464 5248 736 5303 bationem
764 5258 926 5314 quam
959 5242 1027 5296 ad
1057 5248 1401 5311 peccatorum
1429 5232 1821 5288 absolutionem
1847 5230 2040 5286 amodo

466 5335 753 5405 afﬂigat-is;
792 5332 888 5388 sed
921 5331 990 5385 ad
1025 5330 1130 5384 hoc
1166 5325 1544 5381 tribulationes
1571 5322 1915 5378 omnimodas
1945 5322 2038 5378 tibi

2140 3260 2289 3326 dant,
2338 3260 2557 3332 quando
2610 3262 2857 3316 venerint
2899 3262 2967 3316 ad
3013 3261 3237 3325 bellum,
3291 3261 3547 3339 continuo
3574 3259 3715 3332 fugae

2129 3358 2388 3418 quierunt
2411 3350 2741 3421 praesidium.
2767 3349 2859 3404 Sic
2878 3350 3043 3405 etiam
3064 3360 3129 3415 tu
3151 3351 3445 3412 arbitratus
3463 3366 3523 3405 es
3548 3357 3716 3405 temet

2140 3448 2266 3496 ante
2295 3440 2611 3496 tentationis
2644 3450 2855 3511 tempus
2880 3441 3113 3496 validum
3145 3442 3212 3497 ad
3244 3442 3422 3508 omnia
3449 3458 3465 3495 :
3494 3449 3550 3495 et
3585 3453 3715 3496 ecce

2139 3544 2300 3599 quam
2347 3529 2593 3585 infirmus
2638 3530 2715 3585 sis
2776 3544 2843 3584 ex
2917 3533 3215 3585 tentatione
3265 3538 3488 3599 apparet
3540 3529 3712 3584 illata.

2140 3619 2392 3688 Nunquid
2416 3619 2593 3673 adhuc
2624 3618 2802 3687 nescis
2828 3629 3087 3687 quantum
3119 3618 3191 3672 sit
3215 3633 3441 3672 noscere
3464 3619 3591 3686 quid
3614 3619 3712 3675 sis.

2138 3710 2297 3763 Certe
2322 3708 2365 3763 si
2393 3709 2621 3762 necdum
2643 3707 2869 3761 teutatio
2894 3707 3072 3759 aliuua
3112 3704 3408 3770 fortiorem,
3433 3706 3506 3758 tni
3532 3718 3713 3761 tamen

2142 3805 2193 3851 te
2248 3795 2377 3850 fecit
2422 3796 2736 3859 certiorem,
2766 3794 2892 3863 quia
2937 3795 3086 3863 p‘t’ius
3134 3803 3184 3849 te
3225 3794 3387 3865 (quod
3430 3809 3535 3848 non
3564 3793 3713 3866 eras)

2140 3882 2399 3939 credebas
2436 3882 2704 3947 validum;
2750 3897 2895 3936 nunc
2932 3882 3214 3936 veritatem
3248 3882 3478 3952 propria:
3508 3881 3717 3951 fragili-

2140 3973 2264 4030 tatis
2296 3982 2572 4042 expertus,
2603 3973 2851 4044 agnoscis
2880 3980 2931 4027 te
2963 3972 3259 4027 inﬁrmum.
3288 3972 3412 4027 Haec
3443 3982 3527 4027 est
3558 3989 3715 4028 nam-

2140 4081 2246 4136 que
2288 4047 2446 4120 “illius
2497 4063 2700 4133 agnitio
2753 4063 3085 4118 infirmitatis
3143 4064 3209 4118 de
3257 4079 3362 4133 qua
3422 4062 3713 4139 Apostolus

2140 4156 2312 4210 dicit:
2384 4152 2556 4207 Virtus
2602 4154 2657 4206 in
2707 4152 3013 4221 inﬁrmitate
3060 4153 3346 4221 perﬁcitur.
3396 4153 3561 4222 Igitur
3601 4151 3713 4208 Deo

2140 4245 2344 4316 gratias
2362 4258 2489 4313 rage,
2520 4241 2944 4312 quia,,quamvis
2969 4241 3221 4305 invitum,
3252 4251 3302 4296 te
3325 4240 3451 4296 fecit
3472 4242 3584 4312 jam
3618 4230 3713 4297 tib'i

2141 4347 2324 4391 notum
2356 4344 2410 4389 et
2446 4333 2676 4403 propriae
2714 4331 3023 4401 fragilitatis
3049 4331 3326 4386 conscium
3356 4349 3369 4384 :
3400 4330 3711 4385 considera-

2142 4441 2248 4496 qne
2294 4424 2472 4487 simul,
2530 4422 2656 4493 quia
2706 4429 2857 4476 tanto
2907 4419 3112 4489 majore
3163 4421 3446 4475 devotione
3496 4436 3560 4476 ac
3607 4420 3712 4474 fide

2145 4515 2394 4587 regimini
2431 4515 2612 4568 divino
2636 4498 2814 4568 debes
2849 4510 3046 4568 amodo
3085 4513 3483 4583 obtemperare,
3511 4522 3712 4583 quanto

2141 4606 2386 4678 pluribus
2431 4602 2818 4672 experimentis
2853 4602 2964 4672 jam
3009 4602 3247 4672 probasti
3285 4603 3463 4656 omnia
3510 4602 3563 4655 in
3605 4603 3714 4657 Deo

2144 4706 2255 4751 tuta
2298 4709 2437 4750 esse.
2494 4693 2753 4748 Sullicere
2798 4708 3030 4763 namque
3082 4693 3178 4749 tibi
3233 4708 3329 4763 pro
3376 4692 3480 4747 fide
3524 4702 3580 4747 et
3618 4706 3715 4763 spe

2145 4785 2427 4842 retinenda
2452 4784 2689 4848 deberet,
2722 4784 2862 4852 quod
2890 4798 3033 4853 srepe
3074 4784 3130 4837 in
3174 4782 3457 4837 Psalmista
3495 4782 3631 4854 legis
3658 4791 3715 4838 et

2144 4882 2338 4938 audis:
2390 4879 2662 4947 Quomodo
2707 4880 2978 4934 miseretur
3002 4892 3154 4951 pater
3189 4880 3441 4949 ﬁliorum,
3471 4881 3712 4951 misertus

2146 4984 2220 5029 est
2265 4972 2520 5025 Dominus
2565 4969 2863 5023 timentibus
2903 4986 2977 5035 se,
3021 4970 3268 5040 quoniam
3315 4971 3424 5038 ipse
3476 4969 3712 5039 cognorit

2144 5061 2445 5131 ﬁgmentum
2470 5067 2723 5111 nostrum.
2771 5056 2838 5110 Et
2866 5057 3062 5111 iterum
3091 5074 3103 5110 :
3138 5053 3342 5131 Fidelis
3381 5055 3630 5108 Dominus
3659 5055 3712 5131 in
3772 5048 3779 5055 ’

2145 5151 2384 5207 omnibus
2413 5149 2579 5206 verbis
2619 5149 2758 5215 suis,
2789 5159 2837 5203 et
2868 5159 3081 5201 sanctus
3117 5148 3172 5199 in
3207 5146 3445 5199 omnibus
3476 5143 3713 5213 operibus

2145 5242 2275 5298 suis.
2324 5239 2603 5309 Itemque:
2651 5235 2889 5293 Custodit
2934 5235 3184 5291 Dominus
3219 5249 3396 5287 omnes
3443 5231 3714 5302 diligentes

2146 5350 2221 5395 se,
2247 5330 2523 5401 multaque
2546 5328 2631 5383 liis
2656 5327 2852 5383 similia
2880 5334 2935 5382 et
2963 5326 3015 5380 in
3051 5325 3274 5395 psalmis
3304 5332 3359 5377 et
3398 5323 3451 5376 in
3471 5322 3604 5405 aliis
3626 5334 3717 5399 eo-
