3998 5450
208 300 267 356 37
873 287 998 342 LIB.
1042 285 1128 340 DE
1169 279 1724 339 TENTATIONIBUS
1760 279 1915 336 SUIS
1955 279 2043 335 ΕΤ
2084 278 2416 337 SCRII'TIS.
2450 311 2516 320 —
2551 279 2733 336 PARS
2771 282 2811 336 Ι.
3375 287 3446 345 38

207 391 274 441 επ
298 383 495 451 iniquus
517 377 864 448 cogitationes
887 391 1011 428 suas
1031 414 1044 437 ,
1090 383 1136 426 et
1181 381 1470 425 revertatur
1495 371 1562 422 ad
1591 367 1770 420 Donti-
1797 376 1842 430 Α
1875 366 2128 438 Nunquid
2175 385 2274 438 pro
2323 385 2548 451 munere
2583 385 2772 440 parvo,
2801 381 2893 426 aut
2923 373 3040 427 sine
3075 389 3238 432 causa
3267 378 3449 438 datam

207 489 332 532 nam,
363 480 405 522 et
435 467 776 520 miserebitur
800 465 944 534 ejus;
975 473 1022 516 et
1059 462 1128 515 ad
1157 460 1322 513 Deum
1354 468 1611 518 nostrum,
1641 472 1769 526 quo-

206 567 324 618 niam
361 559 554 612 multus
576 568 662 611 est
697 558 764 609 ad
800 553 1188 625 ignoscendum.
1223 549 1279 603 III
1317 547 1600 602 Ezechiele
1635 559 1768 614 quo-

203 670 290 724 que
311 649 551 705 invenies
590 645 794 700 similia
824 644 988 698 verba
1015 658 1030 707 ;
1061 640 1250 694 scribit
1281 639 1423 690 enim
1450 653 1464 690 :
1509 634 1629 688 Vivo
1652 650 1766 702 eqo,

203 744 308 798 dicit
339 739 598 793 Dominus
632 735 799 799 Deus,
829 731 948 785 nolo
985 739 1200 782 mortem
1240 728 1406 797 impii,
1436 725 1526 779 sed
1555 735 1609 777 ut
1645 739 1770 776 con-

202 843 409 890 certator
434 839 483 882 et
525 831 696 881 uiuat.
730 826 800 880 Et
835 823 991 894 paulo
1019 830 1141 892 post
1185 818 1394 890 profert
1421 817 1766 881 sententiam,

201 939 302 998 qua:
325 924 445 975 licet
485 919 685 987 justis,
713 932 784 972 ne
811 917 875 970 de
901 930 960 970 se
987 913 1186 982 aliquid
1221 918 1566 980 praesumant,
1601 922 1766 977 pavo-

201 1029 295 1068 rem
323 1013 554 1078 ingerat,
589 1007 830 1076 injustos
856 1013 1032 1057 tamen
1063 999 1244 1055 verbis
1269 1014 1483 1053 omnem
1517 998 1768 1051 liutitana:

200 1101 476 1157 clementiae
526 1112 696 1152 usum
751 1093 1141 1149 excedentibus
1187 1089 1498 1144 consolatur
1543 1088 1765 1141 dicens:

195 1191 394 1247 Etiamsi
411 1190 570 1258 justo
593 1188 824 1241 dixero:
867 1183 982 1240 Vita
1014 1185 1166 1246 vivat,
1197 1194 1242 1236 et
1270 1180 1496 1249 conlisus
1527 1180 1579 1232 in
1601 1179 1764 1248 justi-

195 1283 259 1336 tia
284 1297 372 1334 sua
415 1279 607 1348 fecerit
641 1277 1002 1348 iniquitatem,
1035 1288 1209 1326 omnes
1225 1270 1450 1340 justitia:
1493 1269 1606 1339 ejus
1639 1270 1767 1322 οὺιὶο

199 1373 326 1427 itione
377 1371 687 1423 tradentur.
763 1365 822 1420 Si
881 1375 1053 1419 autem
1105 1364 1286 1416 dixero
1343 1360 1544 1430 impio:
1598 1359 1770 1414 Morte

200 1463 448 1525 morieris,
487 1472 539 1514 et
572 1460 748 1531 egeris
786 1457 1133 1528 ptertitentiam
1174 1472 1206 1506 a
1245 1462 1455 1524 peccato
1484 1468 1602 1517 suo,
1634 1451 1772 1520 [ece-

199 1558 344 1626 ritque
374 1555 657 1625 judicium
709 1563 758 1606 et
787 1550 1084 1620 justitiam,
1126 1548 1228 1601 uita
1257 1547 1383 1599 viret
1423 1555 1469 1597 et
1517 1560 1618 1596 non
1662 1560 1772 1596 nio-

197 1649 359 1701 rietur.
402 1645 459 1700 In
496 1645 633 1700 aliis
671 1644 836 1699 etiam
867 1640 1143 1712 prophetis
1191 1637 1460 1691 invenitur
1488 1637 1768 1704 scriptum,

1873 458 1966 512 tibi
1997 457 2303 513 litterarum
2333 448 2614 516 Scientiam
2656 462 2969 517 existimas?
2991 465 3034 518 Ο
3061 469 3247 537 quanti
3287 473 3448 538 pretii

1871 560 2234 620 pensarentur
2260 552 2364 606 ista
2391 555 2530 622 apud
2572 556 2769 610 multos
2798 572 2916 624 qua:
2949 565 3003 609 tu
3033 573 3131 628 pro
3165 562 3328 614 nihilo
3361 568 3452 618 dc-

1870 653 2048 712 putas.
2081 644 2314 699 Proinde
2335 661 2467 699 vero
2489 648 2612 716 quia
2643 663 2748 701 non
2775 649 2946 704 solum
2969 667 3130 720 supra
3157 665 3449 708 tltetttOI'aln

1871 734 2114 788 scientia:
2143 735 2377 790 liberalis
2406 737 2599 806 gratia,
2631 738 2724 792 sed
2753 739 2918 792 etiam
2962 754 3027 794 ea
3059 755 3177 810 qua:
3203 757 3269 796 ex
3308 744 3456 813 inge-

1871 827 1962 880 nio
2005 826 2237 880 naturali
2276 826 2500 896 ipsoque
2531 843 2626 882 usu
2653 831 2954 886 communis
2983 833 3108 887 vitae
3138 833 3282 888 velut
3331 849 3450 888 cer-

1874 917 2078 971 tissima
2109 919 2173 972 de
2204 916 2315 972 Deo
2347 919 2497 987 prius
2524 919 2828 984 sentiebas,
2858 937 3001 976 nunc
3038 924 3090 977 in
3120 925 3452 982 oblivionem

1871 1018 1926 1062 et
1955 1008 2006 1061 in
2037 1022 2278 1062 errorem
2311 1009 2473 1062 ducto
2506 1008 2601 1062 tibi
2641 1009 2860 1066 minime
2890 1021 3200 1081 suppetunt.
3235 1032 3333 1084 pro
3362 1033 3452 1072 re-

1874 1097 2092 1151 tinenda
2123 1097 2265 1151 inter
2306 1098 2618 1153 tentationis
2645 1099 2806 1153 illane
2847 1101 3120 1158 molestias
3151 1104 3272 1160 ﬁdei
3311 1107 3453 1176 spei-

1871 1202 1976 1256 que
2003 1189 2330 1252 constantia,
2358 1187 2486 1242 libet
2528 1189 2619 1242 illa
2655 1188 2860 1243 referre
2904 1190 2998 1244 Dei
3027 1191 3310 1258 beneﬁcia,
3333 1209 3453 1263 qua

1870 1287 2130 1347 expertus
2159 1293 2218 1332 es
2249 1278 2303 1332 in
2334 1279 2612 1348 pueritia:
2654 1288 2712 1334 ut
2754 1281 2880 1334 dum
2930 1282 3032 1336 hoc
3077 1283 3219 1351 quod
3271 1287 3448 1353 modo,

1873 1371 1998 1426 licet
2030 1371 2276 1441 plurimis
2305 1372 2644 1428 documentis
2673 1373 2987 1438 instructus,
3008 1383 3191 1444 utpote
3213 1376 3266 1430 in
3294 1388 3454 1434 :etate

1873 1463 2159 1516 niatnriori
2199 1463 2530 1518 constitutus
2560 1464 2800 1534 ignoras,
2826 1474 2878 1519 te
2904 1465 3030 1520 olim
3055 1467 3109 1520 in
3138 1477 3298 1522 aetate
3325 1484 3454 1538 pne-

1873 1544 2122 1610 ri|i°satis
2151 1569 2308 1610 nosse
2340 1557 2664 1625 probavero,
2709 1566 2800 1612 aut
2839 1557 2919 1612 sic
2956 1559 3216 1613 contusus
3257 1558 3326 1614 ad
3361 1575 3456 1614 cor

1876 1646 2086 1708 redeas,
2129 1655 2185 1700 et
2234 1647 2299 1700 de
2332 1645 2424 1700 Dei
2480 1647 2851 1702 misericordia
2904 1649 3270 1719 patientiaque
3318 1666 3457 1706 nun-

195 1744 366 1805 quanta
419 1733 518 1786 Dei
571 1732 760 1803 gratia
809 1730 880 1785 sit
926 1743 1087 1798 super
1133 1741 1323 1780 omnes
1371 1725 1462 1795 qui
1518 1725 1763 1778 invocant

1872 1755 2034 1808 quam
2067 1739 2298 1800 dilIidas.
2327 1740 2570 1808 quolibet
2600 1740 2760 1795 modo
2801 1739 3027 1797 afﬂictus
3053 1743 3459 1812 videaris,qua-

187 1825 339 1879 illum.
365 1820 481 1877 Joel
511 1836 743 1892 quoque
772 1819 1030 1890 propheta
1056 1817 1190 1870 dicit
1214 1833 1228 1869 :
1277 1813 1648 1868 Coneertimini
1699 1815 1766 1868 ad

194 1915 446 1967 Dominum
479 1914 661 1967 Deum
692 1924 940 1977 vestrum,
973 1911 1098 1980 quia
1125 1910 1373 1979 benignus
1400 1918 1447 1962 et
1473 1908 1767 1962 misericors

184 2012 272 2066 est,
298 2002 693 2072 etprrestabilis
715 2018 871 2072 super
896 2001 1123 2054 ntalitia.
1152 2000 1282 2054 ltetn
1310 2002 1474 2052 Amos
1505 2000 1766 2068 propheta

194 2095 334 2149 dicit:
381 2094 632 2160 Qua'rite
677 2094 978 2158 Dominum,
1021 2103 1067 2146 et
1115 2092 1286 2146 uiuite.
1331 2091 1446 2145 Non
1499 2092 1764 2145 minorem

195 2201 378 2254 quoque
404 2187 535 2240 fidei
574 2195 745 2254 atque
775 2185 888 2253 spei
929 2183 1230 2240 doctrinam
1264 2183 1316 2236 in
1338 2182 1474 2238 Jona
1505 2184 1763 2250 propheta

196 2275 434 2339 invenies,
474 2277 532 2330 in
563 2292 680 2346 quo
710 2285 1166 2329 commemoratur
1195 2273 1500 2343 benignitas
1533 2275 1622 2326 Det
1658 2273 1762 2324 lm-

196 2380 350 2418 tnensa
395 2367 549 2421 circa
607 2365 876 2419 Ninivitas
910 2364 1302 2432 delinquentes.
1353 2364 1549 2418 Eadem
1583 2364 1765 2432 itaque

198 2445 468 2509 rudimenta
510 2472 586 2512 ac
634 2455 830 2510 solatia
877 2456 929 2508 in
956 2456 1206 2508 omnibus
1252 2469 1419 2507 sacra:
1467 2455 1764 2522 Scriptura:

193 2547 322 2601 libris
346 2549 729 2618 reperiuntur,
764 2547 904 2601 sicut
937 2556 991 2602 et
1017 2546 1289 2615 apostolus
1317 2545 1513 2598 l’aulus
1534 2553 1764 2599 testantur

194 2641 350 2694 dicens
375 2660 387 2692 :
422 2640 626 2693 Omnis
656 2640 918 2707 scriptura
952 2637 1201 2690 divinitus
1231 2637 1486 2704 inspirata
1517 2635 1661 2687 utilis
1687 2643 1764 2688 est

191 2731 248 2781 ed
275 2730 608 2783 docendam.
647 2729 791 2782 .ltem
821 2727 1184 2781 Paulusinter
1221 2728 1511 2779 innumera
1544 2725 1761 2794 Episto-

196 2821 340 2874 larum
371 2839 603 2876 suarntn
636 2823 961 2876 documenta
980 2821 1287 2890 specialiter
1306 2820 1450 2888 quali
1475 2819 1760 2874 clementia

197 2913 314 2968 Deus
338 2916 391 2968 in
424 2914 794 2969 tribulatione
827 2923 917 2967 aut
956 2915 1252 2968 tentatione
1277 2916 1484 2983 positos
1525 2925 1758 2980 tueatur,

196 3007 371 3075 profert
414 3010 658 3063 dicens:
689 3004 896 3060 Fidelis
939 3004 1102 3070 Deus,
1141 3007 1229 3075 qui
1259 3023 1361 3059 non
1404 3007 1632 3075 patietur
1675 3024 1761 3061 ros

197 3100 357 3150 tentari
395 3115 568 3168 supra
605 3099 660 3151 id
698 3097 838 3167 quod
867 3097 1098 3166 potestis,
1128 3097 1216 3148 sed
1244 3095 1399 3164 faciet
1433 3113 1547 3148 eum
1585 3077 1754 3150 tenta-
1789 3077 1832 3139 C

197 3185 309 3238 tione
341 3199 689 3256 proventum,
728 3196 783 3239 ut
805 3187 1010 3256 possitis
1048 3188 1300 3240 sustinere
1341 3199 1360 3237 :
1393 3186 1520 3239 illud
1556 3187 1765 3261 scilicet

196 3287 493 3343 proventum
519 3292 744 3341 vocans,
767 3277 908 3345 quod
927 3276 1093 3330 variis
1119 3277 1502 3329 tentationihus
1529 3275 1756 3346 fatigati,

197 3365 271 3415 sed
295 3368 355 3419 ad
383 3367 682 3420 Dominum
707 3366 1005 3420 clamantes
1035 3365 1248 3420 liberati
1271 3365 1530 3420 discimus
1556 3378 1758 3435 quanta

198 3457 407 3522 nequitia
441 3458 521 3510 sit
557 3455 760 3510 diaboli
794 3471 892 3510 nos
921 3456 1308 3526 impugnantis,
1331 3466 1642 3524 quantaque
1666 3456 1758 3509 Dei

195 3548 342 3610 gratia
368 3563 470 3600 nos
501 3548 700 3600 exinle
730 3547 1030 3612 liberantis.

253 3634 345 3689 Sed
371 3639 414 3690 si
446 3639 516 3690 de
548 3637 804 3690 onutibus
833 3636 1170 3690 documentis
1209 3652 1327 3706 quae
1353 3635 1465 3705 jam
1503 3652 1572 3690 ex
1612 3635 1760 3690 Scri-

195 3727 340 3793 pturis
360 3727 571 3780 sanctis
594 3727 804 3794 prolata
828 3736 952 3779 sunt
971 3727 1174 3796 aliquid
1201 3726 1488 3792 dillideres,
1514 3736 1608 3780 aut
1629 3727 1755 3796 quia

195 3830 247 3869 es
283 3817 410 3886 leéis
455 3823 670 3882 umbra,
703 3833 801 3872 seu
832 3821 956 3888 quia
980 3834 1044 3874 ex
1092 3820 1243 3889 puris
1276 3819 1586 3873 hominibus
1628 3829 1757 3872 sunt

195 3909 337 3976 dicta;
389 3911 590 3965 saltem
639 3927 702 3965 ea
748 3927 868 3980 qum
923 3913 1063 3966 dicta
1116 3920 1243 3966 sunt
1291 3927 1320 3965 a
1367 3911 1597 3965 Domino
1627 3906 1752 3967 J'esu

194 3998 524 4070 Christo,qui
578 4002 720 4055 Deus
745 4012 798 4054 et
831 4002 990 4054 liotno
1017 4009 1121 4064 est,
1153 4000 1382 4054 ﬁrmiter
1409 4003 1636 4056 credere
1664 4002 1755 4055 de-

193 4087 390 4146 buisses.
430 4091 578 4145 Dicit
601 4092 768 4153 enim,
796 4090 1045 4144 Mattbteo
1075 4091 1407 4162 evangelista
1451 4101 1751 4146 narrante:

195 4176 294 4232 Non
317 4181 426 4235 seni
449 4198 636 4234 cacare
660 4181 863 4249 justas,
895 4181 983 4233 sed
1017 4192 1332 4249 peccatores.
1369 4179 1501 4236 Item
1536 4183 1753 4247 eodem,

194 4281 422 4324 narrante
447 4288 462 4322 :
502 4269 712 4336 Venite,
741 4271 939 4339 inquit,
966 4271 1034 4323 ad
1065 4287 1144 4324 me
1163 4286 1340 4324 omnes
1377 4274 1468 4341 qui
1499 4270 1753 4325 laboratis

191 4371 226 4411 et
246 4363 432 4417 onerati
449 4363 599 4426 estis,
629 4372 678 4416 et
713 4377 804 4431 ego
831 4378 916 4415 vos
946 4362 1196 4429 reﬁciam.
1223 4361 1365 4415 Luca
1393 4363 1538 4415 cnim
1564 4363 1749 4431 perhi-

194 4453 346 4520 bente,
368 4455 669 4526 discipulos
709 4425 840 4510 suos
875 4469 972 4523 pro
1001 4425 1234 4524 quadam
1271 4454 1481 4508 ratione
1508 4425 1754 4525 increpat
1791 4425 1836 4484 υ

193 4544 390 4601 dicens:
429 4544 664 4599 Nescitis
694 4545 848 4612 cujus
885 4548 1101 4614 spiritus
1129 4545 1273 4598 estis.
1302 4543 1480 4598 Filius
1530 4546 1755 4600 hominis

191 4648 273 4688 non
293 4639 418 4691 uenit
448 4639 660 4690 animas
683 4636 924 4704 perdere,
951 4636 1040 4688 sed
1065 4634 1290 4688 salvare.
1321 4634 1451 4689 Item
1479 4650 1578 4704 per
1604 4650 1754 4688 eum-

192 4726 290 4778 dem
331 4708 730 4798 evangelistam
782 4727 858 4780 ait
885 4745 897 4780 :
930 4727 1111 4795 Majas
1136 4728 1387 4798 gaudium
1418 4727 1514 4779 erit
1545 4727 1599 4780 in
1627 4727 1754 4780 calo

191 4832 320 4886 super
350 4838 452 4875 uno
489 4832 772 4889 peccatore
809 4820 1160 4888 paenitentiam
1187 4829 1390 4888 agente,
1419 4835 1578 4889 quant
1599 4834 1756 4888 super

188 4913 443 4982 nonaginta
468 4921 654 4968 norem
686 4912 859 4982 justis
894 4913 982 4982 qui
1026 4927 1131 4965 non
1169 4911 1400 4981 indigent
1430 4908 1754 4980 ptenitentia.

189 4994 366 5058 Ιοίιιιιιε
419 5019 641 5074 quoque
697 5003 1017 5072 perhibente
1077 5003 1218 5058 dixit
1267 5003 1546 5074 discipulis
1596 5001 1752 5058 suis:

190 5089 345 5157 Amen,
372 5112 522 5148 amen
549 5095 674 5148 dico
699 5093 857 5156 vobis,
881 5097 1004 5166 quia
1029 5097 1118 5168 qui
1149 5076 1356 5149 uerbum
1383 5111 1556 5149 nicum
1579 5092 1754 5160 audit,

188 5192 227 5232 st
245 5186 385 5237 credit
409 5189 456 5240 ei
484 5187 576 5256 qui
613 5185 762 5238 misit
801 5201 897 5252 me,
927 5187 1082 5241 liabet
1113 5188 1268 5240 citam
1299 5197 1569 5252 teternam,
1611 5194 1659 5238 et
1699 5185 1756 5238 in

183 5269 407 5337 judicium
460 5292 641 5331 meum
675 5289 782 5329 non
821 5281 974 5347 venit,
1003 5278 1096 5334 sed
1121 5279 1310 5332 transit
1339 5295 1371 5332 a
1396 5289 1561 5333 morte
1592 5277 1649 5328 in
1675 5274 1756 5328 vi-

188 5368 289 5417 ιαιιι.

1875 1831 2128 1900 licunqne
2171 1833 2470 1886 tentatione
2506 1831 2859 1902 impugneris.
2893 1834 3115 1890 Diabolo
3141 1835 3285 1890 enim
3305 1835 3454 1903 justo

1873 1923 1967 1976 Dei
1998 1921 2203 1989 judicio
2238 1921 2468 1992 fatigare
2512 1933 2564 1978 te
2612 1925 2677 1977 ad
2714 1933 2927 1994 tempus
2965 1910 3326 1994 permittitur;
3359 1927 3456 1982 sed

1872 2014 2177 2087 sollicitudo
2210 2024 2297 2068 tua
2333 2015 2542 2070 nisibus
2561 2016 2888 2072 omnimodis
2919 2017 3020 2072 hoc
3041 2016 3197 2072 debet
3229 2035 3458 2088 perpen-

1870 2105 2018 2169 dere,
2052 2119 2117 2158 ne
2145 2105 2235 2158 ille
2261 2105 2539 2160 delusione
2561 2123 2658 2161 sua
2687 2115 2739 2162 te
2766 2108 2942 2162 valeat
2971 2109 3455 2177 subvertere.Qnis

1871 2196 2036 2266 igitur
2060 2195 2148 2250 ille
2180 2207 2331 2261 erat,
2362 2213 2522 2266 quem
2576 2207 2632 2251 tu
2681 2199 2974 2268 quondam,
3021 2215 3144 2254 cum
3175 2215 3350 2270 nuper
3383 2201 3453 2256 ad

1869 2288 2106 2343 scholam
2136 2307 2231 2359 pro
2255 2292 2454 2346 litteris
2482 2293 2756 2348 discendis
2787 2294 3014 2348 traditus
3040 2308 3208 2362 esses,
3230 2305 3285 2348 et
3311 2310 3455 2366 stepe

1870 2379 2015 2433 inter
2035 2383 2302 2436 coaavulos
2323 2398 2386 2436 ac
2401 2383 2756 2438 scholasticos
2774 2385 3022 2438 residens
3048 2399 3113 2438 ne
3139 2385 3455 2440 verberibus

1867 2469 1995 2526 ullis
2024 2473 2372 2543 castigareris
2405 2474 2696 2538 litnnisses,
2729 2475 2887 2528 unice
2926 2489 3023 2544 pro
3051 2476 3291 2530 discendi
3321 2476 3453 2530 faci-

1868 2560 2019 2616 litate
2048 2562 2307 2618 invocasti
2333 2573 2387 2618 et
2434 2565 2712 2620 exaudivit
2749 2567 2836 2621 te?
2865 2566 3056 2632 Quem,
3088 2583 3294 2637 quaeso,
3323 2577 3452 2624 tunc

1866 2653 2176 2708 crcdideras
2216 2664 2325 2708 tam
2368 2658 2512 2724 pium
2543 2665 2601 2708 nt
2633 2667 2684 2710 te
2723 2657 3006 2726 parvulum
3049 2674 3076 2712 a
3118 2659 3448 2729 virgularum

1867 2742 2042 2812 plagis
2073 2744 2408 2809 defenderet,
2455 2742 2675 2816 taianue
2704 2756 2976 2817 potentem
3008 2757 3067 2802 ut
3093 2749 3448 2818 capacitatem

1867 2848 2057 2888 sensus
2088 2851 2186 2890 nec
2216 2853 2321 2890 non
2363 2837 2682 2907 ampliorem
2715 2837 2956 2893 scientia:
2981 2839 3290 2895 facultatem
3321 2857 3456 2896 con-

1867 2928 2061 2982 cedere
2094 2928 2187 2982 tibi
2235 2930 2452 2998 posset?
2499 2929 2690 2984 Nonne
2727 2931 2895 2985 Deum
2930 2931 3109 2986 solum
3147 2942 3450 2989 creatorem

1866 3025 1922 3070 et
1953 3019 2294 3087 provisorem
2333 3020 2750 3076 universorum?
2792 3023 3034 3092 nunquid
3059 3039 3164 3078 non
3193 3025 3296 3080 tuis
3325 3034 3452 3082 tunc

1867 3108 2202 3164 satisfactum
2233 3111 2508 3180 precibus,
2541 3112 2790 3181 quamvis
2829 3122 2884 3165 tu
2920 3113 3148 3168 necdum
3181 3115 3246 3167 ad
3271 3113 3452 3185 profe-

1866 3202 2064 3253 rendas
2109 3203 2382 3256 orationes
2417 3203 2660 3257 sim-eras
2702 3205 2964 3259 existeres
3015 3207 3253 3273 gnarus?
3288 3207 3450 3263 Certe

1868 3294 2154 3362 Iemelipso
2181 3296 2576 3359 etmsentiente,
2607 3295 2710 3349 nisi
2735 3295 2875 3349 forte
2897 3296 3184 3351 oblivionis
3204 3307 3296 3351 aut
3317 3313 3454 3354 mm-

1870 3385 2009 3436 roris
2037 3401 2198 3437 causa
2234 3386 2563 3455 impetliaris,
2611 3397 2798 3451 testor,
2827 3389 2950 3455 quia
2983 3405 3085 3441 non
3115 3387 3286 3442 solum
3317 3403 3455 3460 prte-

1870 3480 2201 3526 monstratas
2241 3489 2271 3526 a
2303 3476 2544 3536 doctore,
2581 3479 2675 3529 sed
2712 3477 2872 3528 etiam
2907 3478 3140 3530 nondum
3182 3488 3453 3533 reseratas

1863 3559 2122 3615 lectiones
2157 3571 2212 3616 et
2237 3564 2452 3617 cantica
2490 3574 2602 3618 tam
2635 3565 2820 3635 capaci
2842 3566 3116 3636 celerique
3143 3567 3334 3622 eilectu
3363 3569 3448 3622 di-

1862 3652 2107 3718 diceras,
2153 3662 2212 3708 ut
2263 3670 2368 3708 non
2403 3670 2628 3724 parvum
2663 3657 2986 3711 miraculum
3027 3658 3236 3713 cmteris
3283 3659 3448 3713 simul

1863 3743 2195 3797 discentibus
2223 3744 2529 3800 exhiberes.
2563 3746 2825 3813 Quoniam
2860 3747 3023 3817 ig3tur
3046 3748 3222 3802 adhuc
3243 3764 3448 3818 parvu-

1862 3832 1962 3897 lus,
1995 3844 2047 3886 ct
2072 3834 2122 3886 in
2153 3835 2352 3888 scholis
2379 3836 2609 3903 positus,
2635 3846 2839 3891 tantam
2872 3835 2966 3892 Dei
2998 3837 3230 3908 gratiam
3257 3847 3450 3907 poten-

1867 3924 2103 3994 tiamqne
2141 3936 2397 3995 expertus
2434 3943 2520 3992 es,
2548 3943 2646 3982 cur
2675 3928 2837 3984 etiam
2880 3929 3058 3994 modo,
3103 3945 3225 3984 cum
3267 3929 3450 3987 viriles

1861 4028 2032 4068 annos
2051 4016 2284 4070 retinere
2308 4016 2558 4081 videaris,
2576 4035 2698 4073 cum
2728 4035 2826 4089 per
2853 4020 2991 4073 dona
3020 4020 3260 4074 scientiae
3274 4019 3448 4097 plura,

1867 4119 1968 4158 nec
1998 4120 2102 4159 non
2127 4123 2224 4176 per
2248 4109 2619 4177 experimenta
2653 4109 2817 4163 multa
2848 4109 3066 4180 pietatis
3091 4109 3285 4164 divina:
3305 4109 3448 4163 noti-

1870 4197 1943 4250 tia
1977 4199 2223 4266 potiaris,
2250 4199 2533 4254 dissimilia
2573 4201 2639 4255 de
2681 4200 2791 4255 Deo
2831 4201 3045 4255 credis?
3075 4201 3119 4254 Ο
3145 4201 3320 4269 qualis
3343 4201 3446 4262 vir,

1867 4289 1959 4357 qui
2001 4289 2396 4358 aliquantulum
2444 4291 2737 4360 proﬁciens
2781 4291 2834 4344 in
2875 4289 3088 4361 puerili,
3118 4292 3184 4343 ad
3219 4290 3463 4344 nihilum:

1863 4382 2042 4435 tendit
2069 4380 2295 4452 fungens
2330 4391 2490 4436 aetate
2519 4382 2693 4435 virili!
2737 4398 2859 4436 cum
2890 4383 3275 4452 congruentior
3313 4383 3449 4437 ordo

1866 4471 2087 4526 liumani
2128 4470 2402 4541 profectus
2437 4471 2506 4525 sit
2538 4472 2604 4525 de
2638 4471 2830 4540 puerili
2865 4471 2916 4524 in
2950 4470 3163 4526 virilem
3203 4471 3445 4526 animum

1861 4563 2148 4632 proﬁcere,
2188 4563 2254 4616 de
2295 4563 2504 4633 magnis
2533 4564 2600 4618 ad
2631 4564 2835 4634 majora
2876 4565 3262 4631 conscendere,
3306 4565 3459 4620 sicut,

1859 4663 1915 4708 et
1942 4655 2234 4725 Apostolus
2260 4656 2428 4710 dicit:
2455 4657 2587 4710 Cum
2629 4673 2790 4712 essent
2828 4657 3110 4727 parvulus,
3150 4658 3443 4728 cogitabant

1860 4752 1916 4796 ut
1955 4743 2231 4813 paruulus,
2281 4745 2547 4816 sapiebam
2597 4755 2654 4800 ut
2704 4745 2988 4817 parvulus;
3021 4748 3230 4817 quando
3269 4758 3444 4802 autent

1862 4833 2034 4903 factus
2072 4851 2189 4888 sum
2219 4837 2313 4899 tir,
2349 4838 2594 4891 evacuavi
2626 4854 2744 4907 qua:
2781 4848 2931 4892 erant
2961 4837 3188 4909 parvuli.
3215 4840 3446 4894 Attende

1855 4938 1988 4994 ergo
2034 4934 2236 4993 quanta
2285 4927 2506 4997 pietatis
2553 4927 2748 4983 divinae
2798 4929 3174 4998 experimenta
3229 4939 3438 4996 teneas,

1855 5023 1911 5069 et
1938 5031 1969 5069 a
2003 5015 2124 5072 ﬁdei
2170 5017 2396 5087 speique
2443 5019 2751 5074 constantia
2792 5019 3028 5073 deﬁcere
3056 5018 3199 5083 noli;
3229 5021 3322 5073 sed
3353 5034 3445 5071 rc-

1854 5104 2088 5159 cordare
2136 5103 2341 5175 jugiter
2377 5107 2502 5175 quia
2550 5106 2813 5176 scriptum
2856 5118 2987 5163 est:
3020 5106 3204 5161 Justus
3249 5123 3313 5160 ex
3340 5105 3447 5173 ﬁde
3530 5104 3532 5106 ’

1852 5195 1996 5250 uiuit.
2033 5196 2101 5250 Et
2132 5213 2146 5249 :
2183 5197 2375 5251 Omnia
2403 5199 2675 5267 possibilia
2702 5206 2824 5252 sunt
2854 5197 3105 5254 credenti.
3159 5197 3265 5250 Sed
3302 5205 3357 5250 et
3382 5196 3448 5250 il-

1854 5282 1946 5339 lud
1983 5285 2125 5354 quod
2157 5287 2351 5342 beatus
2385 5286 2580 5342 Petrus
2608 5287 2884 5358 apostolus
2924 5289 3180 5342 admonet
3209 5283 3396 5338 dicens
3427 5303 3442 5340 :

1855 5371 2030 5428 Sobrii
2055 5385 2216 5430 estote
2244 5388 2292 5430 et
2327 5377 2556 5447 vigilate,
2578 5378 2703 5446 quia
2727 5377 3060 5432 adversarius
3076 5381 3243 5426 vester
3255 5371 3447 5428 diabo-
