3998 5450
494 255 568 316 39
1104 291 1109 297 ι
1485 250 1796 342 OTHLONI‘
1821 250 2125 315 M‘ONACIII
2164 257 2222 315 S.
2263 257 2680 315 EMMERAMMI
3653 267 3729 323 ω

493 367 684 425 halica:
716 363 923 424 fraudis
947 362 1176 422 astutia?
1207 362 1389 421 liosus
1418 380 1649 435 namque
1674 367 1808 421 tanti
1838 366 2060 421 insidias
2090 378 2135 436 Α
2164 367 2343 437 aliquo
2385 384 2633 437 promere
2678 368 2854 438 cupio.
2885 366 3178 426 Consilium
3208 385 3438 441 namque
3483 373 3538 429 in
3587 375 3735 433 bono

491 459 801 514 nuilatenus
838 457 986 514 vales
1012 460 1264 522 evadere,
1291 456 1396 512 nisi
1440 456 1670 512 ﬁrmiter
1714 457 1908 513 credas
1936 459 2060 527 quia

491 550 629 606 nihil
652 549 981 621 impossibile
1010 556 1092 601 est
1118 547 1256 618 apud
1296 548 1480 612 Deum,
1512 555 1567 601 et
1598 548 1850 618 quoniam
1889 546 2062 602 salvat

492 654 685 698 Omnes
713 646 994 710 sperantes
1024 636 1075 690 in
1101 651 1247 691 eum.
1952 682 1961 691 ,

561 729 700 786 iluic
719 743 845 784 vero
877 727 996 782 ﬁdei
1032 726 1160 783 licet
1191 726 1529 782 tenacissima
1558 723 1753 781 diaboli
1783 724 1975 779 invidia
2011 734 2061 780 te

491 819 743 893 impediat
771 819 1057 884 inhaerere,
1088 831 1383 888 suggerens
1405 815 1652 871 videlicet
1676 816 1827 871 cordi
1863 824 1951 871 tuo
1971 818 2060 871 ob-

502 911 731 967 tinenda:
754 907 1089 964 remissionis
1114 917 1208 961 aut
1228 906 1418 962 salutis
1450 903 1814 961 diﬁicullatem
1838 921 1937 962 nec
1953 922 2057 961 non

484 996 675 1068 judicii
719 998 883 1054 divini
911 998 1324 1064 auctoritatem;
1354 1006 1407 1050 tu
1437 1007 1612 1051 tamen
1637 997 1939 1066 supradicta
1968 1013 2057 1052 sa-

491 1102 599 1145 crae
630 1086 927 1157 Scriptura:
950 1088 1269 1142 documenta
1298 1100 1362 1140 ac
1387 1086 1599 1155 pietatis
1621 1085 1814 1141 divina:
1843 1087 2056 1155 eXperi—

488 1186 670 1234 menta
701 1180 800 1234 sub
845 1177 1019 1234 tenaci
1050 1172 1312 1232 memoria
1351 1191 1580 1247 repone;
1613 1188 1665 1233 et
1691 1177 1877 1247 procul
1898 1178 2058 1232 dubio

464 1270 558 1326 tab
584 1270 728 1324 omni
787 1268 1047 1325 diabolica
1104 1268 1420 1323 liberaberis
1463 1267 1758 1323 delusione.
1808 1269 2057 1325 Diabolus

486 1361 632 1416 enim
676 1359 822 1415 nullo
854 1361 1011 1414 modo
1038 1359 1210 1430 magis
1250 1359 1589 1415 convincitur
1609 1368 1662 1414 et
1690 1358 2054 1426 confunditur,

487 1465 649 1522 quam
679 1467 799 1508 cum
840 1453 888 1508 ei
919 1467 948 1506 a
984 1452 1229 1507 ﬁdelibus
1263 1452 1541 1522 Scriptura
1583 1468 1737 1507 sacra
1782 1453 2054 1523 objicitur,

488 1543 631 1613 quod
648 1544 811 1598 ctiam
834 1557 900 1597 ex
921 1540 1046 1597 Jesu
1067 1542 1270 1598 Christi
1295 1543 1606 1598 testimonio
1618 1544 2057 1598 manifestissime

456 1650 463 1657 ·
489 1631 887 1705 comprobatur.
918 1632 1049 1687 Nam
1086 1634 1324 1704 quamvis
1362 1634 1578 1689 sibimet
1607 1635 1839 1688 maxima
1869 1636 2058 1689 verbo-

2162 469 2219 514 et
2257 459 2310 515 in
2349 461 2491 515 malo
2542 469 2719 530 potest
2766 461 2913 527 ﬁeri;
2955 462 3048 516 sed
3093 477 3214 517 cum
3249 464 3309 517 ﬁt
3345 464 3398 518 in
3432 463 3595 532 bono,
3628 467 3734 523 hoc

2161 560 2244 608 est
2292 559 2512 620 propter
2562 550 2849 605 utilitatem
2897 552 3089 607 animm
3135 567 3228 607 seu
3269 553 3532 623 corporis,
3554 555 3733 610 omni-

2161 642 2320 696 modo
2365 642 2800 709 amplectandum
2841 650 2971 697 est:
3012 642 3103 697 ubi
3143 658 3272 698 vero
3321 644 3377 699 in
3428 645 3590 707 malo,
3623 646 3731 702 hoc

2160 741 2245 788 est
2276 741 2495 802 propter
2533 733 2769 787 carnalia
2811 732 3144 789 solummodo
3172 745 3293 789 vota
3326 735 3612 805 implenda,
3635 742 3733 790 aut

2160 825 2441 878 commoda
2468 822 2630 891 hujus
2666 824 2787 878 vitm
2826 823 2988 877 noxia
3039 824 3383 892 acquirenda,
3410 839 3513 880 non
3554 825 3730 881 solum

2161 914 2469 984 fugiendum
2493 954 2509 979 ,
2546 913 2641 969 sed
2666 914 2829 969 etiam
2856 915 3233 970 detestandum
3259 925 3364 971 est.
3393 915 3546 973 Unde
3573 915 3731 972 Psal-

2160 1010 2320 1060 mista
2346 1006 2628 1075 utriusque
2659 1005 2921 1075 qualitate
2945 1006 3224 1061 insinuans
3242 1016 3524 1077 postquam
3548 1007 3685 1062 diait
3713 1024 3729 1061 :

2161 1095 2413 1151 Dominus
2469 1097 2688 1167 dissipat
2745 1097 2962 1152 consilia
3016 1098 3277 1169 gentium,
3330 1099 3568 1169 reprobat
3623 1115 3732 1153 au-

2156 1193 2257 1237 tem
2296 1184 2628 1254 cogitationes
2646 1184 2977 1255 papulorum,
3003 1195 3049 1240 et
3084 1186 3318 1255 reprobat
3340 1187 3556 1241 consilia
3577 1189 3732 1257 prin-

2156 1272 2350 1343 cipum,
2378 1274 2560 1328 statim
2588 1274 2867 1344 subjunxit
2892 1276 3077 1330 dicens
3094 1293 3106 1330 :
3123 1273 3408 1330 Consilium
3432 1287 3602 1331 autem
3620 1275 3735 1331 Do-

2156 1362 2286 1415 mini
2328 1372 2502 1418 manet
2541 1363 2596 1418 in
2633 1375 2904 1421 a’ternum.
2936 1365 3067 1420 Item
3097 1366 3163 1421 de
3188 1365 3329 1421 bono
3367 1367 3420 1421 in
3448 1366 3735 1424 Parabolis

2158 1450 2462 1507 Salomonis
2513 1451 2787 1523 Sapientia
2828 1452 3008 1510 fatur:
3045 1455 3154 1527 Ego
3202 1457 3378 1511 habito
3404 1459 3458 1512 in
3481 1457 3730 1513 consitio.

2159 1542 2391 1596 Rursum
2421 1544 2471 1597 in
2501 1545 2690 1599 eodem
2728 1543 3038 1600 Salomonis
3077 1546 3212 1602 libro
3255 1545 3322 1601 de
3360 1546 3568 1602 consilii
3596 1547 3732 1603 boni

2158 1632 2417 1701 qualitate
2442 1633 2675 1689 dicitur:
2721 1636 2860 1688 Audi
2889 1635 3161 1690 consilium
3189 1645 3237 1691 et
3273 1637 3475 1706 suscipe
3497 1636 3737 1707 discipli-

438 1776 443 1782 .
487 1740 608 1779 rum
624 1726 849 1781 scientia
875 1725 1092 1791 iiiesset,
1121 1726 1375 1780 tentatori
1401 1735 1576 1780 tamen
1595 1741 1717 1781 cum
1735 1726 1895 1781 nullis
1917 1726 2054 1789 aliis,
2091 1723 2130 1779 ii
2162 1736 2301 1773 ιιαηι-
2338 1721 2469 1775 Cm"
2513 1722 2655 1776 cnim
2692 1724 3078 1792 pmmillilur:
3128 1723 3268 1777 Αιιάὶ
3313 1726 3617 1790 communi.
3661 1739 3737 1780 ac

488 1813 591 1866 nisi
615 1820 734 1883 qua:
772 1829 834 1869 ex
866 1828 1019 1869 sacra
1050 1816 1246 1885 pagina
1277 1814 1871 1885 protulit,respondere
1896 1817 2060 1872 voluit

2163 1822 2282 1860 mox
2315 1808 2689 1879 suhjungitur,
2717 1821 2762 1863 et
2794 1812 2995 1880 suscipe
3031 1812 3390 1881 disciplinam,
3424 1822 3572 1883 patet
3596 1827 3736 1882 pro-

488 1903 673 1959 dit-ens
692 1921 711 1958 τ
742 1902 1004 1975 Scriptum
1029 1914 1102 1958 est
1132 1917 1151 1955 :
1182 1903 1303 1959 Non
1335 1906 1554 1960 lentabis
1578 1904 1856 1960 Dominum
1896 1895 2060 1960 Deum

2162 1896 2326 1960 recto,
2376 1900 2500 1966 quia
2547 1900 2648 1954 hoc
2695 1909 2779 1955 est
2819 1916 3008 1956 verum
3058 1910 3374 1972 rectumque
3420 1903 3731 1970 consilium,

454 2020 461 2025 θ
485 2007 657 2049 tuum.

559 2084 703 2137 inter
741 2083 856 2137 haec
892 2096 1020 2139 vero
1067 2085 1211 2140 scire
1256 2091 1307 2137 te
1353 2081 1642 2148 convenit,
1670 2082 1923 2152 quoniam
1965 2100 2062 2155 pro

486 2175 672 2229 causis
716 2173 883 2227 variis
931 2175 1254 2230 tentationes
1294 2174 1490 2228 diaboli
1536 2173 1777 2243 perferre
1799 2176 2061 2243 proderit.

439 2287 443 2290 ν
489 2264 672 2319 Primo
701 2274 759 2318 ut
788 2264 932 2319 illius
962 2264 1358 2319 inaestimabilis
1384 2264 1586 2318 malitia
1625 2277 1681 2319 ct
1707 2266 1938 2319 versutia
1965 2266 2059 2320 de-

440 2354 700 2423 w'tegatur
731 2370 747 2407 :
779 2353 971 2407 deinde
1018 2361 1076 2407 ut
1126 2351 1549 2421 uniuscujusque
1599 2354 1831 2408 hominis
1872 2356 2058 2409 tentati

460 2444 748 2514 -i’ragilitas
773 2453 828 2498 et
857 2445 1161 2499 constantia
1187 2454 1530 2514 agnoscatur,
1557 2460 1618 2499 ac
1648 2460 1744 2513 per
1769 2445 1871 2499 hoc
1900 2445 2061 2514 ivngi-

464 2537 557 2590 etis
589 2536 802 2605 quidem
826 2545 885 2590 et
928 2536 1116 2603 lapsus
1153 2551 1275 2589 cum
1314 2534 1608 2590 conversus
1648 2536 1830 2601 fuerit,
1859 2536 1978 2589 aliis
2008 2539 2059 2590 in

465 2626 788 2681 .tentatione
830 2634 888 2680 ct
936 2625 1227 2695 fragilitate
1273 2636 1597 2692 quacunque
1647 2624 1824 2677 adhuc
1869 2626 2059 2694 positis

466 2715 783 2771 ,cendolere
804 2715 1147 2784 compatique
1175 2714 1331 2779 sciat,
1371 2712 1511 2767 sicut
1539 2714 1605 2766 de
1631 2713 1785 2767 beato
1804 2713 1963 2771 Petro
1987 2713 2061 2770 le-

458 2805 650 2875 .gitur,
680 2805 1058 2874 quia-idcirco
1112 2803 1166 2859 in
1202 2812 1475 2875 peccatum
1514 2804 1802 2874 fragilitate
1843 2808 2058 2877 propria

461 2903 715 2965 ,urgente
755 2895 981 2959 cecidit,
1012 2904 1071 2950 ut
1112 2896 1233 2951 aliis
1261 2893 1605 2967 peccantibus
1641 2898 1880 2952 misereri
1925 2899 2062 2953 didi-

458 2983 672 3043 :cissct.
712 2984 984 3039 Constans
1014 2994 1217 3053 autem,
1257 2994 1314 3041 et
1338 2985 1612 3056 perfectus
1640 2987 1761 3041 ideo
1791 2989 1843 3042 in
1880 2997 2054 3043 tenta-

2160 1989 2434 2059 suscipere
2467 1990 2829 2061 discipliuam.
2862 1992 2968 2050 Sed
2997 2006 3057 2053 ut
3082 1994 3287 2065 vulgari
3305 1994 3467 2051 etiam
3488 2009 3638 2050 more
3660 1995 3735 2051 de

2150 2080 2369 2132 consilii
2412 2079 2675 2149 qualitate
2719 2082 3071 2151 disputemus,
3121 2082 3367 2152 nunquid
3416 2092 3472 2137 tu
3517 2097 3737 2152 semper

2161 2166 2457 2221 amicorum
2504 2178 2597 2222 aut
2636 2179 2920 2238 parentum
2948 2171 3172 2226 consilia
3202 2172 3485 2241 quaesiisti,
3514 2172 3734 2241 quando

2161 2254 2338 2325 aliqua
2396 2255 2592 2326 ﬂagitia
2640 2269 2953 2327 perpetrare
2997 2261 3244 2317 voluisti?
3281 2262 3566 2323 Veritusne
3597 2277 3732 2334 ergo

2159 2359 2219 2399 es
2245 2354 2370 2399 tunc
2400 2348 2519 2401 ideo
2543 2346 2711 2402 Deum
2731 2348 3024 2416 offendere,
3051 2351 3175 2420 quia
3203 2351 3331 2408 talia
3354 2352 3474 2416 sine
3500 2352 3734 2409 consilio

2160 2436 2371 2490 solebas
2419 2436 2632 2492 facere?
2676 2439 2816 2495 Ecce
2844 2441 2991 2496 vides
3029 2458 3194 2510 quam
3220 2444 3548 2515 superﬂuum
3575 2444 3647 2499 sit
3673 2452 3732 2500 te

2158 2540 2221 2578 ex
2256 2525 2356 2579 hoc
2399 2526 2652 2582 arbitrari
2701 2530 2867 2584 Deum
2920 2530 3223 2597 otiendisse,
3266 2533 3410 2603 quod
3435 2532 3554 2589 sine
3597 2547 3732 2588 con-

2158 2620 2279 2675 silio
2327 2606 2625 2675 amicorum
2658 2620 2942 2676 utilitatem
2992 2631 3252 2678 tractares
3292 2625 3523 2679 animae:
3556 2640 3732 2695 quan-

2150 2700 2446 2779 'doquidem
2495 2723 2590 2776 pro
2638 2709 2897 2779 explenda
2951 2712 3133 2765 carnis
3174 2708 3480 2782 nugacitate
3520 2713 3727 2771 nullum

2160 2798 2445 2853 consilium
2478 2799 2778 2868 requirens,
2820 2800 2999 2853 minus
3028 2799 3300 2855 oii'endere
3327 2802 3548 2871 putasti.
3573 2801 3729 2868 Quod

2156 2900 2339 2945 autem
2396 2899 2677 2961 pmptcrca
2734 2892 2916 2944 animo
2974 2894 3169 2960 smpius
3224 2895 3435 2947 nutanti
3488 2890 3726 2956 incedis,

2162 2982 2287 3051 quia
2325 2982 2378 3034 in
2417 2980 2627 3035 fervore
2668 2981 2890 3051 juvenili
2939 2980 3331 3051 immaturaque
3357 2982 3532 3037 adhuc
3570 2990 3730 3038 tetate

454 3071 636 3126 Itone
689 3072 967 3142 probatur,
993 3083 1053 3128 ut
1106 3074 1281 3129 adhuc
1322 3075 1592 3130 stantibus
1638 3076 1690 3129 in
1730 3077 2052 3147 exemplum,
2085 3056 2127 3113 (ἶ
2161 3074 2400 3144 positus,
2435 3084 2542 3128 tam
2585 3072 2850 3129 diﬁicilem
2881 3073 3192 3129 monasticae
3224 3075 3348 3128 vita:
3390 3074 3725 3145 religionem,

466 3171 542 3223 .,et
567 3161 884 3219 cadentibus
919 3162 971 3217 in
1017 3163 1421 3219 venerationem
1454 3175 1795 3232 assumatur,
1824 3168 1963 3222 sicut
2004 3178 2060 3222 et
2154 3167 2307 3237 quasi
2348 3165 2742 3221 inconsiderata
2785 3165 2984 3222 laboris
3011 3166 3142 3220 tanti
3182 3163 3488 3220 difﬁcultate
3516 3179 3727 3219 assmu-

464 3251 632 3307 iheati
658 3250 761 3307 Job
789 3252 1047 3323 perfectio
1067 3263 1232 3324 atque
1256 3256 1560 3311 constantia
1588 3257 1798 3312 cunctis
1826 3267 1907 3313 est
1935 3259 2056 3313 imi-

462 3344 655 3397 .tauda
687 3359 788 3399 nec
817 3360 924 3399 non
950 3347 1275 3402 veneranda.
1306 3347 1399 3403 llle
1419 3348 1563 3403 enim
1594 3349 1668 3404 ita
1693 3365 1790 3419 pro
1813 3350 2057 3413 Domino,

477 3445 547 3489 vet
574 3437 807 3506 propria:
845 3437 1027 3495 carnis
1056 3439 1236 3498 ulcera
1272 3441 1610 3511 gravissima,
1637 3452 1692 3497 et
1719 3442 1947 3497 ﬁliorum
1982 3444 2064 3498 in-

489 3527 661 3583 visam
705 3537 930 3584 mortem
961 3530 1334 3601 universeque
1366 3532 1681 3587 substantiae
1704 3535 2061 3602 perditionem

462 3619 769 3684 laus-tinuit,
815 3620 1002 3675 uxoris
1024 3636 1247 3691 quoque
1284 3625 1552 3688 convicta,
1584 3638 1681 3678 nec
1712 3638 1819 3677 non
1858 3626 2061 3678 amico-

466 3723 613 3771 ;rum
636 3708 924 3777 opprobria
954 3709 1391 3779 invectionesqne
1428 3710 1689 3779 plurimas
1719 3713 2062 3780 contempsit,

462 3806 555 3859 .ut
588 3796 643 3851 in
687 3796 836 3851 nullo
875 3796 1040 3850 Deum
1068 3796 1387 3861 oﬁ‘endcret,
1422 3798 1567 3853 sicut
1593 3799 1659 3854 de
1694 3813 1759 3853 eo
1788 3799 2063 3869 Scriptura

465 3894 885 3953 ,commemorat
911 3885 1094 3941 dicens
1124 3900 1140 3940 :
1176 3886 1245 3941 In
1293 3888 1531 3944 omnibus
1578 3888 1657 3943 his
1702 3904 1807 3942 non
1839 3890 2064 3959 peccavit

472 3974 648 4045 .labiis
674 3976 806 4039 suis,
846 3993 1005 4047 neque
1053 3977 1274 4032 stultum
1322 3978 1521 4049 aliquid
1557 3990 1738 4033 contra
1778 3980 1945 4034 Deum
1988 3980 2065 4033 Io-

468 4075 644 4120 .cutus
669 4077 765 4121 est.
808 4065 996 4121 Nonne
1035 4082 1164 4135 ergo
1191 4067 1338 4122 utilis
1363 4069 1573 4122 exstitit
1602 4077 1751 4124 tanta
1789 4068 1932 4123 beati
1964 4068 2065 4124 Job

471 4156 747 4223 ,tcntatio,
781 4158 835 4212 iu
864 4171 966 4227 qua
990 4167 1047 4212 et
1072 4159 1241 4227 ipsius
1267 4160 1590 4220 constantia,
1630 4169 1684 4212 et
1711 4160 1923 4214 diversa
1963 4160 2063 4214 Sa-

2156 3260 2352 3331 psisﬁ;
2407 3259 2547 3315 scias
2608 3258 2797 3328 procul
2853 3258 3014 3314 dubio
3062 3257 3195 3312 nihil
3248 3255 3396 3313 aliud
3449 3271 3569 3312 esse
3621 3255 3727 3311 nisi

2159 3356 2378 3406 causam
2426 3349 2689 3404 illusionis
2745 3348 3050 3417 diabolicae;
3119 3348 3244 3417 quia
3299 3348 3439 3402 sicut
3512 3346 3732 3416 expedit

2159 3443 2408 3497 omnibus
2446 3443 2511 3495 ad
2560 3456 2647 3496 me
2696 3442 2993 3505 conversis,
3021 3449 3075 3495 et
3100 3450 3158 3494 ut
3188 3448 3242 3493 tu
3268 3455 3480 3510 quoque
3503 3438 3730 3511 rogasti,

2162 3532 2407 3597 diabolus
2445 3530 2590 3597 juste
2619 3530 2952 3599 permittitur
2997 3539 3048 3583 te
3081 3529 3334 3582 tentando
3382 3529 3629 3598 fatigare,
3656 3528 3735 3583 si.

2163 3620 2377 3689 quidem
2413 3627 2518 3671 tam
2564 3618 2616 3671 iu
2656 3615 2880 3687 juvenili
2912 3629 3071 3684 quam
3111 3615 3163 3668 in
3203 3615 3538 3683 provectiore
3567 3624 3735 3672 aetate

2164 3710 2358 3765 debere
2378 3719 2430 3762 et
2451 3722 2606 3777 posse
2627 3707 2691 3759 ad
2715 3707 2856 3760 viam
2885 3704 3160 3759 meliorem
3177 3706 3438 3770 converti,
3462 3713 3736 3771 testantur

2162 3808 2219 3854 et
2239 3797 2480 3867 exempla
2509 3797 2797 3850 multorum
2830 3804 2885 3848 et
2911 3794 3167 3849 librorum
3198 3794 3395 3864 scripta
3425 3809 3731 3851 sacrorum.

2165 3887 2305 3943 Dicit
2331 3888 2475 3941 enim
2526 3885 2912 3939 Ecclesiastes:
2959 3882 3215 3938 Memento
3264 3884 3525 3938 Creatoris
3568 3885 3645 3938 tui
3673 3886 3737 3949 in

2167 3976 2344 4030 diebus
2365 3975 2651 4047 jttt'enlulis
2677 3984 2800 4027 tum.
2842 3973 2970 4028 Item
3014 3972 3067 4026 in
3094 3972 3230 4027 libro
3259 3971 3383 4028 Jesu
3414 3972 3507 4026 ﬁlii
3536 3971 3733 4029 Sirach

2164 4068 2397 4139 legitur:
2446 4064 2568 4139 Non
2600 4067 2774 4119 tardes
2818 4065 3043 4119 converti
3089 4063 3158 4117 ad
3199 4063 3500 4129 Dominum,
3559 4074 3608 4118 et
3636 4081 3735 4137 one

2166 4157 2384 4227 (ii/feras
2408 4156 2472 4208 de
2496 4155 2580 4207 die
2607 4156 2661 4206 in
2696 4154 2852 4207 diem.
2884 4151 2941 4208 In
2970 4153 3158 4207 eodem
3182 4167 3395 4223 quoque
3424 4155 3562 4211 libro
3594 4156 3735 4210 scri-

472 4254 641 4307 .tante
662 4257 904 4305 reserata
928 4257 1014 4304 est
1039 4249 1276 4305 malitia?
1298 4249 1493 4305 Eadem
1519 4250 1765 4305 utilitatis
1786 4260 1969 4311 causa,
1985 4263 2070 4303 ea-
2167 4256 2314 4316 ptum
2340 4244 2613 4299 invenitur
2637 4262 2649 4297 :
2685 4246 2815 4309 Qum
2843 4245 2898 4298 in
2913 4244 3182 4315 juvcnlute
3203 4255 3293 4298 nia
3318 4261 3418 4299 non
3448 4262 3735 4316 congrega-

476 4337 617 4397 .dem
641 4336 855 4406 pietatis
874 4353 1005 4392 cura
1028 4353 1241 4407 semper
1263 4337 1383 4403 fuit,
1401 4348 1456 4393 et
1475 4354 1688 4408 semper
1713 4338 1810 4393 erit
1843 4337 1953 4392 Deo
1979 4351 2067 4390 su-

474 4440 809 4494 ;peroutnes
844 4441 980 4495 quos
1026 4428 1222 4481 tentari
1267 4428 1549 4496 permittit,
1580 4427 1827 4496 quamvis
1856 4440 1951 4480 vos
1971 4425 2066 4479 ho-

498 4518 693 4580 mines,
724 4514 988 4575 elﬁciente
1013 4518 1209 4577 diaboli
1242 4519 1439 4573 invidia
1474 4518 1788 4573 inﬁdelitate
1804 4527 1860 4573 et
1881 4519 2065 4588 despe‘

487 4607 714 4668 ratione
749 4608 1034 4675 obcmcati,
1066 4607 1272 4663 inutilia
1310 4617 1365 4665 et
1400 4609 1563 4677 impia
1600 4610 1665 4664 de
1698 4610 1809 4664 Deo
1833 4608 2065 4663 arbitre-

503 4715 659 4752 lllllll.
812 4744 817 4747 μ

502 4858 503 4861 η
532 4848 536 4852 Α
576 4790 840 4860 Relinque
888 4792 1055 4861 igitur
1082 4793 1289 4847 varium
1328 4792 1600 4862 opinionis
1630 4808 1895 4856 errorem.
1923 4798 1981 4847 et
2003 4790 2070 4844 ad

2098 4387 2146 4446 D

2167 4337 2260 4400 sti,
2305 4335 2561 4404 quomodo
2607 4336 2831 4388 invenies
2858 4352 2920 4389 ea
2946 4335 2997 4388 in
3042 4345 3301 4390 seneczute
3330 4337 3463 4389 tua?
3504 4336 3639 4391 Hinc
3674 4345 3734 4392 et.

2170 4426 2430 4494 propheta
2460 4424 2628 4479 dicit:
2662 4422 2806 4478 Puer
2829 4434 2921 4480 aut
2943 4426 3194 4494 praplieta
3240 4436 3444 4480 centum
3474 4441 3732 4480 annorum

2169 4514 2477 4568 maledicta:
2500 4516 2619 4568 erit.

2238 4605 2318 4660 Ad
2352 4606 2466 4661 huic
2494 4606 2656 4660 etiam
2702 4621 2861 4678 rogo,
2892 4608 2978 4663 cui
3024 4607 3252 4663 validior
3295 4617 3349 4663 et
3389 4608 3736 4679 praestantior

2170 4702 2302 4750 tetas
2347 4695 2522 4766 magis
2570 4698 2818 4768 congruit
2872 4698 3112 4754 servire?
3158 4698 3298 4765 Deo,
3352 4714 3420 4753 an
3480 4699 3738 4754 diabolo?

2173 4786 2412 4855 nunquid
2442 4788 2754 4855 priusquam
2794 4789 2941 4844 vires
2984 4789 3280 4845 defecerint
3312 4789 3551 4860 corporis
3571 4829 3586 4854 ,
3612 4789 3735 4843 nul-

503 4889 811 4948 suseeptam
826 4882 1136 4939 monasticae
1160 4880 1431 4949 religionis
1455 4881 1559 4936 nde
1580 4882 1928 4951 moribusque
1948 4896 2076 4936 con.
2172 4870 2255 4929 lus
2294 4875 2457 4932 homo
2502 4876 2642 4930 viam
2670 4878 2827 4935 debet
2855 4878 3096 4947 arripere
3135 4877 3517 4948 perfectionis?
3560 4875 3655 4931 Est
3679 4883 3736 4929 et

504 4968 657 5038 gruis
681 4977 854 5029 temet
877 4985 1117 5038 praepara
1144 4970 1552 5040 professionem.
1591 4970 1886 5026 Arbitraris
1919 4985 2074 5025 nam-
2166 4966 2276 5020 alia
2322 4981 2485 5021 causa
2534 4982 2696 5037 super
2740 4968 3001 5040 molestia
3032 4970 3344 5039 passionum
3376 4978 3589 5022 tuarum
3620 4975 3735 5021 tra-

634 5036 902 5119 interdum
927 5036 1172 5127 (inuideat
1204 5061 1601 5129 professionem.
1631 5070 1680 5115 te
1712 5060 1912 5115 frustra
1936 5074 2079 5115 asse-
2172 5056 2389 5121 ctanda,
2412 5070 2571 5125 quam
2592 5036 2829 5113 decet‘ut
2850 5066 3027 5113 mente
3048 5058 3347 5128 perpendas
3369 5057 3577 5110 intima.
3604 5044 3735 5109 Nam

543 5157 692 5176 ...ιι-κ
714 5164 830 5176 Ληουί-
875 5165 970 5176 *ιβιδ
999 5164 1059 5176 ΛΑ
1085 5152 1287 5176 ιιι-21⁵ΑΑ.
1323 5151 1440 5176 ηειέη
1474 5151 1610 5176 1ς.ινιΑ
1634 5159 1684 5176 AI

1714 5151 1829 5176 αέυΑ
1857 5148 2076 5176 ΑΛειιιὲ¹²Α

2175 5146 2377 5176 ηεινηιιιη
2425 5146 2715 5176 ...αἶα-ειη...
2744 5147 3017 5176 ΗΛι-ιιιηιιῖἷη
3049 5149 3246 5176 ᾸΞΟΑΙ-ικ
3313 5155 3360 5176 Α.
3646 5161 3739 5176 nn-
