3998 5450
164 302 213 353 ιι
792 285 916 341 LIB.
957 282 1044 337 DE
1078 272 1628 335 TENTATIONIBUS
1664 271 1818 327 ΒΕιὸ
1857 270 1944 326 ET
1984 271 2310 329 SCRIPTIS.
2352 306 2422 316 -—-
2454 273 2635 330 PARS
2677 279 2713 327 Ι.
3302 277 3375 332 ω

164 403 383 465 scandala
416 400 505 470 qui
533 414 632 468 per
662 406 715 450 te
742 392 1017 464 depravati
1067 397 1190 447 sunt
1223 407 1236 443 :
1271 388 1414 459 quod
1454 394 1508 440 tu
1535 379 1695 454 pluri-
1726 433 1728 438 λ

1827 382 1948 438 ’θη-ἰ
1976 386 2200 454 apostoli
2233 386 2429 456 legitur
2456 404 2470 441 :
2506 385 2664 451 Deus,
2695 385 2889 457 inquit,
2926 389 3124 458 angelis
3156 407 3379 459 peccan-

165 499 250 554 mis
273 495 323 549 in
366 500 597 559 utroque
631 486 855 542 homine
902 484 1177 539 laureatos
1224 477 1524 540 beneficiis,
1567 488 1705 544 pene

165 600 296 643 enim
340 594 551 651 tempus
578 576 914 648 praeteritum
959 569 1340 640 consumpsisti
1386 569 1441 621 in
1467 564 1703 634 ﬂagitiis.

168 675 327 733 Finitis
370 673 533 744 igitur
580 669 843 739 ﬂagitiis,
898 667 1065 721 ﬁnitis
1108 666 1275 738 igitur
1326 659 1706 720 solutionibus,

167 783 277 837 quas
305 779 411 833 pro
457 762 627 817 rebus
674 760 1023 831 quibusdam,
1064 758 1124 812 in
1172 754 1367 826 quibus
1414 749 1709 807 dubitando

168 857 445 918 laborabas,
474 852 723 922 protuli;
752 850 993 920 nunquid
1018 848 1225 908 adhuc,
1249 860 1283 902 ο
1318 852 1527 899 amator
1554 841 1711 896 dubi-

163 946 351 1003 tationis
376 944 543 999 totius
563 984 581 1008 ,
626 943 833 1011 aliquid
862 949 1071 996 certum
1109 946 1165 993 et
1209 936 1489 992 deﬁnitum
1517 934 1710 1004 proba~

170 1039 288 1090 tione
331 1033 433 1088 ulla
484 1031 791 1103 accepisti?
837 1032 919 1085 An
971 1031 1190 1099 ignoras
1241 1027 1496 1096 quoniam
1549 1023 1713 1077 docu-

169 1135 315 1178 menta
356 1132 532 1186 tanta,
583 1136 917 1192 quacunque
964 1121 1170 1173 ratione
1223 1124 1315 1171 aut
1362 1116 1714 1171 meditatione

168 1224 407 1284 concepta,
445 1228 800 1284 nequaquam
850 1213 1076 1281 adeptus
1102 1225 1166 1264 es
1205 1209 1444 1263 frustra?
1486 1207 1714 1276 Ideoque

168 1309 211 1360 in
261 1302 565 1358 earumdem
616 1303 1065 1355 documentorum
1113 1298 1420 1366 cognitione
1466 1293 1711 1349 stabilent

170 1393 330 1447 mentis
374 1391 552 1445 retine
612 1390 1002 1451 intentionem,
1054 1396 1111 1441 et
1166 1401 1265 1454 per
1320 1387 1420 1440 hoc
1469 1397 1711 1455 przepara

171 1484 368 1536 animum
413 1490 567 1535 tuum
621 1481 690 1534 ad
722 1479 1088 1534 tenta’tiouem.
1124 1477 1257 1530 Nam
1280 1482 1482 1546 quanto
1510 1473 1715 1542 majore

170 1573 501 1643 inspirationis
548 1572 757 1627 divina:
794 1571 962 1639 gratia
998 1570 1110 1639 jam
1137 1566 1485 1637 praamoaitus
1517 1566 1717 1619 instrn-

172 1674 356 1732 ctusque
385 1678 466 1725 es,
520 1671 682 1717 tanto
711 1660 1024 1714 validiorem
1074 1657 1389 1713 tentationis
1412 1655 1713 1710 molestiam

172 1754 372 1823 patieris.
402 1752 613 1806 lterum
638 1759 810 1818 atque
836 1749 1026 1803 iterum
1046 1749 1236 1801 eadem
1263 1753 1514 1813 repetens
1536 1744 1718 1797 admo-

172 1859 267 1907 neo,
291 1857 353 1897 ne
395 1842 542 1896 forte
588 1841 739 1893 inter
768 1852 866 1893 eos
892 1836 1161 1908 deputeris
1212 1836 1326 1904 qui,
1356 1843 1417 1888 ut
1458 1833 1717 1903 scripzum

172 1945 252 1996 est,
292 1936 355 1991 ad
405 1942 631 2003 tempus
661 1931 914 1997 credunt,
954 1936 1008 1985 et
1054 1930 1108 1983 in
1140 1936 1382 1997 tempore
1408 1926 1720 1982 tentatiouis

172 2023 410 2077 recedunt.

227 2111 390 2164 lirari
425 2112 623 2181 itaque
654 2110 770 2163 noti
806 2110 851 2163 si
896 2109 1022 2178 quid
1048 2114 1307 2178 passurus
1334 2120 1394 2163 es
1420 2109 1542 2163 novi
1573 2126 1586 2160 :
1626 2121 1717 2162 ve-

173 2212 437 2258 rumtamen
464 2204 708 2274 pmcio
732 2210 931 2272 quanta
954 2202 1269 2257 infirmitate
1290 2209 1349 2257 et
1375 2202 1724 2273 ambiguitate

175 2292 289 2347 inter
310 2308 475 2349 noras
518 2293 854 2350 tentationis
889 2292 1165 2348 molestias
1205 2292 1551 2357 dissolveris,
1580 2291 1725 2346 arbi-

175 2388 311 2435 tratus
351 2382 571 2437 scilicet
619 2395 712 2435 me
753 2381 928 2451 ipsum
952 2382 1120 2436 Deum
1160 2382 1585 2451 omnipotentem
1617 2398 1724 2437 non

168 2485 282 2534 esse,
314 2480 375 2526 et
423 2472 551 2528 hac
588 2472 785 2527 omnia
820 2486 940 2541 qua:
961 2472 1030 2527 de
1064 2487 1152 2528 me
1188 2471 1478 2543 percepisti
1506 2473 1648 2542 apud
1677 2482 1729 2527 te

173 2562 294 2630 quasi
334 2562 552 2617 somnia
580 2562 786 2618 videri.
829 2562 1042 2620 Recede
1088 2578 1236 2633 ergo,
1285 2564 1474 2627 miser,
1505 2562 1573 2617 ab
1626 2563 1730 2617 hac

177 2652 447 2719 dementia;
482 2653 647 2722 quia,
671 2654 817 2708 sicut
842 2653 1136 2723 stepissime
1157 2653 1249 2708 tibi
1274 2652 1600 2723 patefactum
1622 2663 1726 2716 est,

176 2741 419 2799 delnsione
450 2743 894 2800 circumvallaris
939 2744 1218 2799 diabolica.
1254 2746 1519 2812 Attende,
1562 2761 1597 2801 ο
1634 2761 1725 2800 ca-

176 2832 312 2901 ptive,
338 2849 405 2889 ne
433 2843 494 2888 tu
531 2834 609 2889 sis
635 2834 728 2890 ille
757 2834 826 2888 de
846 2850 952 2904 quo
979 2836 1113 2890 dicit
1139 2834 1421 2892 Psalmista
1442 2853 1457 2890 :
1476 2835 1620 2892 Dixit
1648 2838 1731 2891 in-

172 2923 335 2990 sipiens
370 2924 425 2978 in
449 2923 621 2979 corde
646 2940 748 2978 suo
770 2937 792 2976 :
821 2921 942 2979 Non
962 2934 1038 2979 est
1062 2924 1226 2980 Deus.
1252 2924 1508 2982 Diabolus
1535 2928 1731 2998 quippe

175 3013 283 3067 satis
300 3026 604 3084 agnoscens
623 3013 909 3069 universos
929 3014 1298 3085 confugientes
1320 3016 1387 3070 ad
1410 3032 1496 3071 me
1514 3019 1725 3073 veniam
1755 3032 1775 3085 ί

174 3104 442 3168 promereri
492 3117 697 3173 posse,
740 3104 1045 3175 omnigenis
1091 3105 1456 3163 delusionibus
1494 3110 1730 3165 retrahit

176 3205 252 3246 eos
272 3194 335 3249 ab
361 3195 540 3264 ipsius
567 3195 722 3249 aditu
751 3197 941 3260 veniae,
974 3197 1078 3251 hoc
1102 3207 1192 3252 est
1222 3211 1253 3251 a
1286 3198 1405 3260 fide,
1440 3198 1734 3255 imminens

176 3282 397 3339 videlicet
445 3283 645 3340 fraude
692 3284 854 3340 solita
902 3287 1208 3358 bojusmodi
1254 3289 1636 3360 cogitationes,
1676 3302 1763 3347 ut

178 3379 253 3425 aut
275 3372 552 3444 indignum
575 3374 718 3429 mihi
740 3375 987 3430 rideatur
1007 3376 1298 3432 sceleratos
1319 3393 1562 3450 quosque
1577 3382 1735 3448 justi-

180 3459 344 3526 ﬁeare;
382 3477 479 3521 seu
520 3463 903 3519 austeritatem
957 3473 1165 3519 tantam
1207 3468 1338 3522 mihi
1370 3469 1549 3525 inesse
1574 3486 1734 3540 quant

179 3548 329 3605 nullus
352 3551 517 3607 homo
543 3561 825 3622 peccator,
859 3554 1070 3609 etiamsi
1121 3570 1222 3625 pro
1250 3559 1568 3627 poenitentia
1597 3575 1739 3614 sem-

161 3650 259 3704 per
278 3642 599 3711 eatigetur,
637 3642 824 3698 valeat
870 3644 1171 3710 minorere;
1217 3647 1333 3702 sive
1367 3660 1426 3701 ttt
1464 3650 1532 3704 de
1564 3649 1740 3719 justo-

179 3741 280 3782 ruta
321 3733 679 3788 retributione
714 3744 975 3802 perpetua
1007 3744 1063 3791 et
1096 3737 1163 3790 de
1198 3737 1482 3807 impiorum
1512 3742 1736 3809 perenni

178 3814 401 3876 dubitent
443 3836 611 3892 paena
655 3832 757 3877 aut
798 3824 958 3879 etiam
999 3825 1201 3894 judicia
1240 3829 1617 3899 blaspltentare
1643 3847 1740 3886 au-

182 3908 319 3965 deant
339 3927 489 3977 mea;
525 3928 621 3969 seu
662 3924 725 3968 ιιι
756 3912 1049 3984 Scriptum
1072 3932 1243 3973 sacra:
1265 3919 1409 3975 dicta
1441 3922 1739 3978 intentione

181 3998 472 4058 submrtant
504 4004 733 4059 sinistra
766 4024 782 4059 :
811 4008 875 4060 ad
901 4017 1201 4064 extremum
1234 4026 1368 4065 vero
1394 4021 1475 4078 ut,
1504 4014 1646 4070 sicut
1685 4025 1738 4070 ιιι

182 4102 370 4161 quoque
406 4095 573 4149 modo
615 4095 840 4151 delusus
866 4099 1131 4166 ‘privaris,
1162 4102 1230 4156 de
1261 4104 1563 4160 certissima
1607 4109 1737 4163 sub-

183 4183 370 4237 stantia
394 4200 533 4240 meae
555 4186 844 4256 priventur
863 4189 1154 4258 agnitione:

238 4269 339 4327 Sed
367 4276 491 4343 quia
522 4277 893 4346 insipientiam
937 4282 1103 4336 animi
1153 4285 1230 4339 tui
1275 4285 1380 4342 huc
1419 4304 1588 4359 usque
1628 4307 1740 4361 pra!

1806 472 1946 527 tibus
1972 490 2075 529 non
2101 476 2344 543 pepercit.
2373 476 2439 530 Et
2466 479 2520 531 in
2544 476 2782 547 Epistula
2813 473 2962 532 Iuda:
2994 496 3008 531 ε
3038 478 3260 550 Angelos
3286 483 3383 554 qui

1806 578 1911 618 non
1950 574 2283 618 servaverunt
2320 580 2473 618 suum
2516 565 2885 636 principatum,
2931 568 3021 621 sed
3060 570 3379 640 reliquerunt

1805 670 1959 708 suum
2001 653 2318 708 domicilium
2358 655 2412 708 in
2452 654 2718 723 judicium
2766 656 2871 709 dici
2920 660 3118 728 magni,
3167 662 3382 717 a'tcrnis

1804 742 2028 797 vinculis
2077 745 2371 798 reservavit.
2410 743 2543 798 Nota
2588 760 2802 815 quoque
2848 757 2904 801 et
2949 746 3110 814 illud,
3157 751 3283 819 quia
3335 752 3382 808 si

1810 833 1972 888 iidem
2001 830 2177 904 angeli
2232 834 2284 888 in
2328 835 2555 888 exordio
2599 837 2890 893 creationis
2918 852 3030 894 suae
3066 839 3136 893 ita
3172 842 3393 911 probati

1811 938 1916 979 non
1961 934 2164 989 essent,
2204 923 2327 979 licet
2376 932 2561 978 natura
2604 926 3012 994 pneclarissima
3058 930 3382 998 potirentur,

1811 1028 1909 1083 per
1936 1028 1996 1068 se
2027 1021 2206 1068 tamen
2243 1012 2444 1083 aliquid
2486 1028 2643 1082 posse
2684 1016 3077 1081 existimantes,
3110 1029 3258 1073 tanto
3291 1037 3389 1076 ne.

1811 1104 1971 1173 quius
1995 1093 2317 1172 quandoque
2350 1104 2709 1174 snperbicndo
2743 1107 3016 1170 caderent,
3051 1120 3251 1178 quanto
3272 1110 3385 1177 jam

1811 1192 2013 1246 diutius
2056 1205 2117 1247 se
2159 1192 2365 1247 viribus
2410 1194 2643 1263 propriis
2690 1195 2904 1250 stetisse
2951 1195 3232 1251 crederent
3276 1216 3289 1251 :
3331 1208 3388 1253 et

1815 1283 1868 1336 in
1913 1283 2219 1354 huiusmodi
2266 1282 2521 1338 dilatione
2569 1298 2673 1339 non
2725 1294 2930 1339 tantum
2982 1286 3260 1356 angelicae,
3290 1290 3386 1345 sel

1814 1376 1978 1430 etiam
2018 1375 2268 1430 humanae
2307 1376 2503 1430 damna
2537 1377 2818 1453 evenirent
2846 1388 3081 1447 naturae,-
3114 1384 3237 1453 quia
3269 1399 3390 1439 cum

1815 1465 2080 1521 districtio
2110 1467 2285 1521 divina
2317 1468 2523 1539 angelis
2556 1470 2992 1538 superbientibus
3024 1473 3074 1528 in
3103 1475 3256 1530 initio
3287 1477 3391 1531 mi-

1815 1555 1960 1609 nime
2001 1556 2296 1619 resisteret,
2328 1557 2563 1614 humana
2604 1561 2848 1630 profecto
2877 1565 3130 1632 superbia
3163 1565 3396 1636 impuni-

1820 1646 1948 1700 tatis
1969 1654 2132 1701 tanlze
2161 1663 2321 1704 causa
2346 1651 2516 1720 magis
2538 1666 2600 1705 ac
2630 1654 2801 1724 magis
2828 1654 2993 1709 Deum
3022 1666 3395 1725 contemnens,

1749 1712 2054 1805 llgraviori
2110 1736 2325 1792 demum
2386 1740 2647 1810 supplicio
2709 1747 3101 1813 prosterncnda
3157 1749 3397 1806 caderet.

1821 1824 1990 1892 Quam
2017 1825 2089 1880 ob
2118 1842 2233 1881 rem
2262 1828 2389 1896 quid
2417 1838 2509 1883 aut
2538 1831 2798 1902 angelica,
2825 1841 2916 1886 aut
2941 1833 3175 1890 humana
3206 1846 3399 1893 natura

1821 1931 1918 1986 per
1962 1931 2021 1971 se
2066 1919 2268 1987 possit,
2318 1936 2439 1973 mox
2499 1920 2551 1974 in
2604 1923 2885 1993 utriusque
2933 1926 3086 1982 initio
3137 1943 3402 1999 apparere

1820 2008 2083 2075 oportuit,
2110 2018 2169 2063 ut
2200 2024 2386 2063 eorttm
2430 2025 2587 2066 casus
2630 2028 2734 2066 non
2779 2026 2888 2067 tam
2932 2015 3032 2070 sibi
3083 2019 3402 2088 (xI-terisque

1822 2095 2098 2151 videretur
2135 2098 2516 2154 detrimentum
2563 2117 2725 2170 quam
2762 2105 3023 2160 doctrina:
3055 2107 3398 2176 exemplum:

1822 2198 1878 2243 et
1912 2203 1980 2244 eo
2022 2189 2214 2246 fortius
2246 2193 2585 2261 postmodum
2633 2204 2843 2251 starent
2883 2198 3120 2268 mihique
3161 2202 3404 2256 tenacius

1825 2282 2150 2337 inhaererent
2180 2298 2286 2353 quo
2316 2283 2504 2352 majori
2538 2287 2912 2356 experimento
2951 2307 3048 2361 per
3074 2295 3402 2349 semctnihil

1816 2386 1984 2443 posse
2019 2372 2355 2429 didicissent.
2394 2374 2661 2432 Caeterum
2709 2378 2760 2431 iii
2814 2380 3012 2450 angeli,
3053 2383 3143 2450 qui
3190 2384 3401 2439 arbitrii

1827 2461 2076 2517 libertate
2099 2461 2225 2516 data
2254 2463 2489 2533 probati,
2513 2480 2544 2519 a
2586 2468 2860 2523 consortio
2902 2469 3247 2540 subjectionis
3273 2489 3407 2527 luem

1826 2559 2019 2622 sponte
2077 2552 2472 2621 discesserunt,
2529 2556 2648 2611 ideo
2709 2558 2878 2613 venia:
2938 2561 3235 2616 remedium
3298 2578 3404 2616 non

1829 2651 2167 2708 meruerunt,
2210 2644 2468 2712 quoniam
2513 2647 2854 2703 extrinsecus
2897 2649 3038 2702 nulla
3083 2665 3261 2705 rerum
3313 2667 3405 2706 ne-

1827 2733 2110 2799 cessitate,
2158 2734 2304 2788 nulla
2365 2736 2688 2793 intrinsecus
2746 2749 2955 2794 natura:
3007 2756 3118 2797 suae
3176 2742 3244 2797 ad
3303 2744 3405 2799 hoc

1829 2826 2003 2881 coacti
2056 2835 2184 2881 sunt
2231 2827 2634 2895 imbecillitate,
2692 2830 2784 2887 sed
2845 2831 2978 2886 vitio
3035 2835 3409 2889 tantummodo

1829 2917 2096 2986 superbiae
2143 2932 2209 2973 ex
2261 2919 2373 2990 ipsa
2418 2918 2687 2976 libertatis
2733 2920 3107 2992 claritatisque
3158 2939 3269 2980 sua:
3316 2941 3411 2981 ειη

1827 3007 2079 3062 cellentia
2136 3009 2337 3073 inﬂati,
2385 3012 2639 3080 potentiae
2696 3027 2827 3068 mea!
2877 3015 3280 3084 praesumebant
3333 3033 3413 3070 re—

1834 3099 2049 3155 sistere.
2088 3098 2262 3156 Homo
2302 3111 2481 3157 autem
2512 3104 2730 3173 primus
2770 3104 2897 3161 licet
2937 3107 3199 3176 sapientia
3229 3109 3411 3164 multi-

1832 3189 1961 3259 plici
1987 3200 2043 3246 et
2084 3193 2395 3249 conditione
2429 3194 2697 3265 spirituali
2738 3195 2812 3250 ita
2855 3207 3000 3251 esset
3028 3197 3324 3253 adornatus
3352 3209 3412 3254 ut

1834 3281 2108 3336 diceretur
2135 3280 2201 3336 ad
2235 3283 2520 3355 imaginem
2552 3294 2608 3339 et
2645 3285 3051 3341 similitudinem
3081 3287 3174 3342 Dei
3203 3288 3407 3350 factus;

1833 3372 1960 3441 quia
2006 3368 2186 3429 tamen
2230 3376 2560 3444 compositos
2583 3387 2704 3431 erat
2733 3394 2797 3432 ex
2826 3393 2990 3433 carne
3018 3379 3269 3447 lutea,-et
3294 3381 3415 3437 dia-

1836 3461 1941 3517 boli
1972 3473 2290 3532 prmventus
2330 3465 2644 3520 seductione
2690 3476 2853 3536 atque
2898 3470 3126 3535 astutia,
3164 3472 3414 3541 praecepti

1838 3551 1943 3605 mei
1991 3553 2423 3624 transgressione
2475 3555 2687 3607 veniam
2737 3559 2952 3621 meruit,
2992 3574 3055 3612 ea
3105 3569 3284 3614 tamen
3330 3576 3414 3615 ra-

1840 3645 1986 3700 tione
2024 3654 2082 3699 nt
2120 3644 2327 3715 cjectus
2364 3645 2430 3699 de
2470 3647 2721 3716 paradiso
2771 3647 3059 3717 voluptatis
3097 3659 3419 3719 operaretur

1841 3744 2064 3800 terram,
2096 3738 2161 3791 de
2191 3752 2293 3806 qna
2314 3746 2563 3806 sumptus
2593 3748 2757 3805 esset,
2787 3738 2838 3792 in
2879 3740 3077 3794 sudore
3109 3749 3419 3797 vesceretur

1838 3840 1999 3896 pane.
2051 3825 2204 3894 Quod
2261 3827 2466 3883 scilicet
2517 3836 2573 3883 et
2615 3828 2771 3898 juxta
2831 3830 3063 3885 litteram
3117 3833 3183 3888 de
3228 3848 3421 3904 corpu.

1842 3917 1962 3983 rali,
1991 3926 2051 3972 ut
2089 3932 2152 3972 ea
2174 3932 2298 3987 quae
2329 3918 2382 3972 in
2424 3920 2527 3974 hoc
2548 3919 2740 3974 exsilio
2779 3922 2989 3992 corpori
3022 3932 3201 3979 essent
3230 3938 3422 3981 uoces-

1842 4009 1983 4064 saria
2022 4024 2151 4064 cura
2185 4008 2455 4063 excoleret
2501 4010 2651 4063 varia
2675 4051 2690 4074 ,
2737 4019 2794 4065 et
2843 4011 2911 4066 de
2952 4013 3216 4081 spirituali
3241 4030 3417 4084 pane,

1832 4105 1896 4159 id
1925 4113 2006 4158 es:
2025 4102 2262 4167 Christo,
2284 4111 2460 4171 potest
2486 4102 2705 4172 intelligi
2731 4121 2746 4169 ;
2778 4115 2835 4157 ut
2873 4106 3131 4174 cuiprius
3167 4105 3423 4161 facillimo

1843 4193 1996 4249 liberi
2028 4193 2234 4248 arbitrii
2258 4193 2377 4247 nisu
2404 4193 2690 4255 inluerere,
2720 4201 2775 4246 et
2799 4192 2853 4246 in
2879 4208 2986 4262 quo
3010 4195 3191 4248 omnia
3221 4195 3421 4251 habere

1843 4292 2045 4354 posset,
2077 4284 2142 4337 ad
2173 4298 2294 4338 eum
2329 4285 2666 4352 postmodum
2696 4283 2876 4353 lapsus
2917 4298 3042 4338 cum
3073 4285 3270 4340 sudore
3298 4300 3420 4341 ma-

178 4365 481 4421 mortalibus
500 4368 689 4424 multis
713 4371 946 4426 sustinui
968 4374 1379 4435 admonendoet
1399 4356 1734 4446 inst—ruendo,
1757 4390 1817 4448 ’ῃ
1847 4376 1990 4429 ximo
2019 4376 2349 4444 poenitentia:
2397 4374 2594 4427 rediret
2640 4381 2800 4442 atque
2844 4371 3082 4443 ejusdem
3110 4375 3316 4435 arbitrii
3342 4376 3427 4432 in-
3468 4356 3471 4361 ’

176 4456 447 4541 stu-etiam
479 4459 608 4513 talia
626 4461 954 4530 permittam
981 4467 1298 4539 contingere
1321 4471 1660 4541 aliquatenus
1686 4486 1739 4528 ιι·

186 4539 292 4595 volo
317 4543 600 4602 instruere.
635 4545 891 4619 Nunquid
924 4552 1138 4623 ignoras
1168 4557 1387 4629 angelos
1413 4539 1476 4615 et
1507 4564 1712 4618 archan

186 4629 317 4696 zelus
359 4643 651 4707 omnesque
697 4640 1016 4708 cmlicolas,’
1053 4644 1349 4719 qui'longe
1372 4658 1373 4661 ‘
1397 4652 1682 4711 sublimior
1717 4676 1742 4710 s

189 4731 365 4778 natura
410 4739 664 4787 consulat
708 4732 969 4798 humana,
1001 4738 1053 4791 in
1093 4753 1160 4793 eo
1196 4742 1626 4802 voluntatis‘sn'ae
1655 4766 1744 4801 ar-

188 4807 607 4908 reiictos,
648 4821 867 4875 otvsivc
902 4838 1134 4892 mecum,
1175 4830 1288 4885 sive
1331 4847 1450 4887 eum
1490 4837 1741 4908 principe

191 4898 387 4958 diabolo
421 4907 642 4974 reiient,
678 4917 1096 4979 permanerent?
1116 4917 1214 4974 Sic
1250 4922 1467 4992 quoque
1497 4898 1741 4995 oportuit

193 4995 526 5061 eosprobari,
550 5008 611 5053 ut
647 5010 702 5055 et
728 5002 880 5071 quid
908 5004 961 5058 in
1007 5023 1091 5062 me
1124 5020 1179 5064 et
1208 4998 1419 5080 quid-in
1462 5033 1521 5073 se
1558 5030 1745 5077 essent

195 5093 364 5172 posset
393 5088 665 5144 demutari.
699 5092 855 5147 Unde
879 5108 1003 5149 cum
1028 5100 1244 5167 quidam
1273 5106 1481 5172 probati
1513 5111 1630 5166 sine
1659 5127 1744 5165 me

196 5169 321 5266 nihil
344 5186 476 5238 esse,
503 5177 588 5232 alii
615 5194 745 5235 vero
786 5182 846 5235 in
878 5196 939 5235 se
967 5184 1165 5255 aliquid
1205 5169 1325 5247 esse
1349 5204 1589 5266 etposse
1628 5214 1745 5253 crc-

196 5258 409 5318 derent:
438 5267 486 5322 bi
514 5270 601 5337 qui
629 5271 681 5326 in
712 5285 804 5326 me
830 5286 992 5326 suum
1024 5284 1392 5338 tantummodo
1414 5258 1534 5343 esse
1556 5289 1745 5344 decer-

198 5351 403 5400 nabant-
430 5356 681 5400 ριηριὶηιιρ
724 5369 777 5400 οι
831 5360 1089 5400 tulit-ila“:
1132 5381 1381 5400 νιΔΙιηΛΙι-οι
1432 5377 1609 5400 ..:J,,L_
1640 5389 1747 5400 s..,-.

1844 4465 2095 4535 geniique
2122 4464 2285 4529 vires,
2332 4478 2466 4532 quas
2510 4471 2635 4516 ante
2682 4464 3169 4533 transgressionem
3222 4464 3427 4537 absque

1846 4570 2034 4609 sensus
2066 4563 2280 4623 torpore
2307 4553 2371 4606 ad
2420 4558 2611 4606 cuncta
2657 4552 2915 4607 bonitatis
2936 4550 3060 4621 jura
3103 4553 3422 4620 retinuerat.

1836 4657 2030 4718 postea
2086 4646 2268 4701 carnis
2320 4644 2608 4717 fragilitate
2650 4646 3026 4716 praepediente
3066 4661 3192 4701 cum
3242 4646 3428 4703 labere

1846 4740 1992 4808 gravi
2024 4739 2313 4792 obtineret.
2334 4736 2475 4792 Cum
2506 4751 2636 4808 ergo
2673 4738 2774 4791 hac
2796 4737 3212 4799 ratiocinatione
3257 4752 3428 4808 agno-

1835 4845 1969 4885 scas
1998 4844 2100 4883 non
2140 4829 2311 4883 solum
2357 4827 2606 4881 eumdem
2656 4827 2888 4896 primum
2926 4827 3199 4882 hominem
3247 4825 3435 4897 singu-

1852 4922 1948 4974 lari
1983 4920 2307 4975 conditionis
2336 4920 2587 4973 humante
2620 4920 2850 4988 primatu
2902 4918 3274 4988 sapientiaque
3312 4918 3434 4974 lau-

1851 5023 2081 5076 reatum,
2113 5013 2206 5068 sed
2230 5014 2391 5067 etiam
2418 5026 2607 5066 omnes
2635 5010 2906 5067 caelicolas
2928 5049 2943 5074 ,
2976 5025 3205 5082 quorum
3253 5009 3403 5065 (διατι
3420 5038 3436 5049 ο

1852 5103 2026 5159 lentiae
2053 5112 2301 5158 creatura
2327 5102 2470 5157 nulla
2498 5111 2869 5173 comparatur,
2891 5098 3102 5173 absque
3123 5097 3439 5167 probatione

1854 5210 2089 5266 congrua
2120 5209 2225 5248 non
2269 5208 2427 5264 posse
2466 5191 2597 5246 mihi
2630 5172 2877 5248 iiirmiter.
2901 5190 3167 5248 inhaerere
3205 5200 3303 5242 nec
3330 5198 3436 5240 non
3496 5264 3499 5267 Δ

1856 5288 1936 5341 sui
1988 5287 2198 5355 meique
2239 5283 2599 5341 differentiam
2641 5282 2964 5353 pervidere;
2996 5295 3153 5352 quem
3183 5276 3439 5343 deinceps

2775 5372 3011 5400 knm:n:n
3040 5364 3319 5400 σι-οηιΙΔηΙία
3350 5364 3435 5400 ἷκ-

1878 5378 2131 5400 --ΜΞ-ια“
2171 5387 2482 5400 μμΙᾳ-Αιαι-ρ.
2516 5389 2542 5400 Α
