3998 5450
518 347 584 427 η
1526 384 1820 441 O'I‘tILONI
1861 388 2164 445 MONACIll
2205 389 2262 442 s.
2303 389 2728 445 natustmnn
3693 395 3762 447 tt

529 555 534 560 _
584 489 804 553 Quodsi
837 491 1142 544 teutatiunis
1176 493 1402 547 iusulilze
1435 489 1706 551 molestias
1749 513 1910 567 super
1939 509 1990 553 te
2021 500 2090 554 ir-
2120 507 2162 562 Α
2193 499 2334 568 passi
2385 509 2509 554 sunt
2537 501 2876 564 discrimina,
2915 509 3118 568 quanto
3167 514 3270 554 non
3315 500 3427 570 jam
3478 508 3764 572 prteseutia

516 577 686 630 ruis'se
711 579 968 640 causaris,
1002 580 1218 633 attende
1243 596 1454 651 quoque
1476 583 1601 652 quia
1628 595 1679 638 ιιι
1705 600 1839 654 pene
1867 587 2082 642 insolito

515 683 662 722 more
685 667 909 734 gratiam
928 681 1096 721 meam
1121 669 1225 723 huc
1245 672 1598 741 usquemagis
1617 689 1774 741 quam
1799 674 1886 728 alii
1903 674 2081 744 plures

513 759 858 827 adeptns'sis.
887 757 1072 812 Nonne
1093 759 1185 812 tibi
1222 759 1494 816 insolitum
1517 762 1748 827 videtur,
1782 779 1810 817 a
1851 765 2080 834 pueritia

512 865 683 919 usque
711 850 764 902 in
795 857 1033 919 prmsens
1058 850 1386 904 omnimodis
1415 861 1464 904 te
1492 852 1789 906 sceleribus
1839 853 2081 923 implica-

512 949 645 1004 tum,
705 955 810 994 non
863 939 1037 994 solum
1090 929 1278 1010 pmnas
1327 943 1619 1014 condignas
1675 945 1928 1010 evasisse,
1987 947 2081 1001 sed

510 1032 670 1084 etiam
718 1029 870 1099 quasi
898 1022 1031 1085 'vicc
1068 1045 1224 1084 versa
1275 1032 1387 1086 ba‘c
1430 1049 1549 1103 qua:
1590 1034 1769 1090 multis
1817 1037 2079 1105 denegata

509 1129 634 1173 sunt
679 1120 961 1191 religiosis,
1011 1129 1064 1174 et
1110 1121 1274 1192 (quod
1326 1138 1430 1177 non
1479 1124 1680 1194 absque
1727 1125 2081 1181 admiratione

509 1227 698 1282 magna
725 1211 938 1281 pensari
971 1211 1134 1278 valet)
1161 1228 1281 1266 cum
1312 1213 1495 1269 labore
1523 1231 1716 1286 magno
1741 1216 2078 1286 exquirenti-

508 1301 634 1366 bus,
668 1316 730 1354 ca
765 1302 884 1355 nisu
916 1301 1170 1377 facillimo
1219 1303 1360 1360 dona
1402 1304 1620 1374 pietatis
1664 1321 1796 1360 mere
1843 1307 2078 1376 ingentia

505 1390 843 1460 percepisse?
868 1391 1193 1458 Recordare,
1219 1409 1420 1464 quaeso,
1443 1396 1570 1464 quid
1594 1403 1646 1449 tu
1672 1395 1874 1466 absque
1896 1396 2079 1451 labore

505 1481 661 1534 solito
691 1481 1092 1545 beneficiorum,
1132 1493 1184 1536 et
1219 1484 1550 1552 quid‘czeteri
1582 1485 1764 1555 plures
1795 1486 1897 1540 mei
1924 1485 2080 1541 electi

474 1571 878 1638 experirentur
904 1571 1293 1642 angustiarum,
1335 1573 1644 1642 priusquam
1679 1587 1864 1644 pacem
1911 1583 1966 1628 et
1999 1589 2080 1630 re-

503 1662 680 1728 quiem
711 1661 897 1725 ullam,
931 1677 1036 1715 non
1073 1661 1192 1716 dico
1244 1662 1434 1716 futurae
1474 1664 1566 1718 sed
1613 1665 1892 1734 praesentis
1933 1666 2075 1731 vita‘,

501 1753 822 1817 obtinerent,
850 1755 1094 1823 quamvis
1120 1755 1355 1810 nonnulli
1388 1757 1533 1810 inter
1561 1755 1820 1811 beneficia
1864 1758 2078 1814 sibimet

2181 589 2304 653 ulla,
2334 589 2427 644 sed
2455 591 2826 644 tantummodo
2848 589 3027 644 futura
3055 600 3110 644 et
3151 600 3352 645 aeterna
3387 593 3764 649 desiderabant

2179 677 2420 744 prtemia.
2459 677 2537 731 Illi
2569 694 2800 747 namque
2846 679 2939 748 qui
2987 690 3114 734 ante
3164 681 3335 749 legem
3375 692 3467 736 aut
3503 685 3602 738 sub
3647 685 3764 756 lege

2181 768 2430 838 religiose
2485 770 2774 832 vixerunt,
2841 770 2966 826 licet
3007 770 3140 839 justi
3197 774 3476 842 sanctique
3536 786 3760 840 essent,

2181 856 2352 926 magis
2397 866 2576 911 tamen
2607 857 2674 911 ab
2705 858 2826 914 aliis
2852 875 3013 928 quam
3040 876 3069 914 a
3099 863 3404 932 semetipsis
3445 863 3620 918 illatas
3665 867 3763 920 tri-

2179 943 2482 1001 bulationes
2509 948 2921 1014 sustinuerunt;
2954 949 3044 1004 isti
3091 961 3268 1006 autem
3316 953 3514 1023 quibus
3539 966 3766 1011 exortus

2178 1043 2260 1088 est
2299 1049 2460 1090 verus
2500 1036 2722 1106 iustitia:
2766 1036 2879 1103 Sol,
2921 1037 2972 1092 id
3005 1049 3088 1093 est
3129 1039 3402 1108 Christus,
3449 1043 3712 1111 qui'dixit
3745 1062 3761 1095 :

2178 1121 2242 1177 Si
2266 1125 2381 1192 quis
2410 1123 2514 1178 vult
2550 1135 2662 1193 post
2703 1141 2781 1179 mo
2816 1127 3007 1192 venire,
3049 1128 3263 1199 abneget
3305 1132 3669 1200 semetipsum,
3711 1144 3761 1186 ct

2179 1211 2325 1265 tollat
2368 1229 2571 1266 crucem
2601 1230 2748 1266 suam
2775 1225 2822 1268 et
2865 1225 3118 1285 sequatur
3145 1234 3224 1271 me
3246 1235 3266 1283 ,°
3311 1228 3366 1274 et
3399 1219 3590 1274 iterum
3615 1236 3629 1274 :
3657 1221 3761 1287 Qui

2178 1312 2320 1356 amat
2363 1305 2594 1357 animam
2636 1321 2824 1366 suam,
2854 1306 3030 1376 perdet
3079 1324 3230 1372 eam;
3279 1309 3578 1377 hujusmodi
3615 1315 3762 1367 rudi-

2178 1394 2374 1449 mentis
2405 1395 2610 1450 incitati
2644 1397 2962 1467 semetipsos
3001 1397 3299 1454 offerebant
3344 1401 3676 1467 tortoribus;
3705 1413 3762 1457 et

2177 1482 2223 1537 si
2255 1492 2428 1538 tortor
2455 1483 2592 1539 alius
2619 1484 2899 1550 defuisset,
2929 1501 3050 1542 sese
3074 1504 3196 1542 cum
3229 1489 3373 1543 vitiis
3416 1500 3470 1545 et
3497 1492 3754 1561 concupi-

2178 1574 2401 1628 scentiis
2447 1590 2662 1645 semper
2706 1576 3113 1647 crucifigebaut.
3160 1578 3388 1650 Ideoque
3441 1597 3548 1636 non
3598 1580 3796 1636 facile.

2179 1671 2448 1718 terrenam
2472 1665 2647 1718 sortiti
2679 1674 2804 1718 sunt
2842 1666 3176 1735 dignitatem,
3209 1669 3300 1722 sed
3337 1668 3542 1740 jugitm
3575 1670 3756 1725 inten-

2177 1752 2375 1808 debant
2399 1755 2464 1808 ad
2491 1756 2827 1824 spiritualem
2853 1767 2944 1811 :ut
2971 1757 3221 1812 videlicet
3245 1759 3342 1828 ipsi
3378 1770 3548 1814 semet
3567 1769 3755 1814 contra

502 1844 695 1898 collata
715 1843 1042 1900 ‘alliictiones
1067 1845 1248 1899 varias
1270 1845 1592 1916 perferrent.
1618 1846 1678 1901 Et
1703 1857 1760 1900 ut
1783 1847 1895 1900 bree
1925 1862 2080 1917 aper—
2113 1844 2152 1902 Β
2181 1844 2474 1900 diabolicas
2523 1847 2848 1902 teutationes
2898 1847 3109 1902 fortiter
3155 1849 3465 1914 munirent,
3517 1849 3760 1920 aliosque

506 1937 609 1990 lius
639 1945 730 1990 tuo
765 1936 1101 2012 innotescaut
1135 1937 1338 2002 animo,
1370 1937 1626 2008 quosdam
1659 1938 1746 2007 qui
1773 1937 2075 2006 huiusmodi

501 2026 666 2079 vitam
693 2025 979 2090 ducebant,
1016 2036 1123 2081 tam
1155 2027 1206 2082 in
1237 2027 1416 2082 Veteri
1441 2044 1602 2099 quam
1636 2029 1686 2083 in
1715 2028 1863 2084 Novo
1890 2027 2077 2084 Testa—

502 2127 682 2173 mento
725 2132 821 2187 per
851 2119 1066 2173 nomina
1119 2118 1350 2174 recitare
1397 2121 1574 2188 cupio.
1626 2119 1815 2175 Scisne
1848 2129 2077 2191 quantos

503 2209 713 2263 labores
741 2217 796 2264 et
823 2209 1194 2264 tribulationcs
1217 2208 1382 2265 Jacob
1424 2211 1730 2280 patriarcha
1773 2211 2076 2282 pertulerit,

500 2301 813 2371 priusquam
853 2300 1014 2356 ullam
1038 2301 1430 2357 benedictionis
1457 2314 1720 2374 perceptae
1745 2319 1773 2358 a
1801 2314 1954 2374 patre
1977 2318 2077 2358 suo

500 2392 652 2446 Isaae
700 2393 928 2463 gratiam
972 2395 1268 2462 promereri
1296 2395 1744 2462 potucrit?nam,
1771 2406 1828 2451 ut
1850 2395 2076 2451 Genesis

498 2481 635 2536 liber
665 2491 910 2546 testatur,
941 2483 1129 2536 oderat
1155 2498 1366 2554 semper
1394 2485 1532 2540 Esau
1567 2485 1735 2541 Jacoh
1773 2501 1873 2556 pro
1908 2487 2078 2552 bene-

499 2574 729 2630 dictione
773 2590 877 2643 qua
921 2575 1268 2629 benedixcrat
1298 2575 1344 2629 ei
1375 2586 1566 2648 pater;
1615 2577 1861 2646 ideoque,
1902 2585 2075 2631 matre

498 2659 780 2728 suadente,
796 2663 933 2717 idem
949 2663 1113 2718 Jacob
1136 2673 1356 2732 propter
1377 2663 1559 2718 fratris
1584 2675 1781 2718 metum
1804 2664 2073 2735 profectus

497 2747 580 2807 est
608 2755 660 2806 in
684 2752 953 2814 exsilium,
987 2751 1076 2804 nbi
1097 2751 1362 2805 avunculo
1389 2767 1485 2806 suo
1514 2752 1577 2806 Η
1609 2768 1779 2807 annos
1807 2755 2068 2820 serviens,

499 2843 745 2913 ignobilis
771 2856 1013 2911 personae
1043 2842 1266 2896 sortitus
1291 2851 1372 2897 est
1401 2844 1694 2913 negetium.
1725 2843 1914 2899 Postea
1942 2859 2072 2901 vero
2109 2899 2112 2902 .

497 2951 619 2988 eum
670 2933 867 2986 rediret
908 2930 972 2986 ad
1008 2931 1261 3000 patriam,
1318 2933 1371 2986 in
1422 2942 1627 2987 tantum
1677 2935 1850 2990 adhuc
1886 2935 2071 2992 fratris

496 3025 710 3095 expavit
757 3025 912 3088 iram,
951 3031 1009 3076 ut
1051 3037 1149 3092 pro
1183 3023 1622 3080 reconciliatione
1669 3025 1886 3081 nuntios
1933 3040 2070 3098 pra:-

497 3119 732 3179 mittens,
767 3130 870 3168 non
902 3112 1072 3169 solum
1097 3112 1208 3182 jam
1243 3103 1496 3180 fratrem,
1551 3115 1644 3170 setl
1693 3125 1748 3171 et
1791 3117 2067 3191 dominum

2178 1931 2438 2001 exemplis
2495 1933 2606 1988 suis
2653 1935 2952 1989 erudirent.
3010 1937 3391 1991 Verumtamen
3444 1937 3756 2008 priusquam

2177 2023 2488 2092 passionum
2534 2026 2873 2095 propriarum
2905 2027 3127 2081 victoria
3158 2036 3210 2081 et
3257 2042 3387 2097 pace
3427 2027 3753 2095 fruerentur,

2176 2123 2270 2168 aut
2298 2113 2569 2185 aliquibus
2601 2117 2850 2187 regendis
2879 2129 3341 2188 prmpouerentur,
3373 2119 3597 2188 plurima
3635 2135 3758 2190 per-

2177 2204 2413 2260 tulerunt
2442 2208 2711 2278 pericula,
2750 2209 2915 2264 multa
2957 2211 3282 2266 transierunt
3315 2222 3573 2280 tempora.
3620 2211 3756 2278 Qui-

2175 2297 2296 2352 dam
2349 2298 2513 2354 etiam
2569 2299 2621 2354 in
2669 2301 2933 2370 spirituali
2985 2302 3245 2372 dignitate
3282 2301 3395 2369 jam
3446 2302 3753 2367 constituti,

2175 2399 2372 2459 prmter
2399 2391 2715 2447 alllictioues
2746 2404 3094 2462 spontaneos,
3129 2393 3464 2462 aegritudinis
3505 2403 3597 2449 aut
3627 2409 3757 2465 per-

2173 2481 2468 2536 secutionis
2493 2483 2660 2538 variae
2686 2482 2896 2554 flagella
2943 2486 3012 2540 ob
3042 2486 3360 2542 humilitatis
3388 2487 3684 2542 custodiam
3720 2503 3754 2544 a

2174 2587 2259 2626 me
2289 2577 2629 2640 transmissa,
2657 2590 2826 2645 usque
2865 2577 2932 2632 ad
2962 2576 3122 2632 tinem
3153 2579 3274 2632 vita;
3298 2579 3598 2648 prtesentis
3625 2588 3756 2633 sunt

2173 2661 2336 2730 passi.
2363 2661 2619 2728 Quamvis
2639 2679 2769 2734 ergo
2799 2663 3099 2732 huiusmodi
3128 2665 3272 2720 viros
3299 2665 3717 2723 innumerabiles
3735 2708 3754 2733 ,

2172 2757 2231 2803 ut
2279 2751 2646 2822 supradictum
2703 2764 2830 2820 est,
2882 2754 2936 2808 in
2989 2755 3334 2810 Testamento
3385 2753 3533 2810 Novo
3575 2755 3758 2825 possis

2172 2840 2452 2907 invenire,
2508 2842 2717 2912 aliquos
2761 2854 2937 2898 tamen
2981 2844 3208 2914 exempli
3250 2844 3423 2915 gratia
3473 2845 3758 2899 nominare

2170 2930 2290 2986 volo
2315 2940 2392 2998 ut,
2441 2948 2561 2989 cum
2605 2934 2703 2988 hos
2733 2934 2784 2989 in
2817 2934 3178 2990 testimonium
3210 2949 3506 3003 sumpsero,
3540 2933 3755 2989 facilius

2170 3037 2432 3096 agnoscas
2476 3025 2792 3096 qualitatem
2841 3037 3178 3082 caeterorum.
3225 3026 3282 3080 lu
3331 3027 3520 3096 primis
3571 3026 3758 3096 itaque

2171 3117 2446 3185 apostolos
2474 3115 2686 3172 Domini
2708 3115 2833 3172 Jesu
2871 3117 3072 3172 Christi
3111 3117 3330 3172 attende
3363 3115 3489 3186 quid
3534 3116 3750 3170 labora-

496 3206 813 3275 appcllaret,
843 3205 1066 3259 dicens:
1095 3203 1185 3259 Sic
1216 3203 1484 3274 loquimini
1507 3206 1716 3259 dontiuo
1742 3223 1853 3260 meo
1883 3206 2069 3261 Esau:
2098 3200 2143 3264 C
2171 3208 2366 3269 verint,
2418 3208 2546 3278 quid
2592 3208 2915 3279 pertulerint
2954 3216 3244 3278 antequam
3285 3207 3513 3277 aliquem
3550 3206 3756 3264 laboris

500 3298 628 3352 11αέ
657 3297 779 3350 dicit
807 3295 972 3366 frater
1000 3305 1120 3348 tuus
1151 3309 1168 3350 :
1197 3293 1350 3348 Mitto
1388 3310 1524 3348 nunc
1551 3295 1857 3365 legationem
1886 3298 1956 3352 ad
1980 3297 2076 3353 do-

496 3389 692 3440 minam
715 3401 905 3449 meum,
931 3393 985 3440 ut
1013 3384 1269 3438 inveniam
1309 3385 1533 3454 gratiam
1564 3386 1616 3438 in
1662 3397 1935 3456 conspectu
1961 3397 2077 3444 tuo.

493 3477 626 3531 Cum
649 3471 824 3530 autem
851 3475 1220 3530 advenientem
1249 3472 1464 3530 fratrem
1489 3477 1672 3546 procul
1695 3478 1935 3540 vidisset,
1963 3495 2076 3550 prae

497 3569 690 3622 timore
709 3569 761 3622 in
785 3577 983 3622 terram
999 3569 1196 3623 cadens
1219 3567 1417 3636 septies
1432 3568 1672 3622 adoravit
1697 3569 1865 3626 donec
1885 3586 2077 3642 appro-

496 3655 1176 3727 pinquaret.Videsnecrgo
1196 3665 1422 3726 quantas
1444 3656 1757 3714 aﬂiietiones
1779 3659 1866 3713 ille
1894 3669 2076 3733 tantus

497 3744 579 3801 vir
607 3747 954 3809 sustinuerit,
985 3755 1272 3815 antequam
1303 3746 1495 3817 gaudia
1527 3745 1702 3815 aliqua
1741 3748 2072 3803 benedictio-

495 3838 580 3890 nis
624 3837 902 3906 promissa:
951 3835 1293 3912 gustaverit?
1336 3835 1403 3888 At
1454 3836 1496 3890 si
1541 3837 1795 3906 gustavit,
1847 3853 2073 3908 magnus

497 3928 659 3980 timor
701 3927 814 3980 haec
875 3924 1166 4003 superavit.
1210 3925 1406 3979 Eadem
1453 3943 1666 3998 quoque
1703 3928 1768 3983 de
1822 3928 1929 4004 lilio
1973 3944 2072 3984 suo

494 4018 690 4087 Jo‘scpb
729 4015 954 4088 proferri
985 4025 1245 4087 possunt;
1275 4003 1432 4086 quem
1460 4034 1582 4073 cum
1623 4019 1829 4074 somnia
1867 4020 2074 4092 patefa-

495 4119 578 4163 cta
610 4107 804 4161 fratres
859 4105 940 4160 sui
995 4121 1244 4174 magnum
1295 4111 1577 4176 quemdam
1622 4109 1830 4179 sibique
1867 4125 2072 4181 prarpo-
2120 4183 2122 4186 ν

497 4197 729 4252 nendum
763 4195 1174 4260 arbitrarentur,
1208 4213 1328 4250 mox
1370 4197 1518 4251 obliti
1543 4185 1718 4254 totius
1766 4198 2074 4254 fraternita-

497 4289 590 4352 tis,
634 4297 821 4342 contra
868 4301 990 4342 eum
1035 4287 1342 4343 omnimodo
1389 4291 1634 4345 succensi
1673 4299 1798 4346 sunt
1841 4291 2067 4358 invidia,

505 4380 638 4436 adeo
669 4387 728 4434 ut
751 4379 838 4434 vix
888 4379 955 4434 ab
989 4378 1130 4434 illius
1178 4377 1548 4452 interfectione
1589 4395 1710 4435 sese
1759 4381 2073 4438 cohibentes

501 4473 874 4527 venundarcnt
923 4487 1046 4526 eum
1101 4473 1385 4528 lsmaelitis
1428 4490 1440 4526 :
1475 4488 1504 4526 a
1541 4473 1736 4542 quibus
1779 4473 2071 4529 translatus

2176 3297 2261 3353 sui
2304 3298 2579 3363 fructum,
2634 3306 2921 3366 antequam
2986 3297 3332 3353 sublimitatis
3394 3298 3751 3368 percipienda:

2174 3388 2422 3459 gradmn,
2461 3403 2565 3442 non
2590 3387 2710 3443 dico
2735 3388 2788 3442 in
2819 3386 3020 3454 futura,
3053 3386 3146 3443 sed
3179 3375 3510 3457 iaprtesenti
3544 3396 3749 3442 tantum

2172 3479 2302 3544 vita,
2335 3479 2424 3532 ubi
2454 3479 2704 3534 Ecclesiae
2753 3478 3015 3534 uuiversm
3057 3477 3375 3548 praeferendi
3405 3486 3579 3542 erant,
3622 3491 3750 3546 pos-

2171 3571 2428 3626 sederint.
2458 3569 2597 3624 Dicit
2625 3569 2793 3634 enim,
2824 3578 2882 3622 ut
2907 3568 3216 3638 evangelica
3253 3568 3414 3621 verba
3447 3577 3748 3632 testantur,

2170 3661 2284 3730 ipse
2322 3659 2526 3730 primus
2573 3657 2939 3727 apostolorum
2973 3656 3158 3710 Simon
3196 3655 3388 3709 Petrus
3418 3654 3485 3707 ad
3519 3654 3701 3709 Jesum
3729 3673 3746 3710 :

2168 3747 2304 3803 Ecce
2327 3765 2418 3801 nos
2450 3747 2750 3816 reliquimus
2782 3746 2986 3810 omnia,
3014 3755 3061 3799 ct
3090 3746 3250 3798 secuti
3273 3760 3452 3797 sumus
3481 3755 3528 3797 te
3548 3785 3562 3807 ,
3620 3747 3748 3812 quid

2165 3856 2287 3910 ergo
2312 3840 2409 3894 erit
2432 3838 2578 3892 nobis
2607 3839 2631 3892 ?
2661 3837 2799 3903 Quid
2843 3845 3022 3890 autem
3071 3836 3124 3890 in
3161 3835 3246 3890 his
3275 3835 3471 3898 verbis,
3504 3835 3590 3888 ubi
3623 3835 3748 3890 bea-

2168 3936 2255 3982 tus
2284 3927 2476 3982 Petrus
2503 3941 2562 3982 se
2595 3941 2828 3994 suosque
2869 3923 3207 3994 coapostolos
3234 3923 3416 3978 omnia
3464 3923 3746 3993 reliquisse

2167 4020 2317 4084 dicit,
2343 4018 2744 4089 intelligendum
2775 4025 2948 4087 putas,
2989 4016 3091 4070 nisi
3131 4016 3293 4086 (quod
3329 4014 3574 4069 maxima:
3611 4015 3746 4072 (lilii-

2171 4109 2392 4163 cultatis
2410 4109 2513 4178 est)
2543 4117 2817 4178 parentes,
2834 4105 3181 4177 propinquos,
3211 4105 3385 4160 dulcia
3417 4105 3744 4160 matrimonii

2182 4215 2305 4267 ura,
2353 4199 2514 4264 filios,
2567 4197 2793 4268 praedia,
2843 4197 3049 4261 domos,
3098 4204 3368 4264 postremo
3415 4193 3744 4249 voluntatem

2169 4289 2440 4360 prepriam
2471 4288 2758 4357 omniaque
2789 4285 2969 4341 carnis
2995 4284 3305 4340 desideria?
3333 4283 3504 4349 Quam
3539 4283 3608 4337 ob
3631 4296 3742 4337 rem

2171 4379 2300 4434 licet
2323 4375 2570 4448 apostoli,
2610 4375 2812 4430 relictis
2840 4373 3090 4433 erunibus
3109 4371 3536 4437 suis,Dominum
3561 4367 3743 4423 Jesum

2172 4467 2559 4524 comitarentur
2574 4462 2775 4534 iugiter
2806 4471 2860 4518 et
2887 4469 3066 4517 mente
3094 4460 3259 4526 ﬁdeli,
3287 4460 3627 4514 manifestum
3661 4467 3746 4512 est

495 4561 890 4632 in'Egyptum,
925 4569 1126 4618 tantam
1157 4563 1226 4617 ibi
1257 4540 1633 4620 contritioncm
1656 4579 2069 4635 pressuramque
2097 4540 2146 4599 Ῑ)
2175 4568 2352 4612 tamen
2375 4555 2593 4610 eosdem
2642 4568 2740 4624 pro
2775 4567 2953 4606 rerum
2999 4566 3216 4606 suarum
3263 4548 3594 4612 dimissioue,
3644 4561 3747 4600 nec

494 4654 770 4719 sustinuit,
821 4661 879 4708 ut
926 4645 1066 4708 Sicut
1113 4653 1179 4708 de
1217 4668 1282 4707 eo
1330 4652 1614 4710 Psalmista
1661 4663 2065 4732 commemorat,

494 4747 688 4817 ferrum
715 4747 1057 4817 pertransiret
1087 4745 1315 4800 animum
1354 4744 1485 4815 ejus,
1517 4745 1679 4801 donec
1723 4747 1912 4800 veniret
1953 4762 2068 4800 ver-

495 4838 612 4890 bum
639 4837 748 4906 ejus
774 4834 946 4906 (Psal.
971 4849 1076 4899 crv,
1111 4833 1218 4904 18),
1249 4832 1300 4890 id
1330 4845 1434 4898 est,
1458 4842 1744 4905 antequam
1770 4835 2068 4907 perciperet

493 4927 929 4998 prodestinatam
960 4935 1010 4980 et
1045 4925 1330 4981 revelatam
1377 4933 1730 4996 potestatem,
1764 4939 1924 4995 quam
1961 4938 2065 4983 non

494 5019 663 5074 solum
695 5033 856 5088 super
883 5015 1028 5070 omni
1058 5014 1308 5091 Egypto,
1341 5015 1432 5068 sed
1475 5013 1636 5088 etiam
1677 5028 1836 5082 super
1863 5013 2070 5070 eunetis
2131 5075 2134 5078 ἢ

496 5109 747 5163 fratribus
773 5107 884 5161 suis
913 5106 978 5160 ad
1019 5119 1077 5160 se
1122 5121 1218 5175 pro
1265 5104 1440 5173 in0pla
1485 5101 1914 5173 confugientibus
1940 5116 2067 5174 pos-

493 5213 738 5252 sessurus
763 5207 898 5252 erat.
931 5195 1140 5250 Similia
1168 5195 1330 5248 etiam
1373 5193 1610 5249 invenire
1644 5191 1789 5246 vales
1823 5192 1888 5245 de
1925 5205 2066 5262 pra:-

492 5268 803 5357 cipno'viro
850 5285 1050 5356 Moyse,
1095 5293 1149 5338 et
1193 5283 1260 5341 de
1307 5283 1506 5338 faruulo
1553 5297 1672 5335 meo
1701 5279 1888 5343 David,
1920 5289 1972 5334 et
2000 5279 2066 5334 de

713 5374 745 5388 n
826 5373 835 5383 ⁸
857 5371 912 5388 γΙΑ
1037 5369 1110 5388 -μ-⁶
1153 5382 1328 5390 -κ.μ,.ιι.-
1394 5367 1513 5390 12⁸⁸1
1545 5365 1838 5390 ,δεακλκί“...ιι
1870 5365 2040 5392 *Λυδίη

2169 4662 2277 4702 non
2312 4660 2410 4717 pro
2437 4645 2685 4698 humana:
2707 4641 3008 4712 fragilitatis
3035 4640 3318 4695 occasione
3343 4637 3544 4692 diutius
3568 4651 3598 4690 a
3628 4635 3743 4689 dia-

2167 4737 2292 4794 bolo
2323 4735 2516 4792 tentari
2541 4744 2596 4789 et
2621 4732 2854 4802 fatigari,
2883 4730 3112 4785 maxime
3157 4743 3278 4783 cum
3323 4736 3378 4782 et
3406 4727 3520 4795 ipse
3563 4724 3746 4779 Domi-

2170 4843 2272 4883 nus
2301 4825 2626 4881 teutationes
2655 4821 2770 4890 ejus
2800 4821 3028 4876 voluerit
3055 4819 3184 4890 pati.
3224 4817 3372 4873 Unde
3414 4815 3481 4870 ad
3521 4814 3741 4868 eosdem

2169 4913 2441 4986 apostolos
2462 4911 2594 4966 dicit
2618 4925 2630 4963 :
2665 4908 2766 4964 Vos
2792 4909 2912 4962 estis
2937 4907 3026 4980 qui
3051 4904 3406 4976 permansistis
3445 4919 3642 4956 mecum
3685 4902 3742 4953 in

2169 5004 2536 5061 tentationibus
2557 5001 2701 5055 meis.
2743 4999 3008 5054 Praeterea
3035 4995 3376 5050 tribulatione
3416 4991 3739 5063 premeban-

2170 5106 2257 5151 tur
2294 5093 2549 5156 maxima,
2582 5105 2705 5146 cum
2732 5088 2903 5156 ipsmu
2934 5085 3241 5150 Dominum,
3294 5085 3345 5137 in
3391 5096 3498 5150 quo
3516 5093 3738 5134 omnem

2168 5199 2317 5253 spem
2380 5196 2534 5237 suam
2600 5183 2908 5250 ponebant,
2983 5175 3365 5248 comprehendi
3437 5171 3507 5230 ab
3569 5171 3739 5226 hami.

2168 5273 2325 5328 nibus
2371 5271 2641 5342 pessimis,
2696 5280 2750 5322 et
2801 5266 3059 5337 flagellari
3104 5272 3380 5332 morteque
3432 5261 3736 5330 turpissima

2168 5360 2510 5392 anndnmunri
2543 5358 2790 5392 mhlalmnl
2859 5354 2990 5392 ΙΙιιίιι
3032 5363 3208 5392 σηιιοιη
3244 5351 3590 5392 Ιιοὲἓξεεῖεεὲεὶηο
3610 5365 3733 5392 cum.
