  <div class='ocr_page' id='page_1' title='image "/cluster/home/n/w/nwhite01/storage/ocr_20150623/146/hvd.32044015471832/028.png"; bbox 0 0 3998 5450; ppageno 0'>
   <div class='ocr_carea' id='block_1_1' title="bbox 200 86 3461 171">
    <p class='ocr_par' dir='ltr' id='par_1_1' title="bbox 200 86 3461 171">
     <span class='ocr_line' id='line_1_1' title="bbox 200 86 3461 171; baseline -0.009 0"><span class='ocrx_word' id='word_1_1' title='bbox 200 117 268 171; x_wconf 64' lang='grc'><strong>65</strong></span> <span class='ocrx_word' id='word_1_2' title='bbox 884 105 1007 161; x_wconf 80' lang='lat' dir='ltr'><strong>LIB.</strong></span> <span class='ocrx_word' id='word_1_3' title='bbox 1049 103 1137 158; x_wconf 83' lang='lat' dir='ltr'><strong>DE</strong></span> <span class='ocrx_word' id='word_1_4' title='bbox 1173 95 1733 157; x_wconf 72' lang='lat' dir='ltr'><strong>TENTATIONIBUS</strong></span> <span class='ocrx_word' id='word_1_5' title='bbox 1772 93 1927 149; x_wconf 80' lang='lat' dir='ltr'><strong>SL&#39;lS</strong></span> <span class='ocrx_word' id='word_1_6' title='bbox 1969 93 2054 149; x_wconf 79' lang='grc' dir='ltr'><strong>ΕΤ</strong></span> <span class='ocrx_word' id='word_1_7' title='bbox 2103 90 2433 148; x_wconf 77' lang='lat' dir='ltr'><strong>SCRIPTIS.</strong></span> <span class='ocrx_word' id='word_1_8' title='bbox 2461 121 2525 130; x_wconf 91' lang='lat'><strong><em>—</em></strong></span> <span class='ocrx_word' id='word_1_9' title='bbox 2557 88 2755 144; x_wconf 72' lang='lat' dir='ltr'><strong>PARS.</strong></span> <span class='ocrx_word' id='word_1_10' title='bbox 2799 88 2839 142; x_wconf 87' lang='grc' dir='ltr'><strong>Ι.</strong></span> <span class='ocrx_word' id='word_1_11' title='bbox 3393 86 3461 142; x_wconf 68' lang='grc' dir='ltr'><strong>ιδ</strong></span> 
     </span>
    </p>
   </div>
   <div class='ocr_carea' id='block_1_2' title="bbox 200 200 3465 284">
    <p class='ocr_par' dir='ltr' id='par_1_2' title="bbox 200 200 3465 284">
     <span class='ocr_line' id='line_1_2' title="bbox 200 200 3465 284; baseline -0.008 0"><span class='ocrx_word' id='word_1_12' title='bbox 200 231 345 283; x_wconf 99' lang='lat' dir='ltr'><strong>tione</strong></span> <span class='ocrx_word' id='word_1_13' title='bbox 384 239 453 278; x_wconf 90' lang='lat' dir='ltr'><strong>ac</strong></span> <span class='ocrx_word' id='word_1_14' title='bbox 480 228 634 278; x_wconf 87' lang='lat' dir='ltr'><strong>metu</strong></span> <span class='ocrx_word' id='word_1_15' title='bbox 664 219 971 277; x_wconf 59' lang='lat' dir='ltr'><strong>Iudaeorum</strong></span> <span class='ocrx_word' id='word_1_16' title='bbox 995 217 1388 274; x_wconf 71' lang='lat' dir='ltr'><strong>adiciebantur.</strong></span> <span class='ocrx_word' id='word_1_17' title='bbox 1419 214 1607 273; x_wconf 81' lang='lat' dir='ltr'><strong>Tantis</strong></span> <span class='ocrx_word' id='word_1_18' title='bbox 1631 214 1796 284; x_wconf 77' lang='lat' dir='ltr'><strong>igitur</strong></span> <span class='ocrx_word' id='word_1_19' title='bbox 1824 216 1865 273; x_wconf 77' lang='grc' dir='ltr'><strong>Α</strong></span> <span class='ocrx_word' id='word_1_20' title='bbox 1897 224 2123 277; x_wconf 87' lang='lat' dir='ltr'><strong>quorum</strong></span> <span class='ocrx_word' id='word_1_21' title='bbox 2155 217 2303 261; x_wconf 88' lang='lat' dir='ltr'><strong>tanto</strong></span> <span class='ocrx_word' id='word_1_22' title='bbox 2329 206 2537 263; x_wconf 78' lang='lat' dir='ltr'><strong>facilius</strong></span> <span class='ocrx_word' id='word_1_23' title='bbox 2559 213 2716 275; x_wconf 68' lang='lat' dir='ltr'><strong>potes</strong></span> <span class='ocrx_word' id='word_1_24' title='bbox 2739 200 3035 268; x_wconf 79' lang='lat' dir='ltr'><strong>recordari.</strong></span> <span class='ocrx_word' id='word_1_25' title='bbox 3062 210 3264 271; x_wconf 87' lang='lat' dir='ltr'><strong>quanto</strong></span> <span class='ocrx_word' id='word_1_26' title='bbox 3294 205 3465 277; x_wconf 78' lang='lat' dir='ltr'><strong>magis</strong></span> 
     </span>
    </p>
   </div>
   <div class='ocr_carea' id='block_1_3' title="bbox 200 303 1792 381">
    <p class='ocr_par' dir='ltr' id='par_1_3' title="bbox 200 303 1792 381">
     <span class='ocr_line' id='line_1_3' title="bbox 200 303 1792 381; baseline -0.011 -9"><span class='ocrx_word' id='word_1_27' title='bbox 200 312 655 373; x_wconf 69' lang='lat' dir='ltr'><strong>tribulationibus</strong></span> <span class='ocrx_word' id='word_1_28' title='bbox 680 310 908 381; x_wconf 76' lang='lat' dir='ltr'><strong>apostoli</strong></span> <span class='ocrx_word' id='word_1_29' title='bbox 934 321 1060 365; x_wconf 81' lang='lat' dir='ltr'><strong>sunt</strong></span> <span class='ocrx_word' id='word_1_30' title='bbox 1091 307 1272 364; x_wconf 80' lang='lat' dir='ltr'><strong>alliieti</strong></span> <span class='ocrx_word' id='word_1_31' title='bbox 1294 322 1400 363; x_wconf 87' lang='lat' dir='ltr'><strong>.nec</strong></span> <span class='ocrx_word' id='word_1_32' title='bbox 1430 321 1536 361; x_wconf 89' lang='lat' dir='ltr'><strong>non</strong></span> <span class='ocrx_word' id='word_1_33' title='bbox 1556 303 1792 374; x_wconf 64' lang='lat' dir='ltr'><strong>probati,</strong></span> 
     </span>
    </p>
   </div>
   <div class='ocr_carea' id='block_1_4' title="bbox 196 391 1796 480">
    <p class='ocr_par' dir='ltr' id='par_1_4' title="bbox 196 391 1796 480">
     <span class='ocr_line' id='line_1_4' title="bbox 196 391 1796 480; baseline -0.011 -18"><span class='ocrx_word' id='word_1_34' title='bbox 196 407 521 480; x_wconf 72' lang='lat' dir='ltr'><strong>priusquam</strong></span> <span class='ocrx_word' id='word_1_35' title='bbox 548 403 607 458; x_wconf 83' lang='lat' dir='ltr'><strong>in</strong></span> <span class='ocrx_word' id='word_1_36' title='bbox 628 401 725 457; x_wconf 81' lang='lat' dir='ltr'><strong>illo</strong></span> <span class='ocrx_word' id='word_1_37' title='bbox 745 416 849 470; x_wconf 93' lang='lat' dir='ltr'><strong>quo</strong></span> <span class='ocrx_word' id='word_1_38' title='bbox 878 394 1107 469; x_wconf 77' lang='lat' dir='ltr'><strong>penendi</strong></span> <span class='ocrx_word' id='word_1_39' title='bbox 1150 405 1308 452; x_wconf 87' lang='lat' dir='ltr'><strong>erant</strong></span> <span class='ocrx_word' id='word_1_40' title='bbox 1335 395 1500 451; x_wconf 85' lang='lat' dir='ltr'><strong>totius</strong></span> <span class='ocrx_word' id='word_1_41' title='bbox 1546 391 1796 449; x_wconf 77' lang='lat' dir='ltr'><strong>Eccle$iie</strong></span> 
     </span>
    </p>
   </div>
   <div class='ocr_carea' id='block_1_5' title="bbox 202 480 1795 559">
    <p class='ocr_par' dir='ltr' id='par_1_5' title="bbox 202 480 1795 559">
     <span class='ocr_line' id='line_1_5' title="bbox 202 480 1795 559; baseline -0.011 -5"><span class='ocrx_word' id='word_1_42' title='bbox 202 488 1005 554; x_wconf 66' lang='lat' dir='ltr'><strong>fundamento&#39;collocareutur.</strong></span> <span class='ocrx_word' id='word_1_43' title='bbox 1047 488 1361 559; x_wconf 82' lang='lat' dir='ltr'><strong>priusquam</strong></span> <span class='ocrx_word' id='word_1_44' title='bbox 1394 480 1559 538; x_wconf 83' lang='lat' dir='ltr'><strong>ullum</strong></span> <span class='ocrx_word' id='word_1_45' title='bbox 1593 482 1795 539; x_wconf 81' lang='lat' dir='ltr'><strong>laboris</strong></span> 
     </span>
    </p>
   </div>
   <div class='ocr_carea' id='block_1_6' title="bbox 200 572 1798 649">
    <p class='ocr_par' dir='ltr' id='par_1_6' title="bbox 200 572 1798 649">
     <span class='ocr_line' id='line_1_6' title="bbox 200 572 1798 649; baseline -0.01 -7"><span class='ocrx_word' id='word_1_46' title='bbox 200 587 285 642; x_wconf 78' lang='lat' dir='ltr'><strong>sui</strong></span> <span class='ocrx_word' id='word_1_47' title='bbox 320 582 568 639; x_wconf 78' lang='lat' dir='ltr'><strong>fructum</strong></span> <span class='ocrx_word' id='word_1_48' title='bbox 614 591 712 636; x_wconf 90' lang='lat' dir='ltr'><strong>aut</strong></span> <span class='ocrx_word' id='word_1_49' title='bbox 740 588 1063 649; x_wconf 80' lang='lat' dir='ltr'><strong>potestatein</strong></span> <span class='ocrx_word' id='word_1_50' title='bbox 1110 577 1163 632; x_wconf 92' lang='lat' dir='ltr'><strong>in</strong></span> <span class='ocrx_word' id='word_1_51' title='bbox 1213 576 1497 631; x_wconf 88' lang='lat' dir='ltr'><strong>animabus</strong></span> <span class='ocrx_word' id='word_1_52' title='bbox 1522 572 1798 628; x_wconf 86' lang='lat' dir='ltr'><strong>lucrandis</strong></span> 
     </span>
    </p>
   </div>
   <div class='ocr_carea' id='block_1_7' title="bbox 205 662 1287 746">
    <p class='ocr_par' dir='ltr' id='par_1_7' title="bbox 205 662 1287 746">
     <span class='ocr_line' id='line_1_7' title="bbox 205 662 1287 746; baseline -0.016 -7"><span class='ocrx_word' id='word_1_53' title='bbox 205 662 538 739; x_wconf 77' lang='lat' dir='ltr'><strong>meruissent</strong></span> <span class='ocrx_word' id='word_1_54' title='bbox 567 675 822 746; x_wconf 76' lang='lat' dir='ltr'><strong>adipisci.</strong></span> <span class='ocrx_word' id='word_1_55' title='bbox 1280 668 1287 673; x_wconf 75' lang='lat'><strong><em>&#39;</em></strong></span> 
     </span>
    </p>
   </div>
   <div class='ocr_carea' id='block_1_8' title="bbox 277 756 1797 839">
    <p class='ocr_par' dir='ltr' id='par_1_8' title="bbox 277 756 1797 839">
     <span class='ocr_line' id='line_1_8' title="bbox 277 756 1797 839; baseline -0.009 -14"><span class='ocrx_word' id='word_1_56' title='bbox 277 770 389 825; x_wconf 83' lang='lat' dir='ltr'><strong>Sed</strong></span> <span class='ocrx_word' id='word_1_57' title='bbox 417 768 510 823; x_wconf 83' lang='lat' dir='ltr'><strong>his</strong></span> <span class='ocrx_word' id='word_1_58' title='bbox 528 766 872 839; x_wconf 73' lang='lat' dir='ltr'><strong>generaliter</strong></span> <span class='ocrx_word' id='word_1_59' title='bbox 898 765 966 821; x_wconf 88' lang='lat' dir='ltr'><strong>de</strong></span> <span class='ocrx_word' id='word_1_60' title='bbox 990 760 1245 836; x_wconf 78' lang='lat' dir='ltr'><strong>apostolis</strong></span> <span class='ocrx_word' id='word_1_61' title='bbox 1274 760 1523 816; x_wconf 90' lang='lat' dir='ltr'><strong>omnibus</strong></span> <span class='ocrx_word' id='word_1_62' title='bbox 1553 756 1797 828; x_wconf 84' lang='lat' dir='ltr'><strong>prolatis,</strong></span> 
     </span>
    </p>
   </div>
   <div class='ocr_carea' id='block_1_9' title="bbox 207 848 1796 927">
    <p class='ocr_par' dir='ltr' id='par_1_9' title="bbox 207 848 1796 927">
     <span class='ocr_line' id='line_1_9' title="bbox 207 848 1796 927; baseline -0.011 -8"><span class='ocrx_word' id='word_1_63' title='bbox 207 877 349 920; x_wconf 81' lang='lat' dir='ltr'><strong>nunc</strong></span> <span class='ocrx_word' id='word_1_64' title='bbox 377 860 534 914; x_wconf 71' lang='lat' dir='ltr'><strong>libet</strong></span> <span class='ocrx_word' id='word_1_65' title='bbox 557 859 628 913; x_wconf 85' lang='lat' dir='ltr'><strong>de</strong></span> <span class='ocrx_word' id='word_1_66' title='bbox 654 856 851 927; x_wconf 83' lang='lat' dir='ltr'><strong>aliquo</strong></span> <span class='ocrx_word' id='word_1_67' title='bbox 878 855 1090 910; x_wconf 90' lang='lat' dir='ltr'><strong>illorum</strong></span> <span class='ocrx_word' id='word_1_68' title='bbox 1120 860 1549 920; x_wconf 66' lang='lat' dir='ltr'><strong>caeterorumque</strong></span> <span class='ocrx_word' id='word_1_69' title='bbox 1581 848 1796 902; x_wconf 81' lang='lat' dir='ltr'><strong>Patrum</strong></span> 
     </span>
    </p>
   </div>
   <div class='ocr_carea' id='block_1_10' title="bbox 212 939 1802 1024">
    <p class='ocr_par' dir='ltr' id='par_1_10' title="bbox 212 939 1802 1024">
     <span class='ocr_line' id='line_1_10' title="bbox 212 939 1802 1024; baseline -0.009 -16"><span class='ocrx_word' id='word_1_70' title='bbox 212 952 544 1024; x_wconf 62' lang='lat' dir='ltr'><strong>specialiter,</strong></span> <span class='ocrx_word' id='word_1_71' title='bbox 572 948 806 1019; x_wconf 79' lang='lat' dir='ltr'><strong>exempli</strong></span> <span class='ocrx_word' id='word_1_72' title='bbox 830 947 1025 1019; x_wconf 85' lang='lat' dir='ltr'><strong>gratia,</strong></span> <span class='ocrx_word' id='word_1_73' title='bbox 1070 944 1398 999; x_wconf 87' lang='lat' dir='ltr'><strong>mentionem</strong></span> <span class='ocrx_word' id='word_1_74' title='bbox 1442 940 1642 1001; x_wconf 80' lang='lat' dir='ltr'><strong>facere,</strong></span> <span class='ocrx_word' id='word_1_75' title='bbox 1672 939 1802 1009; x_wconf 87' lang='lat' dir='ltr'><strong>quid</strong></span> 
     </span>
    </p>
   </div>
   <div class='ocr_carea' id='block_1_11' title="bbox 208 1033 1801 1112">
    <p class='ocr_par' dir='ltr' id='par_1_11' title="bbox 208 1033 1801 1112">
     <span class='ocr_line' id='line_1_11' title="bbox 208 1033 1801 1112; baseline -0.009 -11"><span class='ocrx_word' id='word_1_76' title='bbox 208 1042 643 1112; x_wconf 90' lang='lat' dir='ltr'><strong>uniuscujusque</strong></span> <span class='ocrx_word' id='word_1_77' title='bbox 670 1056 856 1096; x_wconf 90' lang='lat' dir='ltr'><strong>eorum</strong></span> <span class='ocrx_word' id='word_1_78' title='bbox 891 1036 1259 1094; x_wconf 84' lang='lat' dir='ltr'><strong>tribulationis</strong></span> <span class='ocrx_word' id='word_1_79' title='bbox 1299 1043 1354 1088; x_wconf 87' lang='lat' dir='ltr'><strong>et</strong></span> <span class='ocrx_word' id='word_1_80' title='bbox 1394 1033 1653 1102; x_wconf 70' lang='lat' dir='ltr'><strong>angustia:</strong></span> <span class='ocrx_word' id='word_1_81' title='bbox 1677 1040 1801 1087; x_wconf 87' lang='lat' dir='ltr'><strong>ante</strong></span> 
     </span>
    </p>
   </div>
   <div class='ocr_carea' id='block_1_12' title="bbox 214 1122 1799 1208">
    <p class='ocr_par' dir='ltr' id='par_1_12' title="bbox 214 1122 1799 1208">
     <span class='ocr_line' id='line_1_12' title="bbox 214 1122 1799 1208; baseline -0.013 -15"><span class='ocrx_word' id='word_1_82' title='bbox 214 1149 306 1193; x_wconf 86' lang='lat' dir='ltr'><strong>aut</strong></span> <span class='ocrx_word' id='word_1_83' title='bbox 329 1143 460 1208; x_wconf 83' lang='lat' dir='ltr'><strong>post</strong></span> <span class='ocrx_word' id='word_1_84' title='bbox 495 1139 809 1204; x_wconf 80' lang='lat' dir='ltr'><strong>perceptam</strong></span> <span class='ocrx_word' id='word_1_85' title='bbox 850 1126 1147 1198; x_wconf 81' lang='lat' dir='ltr'><strong>spiritualis</strong></span> <span class='ocrx_word' id='word_1_86' title='bbox 1181 1124 1370 1196; x_wconf 69' lang='lat' dir='ltr'><strong>gratiae</strong></span> <span class='ocrx_word' id='word_1_87' title='bbox 1414 1122 1799 1191; x_wconf 70' lang='lat' dir='ltr'><strong>sublimitatem</strong></span> 
     </span>
    </p>
   </div>
   <div class='ocr_carea' id='block_1_13' title="bbox 205 1210 1803 1299">
    <p class='ocr_par' dir='ltr' id='par_1_13' title="bbox 205 1210 1803 1299">
     <span class='ocr_line' id='line_1_13' title="bbox 205 1210 1803 1299; baseline -0.012 -15"><span class='ocrx_word' id='word_1_88' title='bbox 205 1226 503 1299; x_wconf 71' lang='lat' dir='ltr'><strong>pertulerit</strong></span> <span class='ocrx_word' id='word_1_89' title='bbox 532 1240 549 1289; x_wconf 88' lang='lat'><strong>;</strong></span> <span class='ocrx_word' id='word_1_90' title='bbox 583 1231 645 1278; x_wconf 90' lang='lat' dir='ltr'><strong>ut</strong></span> <span class='ocrx_word' id='word_1_91' title='bbox 678 1236 803 1278; x_wconf 89' lang='lat' dir='ltr'><strong>cum</strong></span> <span class='ocrx_word' id='word_1_92' title='bbox 840 1228 949 1274; x_wconf 89' lang='lat' dir='ltr'><strong>tam</strong></span> <span class='ocrx_word' id='word_1_93' title='bbox 979 1217 1279 1289; x_wconf 56' lang='lat' dir='ltr'><strong>praecipuos</strong></span> <span class='ocrx_word' id='word_1_94' title='bbox 1292 1210 1803 1268; x_wconf 86' lang='lat' dir='ltr'><strong>Patresinnumeris</strong></span> 
     </span>
    </p>
   </div>
   <div class='ocr_carea' id='block_1_14' title="bbox 207 1300 1803 1379">
    <p class='ocr_par' dir='ltr' id='par_1_14' title="bbox 207 1300 1803 1379">
     <span class='ocr_line' id='line_1_14' title="bbox 207 1300 1803 1379; baseline -0.011 -6"><span class='ocrx_word' id='word_1_95' title='bbox 207 1313 657 1373; x_wconf 77' lang='lat' dir='ltr'><strong>tribulationibus</strong></span> <span class='ocrx_word' id='word_1_96' title='bbox 701 1310 927 1366; x_wconf 76' lang='lat' dir='ltr'><strong>afflictos</strong></span> <span class='ocrx_word' id='word_1_97' title='bbox 971 1305 1276 1379; x_wconf 79' lang='lat' dir='ltr'><strong>agnoveris,</strong></span> <span class='ocrx_word' id='word_1_98' title='bbox 1320 1303 1591 1357; x_wconf 87' lang='lat' dir='ltr'><strong>insolitam</strong></span> <span class='ocrx_word' id='word_1_99' title='bbox 1632 1300 1803 1372; x_wconf 86' lang='lat' dir='ltr'><strong>magis</strong></span> 
     </span>
    </p>
   </div>
   <div class='ocr_carea' id='block_1_15' title="bbox 212 1390 1804 1477">
    <p class='ocr_par' dir='ltr' id='par_1_15' title="bbox 212 1390 1804 1477">
     <span class='ocr_line' id='line_1_15' title="bbox 212 1390 1804 1477; baseline -0.01 -16"><span class='ocrx_word' id='word_1_100' title='bbox 212 1405 448 1477; x_wconf 81' lang='lat' dir='ltr'><strong>gratiam</strong></span> <span class='ocrx_word' id='word_1_101' title='bbox 507 1416 675 1472; x_wconf 87' lang='lat' dir='ltr'><strong>quam</strong></span> <span class='ocrx_word' id='word_1_102' title='bbox 722 1397 1022 1454; x_wconf 77' lang='lat' dir='ltr'><strong>molestiam</strong></span> <span class='ocrx_word' id='word_1_103' title='bbox 1069 1394 1230 1449; x_wconf 84' lang='lat' dir='ltr'><strong>uilius</strong></span> <span class='ocrx_word' id='word_1_104' title='bbox 1280 1392 1588 1447; x_wconf 85' lang='lat' dir='ltr'><strong>teutationis</strong></span> <span class='ocrx_word' id='word_1_105' title='bbox 1612 1390 1804 1445; x_wconf 78' lang='lat' dir='ltr'><strong>hacte-</strong></span> 
     </span>
    </p>
   </div>
   <div class='ocr_carea' id='block_1_16' title="bbox 207 1482 1803 1559">
    <p class='ocr_par' dir='ltr' id='par_1_16' title="bbox 207 1482 1803 1559">
     <span class='ocr_line' id='line_1_16' title="bbox 207 1482 1803 1559; baseline -0.011 -4"><span class='ocrx_word' id='word_1_106' title='bbox 207 1513 316 1554; x_wconf 72' lang='lat' dir='ltr'><strong>nus</strong></span> <span class='ocrx_word' id='word_1_107' title='bbox 343 1511 474 1553; x_wconf 87' lang='lat' dir='ltr'><strong>esse</strong></span> <span class='ocrx_word' id='word_1_108' title='bbox 517 1494 616 1550; x_wconf 86' lang='lat' dir='ltr'><strong>tibi</strong></span> <span class='ocrx_word' id='word_1_109' title='bbox 657 1491 908 1548; x_wconf 82' lang='lat' dir='ltr'><strong>collatam</strong></span> <span class='ocrx_word' id='word_1_110' title='bbox 934 1489 1163 1559; x_wconf 84' lang='lat' dir='ltr'><strong>probare</strong></span> <span class='ocrx_word' id='word_1_111' title='bbox 1184 1485 1390 1556; x_wconf 87' lang='lat' dir='ltr'><strong>possis.</strong></span> <span class='ocrx_word' id='word_1_112' title='bbox 1417 1482 1649 1539; x_wconf 81' lang='lat' dir='ltr'><strong>Attende</strong></span> <span class='ocrx_word' id='word_1_113' title='bbox 1673 1498 1803 1553; x_wconf 85' lang='lat' dir='ltr'><strong>ergo</strong></span> 
     </span>
    </p>
   </div>
   <div class='ocr_carea' id='block_1_17' title="bbox 1898 293 3475 375">
    <p class='ocr_par' dir='ltr' id='par_1_17' title="bbox 1898 293 3475 375">
     <span class='ocr_line' id='line_1_17' title="bbox 1898 293 3475 375; baseline -0.003 -18"><span class='ocrx_word' id='word_1_114' title='bbox 1898 317 1964 357; x_wconf 77' lang='lat' dir='ltr'><strong>ex</strong></span> <span class='ocrx_word' id='word_1_115' title='bbox 1995 300 2225 355; x_wconf 88' lang='lat' dir='ltr'><strong>lectione</strong></span> <span class='ocrx_word' id='word_1_116' title='bbox 2255 300 2467 353; x_wconf 79' lang='lat' dir='ltr'><strong>assidua</strong></span> <span class='ocrx_word' id='word_1_117' title='bbox 2510 299 2602 353; x_wconf 84' lang='lat' dir='ltr'><strong>tibi</strong></span> <span class='ocrx_word' id='word_1_118' title='bbox 2647 306 2773 352; x_wconf 82' lang='lat' dir='ltr'><strong>sum</strong></span> <span class='ocrx_word' id='word_1_119' title='bbox 2810 295 2946 353; x_wconf 87' lang='lat' dir='ltr'><strong>noli.</strong></span> <span class='ocrx_word' id='word_1_120' title='bbox 2986 293 3198 352; x_wconf 80' lang='lat' dir='ltr'><strong>illorum</strong></span> <span class='ocrx_word' id='word_1_121' title='bbox 3229 310 3357 365; x_wconf 85' lang='lat' dir='ltr'><strong>ergo</strong></span> <span class='ocrx_word' id='word_1_122' title='bbox 3387 296 3475 375; x_wconf 28' lang='lat' dir='ltr'><strong>vi-l</strong></span> 
     </span>
    </p>
   </div>
   <div class='ocr_carea' id='block_1_18' title="bbox 1900 391 3465 463">
    <p class='ocr_par' dir='ltr' id='par_1_18' title="bbox 1900 391 3465 463">
     <span class='ocr_line' id='line_1_18' title="bbox 1900 391 3465 463; baseline -0.002 -17"><span class='ocrx_word' id='word_1_123' title='bbox 1900 402 2006 446; x_wconf 87' lang='lat' dir='ltr'><strong>tam</strong></span> <span class='ocrx_word' id='word_1_124' title='bbox 2033 391 2238 463; x_wconf 84' lang='lat' dir='ltr'><strong>legens,</strong></span> <span class='ocrx_word' id='word_1_125' title='bbox 2266 391 2377 445; x_wconf 92' lang='lat' dir='ltr'><strong>cito</strong></span> <span class='ocrx_word' id='word_1_126' title='bbox 2406 399 2560 459; x_wconf 88' lang='lat' dir='ltr'><strong>potes</strong></span> <span class='ocrx_word' id='word_1_127' title='bbox 2584 403 2914 459; x_wconf 80' lang='lat' dir='ltr'><strong>cognoscere</strong></span> <span class='ocrx_word' id='word_1_128' title='bbox 2949 397 3205 460; x_wconf 88' lang='lat' dir='ltr'><strong>quantam</strong></span> <span class='ocrx_word' id='word_1_129' title='bbox 3239 397 3465 456; x_wconf 76' lang='lat' dir='ltr'><strong>uterque</strong></span> 
     </span>
    </p>
   </div>
   <div class='ocr_carea' id='block_1_19' title="bbox 1897 478 3469 552">
    <p class='ocr_par' dir='ltr' id='par_1_19' title="bbox 1897 478 3469 552">
     <span class='ocr_line' id='line_1_19' title="bbox 1897 478 3469 552; baseline -0.004 -16"><span class='ocrx_word' id='word_1_130' title='bbox 1897 482 2184 552; x_wconf 80' lang='lat' dir='ltr'><strong>pertulerit</strong></span> <span class='ocrx_word' id='word_1_131' title='bbox 2214 480 2558 535; x_wconf 83' lang='lat' dir='ltr'><strong>amictionem</strong></span> <span class='ocrx_word' id='word_1_132' title='bbox 2588 495 2685 549; x_wconf 90' lang='lat' dir='ltr'><strong>pro</strong></span> <span class='ocrx_word' id='word_1_133' title='bbox 2712 479 2804 534; x_wconf 86' lang='lat' dir='ltr'><strong>Dei</strong></span> <span class='ocrx_word' id='word_1_134' title='bbox 2831 494 3038 546; x_wconf 88' lang='lat' dir='ltr'><strong>amore,</strong></span> <span class='ocrx_word' id='word_1_135' title='bbox 3066 495 3226 550; x_wconf 89' lang='lat' dir='ltr'><strong>quam</strong></span> <span class='ocrx_word' id='word_1_136' title='bbox 3256 478 3469 543; x_wconf 71' lang='lat' dir='ltr'><strong>devote,</strong></span> 
     </span>
    </p>
   </div>
   <div class='ocr_carea' id='block_1_20' title="bbox 1899 568 3472 641">
    <p class='ocr_par' dir='ltr' id='par_1_20' title="bbox 1899 568 3472 641">
     <span class='ocr_line' id='line_1_20' title="bbox 1899 568 3472 641; baseline 0 -16"><span class='ocrx_word' id='word_1_137' title='bbox 1899 571 2147 641; x_wconf 90' lang='lat' dir='ltr'><strong>inprimis</strong></span> <span class='ocrx_word' id='word_1_138' title='bbox 2199 587 2321 626; x_wconf 90' lang='lat' dir='ltr'><strong>cum</strong></span> <span class='ocrx_word' id='word_1_139' title='bbox 2367 570 2543 625; x_wconf 86' lang='lat' dir='ltr'><strong>adhuc</strong></span> <span class='ocrx_word' id='word_1_140' title='bbox 2579 568 2833 637; x_wconf 80' lang='lat' dir='ltr'><strong>juvenilis</strong></span> <span class='ocrx_word' id='word_1_141' title='bbox 2872 578 3055 625; x_wconf 87' lang='lat' dir='ltr'><strong>essent</strong></span> <span class='ocrx_word' id='word_1_142' title='bbox 3092 570 3291 633; x_wconf 66' lang='lat' dir='ltr'><strong>artatis,</strong></span> <span class='ocrx_word' id='word_1_143' title='bbox 3318 583 3472 630; x_wconf 84' lang='lat' dir='ltr'><strong>mun-</strong></span> 
     </span>
    </p>
   </div>
   <div class='ocr_carea' id='block_1_21' title="bbox 1899 659 3470 735">
    <p class='ocr_par' dir='ltr' id='par_1_21' title="bbox 1899 659 3470 735">
     <span class='ocr_line' id='line_1_21' title="bbox 1899 659 3470 735; baseline -0.005 -14"><span class='ocrx_word' id='word_1_144' title='bbox 1899 666 2037 721; x_wconf 87' lang='lat' dir='ltr'><strong>dana</strong></span> <span class='ocrx_word' id='word_1_145' title='bbox 2092 665 2426 735; x_wconf 84' lang='lat' dir='ltr'><strong>reliquerunt</strong></span> <span class='ocrx_word' id='word_1_146' title='bbox 2481 664 2694 726; x_wconf 85' lang='lat' dir='ltr'><strong>omnia;</strong></span> <span class='ocrx_word' id='word_1_147' title='bbox 2750 665 2982 732; x_wconf 84' lang='lat' dir='ltr'><strong>quantas</strong></span> <span class='ocrx_word' id='word_1_148' title='bbox 3030 661 3224 717; x_wconf 84' lang='lat' dir='ltr'><strong>deinde</strong></span> <span class='ocrx_word' id='word_1_149' title='bbox 3273 659 3470 717; x_wconf 83' lang='lat' dir='ltr'><strong>diaboli</strong></span> 
     </span>
    </p>
   </div>
   <div class='ocr_carea' id='block_1_22' title="bbox 1897 753 3476 822">
    <p class='ocr_par' dir='ltr' id='par_1_22' title="bbox 1897 753 3476 822">
     <span class='ocr_line' id='line_1_22' title="bbox 1897 753 3476 822; baseline -0.004 -10"><span class='ocrx_word' id='word_1_150' title='bbox 1897 756 2253 812; x_wconf 87' lang='lat' dir='ltr'><strong>sustinuerint</strong></span> <span class='ocrx_word' id='word_1_151' title='bbox 2298 755 2521 810; x_wconf 78' lang='lat' dir='ltr'><strong>insidias</strong></span> <span class='ocrx_word' id='word_1_152' title='bbox 2562 763 2616 809; x_wconf 89' lang='lat' dir='ltr'><strong>et</strong></span> <span class='ocrx_word' id='word_1_153' title='bbox 2648 761 2997 809; x_wconf 85' lang='lat' dir='ltr'><strong>Ientameuta.</strong></span> <span class='ocrx_word' id='word_1_154' title='bbox 3040 753 3197 809; x_wconf 76' lang='lat' dir='ltr'><strong>Unus</strong></span> <span class='ocrx_word' id='word_1_155' title='bbox 3241 765 3476 822; x_wconf 81' lang='lat' dir='ltr'><strong>namque</strong></span> 
     </span>
    </p>
   </div>
   <div class='ocr_carea' id='block_1_23' title="bbox 1897 844 3474 914">
    <p class='ocr_par' dir='ltr' id='par_1_23' title="bbox 1897 844 3474 914">
     <span class='ocr_line' id='line_1_23' title="bbox 1897 844 3474 914; baseline -0.003 -11"><span class='ocrx_word' id='word_1_156' title='bbox 1897 862 2109 911; x_wconf 89' lang='lat' dir='ltr'><strong>eorum,</strong></span> <span class='ocrx_word' id='word_1_157' title='bbox 2139 847 2192 901; x_wconf 92' lang='lat' dir='ltr'><strong>id</strong></span> <span class='ocrx_word' id='word_1_158' title='bbox 2232 854 2317 901; x_wconf 82' lang='lat' dir='ltr'><strong>est</strong></span> <span class='ocrx_word' id='word_1_159' title='bbox 2359 846 2551 901; x_wconf 77' lang='lat' dir='ltr'><strong>beatus</strong></span> <span class='ocrx_word' id='word_1_160' title='bbox 2580 845 2865 909; x_wconf 87' lang='lat' dir='ltr'><strong>Antonius,</strong></span> <span class='ocrx_word' id='word_1_161' title='bbox 2895 860 2924 899; x_wconf 90' lang='lat' dir='ltr'><strong>a</strong></span> <span class='ocrx_word' id='word_1_162' title='bbox 2951 860 3059 914; x_wconf 88' lang='lat' dir='ltr'><strong>quo</strong></span> <span class='ocrx_word' id='word_1_163' title='bbox 3095 845 3257 899; x_wconf 85' lang='lat' dir='ltr'><strong>etiam</strong></span> <span class='ocrx_word' id='word_1_164' title='bbox 3298 844 3474 899; x_wconf 90' lang='lat' dir='ltr'><strong>omnis</strong></span> 
     </span>
    </p>
   </div>
   <div class='ocr_carea' id='block_1_24' title="bbox 1901 932 3477 995">
    <p class='ocr_par' dir='ltr' id='par_1_24' title="bbox 1901 932 3477 995">
     <span class='ocr_line' id='line_1_24' title="bbox 1901 932 3477 995; baseline -0.002 -1"><span class='ocrx_word' id='word_1_165' title='bbox 1901 940 2015 995; x_wconf 80' lang='lat' dir='ltr'><strong>fere</strong></span> <span class='ocrx_word' id='word_1_166' title='bbox 2038 947 2225 995; x_wconf 77' lang='lat' dir='ltr'><strong>exorta</strong></span> <span class='ocrx_word' id='word_1_167' title='bbox 2253 946 2336 992; x_wconf 80' lang='lat' dir='ltr'><strong>est</strong></span> <span class='ocrx_word' id='word_1_168' title='bbox 2361 938 2716 992; x_wconf 87' lang='lat' dir='ltr'><strong>eremitarum</strong></span> <span class='ocrx_word' id='word_1_169' title='bbox 2756 944 2810 993; x_wconf 87' lang='lat' dir='ltr'><strong>et</strong></span> <span class='ocrx_word' id='word_1_170' title='bbox 2837 932 3229 992; x_wconf 74' lang='lat' dir='ltr'><strong>emnobitarum</strong></span> <span class='ocrx_word' id='word_1_171' title='bbox 3261 937 3477 992; x_wconf 84' lang='lat' dir='ltr'><strong>institu-</strong></span> 
     </span>
    </p>
   </div>
   <div class='ocr_carea' id='block_1_25' title="bbox 1903 1027 3479 1098">
    <p class='ocr_par' dir='ltr' id='par_1_25' title="bbox 1903 1027 3479 1098">
     <span class='ocr_line' id='line_1_25' title="bbox 1903 1027 3479 1098; baseline -0.003 -12"><span class='ocrx_word' id='word_1_172' title='bbox 1903 1031 2000 1093; x_wconf 87' lang='lat' dir='ltr'><strong>tio,</strong></span> <span class='ocrx_word' id='word_1_173' title='bbox 2030 1038 2174 1085; x_wconf 84' lang='lat' dir='ltr'><strong>tanta</strong></span> <span class='ocrx_word' id='word_1_174' title='bbox 2206 1028 2636 1084; x_wconf 73' lang='lat' dir='ltr'><strong>conversationis</strong></span> <span class='ocrx_word' id='word_1_175' title='bbox 2665 1028 2953 1083; x_wconf 81' lang='lat' dir='ltr'><strong>sanctitate</strong></span> <span class='ocrx_word' id='word_1_176' title='bbox 2979 1027 3181 1097; x_wconf 89' lang='lat' dir='ltr'><strong>pollere</strong></span> <span class='ocrx_word' id='word_1_177' title='bbox 3206 1030 3389 1098; x_wconf 75' lang='lat' dir='ltr'><strong>coepit,</strong></span> <span class='ocrx_word' id='word_1_178' title='bbox 3418 1037 3479 1082; x_wconf 83' lang='lat' dir='ltr'><strong>ut</strong></span> 
     </span>
    </p>
   </div>
   <div class='ocr_carea' id='block_1_26' title="bbox 1900 1120 3479 1191">
    <p class='ocr_par' dir='ltr' id='par_1_26' title="bbox 1900 1120 3479 1191">
     <span class='ocr_line' id='line_1_26' title="bbox 1900 1120 3479 1191; baseline -0.002 -13"><span class='ocrx_word' id='word_1_179' title='bbox 1900 1138 1967 1178; x_wconf 79' lang='lat' dir='ltr'><strong>ex</strong></span> <span class='ocrx_word' id='word_1_180' title='bbox 2008 1123 2115 1176; x_wconf 86' lang='lat' dir='ltr'><strong>hoc</strong></span> <span class='ocrx_word' id='word_1_181' title='bbox 2158 1120 2415 1191; x_wconf 74' lang='lat' dir='ltr'><strong>antiquus</strong></span> <span class='ocrx_word' id='word_1_182' title='bbox 2462 1121 2632 1176; x_wconf 84' lang='lat' dir='ltr'><strong>hostis</strong></span> <span class='ocrx_word' id='word_1_183' title='bbox 2678 1120 2889 1174; x_wconf 69' lang='lat' dir='ltr'><strong>invidiae</strong></span> <span class='ocrx_word' id='word_1_184' title='bbox 2920 1120 3127 1176; x_wconf 79' lang='lat' dir='ltr'><strong>facibus</strong></span> <span class='ocrx_word' id='word_1_185' title='bbox 3155 1120 3479 1175; x_wconf 88' lang='lat' dir='ltr'><strong>omnimodis</strong></span> 
     </span>
    </p>
   </div>
   <div class='ocr_carea' id='block_1_27' title="bbox 1899 1210 3481 1282">
    <p class='ocr_par' dir='ltr' id='par_1_27' title="bbox 1899 1210 3481 1282">
     <span class='ocr_line' id='line_1_27' title="bbox 1899 1210 3481 1282; baseline -0.002 -13"><span class='ocrx_word' id='word_1_186' title='bbox 1899 1228 2165 1270; x_wconf 82' lang='lat' dir='ltr'><strong>accensus</strong></span> <span class='ocrx_word' id='word_1_187' title='bbox 2218 1230 2323 1268; x_wconf 91' lang='lat' dir='ltr'><strong>non</strong></span> <span class='ocrx_word' id='word_1_188' title='bbox 2372 1212 2544 1267; x_wconf 90' lang='lat' dir='ltr'><strong>solum</strong></span> <span class='ocrx_word' id='word_1_189' title='bbox 2595 1210 3072 1282; x_wconf 85' lang='lat' dir='ltr'><strong>spiritualihus&#39;et</strong></span> <span class='ocrx_word' id='word_1_190' title='bbox 3114 1210 3481 1266; x_wconf 60' lang='lat' dir='ltr'><strong>‘invisibilibus</strong></span> 
     </span>
    </p>
   </div>
   <div class='ocr_carea' id='block_1_28' title="bbox 1900 1302 3484 1376">
    <p class='ocr_par' dir='ltr' id='par_1_28' title="bbox 1900 1302 3484 1376">
     <span class='ocr_line' id='line_1_28' title="bbox 1900 1302 3484 1376; baseline -0.003 -16"><span class='ocrx_word' id='word_1_191' title='bbox 1900 1321 2023 1360; x_wconf 89' lang='lat' dir='ltr'><strong>eum</strong></span> <span class='ocrx_word' id='word_1_192' title='bbox 2073 1306 2414 1376; x_wconf 85' lang='lat' dir='ltr'><strong>impugnaret</strong></span> <span class='ocrx_word' id='word_1_193' title='bbox 2460 1304 2701 1370; x_wconf 81' lang='lat' dir='ltr'><strong>insidiis,</strong></span> <span class='ocrx_word' id='word_1_194' title='bbox 2747 1319 2932 1358; x_wconf 88' lang='lat' dir='ltr'><strong>verum</strong></span> <span class='ocrx_word' id='word_1_195' title='bbox 2978 1303 3141 1360; x_wconf 82' lang='lat' dir='ltr'><strong>etiam</strong></span> <span class='ocrx_word' id='word_1_196' title='bbox 3184 1302 3484 1372; x_wconf 73' lang='lat' dir='ltr'><strong>corporali-</strong></span> 
     </span>
    </p>
   </div>
   <div class='ocr_carea' id='block_1_29' title="bbox 1906 1392 3485 1470">
    <p class='ocr_par' dir='ltr' id='par_1_29' title="bbox 1906 1392 3485 1470">
     <span class='ocr_line' id='line_1_29' title="bbox 1906 1392 3485 1470; baseline -0.003 -19"><span class='ocrx_word' id='word_1_197' title='bbox 1906 1398 2008 1451; x_wconf 86' lang='lat' dir='ltr'><strong>bus</strong></span> <span class='ocrx_word' id='word_1_198' title='bbox 2050 1407 2213 1466; x_wconf 86' lang='lat' dir='ltr'><strong>atque</strong></span> <span class='ocrx_word' id='word_1_199' title='bbox 2258 1397 2460 1466; x_wconf 88' lang='lat' dir='ltr'><strong>apertis</strong></span> <span class='ocrx_word' id='word_1_200' title='bbox 2501 1394 2733 1450; x_wconf 78' lang='lat' dir='ltr'><strong>aﬂicerel</strong></span> <span class='ocrx_word' id='word_1_201' title='bbox 2774 1395 2967 1470; x_wconf 78' lang='lat' dir='ltr'><strong>plagis.</strong></span> <span class='ocrx_word' id='word_1_202' title='bbox 2999 1394 3104 1449; x_wconf 89' lang='lat' dir='ltr'><strong>Sed</strong></span> <span class='ocrx_word' id='word_1_203' title='bbox 3144 1403 3200 1449; x_wconf 89' lang='lat' dir='ltr'><strong>et</strong></span> <span class='ocrx_word' id='word_1_204' title='bbox 3235 1393 3370 1448; x_wconf 85' lang='lat' dir='ltr'><strong>alter</strong></span> <span class='ocrx_word' id='word_1_205' title='bbox 3402 1392 3485 1447; x_wconf 91' lang='lat' dir='ltr'><strong>ni-</strong></span> 
     </span>
    </p>
   </div>
   <div class='ocr_carea' id='block_1_30' title="bbox 1909 1483 3486 1559">
    <p class='ocr_par' dir='ltr' id='par_1_30' title="bbox 1909 1483 3486 1559">
     <span class='ocr_line' id='line_1_30' title="bbox 1909 1483 3486 1559; baseline -0.003 -15"><span class='ocrx_word' id='word_1_206' title='bbox 1909 1489 2203 1544; x_wconf 84' lang='lat' dir='ltr'><strong>hilominus</strong></span> <span class='ocrx_word' id='word_1_207' title='bbox 2246 1488 2338 1543; x_wconf 89' lang='lat' dir='ltr'><strong>Dei</strong></span> <span class='ocrx_word' id='word_1_208' title='bbox 2382 1487 2558 1559; x_wconf 84' lang='lat' dir='ltr'><strong>gratia</strong></span> <span class='ocrx_word' id='word_1_209' title='bbox 2602 1485 2862 1559; x_wconf 78' lang='lat' dir='ltr'><strong>repletus,</strong></span> <span class='ocrx_word' id='word_1_210' title='bbox 2894 1487 3128 1540; x_wconf 83' lang='lat' dir='ltr'><strong>maxima</strong></span> <span class='ocrx_word' id='word_1_211' title='bbox 3180 1483 3486 1539; x_wconf 79' lang='lat' dir='ltr'><strong>sanctitatis</strong></span> 
     </span>
    </p>
   </div>
   <div class='ocr_carea' id='block_1_31' title="bbox 214 1572 3488 1649">
    <p class='ocr_par' dir='ltr' id='par_1_31' title="bbox 214 1572 3488 1649">
     <span class='ocr_line' id='line_1_31' title="bbox 214 1572 3488 1649; baseline -0.002 -10"><span class='ocrx_word' id='word_1_212' title='bbox 214 1589 283 1643; x_wconf 67' lang='lat' dir='ltr'><strong>ad</strong></span> <span class='ocrx_word' id='word_1_213' title='bbox 329 1593 588 1643; x_wconf 84' lang='lat' dir='ltr'><strong>sanetum</strong></span> <span class='ocrx_word' id='word_1_214' title='bbox 634 1582 863 1637; x_wconf 80' lang='lat' dir='ltr'><strong>Paulum</strong></span> <span class='ocrx_word' id='word_1_215' title='bbox 909 1587 966 1637; x_wconf 82' lang='lat' dir='ltr'><strong>et</strong></span> <span class='ocrx_word' id='word_1_216' title='bbox 1008 1578 1289 1634; x_wconf 74' lang='lat' dir='ltr'><strong>considera</strong></span> <span class='ocrx_word' id='word_1_217' title='bbox 1340 1583 1473 1646; x_wconf 87' lang='lat' dir='ltr'><strong>quot</strong></span> <span class='ocrx_word' id='word_1_218' title='bbox 1516 1588 1806 1646; x_wconf 75' lang='lat' dir='ltr'><strong>perpessus</strong></span> <span class='ocrx_word' id='word_1_219' title='bbox 1838 1572 1878 1629; x_wconf 77' lang='grc' dir='ltr'><strong>Β</strong></span> <span class='ocrx_word' id='word_1_220' title='bbox 1907 1596 2019 1636; x_wconf 78' lang='lat' dir='ltr'><strong>sua:</strong></span> <span class='ocrx_word' id='word_1_221' title='bbox 2070 1580 2398 1635; x_wconf 88' lang='lat' dir='ltr'><strong>monimenta</strong></span> <span class='ocrx_word' id='word_1_222' title='bbox 2459 1588 2566 1635; x_wconf 88' lang='lat' dir='ltr'><strong>tam</strong></span> <span class='ocrx_word' id='word_1_223' title='bbox 2621 1579 2838 1647; x_wconf 84' lang='lat' dir='ltr'><strong>scriptis</strong></span> <span class='ocrx_word' id='word_1_224' title='bbox 2897 1593 3057 1649; x_wconf 86' lang='lat' dir='ltr'><strong>quam</strong></span> <span class='ocrx_word' id='word_1_225' title='bbox 3109 1578 3351 1632; x_wconf 89' lang='lat' dir='ltr'><strong>moribus</strong></span> <span class='ocrx_word' id='word_1_226' title='bbox 3402 1592 3488 1631; x_wconf 88' lang='lat' dir='ltr'><strong>re—</strong></span> 
     </span>
    </p>
   </div>
   <div class='ocr_carea' id='block_1_32' title="bbox 213 1669 1805 1748">
    <p class='ocr_par' dir='ltr' id='par_1_32' title="bbox 213 1669 1805 1748">
     <span class='ocr_line' id='line_1_32' title="bbox 213 1669 1805 1748; baseline -0.008 -13"><span class='ocrx_word' id='word_1_227' title='bbox 213 1679 382 1735; x_wconf 85' lang='lat' dir='ltr'><strong>l&#39;uerit</strong></span> <span class='ocrx_word' id='word_1_228' title='bbox 424 1690 628 1748; x_wconf 87' lang='lat' dir='ltr'><strong>genera</strong></span> <span class='ocrx_word' id='word_1_229' title='bbox 677 1673 1136 1745; x_wconf 85' lang='lat' dir='ltr'><strong>persecutionum.</strong></span> <span class='ocrx_word' id='word_1_230' title='bbox 1186 1669 1318 1724; x_wconf 82' lang='lat' dir='ltr'><strong>Nam</strong></span> <span class='ocrx_word' id='word_1_231' title='bbox 1368 1670 1508 1724; x_wconf 80' lang='lat' dir='ltr'><strong>sicut</strong></span> <span class='ocrx_word' id='word_1_232' title='bbox 1560 1669 1614 1723; x_wconf 88' lang='lat' dir='ltr'><strong>in</strong></span> <span class='ocrx_word' id='word_1_233' title='bbox 1666 1669 1805 1722; x_wconf 90' lang='lat' dir='ltr'><strong>libro</strong></span> 
     </span>
    </p>
   </div>
   <div class='ocr_carea' id='block_1_33' title="bbox 211 1759 1808 1837">
    <p class='ocr_par' dir='ltr' id='par_1_33' title="bbox 211 1759 1808 1837">
     <span class='ocr_line' id='line_1_33' title="bbox 211 1759 1808 1837; baseline -0.006 -14"><span class='ocrx_word' id='word_1_234' title='bbox 211 1771 455 1823; x_wconf 72' lang='lat' dir='ltr'><strong>Acutum</strong></span> <span class='ocrx_word' id='word_1_235' title='bbox 506 1765 874 1837; x_wconf 84' lang='lat' dir='ltr'><strong>apostolon</strong></span> <span class='ocrx_word' id='word_1_236' title='bbox 929 1771 985 1818; x_wconf 86' lang='lat' dir='ltr'><strong>et</strong></span> <span class='ocrx_word' id='word_1_237' title='bbox 1036 1762 1093 1817; x_wconf 90' lang='lat' dir='ltr'><strong>in</strong></span> <span class='ocrx_word' id='word_1_238' title='bbox 1142 1761 1313 1831; x_wconf 89' lang='lat' dir='ltr'><strong>ipsius</strong></span> <span class='ocrx_word' id='word_1_239' title='bbox 1352 1760 1613 1829; x_wconf 77' lang='lat' dir='ltr'><strong>Epistolis</strong></span> <span class='ocrx_word' id='word_1_240' title='bbox 1663 1759 1808 1814; x_wconf 85' lang='lat' dir='ltr'><strong>valet</strong></span> 
     </span>
    </p>
   </div>
   <div class='ocr_carea' id='block_1_34' title="bbox 211 1850 1808 1928">
    <p class='ocr_par' dir='ltr' id='par_1_34' title="bbox 211 1850 1808 1928">
     <span class='ocr_line' id='line_1_34' title="bbox 211 1850 1808 1928; baseline -0.004 -17"><span class='ocrx_word' id='word_1_241' title='bbox 211 1855 463 1928; x_wconf 83' lang='lat' dir='ltr'><strong>agnosci,</strong></span> <span class='ocrx_word' id='word_1_242' title='bbox 490 1864 783 1926; x_wconf 85' lang='lat' dir='ltr'><strong>postquam</strong></span> <span class='ocrx_word' id='word_1_243' title='bbox 804 1852 1022 1909; x_wconf 86' lang='lat' dir='ltr'><strong>Christo</strong></span> <span class='ocrx_word' id='word_1_244' title='bbox 1048 1850 1175 1907; x_wconf 89' lang='lat' dir='ltr'><strong>Jesu</strong></span> <span class='ocrx_word' id='word_1_245' title='bbox 1203 1858 1433 1907; x_wconf 86' lang='lat' dir='ltr'><strong>vocante</strong></span> <span class='ocrx_word' id='word_1_246' title='bbox 1472 1851 1540 1905; x_wconf 87' lang='lat' dir='ltr'><strong>ad</strong></span> <span class='ocrx_word' id='word_1_247' title='bbox 1583 1865 1808 1906; x_wconf 88' lang='lat' dir='ltr'><strong>conver-</strong></span> 
     </span>
    </p>
   </div>
   <div class='ocr_carea' id='block_1_35' title="bbox 210 1942 1806 2015">
    <p class='ocr_par' dir='ltr' id='par_1_35' title="bbox 210 1942 1806 2015">
     <span class='ocr_line' id='line_1_35' title="bbox 210 1942 1806 2015; baseline -0.004 -12"><span class='ocrx_word' id='word_1_248' title='bbox 210 1949 427 2005; x_wconf 84' lang='lat' dir='ltr'><strong>sionem</strong></span> <span class='ocrx_word' id='word_1_249' title='bbox 456 1948 628 2012; x_wconf 81' lang='lat' dir='ltr'><strong>venit,</strong></span> <span class='ocrx_word' id='word_1_250' title='bbox 655 1960 933 2015; x_wconf 80' lang='lat' dir='ltr'><strong>nunquam</strong></span> <span class='ocrx_word' id='word_1_251' title='bbox 964 1942 1080 2000; x_wconf 86' lang='lat' dir='ltr'><strong>l‘ere</strong></span> <span class='ocrx_word' id='word_1_252' title='bbox 1105 1943 1224 1997; x_wconf 89' lang='lat' dir='ltr'><strong>sine</strong></span> <span class='ocrx_word' id='word_1_253' title='bbox 1249 1942 1653 1999; x_wconf 84' lang='lat' dir='ltr'><strong>adversantium</strong></span> <span class='ocrx_word' id='word_1_254' title='bbox 1678 1957 1806 2012; x_wconf 85' lang='lat' dir='ltr'><strong>per-</strong></span> 
     </span>
    </p>
   </div>
   <div class='ocr_carea' id='block_1_36' title="bbox 218 2031 1811 2109">
    <p class='ocr_par' dir='ltr' id='par_1_36' title="bbox 218 2031 1811 2109">
     <span class='ocr_line' id='line_1_36' title="bbox 218 2031 1811 2109; baseline -0.005 -14"><span class='ocrx_word' id='word_1_255' title='bbox 218 2039 685 2109; x_wconf 78' lang='lat' dir='ltr'><strong>sequentiumque</strong></span> <span class='ocrx_word' id='word_1_256' title='bbox 710 2034 965 2106; x_wconf 85' lang='lat' dir='ltr'><strong>periculis</strong></span> <span class='ocrx_word' id='word_1_257' title='bbox 993 2033 1219 2089; x_wconf 78' lang='lat' dir='ltr'><strong>exstitit.</strong></span> <span class='ocrx_word' id='word_1_258' title='bbox 1254 2032 1383 2102; x_wconf 86' lang='lat' dir='ltr'><strong>Ejus</strong></span> <span class='ocrx_word' id='word_1_259' title='bbox 1410 2047 1623 2103; x_wconf 82' lang='lat' dir='ltr'><strong>quoque</strong></span> <span class='ocrx_word' id='word_1_260' title='bbox 1650 2031 1811 2087; x_wconf 80' lang='lat' dir='ltr'><strong>colle-</strong></span> 
     </span>
    </p>
   </div>
   <div class='ocr_carea' id='block_1_37' title="bbox 207 2123 1808 2201">
    <p class='ocr_par' dir='ltr' id='par_1_37' title="bbox 207 2123 1808 2201">
     <span class='ocr_line' id='line_1_37' title="bbox 207 2123 1808 2201; baseline -0.006 -16"><span class='ocrx_word' id='word_1_261' title='bbox 207 2146 339 2201; x_wconf 69' lang='lat' dir='ltr'><strong>gam</strong></span> <span class='ocrx_word' id='word_1_262' title='bbox 369 2130 426 2184; x_wconf 91' lang='lat' dir='ltr'><strong>in</strong></span> <span class='ocrx_word' id='word_1_263' title='bbox 462 2127 904 2200; x_wconf 85' lang='lat' dir='ltr'><strong>persecutionum</strong></span> <span class='ocrx_word' id='word_1_264' title='bbox 930 2126 1192 2181; x_wconf 84' lang='lat' dir='ltr'><strong>duntaxat</strong></span> <span class='ocrx_word' id='word_1_265' title='bbox 1218 2125 1608 2201; x_wconf 75' lang='lat' dir='ltr'><strong>numerositate</strong></span> <span class='ocrx_word' id='word_1_266' title='bbox 1636 2123 1808 2177; x_wconf 75' lang='lat' dir='ltr'><strong>A‘tha—</strong></span> 
     </span>
    </p>
   </div>
   <div class='ocr_carea' id='block_1_38' title="bbox 224 2200 1811 2286">
    <p class='ocr_par' dir='ltr' id='par_1_38' title="bbox 224 2200 1811 2286">
     <span class='ocr_line' id='line_1_38' title="bbox 224 2200 1811 2286; baseline -0.003 -13"><span class='ocrx_word' id='word_1_267' title='bbox 224 2200 439 2275; x_wconf 73' lang='lat' dir='ltr'><strong>basium</strong></span> <span class='ocrx_word' id='word_1_268' title='bbox 463 2215 1123 2272; x_wconf 64' lang='lat' dir='ltr'><strong>Alexandrinae‘Eeclesiie</strong></span> <span class='ocrx_word' id='word_1_269' title='bbox 1148 2215 1432 2286; x_wconf 67' lang='lat' dir='ltr'><strong>praesulem</strong></span> <span class='ocrx_word' id='word_1_270' title='bbox 1458 2200 1662 2286; x_wconf 86' lang='lat' dir='ltr'><strong>accipe,</strong></span> <span class='ocrx_word' id='word_1_271' title='bbox 1695 2200 1811 2284; x_wconf 89' lang='lat' dir='ltr'><strong>qui,</strong></span> 
     </span>
    </p>
   </div>
   <div class='ocr_carea' id='block_1_39' title="bbox 216 2306 1814 2376">
    <p class='ocr_par' dir='ltr' id='par_1_39' title="bbox 216 2306 1814 2376">
     <span class='ocr_line' id='line_1_39' title="bbox 216 2306 1814 2376; baseline -0.005 -10"><span class='ocrx_word' id='word_1_272' title='bbox 216 2312 363 2367; x_wconf 82' lang='lat' dir='ltr'><strong>sicut</strong></span> <span class='ocrx_word' id='word_1_273' title='bbox 406 2311 466 2364; x_wconf 91' lang='lat' dir='ltr'><strong>in</strong></span> <span class='ocrx_word' id='word_1_274' title='bbox 518 2307 758 2364; x_wconf 81' lang='lat' dir='ltr'><strong>Historia</strong></span> <span class='ocrx_word' id='word_1_275' title='bbox 806 2307 1175 2363; x_wconf 77' lang='lat' dir='ltr'><strong>ecclesiastica</strong></span> <span class='ocrx_word' id='word_1_276' title='bbox 1240 2306 1460 2376; x_wconf 80' lang='lat' dir='ltr'><strong>legitur,</strong></span> <span class='ocrx_word' id='word_1_277' title='bbox 1514 2321 1638 2360; x_wconf 80' lang='lat' dir='ltr'><strong>mox</strong></span> <span class='ocrx_word' id='word_1_278' title='bbox 1680 2312 1814 2376; x_wconf 87' lang='lat' dir='ltr'><strong>post</strong></span> 
     </span>
    </p>
   </div>
   <div class='ocr_carea' id='block_1_40' title="bbox 220 2398 1813 2471">
    <p class='ocr_par' dir='ltr' id='par_1_40' title="bbox 220 2398 1813 2471">
     <span class='ocr_line' id='line_1_40' title="bbox 220 2398 1813 2471; baseline -0.003 -14"><span class='ocrx_word' id='word_1_279' title='bbox 220 2411 533 2471; x_wconf 77' lang='lat' dir='ltr'><strong>susceptam</strong></span> <span class='ocrx_word' id='word_1_280' title='bbox 590 2398 917 2471; x_wconf 68' lang='lat' dir='ltr'><strong>praesulatus</strong></span> <span class='ocrx_word' id='word_1_281' title='bbox 976 2399 1329 2470; x_wconf 84' lang='lat' dir='ltr'><strong>dignitatem,</strong></span> <span class='ocrx_word' id='word_1_282' title='bbox 1386 2414 1485 2470; x_wconf 90' lang='lat' dir='ltr'><strong>pro</strong></span> <span class='ocrx_word' id='word_1_283' title='bbox 1533 2398 1813 2453; x_wconf 61' lang='lat' dir='ltr'><strong>catholicae</strong></span> 
     </span>
    </p>
   </div>
   <div class='ocr_carea' id='block_1_41' title="bbox 220 2489 1812 2547">
    <p class='ocr_par' dir='ltr' id='par_1_41' title="bbox 220 2489 1812 2547">
     <span class='ocr_line' id='line_1_41' title="bbox 220 2489 1812 2547; baseline -0.003 -1"><span class='ocrx_word' id='word_1_284' title='bbox 220 2492 345 2547; x_wconf 76' lang='lat' dir='ltr'><strong>ﬁdei</strong></span> <span class='ocrx_word' id='word_1_285' title='bbox 403 2491 725 2547; x_wconf 74' lang='lat' dir='ltr'><strong>defensione</strong></span> <span class='ocrx_word' id='word_1_286' title='bbox 782 2490 1050 2545; x_wconf 76' lang='lat' dir='ltr'><strong>laborans</strong></span> <span class='ocrx_word' id='word_1_287' title='bbox 1094 2490 1385 2545; x_wconf 89' lang='lat' dir='ltr'><strong>immensis</strong></span> <span class='ocrx_word' id='word_1_288' title='bbox 1436 2489 1812 2543; x_wconf 63' lang='lat' dir='ltr'><strong>hmreticorum</strong></span> 
     </span>
    </p>
   </div>
   <div class='ocr_carea' id='block_1_42' title="bbox 212 2579 1815 2652">
    <p class='ocr_par' dir='ltr' id='par_1_42' title="bbox 212 2579 1815 2652">
     <span class='ocr_line' id='line_1_42' title="bbox 212 2579 1815 2652; baseline -0.002 -16"><span class='ocrx_word' id='word_1_289' title='bbox 212 2581 668 2652; x_wconf 76' lang='lat' dir='ltr'><strong>persequentium</strong></span> <span class='ocrx_word' id='word_1_290' title='bbox 723 2580 934 2636; x_wconf 90' lang='lat' dir='ltr'><strong>insidiis</strong></span> <span class='ocrx_word' id='word_1_291' title='bbox 979 2594 1115 2650; x_wconf 88' lang='lat' dir='ltr'><strong>pene</strong></span> <span class='ocrx_word' id='word_1_292' title='bbox 1166 2593 1336 2651; x_wconf 88' lang='lat' dir='ltr'><strong>usque</strong></span> <span class='ocrx_word' id='word_1_293' title='bbox 1398 2580 1463 2634; x_wconf 90' lang='lat' dir='ltr'><strong>ad</strong></span> <span class='ocrx_word' id='word_1_294' title='bbox 1526 2579 1649 2634; x_wconf 75' lang='lat' dir='ltr'><strong>vita:</strong></span> <span class='ocrx_word' id='word_1_295' title='bbox 1703 2593 1815 2633; x_wconf 70' lang='lat' dir='ltr'><strong>sua:</strong></span> 
     </span>
    </p>
   </div>
   <div class='ocr_carea' id='block_1_43' title="bbox 216 2669 1815 2741">
    <p class='ocr_par' dir='ltr' id='par_1_43' title="bbox 216 2669 1815 2741">
     <span class='ocr_line' id='line_1_43' title="bbox 216 2669 1815 2741; baseline -0.001 -15"><span class='ocrx_word' id='word_1_296' title='bbox 216 2672 388 2727; x_wconf 67' lang='lat' dir='ltr'><strong>finem</strong></span> <span class='ocrx_word' id='word_1_297' title='bbox 420 2671 777 2726; x_wconf 72' lang='lat' dir='ltr'><strong>aiiiciebatur.</strong></span> <span class='ocrx_word' id='word_1_298' title='bbox 810 2670 902 2725; x_wconf 86' lang='lat' dir='ltr'><strong>Sic</strong></span> <span class='ocrx_word' id='word_1_299' title='bbox 931 2671 1130 2741; x_wconf 84' lang='lat' dir='ltr'><strong>quippe</strong></span> <span class='ocrx_word' id='word_1_300' title='bbox 1159 2671 1225 2725; x_wconf 90' lang='lat' dir='ltr'><strong>de</strong></span> <span class='ocrx_word' id='word_1_301' title='bbox 1248 2686 1314 2725; x_wconf 89' lang='lat' dir='ltr'><strong>eo</strong></span> <span class='ocrx_word' id='word_1_302' title='bbox 1344 2686 1497 2725; x_wconf 89' lang='lat' dir='ltr'><strong>sacra</strong></span> <span class='ocrx_word' id='word_1_303' title='bbox 1534 2669 1815 2741; x_wconf 89' lang='lat' dir='ltr'><strong>Scriptura</strong></span> 
     </span>
    </p>
   </div>
   <div class='ocr_carea' id='block_1_44' title="bbox 213 2757 1818 2832">
    <p class='ocr_par' dir='ltr' id='par_1_44' title="bbox 213 2757 1818 2832">
     <span class='ocr_line' id='line_1_44' title="bbox 213 2757 1818 2832; baseline -0.006 -11"><span class='ocrx_word' id='word_1_304' title='bbox 213 2763 393 2820; x_wconf 79' lang='lat' dir='ltr'><strong>refert</strong></span> <span class='ocrx_word' id='word_1_305' title='bbox 422 2759 665 2831; x_wconf 77' lang='lat' dir='ltr'><strong>:Hujus,</strong></span> <span class='ocrx_word' id='word_1_306' title='bbox 689 2760 887 2831; x_wconf 85' lang='lat' dir='ltr'><strong>inquit,</strong></span> <span class='ocrx_word' id='word_1_307' title='bbox 915 2762 1049 2815; x_wconf 90' lang='lat' dir='ltr'><strong>tanti</strong></span> <span class='ocrx_word' id='word_1_308' title='bbox 1076 2760 1131 2813; x_wconf 90' lang='lat' dir='ltr'><strong>in</strong></span> <span class='ocrx_word' id='word_1_309' title='bbox 1161 2759 1402 2815; x_wconf 85' lang='lat' dir='ltr'><strong>Ecclesia</strong></span> <span class='ocrx_word' id='word_1_310' title='bbox 1444 2773 1545 2832; x_wconf 90' lang='lat' dir='ltr'><strong>pro</strong></span> <span class='ocrx_word' id='word_1_311' title='bbox 1576 2757 1699 2813; x_wconf 82' lang='lat' dir='ltr'><strong>iidci</strong></span> <span class='ocrx_word' id='word_1_312' title='bbox 1737 2758 1818 2812; x_wconf 79' lang='lat' dir='ltr'><strong>in—</strong></span> 
     </span>
    </p>
   </div>
   <div class='ocr_carea' id='block_1_45' title="bbox 208 2849 1815 2931">
    <p class='ocr_par' dir='ltr' id='par_1_45' title="bbox 208 2849 1815 2931">
     <span class='ocr_line' id='line_1_45' title="bbox 208 2849 1815 2931; baseline -0.004 -22"><span class='ocrx_word' id='word_1_313' title='bbox 208 2855 481 2925; x_wconf 65' lang='lat' dir='ltr'><strong>tegritate</strong></span> <span class='ocrx_word' id='word_1_314' title='bbox 505 2868 709 2923; x_wconf 78' lang='lat' dir='ltr'><strong>agones</strong></span> <span class='ocrx_word' id='word_1_315' title='bbox 736 2851 954 2931; x_wconf 77' lang='lat' dir='ltr'><strong>fuerunt</strong></span> <span class='ocrx_word' id='word_1_316' title='bbox 976 2859 1035 2905; x_wconf 90' lang='lat' dir='ltr'><strong>ut</strong></span> <span class='ocrx_word' id='word_1_317' title='bbox 1058 2851 1220 2906; x_wconf 87' lang='lat' dir='ltr'><strong>etiam</strong></span> <span class='ocrx_word' id='word_1_318' title='bbox 1249 2849 1315 2904; x_wconf 85' lang='lat' dir='ltr'><strong>de</strong></span> <span class='ocrx_word' id='word_1_319' title='bbox 1339 2851 1440 2904; x_wconf 92' lang='lat' dir='ltr'><strong>hoc</strong></span> <span class='ocrx_word' id='word_1_320' title='bbox 1465 2849 1667 2904; x_wconf 87' lang='lat' dir='ltr'><strong>dictum</strong></span> <span class='ocrx_word' id='word_1_321' title='bbox 1695 2862 1815 2903; x_wconf 89' lang='lat' dir='ltr'><strong>csse</strong></span> 
     </span>
    </p>
   </div>
   <div class='ocr_carea' id='block_1_46' title="bbox 215 2920 1887 3013">
    <p class='ocr_par' dir='ltr' id='par_1_46' title="bbox 215 2920 1887 3013">
     <span class='ocr_line' id='line_1_46' title="bbox 215 2920 1887 3013; baseline -0.001 -18"><span class='ocrx_word' id='word_1_322' title='bbox 215 2920 503 3008; x_wconf 67' lang='lat' dir='ltr'><strong>videatur,</strong></span> <span class='ocrx_word' id='word_1_323' title='bbox 526 2920 671 3013; x_wconf 73' lang='lat' dir='ltr'><strong>quod</strong></span> <span class='ocrx_word' id='word_1_324' title='bbox 696 2925 961 3011; x_wconf 82' lang='lat' dir='ltr'><strong>scriptum</strong></span> <span class='ocrx_word' id='word_1_325' title='bbox 986 2951 1069 2996; x_wconf 90' lang='lat' dir='ltr'><strong>est</strong></span> <span class='ocrx_word' id='word_1_326' title='bbox 1096 2958 1111 2994; x_wconf 91' lang='lat'><strong>:</strong></span> <span class='ocrx_word' id='word_1_327' title='bbox 1142 2940 1254 3012; x_wconf 83' lang='lat' dir='ltr'><strong>Ego</strong></span> <span class='ocrx_word' id='word_1_328' title='bbox 1285 2942 1421 2994; x_wconf 82' lang='lat' dir='ltr'><strong>enim</strong></span> <span class='ocrx_word' id='word_1_329' title='bbox 1468 2940 1737 2995; x_wconf 74' lang='lat' dir='ltr'><strong>ostendam</strong></span> <span class='ocrx_word' id='word_1_330' title='bbox 1767 2941 1814 2994; x_wconf 84' lang='lat' dir='ltr'><strong>ei</strong></span> <span class='ocrx_word' id='word_1_331' title='bbox 1843 2920 1887 2981; x_wconf 66' lang='grc' dir='ltr'>Ο</span> 
     </span>
    </p>
   </div>
   <div class='ocr_carea' id='block_1_47' title="bbox 219 3030 1816 3105">
    <p class='ocr_par' dir='ltr' id='par_1_47' title="bbox 219 3030 1816 3105">
     <span class='ocr_line' id='line_1_47' title="bbox 219 3030 1816 3105; baseline -0.001 -16"><span class='ocrx_word' id='word_1_332' title='bbox 219 3044 419 3105; x_wconf 72' lang='lat' dir='ltr'><strong>quanta</strong></span> <span class='ocrx_word' id='word_1_333' title='bbox 447 3043 685 3105; x_wconf 81' lang='lat' dir='ltr'><strong>oporteat</strong></span> <span class='ocrx_word' id='word_1_334' title='bbox 716 3049 834 3087; x_wconf 81' lang='lat' dir='ltr'><strong>eum</strong></span> <span class='ocrx_word' id='word_1_335' title='bbox 860 3033 970 3102; x_wconf 84' lang='lat' dir='ltr'><strong>pati</strong></span> <span class='ocrx_word' id='word_1_336' title='bbox 1002 3048 1099 3103; x_wconf 86' lang='lat' dir='ltr'><strong>pro</strong></span> <span class='ocrx_word' id='word_1_337' title='bbox 1135 3033 1341 3086; x_wconf 81' lang='lat' dir='ltr'><strong>nomine</strong></span> <span class='ocrx_word' id='word_1_338' title='bbox 1369 3048 1503 3085; x_wconf 86' lang='lat' dir='ltr'><strong>meo.</strong></span> <span class='ocrx_word' id='word_1_339' title='bbox 1544 3031 1606 3088; x_wconf 90' lang='lat' dir='ltr'><strong>lu</strong></span> <span class='ocrx_word' id='word_1_340' title='bbox 1653 3030 1816 3100; x_wconf 83' lang='lat' dir='ltr'><strong>hujus</strong></span> 
     </span>
    </p>
   </div>
   <div class='ocr_carea' id='block_1_48' title="bbox 223 3122 1812 3195">
    <p class='ocr_par' dir='ltr' id='par_1_48' title="bbox 223 3122 1812 3195">
     <span class='ocr_line' id='line_1_48' title="bbox 223 3122 1812 3195; baseline -0.001 -16"><span class='ocrx_word' id='word_1_341' title='bbox 223 3139 468 3195; x_wconf 85' lang='lat' dir='ltr'><strong>namque</strong></span> <span class='ocrx_word' id='word_1_342' title='bbox 510 3123 942 3194; x_wconf 82' lang='lat' dir='ltr'><strong>persecutionem</strong></span> <span class='ocrx_word' id='word_1_343' title='bbox 978 3123 1263 3178; x_wconf 85' lang='lat' dir='ltr'><strong>universus</strong></span> <span class='ocrx_word' id='word_1_344' title='bbox 1305 3122 1608 3191; x_wconf 77' lang='lat' dir='ltr'><strong>coniuravit</strong></span> <span class='ocrx_word' id='word_1_345' title='bbox 1646 3123 1812 3189; x_wconf 82' lang='lat' dir='ltr'><strong>orbis,</strong></span> 
     </span>
    </p>
   </div>
   <div class='ocr_carea' id='block_1_49' title="bbox 224 3211 1811 3289">
    <p class='ocr_par' dir='ltr' id='par_1_49' title="bbox 224 3211 1811 3289">
     <span class='ocr_line' id='line_1_49' title="bbox 224 3211 1811 3289; baseline -0.003 -21"><span class='ocrx_word' id='word_1_346' title='bbox 224 3221 280 3268; x_wconf 88' lang='lat' dir='ltr'><strong>et</strong></span> <span class='ocrx_word' id='word_1_347' title='bbox 320 3212 589 3269; x_wconf 80' lang='lat' dir='ltr'><strong>commoti</strong></span> <span class='ocrx_word' id='word_1_348' title='bbox 631 3221 759 3267; x_wconf 82' lang='lat' dir='ltr'><strong>sunt</strong></span> <span class='ocrx_word' id='word_1_349' title='bbox 803 3211 1076 3283; x_wconf 84' lang='lat' dir='ltr'><strong>principes</strong></span> <span class='ocrx_word' id='word_1_350' title='bbox 1104 3219 1314 3289; x_wconf 65' lang='lat' dir='ltr'><strong>teri-ie,</strong></span> <span class='ocrx_word' id='word_1_351' title='bbox 1357 3224 1578 3282; x_wconf 85' lang='lat' dir='ltr'><strong>gentes,</strong></span> <span class='ocrx_word' id='word_1_352' title='bbox 1627 3225 1811 3282; x_wconf 79' lang='lat' dir='ltr'><strong>regna,</strong></span> 
     </span>
    </p>
   </div>
   <div class='ocr_carea' id='block_1_50' title="bbox 226 3294 1817 3365">
    <p class='ocr_par' dir='ltr' id='par_1_50' title="bbox 226 3294 1817 3365">
     <span class='ocr_line' id='line_1_50' title="bbox 226 3294 1817 3365; baseline -0.001 -2"><span class='ocrx_word' id='word_1_353' title='bbox 226 3309 512 3364; x_wconf 77' lang='lat' dir='ltr'><strong>exercitus</strong></span> <span class='ocrx_word' id='word_1_354' title='bbox 559 3298 935 3365; x_wconf 85' lang='lat' dir='ltr'><strong>convenerunt</strong></span> <span class='ocrx_word' id='word_1_355' title='bbox 982 3309 1245 3363; x_wconf 87' lang='lat' dir='ltr'><strong>adversus</strong></span> <span class='ocrx_word' id='word_1_356' title='bbox 1295 3322 1438 3362; x_wconf 91' lang='lat' dir='ltr'><strong>eum.</strong></span> <span class='ocrx_word' id='word_1_357' title='bbox 1488 3307 1580 3362; x_wconf 89' lang='lat' dir='ltr'><strong>Ille</strong></span> <span class='ocrx_word' id='word_1_358' title='bbox 1636 3294 1817 3361; x_wconf 87' lang='lat' dir='ltr'><strong>autem</strong></span> 
     </span>
    </p>
   </div>
   <div class='ocr_carea' id='block_1_51' title="bbox 230 3397 1818 3470">
    <p class='ocr_par' dir='ltr' id='par_1_51' title="bbox 230 3397 1818 3470">
     <span class='ocr_line' id='line_1_51' title="bbox 230 3397 1818 3470; baseline 0.001 -19"><span class='ocrx_word' id='word_1_359' title='bbox 230 3397 477 3454; x_wconf 76' lang='lat' dir='ltr'><strong>divinum</strong></span> <span class='ocrx_word' id='word_1_360' title='bbox 508 3398 652 3455; x_wconf 81' lang='lat' dir='ltr'><strong>illud</strong></span> <span class='ocrx_word' id='word_1_361' title='bbox 686 3398 1003 3454; x_wconf 72' lang='lat' dir='ltr'><strong>conferebat</strong></span> <span class='ocrx_word' id='word_1_362' title='bbox 1037 3399 1309 3470; x_wconf 85' lang='lat' dir='ltr'><strong>eloquium</strong></span> <span class='ocrx_word' id='word_1_363' title='bbox 1349 3399 1534 3453; x_wconf 86' lang='lat' dir='ltr'><strong>dicens</strong></span> <span class='ocrx_word' id='word_1_364' title='bbox 1562 3415 1575 3452; x_wconf 91' lang='lat'>:</span> <span class='ocrx_word' id='word_1_365' title='bbox 1607 3398 1665 3454; x_wconf 81' lang='lat' dir='ltr'><strong>Si</strong></span> <span class='ocrx_word' id='word_1_366' title='bbox 1695 3416 1818 3453; x_wconf 85' lang='lat' dir='ltr'><strong>cou-</strong></span> 
     </span>
    </p>
   </div>
   <div class='ocr_carea' id='block_1_52' title="bbox 230 3486 1816 3555">
    <p class='ocr_par' dir='ltr' id='par_1_52' title="bbox 230 3486 1816 3555">
     <span class='ocr_line' id='line_1_52' title="bbox 230 3486 1816 3555; baseline 0.003 -17"><span class='ocrx_word' id='word_1_367' title='bbox 230 3486 417 3541; x_wconf 73' lang='lat' dir='ltr'><strong>sistant</strong></span> <span class='ocrx_word' id='word_1_368' title='bbox 438 3486 735 3542; x_wconf 69' lang='lat' dir='ltr'><strong>adversum</strong></span> <span class='ocrx_word' id='word_1_369' title='bbox 766 3503 848 3541; x_wconf 82' lang='lat' dir='ltr'><strong>me</strong></span> <span class='ocrx_word' id='word_1_370' title='bbox 874 3496 1070 3552; x_wconf 79' lang='lat' dir='ltr'><strong>castra,</strong></span> <span class='ocrx_word' id='word_1_371' title='bbox 1103 3505 1208 3542; x_wconf 82' lang='lat' dir='ltr'><strong>non</strong></span> <span class='ocrx_word' id='word_1_372' title='bbox 1236 3488 1431 3542; x_wconf 81' lang='lat' dir='ltr'><strong>timebit</strong></span> <span class='ocrx_word' id='word_1_373' title='bbox 1477 3504 1567 3541; x_wconf 77' lang='lat' dir='ltr'><strong>cor</strong></span> <span class='ocrx_word' id='word_1_374' title='bbox 1612 3503 1816 3555; x_wconf 83' lang='lat' dir='ltr'><strong>meum;</strong></span> 
     </span>
    </p>
   </div>
   <div class='ocr_carea' id='block_1_53' title="bbox 233 3576 1821 3647">
    <p class='ocr_par' dir='ltr' id='par_1_53' title="bbox 233 3576 1821 3647">
     <span class='ocr_line' id='line_1_53' title="bbox 233 3576 1821 3647; baseline 0.003 -19"><span class='ocrx_word' id='word_1_375' title='bbox 233 3576 279 3628; x_wconf 78' lang='lat' dir='ltr'><strong>ei</strong></span> <span class='ocrx_word' id='word_1_376' title='bbox 307 3585 562 3646; x_wconf 73' lang='lat' dir='ltr'><strong>exsurgat</strong></span> <span class='ocrx_word' id='word_1_377' title='bbox 589 3578 851 3644; x_wconf 69' lang='lat' dir='ltr'><strong>praelium,</strong></span> <span class='ocrx_word' id='word_1_378' title='bbox 883 3578 938 3630; x_wconf 87' lang='lat' dir='ltr'><strong>in</strong></span> <span class='ocrx_word' id='word_1_379' title='bbox 964 3578 1061 3631; x_wconf 80' lang='lat' dir='ltr'><strong>hoc</strong></span> <span class='ocrx_word' id='word_1_380' title='bbox 1089 3594 1184 3647; x_wconf 87' lang='lat' dir='ltr'><strong>ego</strong></span> <span class='ocrx_word' id='word_1_381' title='bbox 1209 3576 1444 3647; x_wconf 77' lang='lat' dir='ltr'><strong>sperabo.</strong></span> <span class='ocrx_word' id='word_1_382' title='bbox 1658 3587 1664 3591; x_wconf 82' lang='lat'><em>‘</em></span> <span class='ocrx_word' id='word_1_383' title='bbox 1814 3580 1821 3587; x_wconf 82' lang='lat'><strong><em>&#39;</em></strong></span> 
     </span>
    </p>
   </div>
   <div class='ocr_carea' id='block_1_54' title="bbox 292 3665 1821 3739">
    <p class='ocr_par' dir='ltr' id='par_1_54' title="bbox 292 3665 1821 3739">
     <span class='ocr_line' id='line_1_54' title="bbox 292 3665 1821 3739; baseline 0 -17"><span class='ocrx_word' id='word_1_384' title='bbox 292 3665 398 3722; x_wconf 67' lang='lat' dir='ltr'><strong>isti</strong></span> <span class='ocrx_word' id='word_1_385' title='bbox 427 3667 597 3736; x_wconf 87' lang='lat' dir='ltr'><strong>igitur</strong></span> <span class='ocrx_word' id='word_1_386' title='bbox 617 3667 726 3722; x_wconf 90' lang='lat' dir='ltr'><strong>duo</strong></span> <span class='ocrx_word' id='word_1_387' title='bbox 748 3667 848 3721; x_wconf 87' lang='lat' dir='ltr'><strong>viri</strong></span> <span class='ocrx_word' id='word_1_388' title='bbox 880 3668 933 3722; x_wconf 91' lang='lat' dir='ltr'><strong>in</strong></span> <span class='ocrx_word' id='word_1_389' title='bbox 956 3667 1260 3737; x_wconf 80' lang='lat' dir='ltr'><strong>exemplum</strong></span> <span class='ocrx_word' id='word_1_390' title='bbox 1290 3669 1537 3722; x_wconf 77' lang='lat' dir='ltr'><strong>humana:</strong></span> <span class='ocrx_word' id='word_1_391' title='bbox 1558 3682 1821 3739; x_wconf 82' lang='lat' dir='ltr'><strong>persecu-</strong></span> 
     </span>
    </p>
   </div>
   <div class='ocr_carea' id='block_1_55' title="bbox 230 3754 1821 3826">
    <p class='ocr_par' dir='ltr' id='par_1_55' title="bbox 230 3754 1821 3826">
     <span class='ocr_line' id='line_1_55' title="bbox 230 3754 1821 3826; baseline 0.003 -18"><span class='ocrx_word' id='word_1_392' title='bbox 230 3757 402 3811; x_wconf 81' lang='lat' dir='ltr'><strong>1ionis</strong></span> <span class='ocrx_word' id='word_1_393' title='bbox 428 3754 705 3810; x_wconf 75' lang='lat' dir='ltr'><strong>sufﬁciant</strong></span> <span class='ocrx_word' id='word_1_394' title='bbox 744 3757 863 3822; x_wconf 87' lang='lat' dir='ltr'><strong>tibi,</strong></span> <span class='ocrx_word' id='word_1_395' title='bbox 891 3766 952 3811; x_wconf 91' lang='lat' dir='ltr'><strong>ut</strong></span> <span class='ocrx_word' id='word_1_396' title='bbox 993 3772 1101 3812; x_wconf 88' lang='lat' dir='ltr'><strong>non</strong></span> <span class='ocrx_word' id='word_1_397' title='bbox 1147 3757 1321 3813; x_wconf 88' lang='lat' dir='ltr'><strong>solum</strong></span> <span class='ocrx_word' id='word_1_398' title='bbox 1360 3758 1494 3814; x_wconf 85' lang='lat' dir='ltr'><strong>nihil</strong></span> <span class='ocrx_word' id='word_1_399' title='bbox 1526 3759 1821 3826; x_wconf 66' lang='lat' dir='ltr'><strong>insolitum,</strong></span> 
     </span>
    </p>
   </div>
   <div class='ocr_carea' id='block_1_56' title="bbox 238 3846 1822 3923">
    <p class='ocr_par' dir='ltr' id='par_1_56' title="bbox 238 3846 1822 3923">
     <span class='ocr_line' id='line_1_56' title="bbox 238 3846 1822 3923; baseline 0.002 -23"><span class='ocrx_word' id='word_1_400' title='bbox 238 3846 376 3902; x_wconf 83' lang='lat' dir='ltr'><strong>nihil</strong></span> <span class='ocrx_word' id='word_1_401' title='bbox 412 3847 716 3901; x_wconf 87' lang='lat' dir='ltr'><strong>inauditum</strong></span> <span class='ocrx_word' id='word_1_402' title='bbox 758 3857 810 3903; x_wconf 88' lang='lat' dir='ltr'><strong>te</strong></span> <span class='ocrx_word' id='word_1_403' title='bbox 849 3846 1151 3923; x_wconf 33' lang='lat' dir='ltr'><strong>aliquando.</strong></span> <span class='ocrx_word' id='word_1_404' title='bbox 1183 3848 1251 3902; x_wconf 91' lang='lat' dir='ltr'><strong>ab</strong></span> <span class='ocrx_word' id='word_1_405' title='bbox 1295 3848 1515 3903; x_wconf 86' lang='lat' dir='ltr'><strong>homine</strong></span> <span class='ocrx_word' id='word_1_406' title='bbox 1552 3864 1822 3919; x_wconf 85' lang='lat' dir='ltr'><strong>quoquam</strong></span> 
     </span>
    </p>
   </div>
   <div class='ocr_carea' id='block_1_57' title="bbox 240 3928 1823 4013">
    <p class='ocr_par' dir='ltr' id='par_1_57' title="bbox 240 3928 1823 4013">
     <span class='ocr_line' id='line_1_57' title="bbox 240 3928 1823 4013; baseline 0.002 -20"><span class='ocrx_word' id='word_1_407' title='bbox 240 3940 538 4010; x_wconf 84' lang='lat' dir='ltr'><strong>pertulisse</strong></span> <span class='ocrx_word' id='word_1_408' title='bbox 566 3941 871 4006; x_wconf 79' lang='lat' dir='ltr'><strong>arbitreris,</strong></span> <span class='ocrx_word' id='word_1_409' title='bbox 918 3942 1016 3997; x_wconf 88' lang='lat' dir='ltr'><strong>sed</strong></span> <span class='ocrx_word' id='word_1_410' title='bbox 1054 3957 1155 3998; x_wconf 91' lang='lat' dir='ltr'><strong>nec</strong></span> <span class='ocrx_word' id='word_1_411' title='bbox 1174 3928 1502 4013; x_wconf 82' lang='lat' dir='ltr'><strong>particulam</strong></span> <span class='ocrx_word' id='word_1_412' title='bbox 1547 3944 1823 3998; x_wconf 89' lang='lat' dir='ltr'><strong>minimam</strong></span> 
     </span>
    </p>
   </div>
   <div class='ocr_carea' id='block_1_58' title="bbox 242 4024 1827 4112">
    <p class='ocr_par' dir='ltr' id='par_1_58' title="bbox 242 4024 1827 4112">
     <span class='ocr_line' id='line_1_58' title="bbox 242 4024 1827 4112; baseline 0.003 -28"><span class='ocrx_word' id='word_1_413' title='bbox 242 4044 435 4085; x_wconf 80' lang='lat' dir='ltr'><strong>earum</strong></span> <span class='ocrx_word' id='word_1_414' title='bbox 488 4031 928 4100; x_wconf 84' lang='lat' dir='ltr'><strong>persecutionum</strong></span> <span class='ocrx_word' id='word_1_415' title='bbox 986 4047 1121 4112; x_wconf 84' lang='lat' dir='ltr'><strong>quas</strong></span> <span class='ocrx_word' id='word_1_416' title='bbox 1202 4031 1292 4087; x_wconf 89' lang='lat' dir='ltr'><strong>alii</strong></span> <span class='ocrx_word' id='word_1_417' title='bbox 1332 4030 1706 4105; x_wconf 76' lang='lat' dir='ltr'><strong>pertulerunt</strong></span> <span class='ocrx_word' id='word_1_418' title='bbox 1773 4024 1827 4089; x_wconf 81' lang='lat' dir='ltr'><strong>te</strong></span> 
     </span>
    </p>
   </div>
   <div class='ocr_carea' id='block_1_59' title="bbox 237 4113 1828 4196">
    <p class='ocr_par' dir='ltr' id='par_1_59' title="bbox 237 4113 1828 4196">
     <span class='ocr_line' id='line_1_59' title="bbox 237 4113 1828 4196; baseline 0.003 -22"><span class='ocrx_word' id='word_1_419' title='bbox 237 4133 465 4189; x_wconf 81' lang='lat' dir='ltr'><strong>passum</strong></span> <span class='ocrx_word' id='word_1_420' title='bbox 491 4135 613 4177; x_wconf 86' lang='lat' dir='ltr'><strong>esse</strong></span> <span class='ocrx_word' id='word_1_421' title='bbox 637 4122 877 4177; x_wconf 85' lang='lat' dir='ltr'><strong>noveris.</strong></span> <span class='ocrx_word' id='word_1_422' title='bbox 907 4120 987 4176; x_wconf 84' lang='lat' dir='ltr'><strong>&#39;l&#39;u</strong></span> <span class='ocrx_word' id='word_1_423' title='bbox 1024 4123 1168 4178; x_wconf 87' lang='lat' dir='ltr'><strong>enim</strong></span> <span class='ocrx_word' id='word_1_424' title='bbox 1196 4138 1295 4193; x_wconf 90' lang='lat' dir='ltr'><strong>pro</strong></span> <span class='ocrx_word' id='word_1_425' title='bbox 1321 4138 1387 4178; x_wconf 89' lang='lat' dir='ltr'><strong>eo</strong></span> <span class='ocrx_word' id='word_1_426' title='bbox 1410 4113 1551 4193; x_wconf 83' lang='lat' dir='ltr'><strong>quod</strong></span> <span class='ocrx_word' id='word_1_427' title='bbox 1583 4118 1828 4196; x_wconf 53' lang='lat' dir='ltr'><strong>aliquant?</strong></span> 
     </span>
    </p>
   </div>
   <div class='ocr_carea' id='block_1_60' title="bbox 241 4211 1828 4284">
    <p class='ocr_par' dir='ltr' id='par_1_60' title="bbox 241 4211 1828 4284">
     <span class='ocr_line' id='line_1_60' title="bbox 241 4211 1828 4284; baseline 0.003 -19"><span class='ocrx_word' id='word_1_428' title='bbox 241 4211 419 4265; x_wconf 75' lang='lat' dir='ltr'><strong>mlum</strong></span> <span class='ocrx_word' id='word_1_429' title='bbox 462 4212 813 4268; x_wconf 79' lang='lat' dir='ltr'><strong>adversitatis</strong></span> <span class='ocrx_word' id='word_1_430' title='bbox 855 4221 910 4267; x_wconf 90' lang='lat' dir='ltr'><strong>et</strong></span> <span class='ocrx_word' id='word_1_431' title='bbox 946 4214 1342 4284; x_wconf 80' lang='lat' dir='ltr'><strong>persecutionis</strong></span> <span class='ocrx_word' id='word_1_432' title='bbox 1369 4215 1519 4283; x_wconf 87' lang='lat' dir='ltr'><strong>prius</strong></span> <span class='ocrx_word' id='word_1_433' title='bbox 1548 4215 1828 4271; x_wconf 81' lang='lat' dir='ltr'><strong>insaecuio</strong></span> 
     </span>
    </p>
   </div>
   <div class='ocr_carea' id='block_1_61' title="bbox 1907 1663 3485 1740">
    <p class='ocr_par' dir='ltr' id='par_1_61' title="bbox 1907 1663 3485 1740">
     <span class='ocr_line' id='line_1_61' title="bbox 1907 1663 3485 1740; baseline -0.003 -17"><span class='ocrx_word' id='word_1_434' title='bbox 1907 1668 2083 1740; x_wconf 86' lang='lat' dir='ltr'><strong>liquit.</strong></span> <span class='ocrx_word' id='word_1_435' title='bbox 2137 1669 2274 1735; x_wconf 82' lang='lat' dir='ltr'><strong>Quid</strong></span> <span class='ocrx_word' id='word_1_436' title='bbox 2336 1668 2536 1722; x_wconf 84' lang='lat' dir='ltr'><strong>multa?</strong></span> <span class='ocrx_word' id='word_1_437' title='bbox 2589 1666 2858 1737; x_wconf 84' lang='lat' dir='ltr'><strong>Quidquid</strong></span> <span class='ocrx_word' id='word_1_438' title='bbox 2923 1663 3263 1728; x_wconf 84' lang='lat' dir='ltr'><strong>ailiiction‘is,</strong></span> <span class='ocrx_word' id='word_1_439' title='bbox 3328 1664 3485 1734; x_wconf 60' lang='lat' dir='ltr'><strong>quid-</strong></span> 
     </span>
    </p>
   </div>
   <div class='ocr_carea' id='block_1_62' title="bbox 1907 1759 3489 1833">
    <p class='ocr_par' dir='ltr' id='par_1_62' title="bbox 1907 1759 3489 1833">
     <span class='ocr_line' id='line_1_62' title="bbox 1907 1759 3489 1833; baseline -0.003 -17"><span class='ocrx_word' id='word_1_440' title='bbox 1907 1765 2036 1833; x_wconf 86' lang='lat' dir='ltr'><strong>quid</strong></span> <span class='ocrx_word' id='word_1_441' title='bbox 2080 1771 2296 1817; x_wconf 82' lang='lat' dir='ltr'><strong>constat</strong></span> <span class='ocrx_word' id='word_1_442' title='bbox 2331 1763 2545 1819; x_wconf 80' lang='lat' dir='ltr'><strong>laboris</strong></span> <span class='ocrx_word' id='word_1_443' title='bbox 2591 1762 2644 1816; x_wconf 92' lang='lat' dir='ltr'><strong>in</strong></span> <span class='ocrx_word' id='word_1_444' title='bbox 2692 1761 2887 1829; x_wconf 80' lang='lat' dir='ltr'><strong>vigiliis</strong></span> <span class='ocrx_word' id='word_1_445' title='bbox 2932 1768 2989 1816; x_wconf 89' lang='lat' dir='ltr'><strong>et</strong></span> <span class='ocrx_word' id='word_1_446' title='bbox 3034 1760 3086 1814; x_wconf 90' lang='lat' dir='ltr'><strong>in</strong></span> <span class='ocrx_word' id='word_1_447' title='bbox 3126 1759 3366 1829; x_wconf 89' lang='lat' dir='ltr'><strong>jejuniis,</strong></span> <span class='ocrx_word' id='word_1_448' title='bbox 3395 1766 3489 1813; x_wconf 89' lang='lat' dir='ltr'><strong>aut</strong></span> 
     </span>
    </p>
   </div>
   <div class='ocr_carea' id='block_1_63' title="bbox 1907 1841 3485 1921">
    <p class='ocr_par' dir='ltr' id='par_1_63' title="bbox 1907 1841 3485 1921">
     <span class='ocr_line' id='line_1_63' title="bbox 1907 1841 3485 1921; baseline -0.004 -14"><span class='ocrx_word' id='word_1_449' title='bbox 1907 1846 1962 1907; x_wconf 84' lang='lat' dir='ltr'><strong>in</strong></span> <span class='ocrx_word' id='word_1_450' title='bbox 1993 1851 2297 1907; x_wconf 83' lang='lat' dir='ltr'><strong>solitudinis</strong></span> <span class='ocrx_word' id='word_1_451' title='bbox 2317 1841 2582 1916; x_wconf 84' lang='lat' dir='ltr'><strong>horrore,</strong></span> <span class='ocrx_word' id='word_1_452' title='bbox 2611 1860 2666 1905; x_wconf 88' lang='lat' dir='ltr'><strong>et</strong></span> <span class='ocrx_word' id='word_1_453' title='bbox 2694 1850 3000 1921; x_wconf 69' lang='lat' dir='ltr'><strong>in&#39;pretiosi</strong></span> <span class='ocrx_word' id='word_1_454' title='bbox 3033 1849 3345 1905; x_wconf 88' lang='lat' dir='ltr'><strong>vestimenti</strong></span> <span class='ocrx_word' id='word_1_455' title='bbox 3385 1849 3485 1905; x_wconf 83' lang='lat' dir='ltr'><strong>ab-</strong></span> 
     </span>
    </p>
   </div>
   <div class='ocr_carea' id='block_1_64' title="bbox 1902 1936 3485 2013">
    <p class='ocr_par' dir='ltr' id='par_1_64' title="bbox 1902 1936 3485 2013">
     <span class='ocr_line' id='line_1_64' title="bbox 1902 1936 3485 2013; baseline -0.003 -17"><span class='ocrx_word' id='word_1_456' title='bbox 1902 1942 2142 2013; x_wconf 81' lang='lat' dir='ltr'><strong>jectione</strong></span> <span class='ocrx_word' id='word_1_457' title='bbox 2162 1982 2177 2007; x_wconf 93' lang='lat'><strong>,</strong></span> <span class='ocrx_word' id='word_1_458' title='bbox 2205 1957 2299 1997; x_wconf 89' lang='lat' dir='ltr'><strong>seu</strong></span> <span class='ocrx_word' id='word_1_459' title='bbox 2331 1942 2385 1995; x_wconf 94' lang='lat' dir='ltr'><strong>in</strong></span> <span class='ocrx_word' id='word_1_460' title='bbox 2413 1941 2805 1996; x_wconf 88' lang='lat' dir='ltr'><strong>desideriorum</strong></span> <span class='ocrx_word' id='word_1_461' title='bbox 2828 1939 3127 1995; x_wconf 86' lang='lat' dir='ltr'><strong>carnalium</strong></span> <span class='ocrx_word' id='word_1_462' title='bbox 3153 1936 3485 1999; x_wconf 80' lang='lat' dir='ltr'><strong>devincenda</strong></span> 
     </span>
    </p>
   </div>
   <div class='ocr_carea' id='block_1_65' title="bbox 1902 2029 3488 2108">
    <p class='ocr_par' dir='ltr' id='par_1_65' title="bbox 1902 2029 3488 2108">
     <span class='ocr_line' id='line_1_65' title="bbox 1902 2029 3488 2108; baseline -0.003 -17"><span class='ocrx_word' id='word_1_463' title='bbox 1902 2037 2182 2108; x_wconf 83' lang='lat' dir='ltr'><strong>passione,</strong></span> <span class='ocrx_word' id='word_1_464' title='bbox 2236 2044 2329 2089; x_wconf 90' lang='lat' dir='ltr'><strong>aut</strong></span> <span class='ocrx_word' id='word_1_465' title='bbox 2362 2036 2414 2090; x_wconf 92' lang='lat' dir='ltr'><strong>in</strong></span> <span class='ocrx_word' id='word_1_466' title='bbox 2452 2034 2754 2104; x_wconf 83' lang='lat' dir='ltr'><strong>omnigenis</strong></span> <span class='ocrx_word' id='word_1_467' title='bbox 2793 2031 3011 2092; x_wconf 69' lang='lat' dir='ltr'><strong>invidia:</strong></span> <span class='ocrx_word' id='word_1_468' title='bbox 3037 2030 3316 2090; x_wconf 72' lang='lat' dir='ltr'><strong>diabolica:</strong></span> <span class='ocrx_word' id='word_1_469' title='bbox 3347 2029 3488 2087; x_wconf 83' lang='lat' dir='ltr'><strong>dolis</strong></span> 
     </span>
    </p>
   </div>
   <div class='ocr_carea' id='block_1_66' title="bbox 1910 2121 3551 2195">
    <p class='ocr_par' dir='ltr' id='par_1_66' title="bbox 1910 2121 3551 2195">
     <span class='ocr_line' id='line_1_66' title="bbox 1910 2121 3551 2195; baseline -0.003 -15"><span class='ocrx_word' id='word_1_470' title='bbox 1910 2125 2267 2195; x_wconf 89' lang='lat' dir='ltr'><strong>superandis,</strong></span> <span class='ocrx_word' id='word_1_471' title='bbox 2320 2124 2537 2178; x_wconf 91' lang='lat' dir='ltr'><strong>eosdem</strong></span> <span class='ocrx_word' id='word_1_472' title='bbox 2587 2123 2832 2179; x_wconf 78' lang='lat' dir='ltr'><strong>invenies</strong></span> <span class='ocrx_word' id='word_1_473' title='bbox 2876 2122 2967 2177; x_wconf 93' lang='lat' dir='ltr'><strong>diu</strong></span> <span class='ocrx_word' id='word_1_474' title='bbox 3014 2121 3301 2187; x_wconf 78' lang='lat' dir='ltr'><strong>tolerasse,</strong></span> <span class='ocrx_word' id='word_1_475' title='bbox 3340 2128 3493 2178; x_wconf 82' lang='lat' dir='ltr'><strong>anle-</strong></span> <span class='ocrx_word' id='word_1_476' title='bbox 3544 2156 3551 2165; x_wconf 89' lang='lat'><strong><em>-</em></strong></span> 
     </span>
    </p>
   </div>
   <div class='ocr_carea' id='block_1_67' title="bbox 1911 2211 3493 2290">
    <p class='ocr_par' dir='ltr' id='par_1_67' title="bbox 1911 2211 3493 2290">
     <span class='ocr_line' id='line_1_67' title="bbox 1911 2211 3493 2290; baseline 0.001 -23"><span class='ocrx_word' id='word_1_477' title='bbox 1911 2229 2073 2284; x_wconf 89' lang='lat' dir='ltr'><strong>quam</strong></span> <span class='ocrx_word' id='word_1_478' title='bbox 2113 2213 2181 2267; x_wconf 86' lang='lat' dir='ltr'><strong>ad</strong></span> <span class='ocrx_word' id='word_1_479' title='bbox 2218 2228 2399 2268; x_wconf 89' lang='lat' dir='ltr'><strong>arcem</strong></span> <span class='ocrx_word' id='word_1_480' title='bbox 2452 2212 2803 2286; x_wconf 81' lang='lat' dir='ltr'><strong>perfectionis</strong></span> <span class='ocrx_word' id='word_1_481' title='bbox 2847 2227 2955 2287; x_wconf 84' lang='lat' dir='ltr'><strong>qua</strong></span> <span class='ocrx_word' id='word_1_482' title='bbox 2997 2212 3246 2285; x_wconf 88' lang='lat' dir='ltr'><strong>plurimis</strong></span> <span class='ocrx_word' id='word_1_483' title='bbox 3290 2211 3493 2290; x_wconf 48' lang='lat' dir='ltr'><strong>priore.</strong></span> 
     </span>
    </p>
   </div>
   <div class='ocr_carea' id='block_1_68' title="bbox 1914 2305 3381 2378">
    <p class='ocr_par' dir='ltr' id='par_1_68' title="bbox 1914 2305 3381 2378">
     <span class='ocr_line' id='line_1_68' title="bbox 1914 2305 3381 2378; baseline -0.003 -17"><span class='ocrx_word' id='word_1_484' title='bbox 1914 2306 2066 2361; x_wconf 89' lang='lat' dir='ltr'><strong>rendi</strong></span> <span class='ocrx_word' id='word_1_485' title='bbox 2093 2312 2252 2360; x_wconf 89' lang='lat' dir='ltr'><strong>erant</strong></span> <span class='ocrx_word' id='word_1_486' title='bbox 2270 2345 2285 2370; x_wconf 94' lang='lat'><strong>,</strong></span> <span class='ocrx_word' id='word_1_487' title='bbox 2317 2305 2693 2378; x_wconf 72' lang='lat' dir='ltr'><strong>pervenirent.</strong></span> <span class='ocrx_word' id='word_1_488' title='bbox 3376 2318 3381 2325; x_wconf 57' lang='grc' dir='ltr'><strong><em>ε</em></strong></span> 
     </span>
    </p>
   </div>
   <div class='ocr_carea' id='block_1_69' title="bbox 1985 2395 3494 2472">
    <p class='ocr_par' dir='ltr' id='par_1_69' title="bbox 1985 2395 3494 2472">
     <span class='ocr_line' id='line_1_69' title="bbox 1985 2395 3494 2472; baseline -0.005 -15"><span class='ocrx_word' id='word_1_489' title='bbox 1985 2398 2111 2457; x_wconf 67' lang='lat' dir='ltr'><strong>Haec</strong></span> <span class='ocrx_word' id='word_1_490' title='bbox 2151 2398 2339 2472; x_wconf 84' lang='lat' dir='ltr'><strong>igitur,</strong></span> <span class='ocrx_word' id='word_1_491' title='bbox 2384 2411 2600 2468; x_wconf 73' lang='lat' dir='ltr'><strong>uiueso,</strong></span> <span class='ocrx_word' id='word_1_492' title='bbox 2633 2396 2919 2468; x_wconf 78' lang='lat' dir='ltr'><strong>diligenter</strong></span> <span class='ocrx_word' id='word_1_493' title='bbox 2948 2395 3199 2461; x_wconf 80' lang='lat' dir='ltr'><strong>adverte,</strong></span> <span class='ocrx_word' id='word_1_494' title='bbox 3232 2403 3285 2451; x_wconf 90' lang='lat' dir='ltr'><strong>et</strong></span> <span class='ocrx_word' id='word_1_495' title='bbox 3314 2402 3494 2450; x_wconf 77' lang='lat' dir='ltr'><strong>tantas</strong></span> 
     </span>
    </p>
   </div>
   <div class='ocr_carea' id='block_1_70' title="bbox 1914 2486 3495 2562">
    <p class='ocr_par' dir='ltr' id='par_1_70' title="bbox 1914 2486 3495 2562">
     <span class='ocr_line' id='line_1_70' title="bbox 1914 2486 3495 2562; baseline -0.003 -15"><span class='ocrx_word' id='word_1_496' title='bbox 1914 2492 2136 2549; x_wconf 87' lang='lat' dir='ltr'><strong>Patrum</strong></span> <span class='ocrx_word' id='word_1_497' title='bbox 2175 2492 2686 2562; x_wconf 71' lang='lat' dir='ltr'><strong>prteuominatorum</strong></span> <span class='ocrx_word' id='word_1_498' title='bbox 2725 2486 3045 2544; x_wconf 86' lang='lat' dir='ltr'><strong>alllictiones</strong></span> <span class='ocrx_word' id='word_1_499' title='bbox 3082 2489 3147 2543; x_wconf 86' lang='lat' dir='ltr'><strong>ad</strong></span> <span class='ocrx_word' id='word_1_500' title='bbox 3169 2497 3326 2551; x_wconf 87' lang='lat' dir='ltr'><strong>.tnas,</strong></span> <span class='ocrx_word' id='word_1_501' title='bbox 3357 2503 3495 2561; x_wconf 83' lang='lat' dir='ltr'><strong>quas</strong></span> 
     </span>
    </p>
   </div>
   <div class='ocr_carea' id='block_1_71' title="bbox 1917 2579 3491 2648">
    <p class='ocr_par' dir='ltr' id='par_1_71' title="bbox 1917 2579 3491 2648">
     <span class='ocr_line' id='line_1_71' title="bbox 1917 2579 3491 2648; baseline -0.003 -11"><span class='ocrx_word' id='word_1_502' title='bbox 1917 2592 1972 2641; x_wconf 87' lang='lat' dir='ltr'><strong>tu</strong></span> <span class='ocrx_word' id='word_1_503' title='bbox 2002 2583 2270 2637; x_wconf 85' lang='lat' dir='ltr'><strong>interdum</strong></span> <span class='ocrx_word' id='word_1_504' title='bbox 2304 2582 2558 2638; x_wconf 89' lang='lat' dir='ltr'><strong>insolitas</strong></span> <span class='ocrx_word' id='word_1_505' title='bbox 2601 2581 2919 2648; x_wconf 82' lang='lat' dir='ltr'><strong>arbitraris,</strong></span> <span class='ocrx_word' id='word_1_506' title='bbox 2955 2580 3143 2643; x_wconf 76' lang='lat' dir='ltr'><strong>confer</strong></span> <span class='ocrx_word' id='word_1_507' title='bbox 3181 2579 3491 2637; x_wconf 86' lang='lat' dir='ltr'><strong>tribulatio-</strong></span> 
     </span>
    </p>
   </div>
   <div class='ocr_carea' id='block_1_72' title="bbox 1916 2672 3495 2745">
    <p class='ocr_par' dir='ltr' id='par_1_72' title="bbox 1916 2672 3495 2745">
     <span class='ocr_line' id='line_1_72' title="bbox 1916 2672 3495 2745; baseline -0.002 -15"><span class='ocrx_word' id='word_1_508' title='bbox 1916 2690 2050 2730; x_wconf 87' lang='lat' dir='ltr'><strong>nes:</strong></span> <span class='ocrx_word' id='word_1_509' title='bbox 2103 2683 2158 2729; x_wconf 91' lang='lat' dir='ltr'><strong>et</strong></span> <span class='ocrx_word' id='word_1_510' title='bbox 2209 2685 2335 2729; x_wconf 91' lang='lat' dir='ltr'><strong>tunc</strong></span> <span class='ocrx_word' id='word_1_511' title='bbox 2383 2673 2571 2744; x_wconf 86' lang='lat' dir='ltr'><strong>procul</strong></span> <span class='ocrx_word' id='word_1_512' title='bbox 2619 2674 2783 2730; x_wconf 89' lang='lat' dir='ltr'><strong>dubio</strong></span> <span class='ocrx_word' id='word_1_513' title='bbox 2826 2687 3124 2745; x_wconf 81' lang='lat' dir='ltr'><strong>cognosces</strong></span> <span class='ocrx_word' id='word_1_514' title='bbox 3167 2672 3294 2741; x_wconf 88' lang='lat' dir='ltr'><strong>quia</strong></span> <span class='ocrx_word' id='word_1_515' title='bbox 3332 2672 3495 2745; x_wconf 78' lang='lat' dir='ltr'><strong>parvi</strong></span> 
     </span>
    </p>
   </div>
   <div class='ocr_carea' id='block_1_73' title="bbox 1917 2762 3496 2835">
    <p class='ocr_par' dir='ltr' id='par_1_73' title="bbox 1917 2762 3496 2835">
     <span class='ocr_line' id='line_1_73' title="bbox 1917 2762 3496 2835; baseline -0.001 -15"><span class='ocrx_word' id='word_1_516' title='bbox 1917 2773 2046 2820; x_wconf 88' lang='lat' dir='ltr'><strong>sunt</strong></span> <span class='ocrx_word' id='word_1_517' title='bbox 2098 2780 2234 2835; x_wconf 88' lang='lat' dir='ltr'><strong>quos</strong></span> <span class='ocrx_word' id='word_1_518' title='bbox 2272 2765 2442 2821; x_wconf 84' lang='lat' dir='ltr'><strong>modo</strong></span> <span class='ocrx_word' id='word_1_519' title='bbox 2481 2773 2583 2821; x_wconf 87' lang='lat' dir='ltr'><strong>aut</strong></span> <span class='ocrx_word' id='word_1_520' title='bbox 2630 2778 2865 2834; x_wconf 85' lang='lat' dir='ltr'><strong>unquam</strong></span> <span class='ocrx_word' id='word_1_521' title='bbox 2925 2762 3195 2834; x_wconf 83' lang='lat' dir='ltr'><strong>pertuiisti</strong></span> <span class='ocrx_word' id='word_1_522' title='bbox 3249 2763 3496 2826; x_wconf 75' lang='lat' dir='ltr'><strong>dolores.</strong></span> 
     </span>
    </p>
   </div>
   <div class='ocr_carea' id='block_1_74' title="bbox 1921 2844 3495 2928">
    <p class='ocr_par' dir='ltr' id='par_1_74' title="bbox 1921 2844 3495 2928">
     <span class='ocr_line' id='line_1_74' title="bbox 1921 2844 3495 2928; baseline -0.002 -18"><span class='ocrx_word' id='word_1_523' title='bbox 1921 2856 2269 2928; x_wconf 82' lang='lat' dir='ltr'><strong>quantumvis</strong></span> <span class='ocrx_word' id='word_1_524' title='bbox 2301 2855 2460 2912; x_wconf 87' lang='lat' dir='ltr'><strong>iidem</strong></span> <span class='ocrx_word' id='word_1_525' title='bbox 2495 2854 2682 2910; x_wconf 89' lang='lat' dir='ltr'><strong>Patres</strong></span> <span class='ocrx_word' id='word_1_526' title='bbox 2713 2854 3050 2917; x_wconf 79' lang='lat' dir='ltr'><strong>miliatenns,</strong></span> <span class='ocrx_word' id='word_1_527' title='bbox 3108 2854 3250 2909; x_wconf 89' lang='lat' dir='ltr'><strong>sicut</strong></span> <span class='ocrx_word' id='word_1_528' title='bbox 3281 2844 3379 2919; x_wconf 48' lang='lat' dir='ltr'><strong>tu,</strong></span> <span class='ocrx_word' id='word_1_529' title='bbox 3397 2870 3495 2923; x_wconf 85' lang='lat' dir='ltr'><strong>pro</strong></span> 
     </span>
    </p>
   </div>
   <div class='ocr_carea' id='block_1_75' title="bbox 1918 2942 3491 3016">
    <p class='ocr_par' dir='ltr' id='par_1_75' title="bbox 1918 2942 3491 3016">
     <span class='ocr_line' id='line_1_75' title="bbox 1918 2942 3491 3016; baseline 0 -15"><span class='ocrx_word' id='word_1_530' title='bbox 1918 2947 2207 3001; x_wconf 76' lang='lat' dir='ltr'><strong>criminum</strong></span> <span class='ocrx_word' id='word_1_531' title='bbox 2232 2942 2907 3016; x_wconf 32' lang='lat' dir='ltr'><strong>&quot;capitalium‘pwnitentia</strong></span> <span class='ocrx_word' id='word_1_532' title='bbox 2940 2952 3278 2999; x_wconf 80' lang='lat' dir='ltr'><strong>mererentur</strong></span> <span class='ocrx_word' id='word_1_533' title='bbox 3308 2943 3491 3014; x_wconf 79' lang='lat' dir='ltr'><strong>amigi.</strong></span> 
     </span>
    </p>
   </div>
   <div class='ocr_carea' id='block_1_76' title="bbox 1919 3035 3497 3107">
    <p class='ocr_par' dir='ltr' id='par_1_76' title="bbox 1919 3035 3497 3107">
     <span class='ocr_line' id='line_1_76' title="bbox 1919 3035 3497 3107; baseline -0.001 -16"><span class='ocrx_word' id='word_1_534' title='bbox 1919 3036 2189 3092; x_wconf 60' lang='lat' dir='ltr'><strong>Praeterea</strong></span> <span class='ocrx_word' id='word_1_535' title='bbox 2223 3037 2318 3092; x_wconf 90' lang='lat' dir='ltr'><strong>tibi</strong></span> <span class='ocrx_word' id='word_1_536' title='bbox 2351 3037 2402 3092; x_wconf 90' lang='lat' dir='ltr'><strong>in</strong></span> <span class='ocrx_word' id='word_1_537' title='bbox 2431 3044 2590 3091; x_wconf 65' lang='lat' dir='ltr'><strong>aatale</strong></span> <span class='ocrx_word' id='word_1_538' title='bbox 2615 3037 2869 3106; x_wconf 74' lang='lat' dir='ltr'><strong>primmva</strong></span> <span class='ocrx_word' id='word_1_539' title='bbox 2899 3035 3072 3093; x_wconf 88' lang='lat' dir='ltr'><strong>multo</strong></span> <span class='ocrx_word' id='word_1_540' title='bbox 3103 3036 3306 3107; x_wconf 86' lang='lat' dir='ltr'><strong>majora</strong></span> <span class='ocrx_word' id='word_1_541' title='bbox 3336 3051 3497 3104; x_wconf 88' lang='lat' dir='ltr'><strong>quam</strong></span> 
     </span>
    </p>
   </div>
   <div class='ocr_carea' id='block_1_77' title="bbox 1920 3114 3498 3197">
    <p class='ocr_par' dir='ltr' id='par_1_77' title="bbox 1920 3114 3498 3197">
     <span class='ocr_line' id='line_1_77' title="bbox 1920 3114 3498 3197; baseline 0.001 -16"><span class='ocrx_word' id='word_1_542' title='bbox 1920 3127 2027 3183; x_wconf 88' lang='lat' dir='ltr'><strong>illis</strong></span> <span class='ocrx_word' id='word_1_543' title='bbox 2081 3127 2303 3181; x_wconf 89' lang='lat' dir='ltr'><strong>humani</strong></span> <span class='ocrx_word' id='word_1_544' title='bbox 2360 3127 2535 3181; x_wconf 80' lang='lat' dir='ltr'><strong>solatii</strong></span> <span class='ocrx_word' id='word_1_545' title='bbox 2591 3125 2943 3195; x_wconf 82' lang='lat' dir='ltr'><strong>adjumcnta;</strong></span> <span class='ocrx_word' id='word_1_546' title='bbox 3003 3114 3283 3195; x_wconf 70' lang='lat' dir='ltr'><strong>multaque</strong></span> <span class='ocrx_word' id='word_1_547' title='bbox 3341 3126 3498 3197; x_wconf 80' lang='lat' dir='ltr'><strong>plura</strong></span> 
     </span>
    </p>
   </div>
   <div class='ocr_carea' id='block_1_78' title="bbox 1919 3216 3494 3286">
    <p class='ocr_par' dir='ltr' id='par_1_78' title="bbox 1919 3216 3494 3286">
     <span class='ocr_line' id='line_1_78' title="bbox 1919 3216 3494 3286; baseline 0.002 -18"><span class='ocrx_word' id='word_1_548' title='bbox 1919 3233 2079 3286; x_wconf 86' lang='lat' dir='ltr'><strong>quam</strong></span> <span class='ocrx_word' id='word_1_549' title='bbox 2109 3217 2215 3272; x_wconf 89' lang='lat' dir='ltr'><strong>illis</strong></span> <span class='ocrx_word' id='word_1_550' title='bbox 2242 3218 2482 3286; x_wconf 85' lang='lat' dir='ltr'><strong>impensa</strong></span> <span class='ocrx_word' id='word_1_551' title='bbox 2510 3227 2636 3270; x_wconf 88' lang='lat' dir='ltr'><strong>sunt</strong></span> <span class='ocrx_word' id='word_1_552' title='bbox 2660 3232 2687 3269; x_wconf 89' lang='lat' dir='ltr'><strong>a</strong></span> <span class='ocrx_word' id='word_1_553' title='bbox 2717 3233 2801 3271; x_wconf 90' lang='lat' dir='ltr'><strong>me</strong></span> <span class='ocrx_word' id='word_1_554' title='bbox 2828 3217 3115 3277; x_wconf 70' lang='lat' dir='ltr'><strong>exterioris</strong></span> <span class='ocrx_word' id='word_1_555' title='bbox 3143 3216 3376 3272; x_wconf 88' lang='lat' dir='ltr'><strong>hominis</strong></span> <span class='ocrx_word' id='word_1_556' title='bbox 3402 3232 3494 3272; x_wconf 55' lang='lat' dir='ltr'><strong>so.</strong></span> 
     </span>
    </p>
   </div>
   <div class='ocr_carea' id='block_1_79' title="bbox 1920 3306 3500 3379">
    <p class='ocr_par' dir='ltr' id='par_1_79' title="bbox 1920 3306 3500 3379">
     <span class='ocr_line' id='line_1_79' title="bbox 1920 3306 3500 3379; baseline 0.003 -19"><span class='ocrx_word' id='word_1_557' title='bbox 1920 3308 2089 3363; x_wconf 84' lang='lat' dir='ltr'><strong>lalia:</strong></span> <span class='ocrx_word' id='word_1_558' title='bbox 2128 3307 2325 3377; x_wconf 86' lang='lat' dir='ltr'><strong>quibus</strong></span> <span class='ocrx_word' id='word_1_559' title='bbox 2355 3306 2474 3375; x_wconf 88' lang='lat' dir='ltr'><strong>jure</strong></span> <span class='ocrx_word' id='word_1_560' title='bbox 2522 3308 2807 3374; x_wconf 83' lang='lat' dir='ltr'><strong>incitatus,</strong></span> <span class='ocrx_word' id='word_1_561' title='bbox 2854 3307 2958 3362; x_wconf 84' lang='lat' dir='ltr'><strong>ﬁde</strong></span> <span class='ocrx_word' id='word_1_562' title='bbox 3009 3319 3171 3379; x_wconf 87' lang='lat' dir='ltr'><strong>atque</strong></span> <span class='ocrx_word' id='word_1_563' title='bbox 3214 3309 3500 3369; x_wconf 80' lang='lat' dir='ltr'><strong>devotione</strong></span> 
     </span>
    </p>
   </div>
   <div class='ocr_carea' id='block_1_80' title="bbox 1922 3400 3497 3471">
    <p class='ocr_par' dir='ltr' id='par_1_80' title="bbox 1922 3400 3497 3471">
     <span class='ocr_line' id='line_1_80' title="bbox 1922 3400 3497 3471; baseline 0.004 -18"><span class='ocrx_word' id='word_1_564' title='bbox 1922 3413 2113 3471; x_wconf 86' lang='lat' dir='ltr'><strong>magna</strong></span> <span class='ocrx_word' id='word_1_565' title='bbox 2140 3414 2429 3468; x_wconf 84' lang='lat' dir='ltr'><strong>properare</strong></span> <span class='ocrx_word' id='word_1_566' title='bbox 2457 3400 2732 3455; x_wconf 85' lang='lat' dir='ltr'><strong>debuisses</strong></span> <span class='ocrx_word' id='word_1_567' title='bbox 2762 3400 2827 3455; x_wconf 90' lang='lat' dir='ltr'><strong>ad</strong></span> <span class='ocrx_word' id='word_1_568' title='bbox 2850 3401 3194 3460; x_wconf 86' lang='lat' dir='ltr'><strong>obtinendam</strong></span> <span class='ocrx_word' id='word_1_569' title='bbox 3221 3402 3497 3459; x_wconf 83' lang='lat' dir='ltr'><strong>interioris</strong></span> 
     </span>
    </p>
   </div>
   <div class='ocr_carea' id='block_1_81' title="bbox 1922 3474 3502 3561">
    <p class='ocr_par' dir='ltr' id='par_1_81' title="bbox 1922 3474 3502 3561">
     <span class='ocr_line' id='line_1_81' title="bbox 1922 3474 3502 3561; baseline -0.001 -16"><span class='ocrx_word' id='word_1_570' title='bbox 1922 3489 2472 3560; x_wconf 72' lang='lat' dir='ltr'><strong>hominispnritatem</strong></span> <span class='ocrx_word' id='word_1_571' title='bbox 2490 3530 2505 3554; x_wconf 92' lang='lat'><strong>,</strong></span> <span class='ocrx_word' id='word_1_572' title='bbox 2529 3504 2647 3560; x_wconf 70' lang='lat' dir='ltr'><strong>qua:</strong></span> <span class='ocrx_word' id='word_1_573' title='bbox 2674 3505 2778 3544; x_wconf 91' lang='lat' dir='ltr'><strong>non</strong></span> <span class='ocrx_word' id='word_1_574' title='bbox 2804 3490 2903 3545; x_wconf 91' lang='lat' dir='ltr'><strong>nisi</strong></span> <span class='ocrx_word' id='word_1_575' title='bbox 2932 3504 3026 3560; x_wconf 91' lang='lat' dir='ltr'><strong>per</strong></span> <span class='ocrx_word' id='word_1_576' title='bbox 3048 3506 3295 3561; x_wconf 89' lang='lat' dir='ltr'><strong>magnam</strong></span> <span class='ocrx_word' id='word_1_577' title='bbox 3320 3474 3502 3555; x_wconf 80' lang='lat' dir='ltr'><strong>carnis</strong></span> 
     </span>
    </p>
   </div>
   <div class='ocr_carea' id='block_1_82' title="bbox 1924 3583 3503 3657">
    <p class='ocr_par' dir='ltr' id='par_1_82' title="bbox 1924 3583 3503 3657">
     <span class='ocr_line' id='line_1_82' title="bbox 1924 3583 3503 3657; baseline 0.002 -17"><span class='ocrx_word' id='word_1_578' title='bbox 1924 3588 2225 3657; x_wconf 66' lang='lat' dir='ltr'><strong>acquiritur</strong></span> <span class='ocrx_word' id='word_1_579' title='bbox 2252 3583 2620 3640; x_wconf 80' lang='lat' dir='ltr'><strong>aﬂlictionem.</strong></span> <span class='ocrx_word' id='word_1_580' title='bbox 2652 3583 2709 3639; x_wconf 86' lang='lat' dir='ltr'><strong>Si</strong></span> <span class='ocrx_word' id='word_1_581' title='bbox 2738 3584 2881 3638; x_wconf 88' lang='lat' dir='ltr'><strong>enim</strong></span> <span class='ocrx_word' id='word_1_582' title='bbox 2910 3584 2984 3637; x_wconf 90' lang='lat' dir='ltr'><strong>illi</strong></span> <span class='ocrx_word' id='word_1_583' title='bbox 3014 3583 3290 3639; x_wconf 80' lang='lat' dir='ltr'><strong>beneﬁciis</strong></span> <span class='ocrx_word' id='word_1_584' title='bbox 3318 3583 3503 3655; x_wconf 78' lang='lat' dir='ltr'><strong>parvis</strong></span> 
     </span>
    </p>
   </div>
   <div class='ocr_carea' id='block_1_83' title="bbox 1925 3675 3563 3749">
    <p class='ocr_par' dir='ltr' id='par_1_83' title="bbox 1925 3675 3563 3749">
     <span class='ocr_line' id='line_1_83' title="bbox 1925 3675 3563 3749; baseline 0.001 -18"><span class='ocrx_word' id='word_1_585' title='bbox 1925 3680 2090 3749; x_wconf 87' lang='lat' dir='ltr'><strong>adjuti</strong></span> <span class='ocrx_word' id='word_1_586' title='bbox 2127 3677 2199 3731; x_wconf 88' lang='lat' dir='ltr'><strong>ita</strong></span> <span class='ocrx_word' id='word_1_587' title='bbox 2233 3686 2358 3732; x_wconf 91' lang='lat' dir='ltr'><strong>sunt</strong></span> <span class='ocrx_word' id='word_1_588' title='bbox 2389 3675 2741 3741; x_wconf 82' lang='lat' dir='ltr'><strong>inﬂammati,</strong></span> <span class='ocrx_word' id='word_1_589' title='bbox 2777 3685 2837 3729; x_wconf 92' lang='lat' dir='ltr'><strong>ut</strong></span> <span class='ocrx_word' id='word_1_590' title='bbox 2864 3675 3079 3731; x_wconf 88' lang='lat' dir='ltr'><strong>labores</strong></span> <span class='ocrx_word' id='word_1_591' title='bbox 3108 3676 3373 3735; x_wconf 76' lang='lat' dir='ltr'><strong>maximos</strong></span> <span class='ocrx_word' id='word_1_592' title='bbox 3396 3691 3498 3747; x_wconf 84' lang='lat' dir='ltr'><strong>pro</strong></span> <span class='ocrx_word' id='word_1_593' title='bbox 3556 3726 3563 3733; x_wconf 86' lang='lat'><strong>.</strong></span> 
     </span>
    </p>
   </div>
   <div class='ocr_carea' id='block_1_84' title="bbox 1925 3762 3498 3838">
    <p class='ocr_par' dir='ltr' id='par_1_84' title="bbox 1925 3762 3498 3838">
     <span class='ocr_line' id='line_1_84' title="bbox 1925 3762 3498 3838; baseline 0 -15"><span class='ocrx_word' id='word_1_594' title='bbox 1925 3770 2299 3838; x_wconf 83' lang='lat' dir='ltr'><strong>consequenda</strong></span> <span class='ocrx_word' id='word_1_595' title='bbox 2326 3769 2448 3823; x_wconf 70' lang='lat' dir='ltr'><strong>vita:</strong></span> <span class='ocrx_word' id='word_1_596' title='bbox 2470 3767 2732 3837; x_wconf 81' lang='lat' dir='ltr'><strong>spiritalis</strong></span> <span class='ocrx_word' id='word_1_597' title='bbox 2754 3762 3375 3837; x_wconf 77' lang='lat' dir='ltr'><strong>puritate&#39;sustinerent,</strong></span> <span class='ocrx_word' id='word_1_598' title='bbox 3397 3782 3498 3828; x_wconf 90' lang='lat' dir='ltr'><strong>cur</strong></span> 
     </span>
    </p>
   </div>
   <div class='ocr_carea' id='block_1_85' title="bbox 1929 3856 3501 3929">
    <p class='ocr_par' dir='ltr' id='par_1_85' title="bbox 1929 3856 3501 3929">
     <span class='ocr_line' id='line_1_85' title="bbox 1929 3856 3501 3929; baseline -0.001 -14"><span class='ocrx_word' id='word_1_599' title='bbox 1929 3861 2060 3925; x_wconf 89' lang='lat' dir='ltr'><strong>tibi,</strong></span> <span class='ocrx_word' id='word_1_600' title='bbox 2099 3861 2190 3929; x_wconf 91' lang='lat' dir='ltr'><strong>qui</strong></span> <span class='ocrx_word' id='word_1_601' title='bbox 2235 3875 2434 3929; x_wconf 88' lang='lat' dir='ltr'><strong>parvus</strong></span> <span class='ocrx_word' id='word_1_602' title='bbox 2469 3859 2647 3914; x_wconf 84' lang='lat' dir='ltr'><strong>adhuc</strong></span> <span class='ocrx_word' id='word_1_603' title='bbox 2688 3857 2826 3918; x_wconf 85' lang='lat' dir='ltr'><strong>dona</strong></span> <span class='ocrx_word' id='word_1_604' title='bbox 2870 3856 3102 3926; x_wconf 79' lang='lat' dir='ltr'><strong>adeptus</strong></span> <span class='ocrx_word' id='word_1_605' title='bbox 3139 3871 3196 3912; x_wconf 89' lang='lat' dir='ltr'><strong>es</strong></span> <span class='ocrx_word' id='word_1_606' title='bbox 3226 3857 3501 3927; x_wconf 68' lang='lat' dir='ltr'><strong>ingentia,</strong></span> 
     </span>
    </p>
   </div>
   <div class='ocr_carea' id='block_1_86' title="bbox 1929 3948 3507 4020">
    <p class='ocr_par' dir='ltr' id='par_1_86' title="bbox 1929 3948 3507 4020">
     <span class='ocr_line' id='line_1_86' title="bbox 1929 3948 3507 4020; baseline 0 -17"><span class='ocrx_word' id='word_1_607' title='bbox 1929 3950 2141 4005; x_wconf 87' lang='lat' dir='ltr'><strong>videtur</strong></span> <span class='ocrx_word' id='word_1_608' title='bbox 2164 3964 2327 4020; x_wconf 84' lang='lat' dir='ltr'><strong>grave</strong></span> <span class='ocrx_word' id='word_1_609' title='bbox 2355 3948 2762 4010; x_wconf 83' lang='lat' dir='ltr'><strong>tribulationem</strong></span> <span class='ocrx_word' id='word_1_610' title='bbox 2792 3949 2983 4009; x_wconf 82' lang='lat' dir='ltr'><strong>saltem</strong></span> <span class='ocrx_word' id='word_1_611' title='bbox 3010 3948 3248 4017; x_wconf 82' lang='lat' dir='ltr'><strong>aliquam</strong></span> <span class='ocrx_word' id='word_1_612' title='bbox 3272 3964 3376 4019; x_wconf 85' lang='lat' dir='ltr'><strong>pro</strong></span> <span class='ocrx_word' id='word_1_613' title='bbox 3406 3964 3507 4020; x_wconf 73' lang='lat' dir='ltr'><strong>pu-</strong></span> 
     </span>
    </p>
   </div>
   <div class='ocr_carea' id='block_1_87' title="bbox 1931 4034 3505 4109">
    <p class='ocr_par' dir='ltr' id='par_1_87' title="bbox 1931 4034 3505 4109">
     <span class='ocr_line' id='line_1_87' title="bbox 1931 4034 3505 4109; baseline 0.002 -15"><span class='ocrx_word' id='word_1_614' title='bbox 1931 4041 2090 4095; x_wconf 86' lang='lat' dir='ltr'><strong>ritate</strong></span> <span class='ocrx_word' id='word_1_615' title='bbox 2115 4042 2304 4099; x_wconf 84' lang='lat' dir='ltr'><strong>eadem</strong></span> <span class='ocrx_word' id='word_1_616' title='bbox 2333 4040 2613 4097; x_wconf 85' lang='lat' dir='ltr'><strong>tolerare?</strong></span> <span class='ocrx_word' id='word_1_617' title='bbox 2640 4034 2768 4105; x_wconf 87' lang='lat' dir='ltr'><strong>Dic,</strong></span> <span class='ocrx_word' id='word_1_618' title='bbox 2805 4055 2965 4108; x_wconf 77' lang='lat' dir='ltr'><strong>rogo,</strong></span> <span class='ocrx_word' id='word_1_619' title='bbox 2997 4040 3119 4108; x_wconf 88' lang='lat' dir='ltr'><strong>quis</strong></span> <span class='ocrx_word' id='word_1_620' title='bbox 3150 4040 3242 4093; x_wconf 90' lang='lat' dir='ltr'><strong>tibi</strong></span> <span class='ocrx_word' id='word_1_621' title='bbox 3274 4040 3505 4109; x_wconf 74' lang='lat' dir='ltr'><strong>videris,</strong></span> 
     </span>
    </p>
   </div>
   <div class='ocr_carea' id='block_1_88' title="bbox 1932 4114 3512 4204">
    <p class='ocr_par' dir='ltr' id='par_1_88' title="bbox 1932 4114 3512 4204">
     <span class='ocr_line' id='line_1_88' title="bbox 1932 4114 3512 4204; baseline 0.001 -21"><span class='ocrx_word' id='word_1_622' title='bbox 1932 4138 1991 4184; x_wconf 91' lang='lat' dir='ltr'><strong>ut</strong></span> <span class='ocrx_word' id='word_1_623' title='bbox 2017 4145 2117 4185; x_wconf 91' lang='lat' dir='ltr'><strong>nec</strong></span> <span class='ocrx_word' id='word_1_624' title='bbox 2146 4144 2246 4200; x_wconf 88' lang='lat' dir='ltr'><strong>pro</strong></span> <span class='ocrx_word' id='word_1_625' title='bbox 2274 4130 2530 4192; x_wconf 83' lang='lat' dir='ltr'><strong>subsidiis</strong></span> <span class='ocrx_word' id='word_1_626' title='bbox 2556 4130 2957 4204; x_wconf 72' lang='lat' dir='ltr'><strong>prrcsentibus,</strong></span> <span class='ocrx_word' id='word_1_627' title='bbox 2992 4145 3093 4185; x_wconf 86' lang='lat' dir='ltr'><strong>nec</strong></span> <span class='ocrx_word' id='word_1_628' title='bbox 3118 4144 3215 4198; x_wconf 89' lang='lat' dir='ltr'><strong>pro</strong></span> <span class='ocrx_word' id='word_1_629' title='bbox 3236 4114 3422 4185; x_wconf 73' lang='lat' dir='ltr'><strong>futura</strong></span> <span class='ocrx_word' id='word_1_630' title='bbox 3454 4141 3512 4189; x_wconf 75' lang='lat' dir='ltr'><strong>et</strong></span> 
     </span>
    </p>
   </div>
   <div class='ocr_carea' id='block_1_89' title="bbox 1935 4216 3511 4299">
    <p class='ocr_par' dir='ltr' id='par_1_89' title="bbox 1935 4216 3511 4299">
     <span class='ocr_line' id='line_1_89' title="bbox 1935 4216 3511 4299; baseline 0.002 -26"><span class='ocrx_word' id='word_1_631' title='bbox 1935 4219 2157 4288; x_wconf 72' lang='lat' dir='ltr'><strong>perenni</strong></span> <span class='ocrx_word' id='word_1_632' title='bbox 2204 4219 2455 4278; x_wconf 88' lang='lat' dir='ltr'><strong>mercede</strong></span> <span class='ocrx_word' id='word_1_633' title='bbox 2498 4217 2798 4273; x_wconf 87' lang='lat' dir='ltr'><strong>molestiam</strong></span> <span class='ocrx_word' id='word_1_634' title='bbox 2843 4216 3005 4273; x_wconf 88' lang='lat' dir='ltr'><strong>ullam</strong></span> <span class='ocrx_word' id='word_1_635' title='bbox 3049 4217 3289 4299; x_wconf 57' lang='lat' dir='ltr'><strong>perferre</strong></span> <span class='ocrx_word' id='word_1_636' title='bbox 3332 4217 3511 4281; x_wconf 71' lang='lat' dir='ltr'><strong>velis!</strong></span> 
     </span>
    </p>
   </div>
   <div class='ocr_carea' id='block_1_90' title="bbox 234 4284 3509 4382">
    <p class='ocr_par' dir='ltr' id='par_1_90' title="bbox 234 4284 3509 4382">
     <span class='ocr_line' id='line_1_90' title="bbox 234 4284 3509 4382; baseline 0.002 -24"><span class='ocrx_word' id='word_1_637' title='bbox 234 4306 573 4359; x_wconf 88' lang='lat' dir='ltr'><strong>constitutus</strong></span> <span class='ocrx_word' id='word_1_638' title='bbox 613 4305 910 4375; x_wconf 86' lang='lat' dir='ltr'><strong>pertulisti,</strong></span> <span class='ocrx_word' id='word_1_639' title='bbox 951 4312 1008 4360; x_wconf 92' lang='lat' dir='ltr'><strong>et</strong></span> <span class='ocrx_word' id='word_1_640' title='bbox 1043 4321 1188 4361; x_wconf 91' lang='lat' dir='ltr'><strong>nunc</strong></span> <span class='ocrx_word' id='word_1_641' title='bbox 1228 4305 1285 4360; x_wconf 91' lang='lat' dir='ltr'><strong>in</strong></span> <span class='ocrx_word' id='word_1_642' title='bbox 1326 4307 1654 4361; x_wconf 78' lang='lat' dir='ltr'><strong>monasterio</strong></span> <span class='ocrx_word' id='word_1_643' title='bbox 1684 4309 1827 4377; x_wconf 88' lang='lat' dir='ltr'><strong>posi-</strong></span> <span class='ocrx_word' id='word_1_644' title='bbox 1861 4284 1904 4339; x_wconf 75' lang='grc' dir='ltr'>υ</span> <span class='ocrx_word' id='word_1_645' title='bbox 1933 4284 2071 4377; x_wconf 70' lang='lat' dir='ltr'><strong>Quid</strong></span> <span class='ocrx_word' id='word_1_646' title='bbox 2099 4323 2229 4378; x_wconf 87' lang='lat' dir='ltr'><strong>ergo</strong></span> <span class='ocrx_word' id='word_1_647' title='bbox 2265 4307 2432 4372; x_wconf 91' lang='lat' dir='ltr'><strong>olim,</strong></span> <span class='ocrx_word' id='word_1_648' title='bbox 2471 4323 2594 4362; x_wconf 90' lang='lat' dir='ltr'><strong>cum</strong></span> <span class='ocrx_word' id='word_1_649' title='bbox 2634 4307 2686 4361; x_wconf 91' lang='lat' dir='ltr'><strong>in</strong></span> <span class='ocrx_word' id='word_1_650' title='bbox 2725 4305 2907 4365; x_wconf 90' lang='lat' dir='ltr'><strong>schola</strong></span> <span class='ocrx_word' id='word_1_651' title='bbox 2944 4284 3161 4377; x_wconf 26' lang='lat' dir='ltr'><strong>positus,</strong></span> <span class='ocrx_word' id='word_1_652' title='bbox 3183 4322 3369 4375; x_wconf 81' lang='lat' dir='ltr'><strong>esses,</strong></span> <span class='ocrx_word' id='word_1_653' title='bbox 3407 4323 3509 4382; x_wconf 80' lang='lat' dir='ltr'><strong>pro</strong></span> 
     </span>
    </p>
   </div>
   <div class='ocr_carea' id='block_1_91' title="bbox 236 4395 1827 4466">
    <p class='ocr_par' dir='ltr' id='par_1_91' title="bbox 236 4395 1827 4466">
     <span class='ocr_line' id='line_1_91' title="bbox 236 4395 1827 4466; baseline 0.001 -17"><span class='ocrx_word' id='word_1_654' title='bbox 236 4405 332 4449; x_wconf 69' lang='lat' dir='ltr'><strong>tus</strong></span> <span class='ocrx_word' id='word_1_655' title='bbox 368 4395 708 4465; x_wconf 86' lang='lat' dir='ltr'><strong>parvissimis</strong></span> <span class='ocrx_word' id='word_1_656' title='bbox 730 4395 1106 4451; x_wconf 82' lang='lat' dir='ltr'><strong>‘tentationum</strong></span> <span class='ocrx_word' id='word_1_657' title='bbox 1150 4396 1403 4458; x_wconf 84' lang='lat' dir='ltr'><strong>stimulis,</strong></span> <span class='ocrx_word' id='word_1_658' title='bbox 1438 4397 1632 4466; x_wconf 86' lang='lat' dir='ltr'><strong>quibus</strong></span> <span class='ocrx_word' id='word_1_659' title='bbox 1664 4399 1827 4453; x_wconf 89' lang='lat' dir='ltr'><strong>etiam</strong></span> 
     </span>
    </p>
   </div>
   <div class='ocr_carea' id='block_1_92' title="bbox 241 4482 1831 4560">
    <p class='ocr_par' dir='ltr' id='par_1_92' title="bbox 241 4482 1831 4560">
     <span class='ocr_line' id='line_1_92' title="bbox 241 4482 1831 4560; baseline 0.002 -21"><span class='ocrx_word' id='word_1_660' title='bbox 241 4484 585 4542; x_wconf 81' lang='lat' dir='ltr'><strong>Christianus</strong></span> <span class='ocrx_word' id='word_1_661' title='bbox 616 4487 805 4541; x_wconf 81' lang='lat' dir='ltr'><strong>omnis</strong></span> <span class='ocrx_word' id='word_1_662' title='bbox 845 4486 1157 4556; x_wconf 88' lang='lat' dir='ltr'><strong>probandus</strong></span> <span class='ocrx_word' id='word_1_663' title='bbox 1186 4489 1309 4555; x_wconf 86' lang='lat' dir='ltr'><strong>erit,</strong></span> <span class='ocrx_word' id='word_1_664' title='bbox 1342 4488 1622 4560; x_wconf 82' lang='lat' dir='ltr'><strong>fatigaris;</strong></span> <span class='ocrx_word' id='word_1_665' title='bbox 1657 4482 1831 4558; x_wconf 49' lang='lat' dir='ltr'><strong>majo;</strong></span> 
     </span>
    </p>
   </div>
   <div class='ocr_carea' id='block_1_93' title="bbox 246 4576 1831 4654">
    <p class='ocr_par' dir='ltr' id='par_1_93' title="bbox 246 4576 1831 4654">
     <span class='ocr_line' id='line_1_93' title="bbox 246 4576 1831 4654; baseline 0.004 -23"><span class='ocrx_word' id='word_1_666' title='bbox 246 4576 396 4632; x_wconf 83' lang='lat' dir='ltr'><strong>ribus</strong></span> <span class='ocrx_word' id='word_1_667' title='bbox 418 4593 580 4648; x_wconf 82' lang='lat' dir='ltr'><strong>quam</strong></span> <span class='ocrx_word' id='word_1_668' title='bbox 619 4578 706 4632; x_wconf 89' lang='lat' dir='ltr'><strong>alii</strong></span> <span class='ocrx_word' id='word_1_669' title='bbox 742 4580 1181 4649; x_wconf 89' lang='lat' dir='ltr'><strong>persecutionum</strong></span> <span class='ocrx_word' id='word_1_670' title='bbox 1225 4583 1695 4654; x_wconf 78' lang='lat' dir='ltr'><strong>tentationumque</strong></span> <span class='ocrx_word' id='word_1_671' title='bbox 1734 4597 1831 4654; x_wconf 54' lang='lat' dir='ltr'><strong>pec</strong></span> 
     </span>
    </p>
   </div>
   <div class='ocr_carea' id='block_1_94' title="bbox 242 4668 1831 4741">
    <p class='ocr_par' dir='ltr' id='par_1_94' title="bbox 242 4668 1831 4741">
     <span class='ocr_line' id='line_1_94' title="bbox 242 4668 1831 4741; baseline 0.003 -19"><span class='ocrx_word' id='word_1_672' title='bbox 242 4669 431 4724; x_wconf 77' lang='lat' dir='ltr'><strong>riculis</strong></span> <span class='ocrx_word' id='word_1_673' title='bbox 469 4669 725 4725; x_wconf 74' lang='lat' dir='ltr'><strong>albictnm</strong></span> <span class='ocrx_word' id='word_1_674' title='bbox 772 4676 825 4723; x_wconf 91' lang='lat' dir='ltr'><strong>te</strong></span> <span class='ocrx_word' id='word_1_675' title='bbox 869 4668 1181 4741; x_wconf 81' lang='lat' dir='ltr'><strong>frequenter</strong></span> <span class='ocrx_word' id='word_1_676' title='bbox 1211 4673 1527 4738; x_wconf 86' lang='lat' dir='ltr'><strong>arbitraris;</strong></span> <span class='ocrx_word' id='word_1_677' title='bbox 1575 4673 1669 4727; x_wconf 86' lang='lat' dir='ltr'><strong>sed</strong></span> <span class='ocrx_word' id='word_1_678' title='bbox 1721 4673 1831 4727; x_wconf 67' lang='lat' dir='ltr'><strong>hinc</strong></span> 
     </span>
    </p>
   </div>
   <div class='ocr_carea' id='block_1_95' title="bbox 246 4755 1832 4835">
    <p class='ocr_par' dir='ltr' id='par_1_95' title="bbox 246 4755 1832 4835">
     <span class='ocr_line' id='line_1_95' title="bbox 246 4755 1832 4835; baseline 0.003 -24"><span class='ocrx_word' id='word_1_679' title='bbox 246 4755 406 4830; x_wconf 81' lang='lat' dir='ltr'><strong>longe</strong></span> <span class='ocrx_word' id='word_1_680' title='bbox 443 4758 599 4813; x_wconf 87' lang='lat' dir='ltr'><strong>aliter</strong></span> <span class='ocrx_word' id='word_1_681' title='bbox 636 4758 808 4831; x_wconf 84' lang='lat' dir='ltr'><strong>quam</strong></span> <span class='ocrx_word' id='word_1_682' title='bbox 852 4759 947 4812; x_wconf 90' lang='lat' dir='ltr'><strong>tibi</strong></span> <span class='ocrx_word' id='word_1_683' title='bbox 972 4761 1276 4835; x_wconf 49' lang='lat' dir='ltr'><strong>~videantur</strong></span> <span class='ocrx_word' id='word_1_684' title='bbox 1306 4761 1570 4827; x_wconf 82' lang='lat' dir='ltr'><strong>invenies,</strong></span> <span class='ocrx_word' id='word_1_685' title='bbox 1602 4763 1648 4816; x_wconf 94' lang='lat' dir='ltr'><strong>si</strong></span> <span class='ocrx_word' id='word_1_686' title='bbox 1694 4764 1832 4816; x_wconf 86' lang='lat' dir='ltr'><strong>veri-</strong></span> 
     </span>
    </p>
   </div>
   <div class='ocr_carea' id='block_1_96' title="bbox 252 4844 1839 4929">
    <p class='ocr_par' dir='ltr' id='par_1_96' title="bbox 252 4844 1839 4929">
     <span class='ocr_line' id='line_1_96' title="bbox 252 4844 1839 4929; baseline 0.004 -29"><span class='ocrx_word' id='word_1_687' title='bbox 252 4854 415 4903; x_wconf 84' lang='lat' dir='ltr'><strong>tatem</strong></span> <span class='ocrx_word' id='word_1_688' title='bbox 478 4850 813 4905; x_wconf 83' lang='lat' dir='ltr'><strong>consideres.</strong></span> <span class='ocrx_word' id='word_1_689' title='bbox 871 4844 1027 4925; x_wconf 26' lang='lat' dir='ltr'><strong>Namf</strong></span> <span class='ocrx_word' id='word_1_690' title='bbox 1060 4853 1202 4925; x_wconf 86' lang='lat' dir='ltr'><strong>quod</strong></span> <span class='ocrx_word' id='word_1_691' title='bbox 1259 4850 1312 4906; x_wconf 93' lang='lat' dir='ltr'><strong>in</strong></span> <span class='ocrx_word' id='word_1_692' title='bbox 1364 4852 1839 4929; x_wconf 76' lang='lat' dir='ltr'><strong>persecution&#39;abus</strong></span> 
     </span>
    </p>
   </div>
   <div class='ocr_carea' id='block_1_97' title="bbox 249 4937 1837 5015">
    <p class='ocr_par' dir='ltr' id='par_1_97' title="bbox 249 4937 1837 5015">
     <span class='ocr_line' id='line_1_97' title="bbox 249 4937 1837 5015; baseline 0.004 -25"><span class='ocrx_word' id='word_1_693' title='bbox 249 4937 503 4995; x_wconf 67' lang='lat' dir='ltr'><strong>violemia</strong></span> <span class='ocrx_word' id='word_1_694' title='bbox 560 4941 799 4995; x_wconf 87' lang='lat' dir='ltr'><strong>humana</strong></span> <span class='ocrx_word' id='word_1_695' title='bbox 860 4940 1024 4996; x_wconf 81' lang='lat' dir='ltr'><strong>illatis</strong></span> <span class='ocrx_word' id='word_1_696' title='bbox 1073 4941 1147 4996; x_wconf 87' lang='lat' dir='ltr'><strong>nil</strong></span> <span class='ocrx_word' id='word_1_697' title='bbox 1191 4941 1369 4998; x_wconf 89' lang='lat' dir='ltr'><strong>simile</strong></span> <span class='ocrx_word' id='word_1_698' title='bbox 1422 4946 1545 4998; x_wconf 76' lang='lat' dir='ltr'><strong>aliis</strong></span> <span class='ocrx_word' id='word_1_699' title='bbox 1594 4943 1837 5015; x_wconf 84' lang='lat' dir='ltr'><strong>pluribus</strong></span> 
     </span>
    </p>
   </div>
   <div class='ocr_carea' id='block_1_98' title="bbox 252 5019 1832 5105">
    <p class='ocr_par' dir='ltr' id='par_1_98' title="bbox 252 5019 1832 5105">
     <span class='ocr_line' id='line_1_98' title="bbox 252 5019 1832 5105; baseline 0.003 -21"><span class='ocrx_word' id='word_1_700' title='bbox 252 5019 560 5099; x_wconf 76' lang='lat' dir='ltr'><strong>pertuleris,</strong></span> <span class='ocrx_word' id='word_1_701' title='bbox 592 5032 710 5102; x_wconf 90' lang='lat' dir='ltr'><strong>jam</strong></span> <span class='ocrx_word' id='word_1_702' title='bbox 761 5031 898 5088; x_wconf 84' lang='lat' dir='ltr'><strong>satis</strong></span> <span class='ocrx_word' id='word_1_703' title='bbox 944 5028 1370 5090; x_wconf 74' lang='lat' dir='ltr'><strong>deittonstratum</strong></span> <span class='ocrx_word' id='word_1_704' title='bbox 1406 5048 1503 5092; x_wconf 67' lang='lat' dir='ltr'><strong>est</strong></span> <span class='ocrx_word' id='word_1_705' title='bbox 1555 5024 1832 5105; x_wconf 68' lang='lat' dir='ltr'><strong>exemplis.</strong></span> 
     </span>
    </p>
   </div>
   <div class='ocr_carea' id='block_1_99' title="bbox 256 5108 1833 5196">
    <p class='ocr_par' dir='ltr' id='par_1_99' title="bbox 256 5108 1833 5196">
     <span class='ocr_line' id='line_1_99' title="bbox 256 5108 1833 5196; baseline 0.004 -22"><span class='ocrx_word' id='word_1_706' title='bbox 256 5118 454 5178; x_wconf 79' lang='lat' dir='ltr'><strong>Deinde</strong></span> <span class='ocrx_word' id='word_1_707' title='bbox 493 5139 622 5180; x_wconf 79' lang='lat' dir='ltr'><strong>vero</strong></span> <span class='ocrx_word' id='word_1_708' title='bbox 662 5128 886 5195; x_wconf 71' lang='lat' dir='ltr'><strong>aperiet</strong></span> <span class='ocrx_word' id='word_1_709' title='bbox 926 5108 1287 5181; x_wconf 34' lang='lat' dir='ltr'><strong>considerare.</strong></span> <span class='ocrx_word' id='word_1_710' title='bbox 1311 5141 1571 5196; x_wconf 85' lang='lat' dir='ltr'><strong>quantum</strong></span> <span class='ocrx_word' id='word_1_711' title='bbox 1615 5128 1736 5182; x_wconf 80' lang='lat' dir='ltr'><strong>aliis</strong></span> <span class='ocrx_word' id='word_1_712' title='bbox 1781 5128 1833 5180; x_wconf 91' lang='lat' dir='ltr'><strong>in</strong></span> 
     </span>
    </p>
   </div>
   <div class='ocr_carea' id='block_1_100' title="bbox 258 5208 1837 5291">
    <p class='ocr_par' dir='ltr' id='par_1_100' title="bbox 258 5208 1837 5291">
     <span class='ocr_line' id='line_1_100' title="bbox 258 5208 1837 5291; baseline 0.004 -25"><span class='ocrx_word' id='word_1_713' title='bbox 258 5208 536 5291; x_wconf 68' lang='lat' dir='ltr'><strong>afﬂictione</strong></span> <span class='ocrx_word' id='word_1_714' title='bbox 565 5216 756 5271; x_wconf 87' lang='lat' dir='ltr'><strong>carnis</strong></span> <span class='ocrx_word' id='word_1_715' title='bbox 802 5222 858 5270; x_wconf 77' lang='lat' dir='ltr'><strong>et</strong></span> <span class='ocrx_word' id='word_1_716' title='bbox 902 5215 956 5269; x_wconf 91' lang='lat' dir='ltr'><strong>in</strong></span> <span class='ocrx_word' id='word_1_717' title='bbox 990 5218 1140 5271; x_wconf 83' lang='lat' dir='ltr'><strong>omni</strong></span> <span class='ocrx_word' id='word_1_718' title='bbox 1181 5228 1492 5290; x_wconf 79' lang='lat' dir='ltr'><strong>contemptu</strong></span> <span class='ocrx_word' id='word_1_719' title='bbox 1526 5221 1648 5274; x_wconf 74' lang='lat' dir='ltr'><strong>vita:</strong></span> <span class='ocrx_word' id='word_1_720' title='bbox 1679 5212 1837 5288; x_wconf 82' lang='lat' dir='ltr'><strong>hujus</strong></span> 
     </span>
    </p>
   </div>
   <div class='ocr_carea' id='block_1_101' title="bbox 258 5304 1836 5380">
    <p class='ocr_par' dir='ltr' id='par_1_101' title="bbox 258 5304 1836 5380">
     <span class='ocr_line' id='line_1_101' title="bbox 258 5304 1836 5380; baseline 0.007 -28"><span class='ocrx_word' id='word_1_721' title='bbox 258 5311 441 5369; x_wconf 77' lang='lat' dir='ltr'><strong>sponte</strong></span> <span class='ocrx_word' id='word_1_722' title='bbox 478 5304 862 5361; x_wconf 88' lang='lat' dir='ltr'><strong>laborantibus</strong></span> <span class='ocrx_word' id='word_1_723' title='bbox 907 5313 1244 5365; x_wconf 85' lang='lat' dir='ltr'><strong>succumbas.</strong></span> <span class='ocrx_word' id='word_1_724' title='bbox 1284 5310 1516 5378; x_wconf 79' lang='lat' dir='ltr'><strong>Attende</strong></span> <span class='ocrx_word' id='word_1_725' title='bbox 1562 5313 1744 5380; x_wconf 79' lang='lat' dir='ltr'><strong>itaque</strong></span> <span class='ocrx_word' id='word_1_726' title='bbox 1784 5310 1836 5363; x_wconf 87' lang='lat' dir='ltr'><strong>in</strong></span> 
     </span>
    </p>
   </div>
   <div class='ocr_carea' id='block_1_102' title="bbox 260 5388 1839 5450">
    <p class='ocr_par' dir='ltr' id='par_1_102' title="bbox 260 5388 1839 5450">
     <span class='ocr_line' id='line_1_102' title="bbox 260 5388 1839 5450; baseline 0.003 -5"><span class='ocrx_word' id='word_1_727' title='bbox 260 5388 392 5445; x_wconf 68' lang='lat' dir='ltr'><strong>duos</strong></span> <span class='ocrx_word' id='word_1_728' title='bbox 413 5398 748 5450; x_wconf 79' lang='lat' dir='ltr'><strong>venerandos</strong></span> <span class='ocrx_word' id='word_1_729' title='bbox 776 5395 968 5450; x_wconf 86' lang='lat' dir='ltr'><strong>Patres</strong></span> <span class='ocrx_word' id='word_1_730' title='bbox 996 5406 1051 5450; x_wconf 85' lang='lat' dir='ltr'><strong>et</strong></span> <span class='ocrx_word' id='word_1_731' title='bbox 1077 5400 1371 5450; x_wconf 75' lang='lat' dir='ltr'><strong>sniritnalis</strong></span> <span class='ocrx_word' id='word_1_732' title='bbox 1402 5404 1528 5450; x_wconf 71' lang='lat' dir='ltr'><strong>vitm</strong></span> <span class='ocrx_word' id='word_1_733' title='bbox 1558 5390 1839 5450; x_wconf 72' lang='lat' dir='ltr'><strong>doctores.</strong></span> 
     </span>
    </p>
   </div>
   <div class='ocr_carea' id='block_1_103' title="bbox 1935 4397 3512 4473">
    <p class='ocr_par' dir='ltr' id='par_1_103' title="bbox 1935 4397 3512 4473">
     <span class='ocr_line' id='line_1_103' title="bbox 1935 4397 3512 4473; baseline 0.003 -19"><span class='ocrx_word' id='word_1_734' title='bbox 1935 4400 2238 4470; x_wconf 86' lang='lat' dir='ltr'><strong>capacitate</strong></span> <span class='ocrx_word' id='word_1_735' title='bbox 2275 4413 2467 4473; x_wconf 82' lang='lat' dir='ltr'><strong>magna</strong></span> <span class='ocrx_word' id='word_1_736' title='bbox 2503 4397 2742 4453; x_wconf 88' lang='lat' dir='ltr'><strong>discendi</strong></span> <span class='ocrx_word' id='word_1_737' title='bbox 2772 4398 3086 4459; x_wconf 73' lang='lat' dir='ltr'><strong>&#39;laborasti?</strong></span> <span class='ocrx_word' id='word_1_738' title='bbox 3126 4399 3279 4466; x_wconf 87' lang='lat' dir='ltr'><strong>Quod</strong></span> <span class='ocrx_word' id='word_1_739' title='bbox 3317 4401 3512 4460; x_wconf 76' lang='lat' dir='ltr'><strong>deinde</strong></span> 
     </span>
    </p>
   </div>
   <div class='ocr_carea' id='block_1_104' title="bbox 1936 4480 3515 4564">
    <p class='ocr_par' dir='ltr' id='par_1_104' title="bbox 1936 4480 3515 4564">
     <span class='ocr_line' id='line_1_104' title="bbox 1936 4480 3515 4564; baseline 0.001 -20"><span class='ocrx_word' id='word_1_740' title='bbox 1936 4480 1987 4545; x_wconf 91' lang='lat' dir='ltr'><strong>in</strong></span> <span class='ocrx_word' id='word_1_741' title='bbox 2008 4490 2253 4548; x_wconf 64' lang='lat' dir='ltr'><strong>saeculari</strong></span> <span class='ocrx_word' id='word_1_742' title='bbox 2281 4490 2385 4544; x_wconf 83' lang='lat' dir='ltr'><strong>vita</strong></span> <span class='ocrx_word' id='word_1_743' title='bbox 2408 4490 2620 4564; x_wconf 86' lang='lat' dir='ltr'><strong>positus</strong></span> <span class='ocrx_word' id='word_1_744' title='bbox 2639 4490 2875 4546; x_wconf 88' lang='lat' dir='ltr'><strong>habuisti</strong></span> <span class='ocrx_word' id='word_1_745' title='bbox 2900 4491 3162 4552; x_wconf 85' lang='lat' dir='ltr'><strong>studium,</strong></span> <span class='ocrx_word' id='word_1_746' title='bbox 3187 4502 3244 4545; x_wconf 91' lang='lat' dir='ltr'><strong>ut</strong></span> <span class='ocrx_word' id='word_1_747' title='bbox 3264 4489 3381 4562; x_wconf 80' lang='lat' dir='ltr'><strong>ejus</strong></span> <span class='ocrx_word' id='word_1_748' title='bbox 3403 4491 3515 4553; x_wconf 83' lang='lat' dir='ltr'><strong>ina-</strong></span> 
     </span>
    </p>
   </div>
   <div class='ocr_carea' id='block_1_105' title="bbox 1936 4570 3515 4655">
    <p class='ocr_par' dir='ltr' id='par_1_105' title="bbox 1936 4570 3515 4655">
     <span class='ocr_line' id='line_1_105' title="bbox 1936 4570 3515 4655; baseline 0 -20"><span class='ocrx_word' id='word_1_749' title='bbox 1936 4570 2058 4640; x_wconf 84' lang='lat' dir='ltr'><strong>nem</strong></span> <span class='ocrx_word' id='word_1_750' title='bbox 2095 4582 2422 4655; x_wconf 80' lang='lat' dir='ltr'><strong>noxiumque</strong></span> <span class='ocrx_word' id='word_1_751' title='bbox 2448 4582 2711 4637; x_wconf 83' lang='lat' dir='ltr'><strong>evadercs</strong></span> <span class='ocrx_word' id='word_1_752' title='bbox 2741 4580 2970 4635; x_wconf 82' lang='lat' dir='ltr'><strong>luxum?</strong></span> <span class='ocrx_word' id='word_1_753' title='bbox 3008 4581 3145 4648; x_wconf 86' lang='lat' dir='ltr'><strong>Quid</strong></span> <span class='ocrx_word' id='word_1_754' title='bbox 3172 4581 3335 4635; x_wconf 89' lang='lat' dir='ltr'><strong>etiam</strong></span> <span class='ocrx_word' id='word_1_755' title='bbox 3372 4596 3515 4642; x_wconf 78' lang='lat' dir='ltr'><strong>nunc</strong></span> 
     </span>
    </p>
   </div>
   <div class='ocr_carea' id='block_1_106' title="bbox 1938 4662 3517 4741">
    <p class='ocr_par' dir='ltr' id='par_1_106' title="bbox 1938 4662 3517 4741">
     <span class='ocr_line' id='line_1_106' title="bbox 1938 4662 3517 4741; baseline -0.003 -12"><span class='ocrx_word' id='word_1_756' title='bbox 1938 4690 2058 4729; x_wconf 88' lang='lat' dir='ltr'><strong>cum</strong></span> <span class='ocrx_word' id='word_1_757' title='bbox 2089 4674 2155 4730; x_wconf 89' lang='lat' dir='ltr'><strong>ad</strong></span> <span class='ocrx_word' id='word_1_758' title='bbox 2182 4662 2573 4730; x_wconf 88' lang='lat' dir='ltr'><strong>monasterium</strong></span> <span class='ocrx_word' id='word_1_759' title='bbox 2607 4673 2845 4736; x_wconf 86' lang='lat' dir='ltr'><strong>venires,</strong></span> <span class='ocrx_word' id='word_1_760' title='bbox 2871 4671 3188 4739; x_wconf 86' lang='lat' dir='ltr'><strong>jejunando,</strong></span> <span class='ocrx_word' id='word_1_761' title='bbox 3220 4672 3517 4741; x_wconf 82' lang='lat' dir='ltr'><strong>vigilando,</strong></span> 
     </span>
    </p>
   </div>
   <div class='ocr_carea' id='block_1_107' title="bbox 1939 4748 3519 4839">
    <p class='ocr_par' dir='ltr' id='par_1_107' title="bbox 1939 4748 3519 4839">
     <span class='ocr_line' id='line_1_107' title="bbox 1939 4748 3519 4839; baseline -0.001 -19"><span class='ocrx_word' id='word_1_762' title='bbox 1939 4766 2174 4827; x_wconf 86' lang='lat' dir='ltr'><strong>orando,</strong></span> <span class='ocrx_word' id='word_1_763' title='bbox 2213 4780 2306 4819; x_wconf 90' lang='lat' dir='ltr'><strong>seu</strong></span> <span class='ocrx_word' id='word_1_764' title='bbox 2347 4766 2398 4819; x_wconf 90' lang='lat' dir='ltr'><strong>in</strong></span> <span class='ocrx_word' id='word_1_765' title='bbox 2438 4767 2803 4839; x_wconf 84' lang='lat' dir='ltr'><strong>qualicunque</strong></span> <span class='ocrx_word' id='word_1_766' title='bbox 2843 4763 3127 4835; x_wconf 84' lang='lat' dir='ltr'><strong>disciplina</strong></span> <span class='ocrx_word' id='word_1_767' title='bbox 3167 4764 3402 4839; x_wconf 84' lang='lat' dir='ltr'><strong>regulari</strong></span> <span class='ocrx_word' id='word_1_768' title='bbox 3440 4748 3519 4819; x_wconf 52' lang='lat' dir='ltr'><strong>in;</strong></span> 
     </span>
    </p>
   </div>
   <div class='ocr_carea' id='block_1_108' title="bbox 1939 4836 3516 4924">
    <p class='ocr_par' dir='ltr' id='par_1_108' title="bbox 1939 4836 3516 4924">
     <span class='ocr_line' id='line_1_108' title="bbox 1939 4836 3516 4924; baseline 0 -15"><span class='ocrx_word' id='word_1_769' title='bbox 1939 4854 2178 4911; x_wconf 84' lang='lat' dir='ltr'><strong>sistendo</strong></span> <span class='ocrx_word' id='word_1_770' title='bbox 2206 4854 2326 4924; x_wconf 87' lang='lat' dir='ltr'><strong>plus</strong></span> <span class='ocrx_word' id='word_1_771' title='bbox 2358 4836 2478 4909; x_wconf 81' lang='lat' dir='ltr'><strong>aliis</strong></span> <span class='ocrx_word' id='word_1_772' title='bbox 2511 4836 2754 4919; x_wconf 80' lang='lat' dir='ltr'><strong>laboras,</strong></span> <span class='ocrx_word' id='word_1_773' title='bbox 2787 4864 2847 4908; x_wconf 89' lang='lat' dir='ltr'><strong>ut</strong></span> <span class='ocrx_word' id='word_1_774' title='bbox 2876 4864 2931 4907; x_wconf 89' lang='lat' dir='ltr'><strong>et</strong></span> <span class='ocrx_word' id='word_1_775' title='bbox 2960 4869 3060 4923; x_wconf 90' lang='lat' dir='ltr'><strong>pro</strong></span> <span class='ocrx_word' id='word_1_776' title='bbox 3094 4836 3516 4922; x_wconf 28' lang='lat' dir='ltr'><strong>praeteritis&#39;eriv</strong></span> 
     </span>
    </p>
   </div>
   <div class='ocr_carea' id='block_1_109' title="bbox 1949 4940 3522 5021">
    <p class='ocr_par' dir='ltr' id='par_1_109' title="bbox 1949 4940 3522 5021">
     <span class='ocr_line' id='line_1_109' title="bbox 1949 4940 3522 5021; baseline -0.006 -17"><span class='ocrx_word' id='word_1_777' title='bbox 1949 4947 2174 5004; x_wconf 80' lang='lat' dir='ltr'><strong>&#39;ninibus</strong></span> <span class='ocrx_word' id='word_1_778' title='bbox 2206 4950 2564 5017; x_wconf 83' lang='lat' dir='ltr'><strong>consequaris</strong></span> <span class='ocrx_word' id='word_1_779' title='bbox 2604 4942 2849 5021; x_wconf 86' lang='lat' dir='ltr'><strong>veniam,</strong></span> <span class='ocrx_word' id='word_1_780' title='bbox 2888 4953 2944 4998; x_wconf 87' lang='lat' dir='ltr'><strong>et</strong></span> <span class='ocrx_word' id='word_1_781' title='bbox 2982 4946 3050 4999; x_wconf 88' lang='lat' dir='ltr'><strong>de</strong></span> <span class='ocrx_word' id='word_1_782' title='bbox 3088 4940 3284 5003; x_wconf 83' lang='lat' dir='ltr'><strong>futuris</strong></span> <span class='ocrx_word' id='word_1_783' title='bbox 3322 4942 3522 5001; x_wconf 84' lang='lat' dir='ltr'><strong>habeas</strong></span> 
     </span>
    </p>
   </div>
   <div class='ocr_carea' id='block_1_110' title="bbox 1936 5022 3524 5109">
    <p class='ocr_par' dir='ltr' id='par_1_110' title="bbox 1936 5022 3524 5109">
     <span class='ocr_line' id='line_1_110' title="bbox 1936 5022 3524 5109; baseline -0.005 -17"><span class='ocrx_word' id='word_1_784' title='bbox 1936 5022 2243 5093; x_wconf 79' lang='lat' dir='ltr'><strong>cautelam?</strong></span> <span class='ocrx_word' id='word_1_785' title='bbox 2270 5037 2513 5107; x_wconf 85' lang='lat' dir='ltr'><strong>Denique</strong></span> <span class='ocrx_word' id='word_1_786' title='bbox 2544 5026 2636 5109; x_wconf 88' lang='lat' dir='ltr'><strong>qui</strong></span> <span class='ocrx_word' id='word_1_787' title='bbox 2665 5028 2936 5105; x_wconf 66' lang='lat' dir='ltr'><strong>prseteriia</strong></span> <span class='ocrx_word' id='word_1_788' title='bbox 2958 5026 2964 5031; x_wconf 59' lang='grc'><strong>’</strong></span> <span class='ocrx_word' id='word_1_789' title='bbox 2984 5035 3087 5093; x_wconf 87' lang='lat' dir='ltr'><strong>rite</strong></span> <span class='ocrx_word' id='word_1_790' title='bbox 3112 5033 3436 5094; x_wconf 86' lang='lat' dir='ltr'><strong>emendare,</strong></span> <span class='ocrx_word' id='word_1_791' title='bbox 3462 5042 3524 5092; x_wconf 76' lang='lat' dir='ltr'><strong>et</strong></span> 
     </span>
    </p>
   </div>
   <div class='ocr_carea' id='block_1_111' title="bbox 1947 5120 3526 5197">
    <p class='ocr_par' dir='ltr' id='par_1_111' title="bbox 1947 5120 3526 5197">
     <span class='ocr_line' id='line_1_111' title="bbox 1947 5120 3526 5197; baseline -0.003 -15"><span class='ocrx_word' id='word_1_792' title='bbox 1947 5128 2127 5184; x_wconf 80' lang='lat' dir='ltr'><strong>futura</strong></span> <span class='ocrx_word' id='word_1_793' title='bbox 2151 5127 2290 5183; x_wconf 83' lang='lat' dir='ltr'><strong>mala</strong></span> <span class='ocrx_word' id='word_1_794' title='bbox 2314 5127 2460 5197; x_wconf 89' lang='lat' dir='ltr'><strong>cupit</strong></span> <span class='ocrx_word' id='word_1_795' title='bbox 2485 5122 2765 5190; x_wconf 77' lang='lat' dir='ltr'><strong>devitarc,</strong></span> <span class='ocrx_word' id='word_1_796' title='bbox 2787 5120 3011 5183; x_wconf 82' lang='lat' dir='ltr'><strong>necesSe</strong></span> <span class='ocrx_word' id='word_1_797' title='bbox 3035 5133 3120 5180; x_wconf 89' lang='lat' dir='ltr'><strong>est</strong></span> <span class='ocrx_word' id='word_1_798' title='bbox 3144 5131 3204 5178; x_wconf 89' lang='lat' dir='ltr'><strong>ut</strong></span> <span class='ocrx_word' id='word_1_799' title='bbox 3230 5124 3279 5176; x_wconf 89' lang='lat' dir='ltr'><strong>in</strong></span> <span class='ocrx_word' id='word_1_800' title='bbox 3307 5121 3526 5192; x_wconf 76' lang='lat' dir='ltr'><strong>vigiliis,</strong></span> 
     </span>
    </p>
   </div>
   <div class='ocr_carea' id='block_1_112' title="bbox 1940 5205 3529 5297">
    <p class='ocr_par' dir='ltr' id='par_1_112' title="bbox 1940 5205 3529 5297">
     <span class='ocr_line' id='line_1_112' title="bbox 1940 5205 3529 5297; baseline -0.006 -24"><span class='ocrx_word' id='word_1_801' title='bbox 1940 5207 2253 5290; x_wconf 30' lang='lat' dir='ltr'><strong>jejuni‘is&#39;et</strong></span> <span class='ocrx_word' id='word_1_802' title='bbox 2281 5205 2627 5275; x_wconf 83' lang='lat' dir='ltr'><strong>orationibus</strong></span> <span class='ocrx_word' id='word_1_803' title='bbox 2657 5233 2757 5297; x_wconf 83' lang='lat' dir='ltr'><strong>nec</strong></span> <span class='ocrx_word' id='word_1_804' title='bbox 2784 5232 2889 5270; x_wconf 87' lang='lat' dir='ltr'><strong>non</strong></span> <span class='ocrx_word' id='word_1_805' title='bbox 2919 5216 2972 5270; x_wconf 90' lang='lat' dir='ltr'><strong>in</strong></span> <span class='ocrx_word' id='word_1_806' title='bbox 3002 5214 3123 5269; x_wconf 87' lang='lat' dir='ltr'><strong>aliis</strong></span> <span class='ocrx_word' id='word_1_807' title='bbox 3156 5212 3311 5270; x_wconf 83' lang='lat' dir='ltr'><strong>bonis</strong></span> <span class='ocrx_word' id='word_1_808' title='bbox 3346 5212 3529 5284; x_wconf 54' lang='lat' dir='ltr'><strong>operi.</strong></span> 
     </span>
    </p>
   </div>
   <div class='ocr_carea' id='block_1_113' title="bbox 1949 5296 3530 5371">
    <p class='ocr_par' dir='ltr' id='par_1_113' title="bbox 1949 5296 3530 5371">
     <span class='ocr_line' id='line_1_113' title="bbox 1949 5296 3530 5371; baseline -0.008 -6"><span class='ocrx_word' id='word_1_809' title='bbox 1949 5312 2051 5367; x_wconf 86' lang='lat' dir='ltr'><strong>bus</strong></span> <span class='ocrx_word' id='word_1_810' title='bbox 2081 5326 2300 5367; x_wconf 81' lang='lat' dir='ltr'><strong>carnem</strong></span> <span class='ocrx_word' id='word_1_811' title='bbox 2338 5298 2557 5371; x_wconf 80' lang='lat' dir='ltr'><strong>Studeat</strong></span> <span class='ocrx_word' id='word_1_812' title='bbox 2591 5296 2865 5366; x_wconf 80' lang='lat' dir='ltr'><strong>edomare.</strong></span> <span class='ocrx_word' id='word_1_813' title='bbox 2903 5306 3009 5362; x_wconf 88' lang='lat' dir='ltr'><strong>Sed</strong></span> <span class='ocrx_word' id='word_1_814' title='bbox 3048 5315 3228 5357; x_wconf 88' lang='lat' dir='ltr'><strong>tamen</strong></span> <span class='ocrx_word' id='word_1_815' title='bbox 3267 5310 3530 5370; x_wconf 84' lang='lat' dir='ltr'><strong>quantum</strong></span> 
     </span>
    </p>
   </div>
   <div class='ocr_carea' id='block_1_114' title="bbox 1948 5388 3529 5450">
    <p class='ocr_par' dir='ltr' id='par_1_114' title="bbox 1948 5388 3529 5450">
     <span class='ocr_line' id='line_1_114' title="bbox 1948 5388 3529 5450; baseline -0.003 0"><span class='ocrx_word' id='word_1_816' title='bbox 1948 5401 2327 5450; x_wconf 77' lang='lat' dir='ltr'><strong>conversionis</strong></span> <span class='ocrx_word' id='word_1_817' title='bbox 2356 5401 2571 5450; x_wconf 66' lang='lat' dir='ltr'><strong>novitas</strong></span> <span class='ocrx_word' id='word_1_818' title='bbox 2601 5412 2656 5450; x_wconf 74' lang='lat' dir='ltr'><strong>et</strong></span> <span class='ocrx_word' id='word_1_819' title='bbox 2687 5398 2886 5450; x_wconf 81' lang='lat' dir='ltr'><strong>laboris</strong></span> <span class='ocrx_word' id='word_1_820' title='bbox 2918 5396 2993 5450; x_wconf 83' lang='lat' dir='ltr'><strong>lui</strong></span> <span class='ocrx_word' id='word_1_821' title='bbox 3019 5388 3289 5450; x_wconf 67' lang='lat' dir='ltr'><strong>permittit</strong></span> <span class='ocrx_word' id='word_1_822' title='bbox 3316 5392 3529 5450; x_wconf 69' lang='lat' dir='ltr'><strong>exigui—</strong></span> 
     </span>
    </p>
   </div>
  </div>
