3998 5450
497 344 557 401 Π
1479 328 1779 391 OTIILONI
1822 329 2077 387 MONACI

2179 326 2232 382 s.
2271 320 2686 379 EMMERAMMI
3695 322 3767 380 ιε

488 449 844 524 assequendis
887 464 993 504 non
1037 425 1264 518 denego.
1307 443 1466 501 Unde
1494 454 1548 500 et
1576 457 1679 515 ego
1729 441 1919 497 eadem
1961 440 2073 510 pie—
2105 444 2149 499 Α
2181 431 2357 490 ritatis
2386 428 2690 485 constantia
2727 427 2871 483 sicut
2901 425 3088 500 procul
3118 441 3177 483 es
3204 426 3449 492 efl'ectus,
3490 431 3563 485 ita
3598 408 3765 484 etiam

490 547 616 602 tatis
643 530 778 600 meae
828 539 1125 603 beneficia,
1172 552 1292 608 qua:
1340 537 1607 591 hactenus
1655 533 1866 588 tibimet
1917 530 2073 586 exhi-

490 636 609 703 bui,
656 633 851 691 amodo
900 647 1009 701 non
1045 628 1284 684 auferam
1326 643 1355 681 a
1401 635 1490 695 te;
1529 635 1583 679 tu
1614 633 1821 680 tantum
1851 620 2074 677 viriliter

491 744 617 800 age,
657 735 704 781 et
754 723 1075 794 confortatur
1111 735 1202 774 cor
1236 726 1385 772 tuum
1409 757 1425 783 ,
1465 726 1512 771 et
1551 714 1751 771 sustine
1789 711 2071 767 Dominum

489 815 673 890 (Psal.
705 830 831 870 xxvt
847 853 864 881 ,
895 810 1014 882 M).

561 908 749 966 Adhuc
774 914 943 963 restat
969 903 1190 961 afflictio
1214 911 1269 959 et
1298 898 1523 958 tentatio
1547 914 1652 955 una
1669 940 1684 967 ,
1710 897 1761 954 id
1785 905 1869 955 est
1892 893 2073 969 passio

486 995 946 1069 concupiscentim
983 991 1221 1050 carnalis
1261 990 1547 1054 diuturna,
1591 987 1644 1042 in
1686 1002 1793 1058 qua
1831 986 1960 1056 quia
2018 984 2075 1039 te

488 1087 800 1160 specialiter
833 1093 1086 1143 vexatum
1116 1097 1236 1138 esse
1267 1079 1479 1145 credis,
1510 1078 1738 1149 ideoque
1770 1076 1822 1130 in
1854 1076 1954 1131 hac
1981 1089 2072 1129 as-

490 1181 751 1239 sumenda
781 1188 907 1236 sunt
935 1178 1239 1248 aliquorum
1271 1170 1494 1228 Patrum
1524 1170 1769 1241 exempla
1800 1178 1862 1224 ut
1889 1168 1943 1223 in
1970 1170 2074 1222 cce-

489 1276 640 1332 teris.
671 1273 777 1328 Sed
804 1273 907 1328 hoc
960 1270 1011 1325 in
1048 1268 1237 1342 primis
1265 1268 1599 1340 pensandum
1628 1273 1715 1319 est
1751 1260 1875 1332 quia
1907 1260 1952 1315 is
1980 1258 2071 1330 qui

491 1380 763 1436 nunquam
787 1405 801 1431 ,
826 1373 880 1418 et
906 1360 995 1434 qui
1023 1360 1218 1432 smpius
1247 1358 1427 1414 carnis
1454 1353 1857 1427 corruptionem
1882 1368 2075 1424 exper-

488 1469 575 1515 tus
598 1466 711 1523 est,
736 1454 882 1513 nulla
904 1462 1131 1525 possunt
1154 1451 1537 1506 colluctatione
1558 1448 1849 1519 comquari.
1875 1445 2071 1512 Quam-

486 1532 571 1605 vis
591 1547 733 1604 enitn
757 1554 985 1616 uterque
1008 1544 1416 1615 impugnatione
1438 1540 1591 1614 gravi
1615 1536 1907 1610 allligatur,
1923 1537 1977 1591 is
2001 1544 2074 1590 ta-

491 1624 615 1695 men
644 1638 734 1709 qui
762 1635 1072 1707 hujusmodi
1101 1634 1218 1689 viro
1244 1632 1538 1705 fragilitate
1564 1631 1799 1687 humana
1831 1627 2073 1683 devictus

488 1746 632 1811 stupe
680 1730 998 1795 succubuit,
1048 1734 1199 1781 tanto
1239 1724 1481 1798 longiora
1509 1731 1563 1780 et
1588 1719 1837 1794 graviora
1868 1719 2073 1792 passio-

2176 535 2362 581 eorum
2403 521 2643 577 laborem
2670 526 2723 575 et
2757 519 3219 592 impugnationem
3263 535 3539 592 nunquam
3582 521 3768 579 fueras

2175 620 2448 685 expertus.

2245 706 2418 776 Quam
2463 703 2533 761 ob
2575 718 2690 760 rem
2738 702 2861 775 quia
2906 701 3276 776 perfectorum
3324 702 3465 761 etin
3514 705 3769 761 castitate

2173 798 2638 872 perseverantium
2680 797 2991 853 omnimodo
3035 796 3313 870 discrepas
3354 797 3565 855 meritis
3601 809 3770 872 atque

2174 891 2380 956 labore,
2407 889 2688 945 videamus
2721 888 2768 944 si
2793 896 2887 943 aut
2913 902 3125 957 eorum,
3155 888 3384 960 quorum
3419 884 3770 961 impudicitia:

2173 993 2229 1041 et
2258 981 2644 1055 irreligiositati
2694 980 3227 1065 minus.discrepare
3271 981 3493 1046 videris,
3542 981 3767 1049 tributa.

2176 1076 2310 1134 tioni
2342 1085 2398 1133 et
2423 1073 2839 1148 impugnationi,
2870 1090 3031 1146 quant
3066 1090 3165 1147 pro
3201 1073 3521 1145 ptenitentia
3556 1068 3763 1145 agenda

2178 1165 2544 1238 pertulerunt,
2577 1162 2917 1234 aliquatenus
2946 1163 3284 1220 assimileris.
3318 1162 3543 1235 Legitur
3567 1164 3767 1235 quippe

2174 1258 2228 1313 in
2257 1256 2564 1328 supradicta
2615 1255 2735 1311 Vita
2776 1254 2997 1309 Patrum
3051 1256 3175 1325 quia
3230 1253 3391 1310 fuerit
3438 1256 3653 1326 quidzm
3680 1255 3768 1310 vir

2174 1349 2337 1405 vitam
2373 1348 2739 1421 turpissimam
2761 1363 2924 1417 super
2946 1363 3135 1405 omnes
3162 1348 3366 1403 vicinos
3389 1362 3515 1403 suos
3536 1347 3766 1417 ducens,

2176 1442 2250 1497 ita
2298 1450 2357 1495 ut
2397 1440 2805 1512 opinatissimus
2836 1440 2889 1493 in
2924 1440 3140 1509 flagitiis
3189 1440 3497 1495 haberetur.
3532 1438 3631 1493 llic
3667 1440 3766 1492 ali-

2172 1531 2389 1603 quando
2413 1531 2505 1586 Dci
2538 1530 2885 1587 miseratione
2912 1541 3266 1602 compunctus
3288 1530 3354 1586 ad
3385 1518 3765 1602 paenitentiam

2175 1625 2535 1689 convertitur,
2563 1632 2617 1678 et
2651 1621 2791 1677 intra
2830 1622 3139 1693 sepulcrum
3164 1622 3436 1694 quoddam
3464 1640 3524 1689 se
3544 1623 3766 1679 conclu-

2175 1718 2345 1784 dens,
2390 1717 2635 1787 priorum
2691 1716 2957 1772 scelerum
3017 1717 3345 1789 pollutioncs
3400 1717 3763 1789 lacrymarutn

487 1792 618 1880 num
648 1792 1003 1879 cardinalium
1032 1792 1681 1880 certamina-sustinebit,
1725 1823 1930 1884 quanto
1961 1811 2069 1867 fre-
2103 1821 2148 1881 Β
2178 1806 2417 1864 fontibus
2440 1806 2698 1862 diluehat.
2728 1805 2975 1875 Cumque
3006 1807 3055 1861 in
3086 1808 3170 1863 his
3200 1809 3380 1879 posito
3422 1792 3763 1863 hcbdomada

487 1904 743 1988 quentius
764 1915 967 1983 eisdem
992 1910 1338 1985 passionibus
1365 1908 1711 1965 consentiens
1738 1914 1913 1961 semet
1941 1902 2069 1960 sub-

484 2006 638 2077 jecit.
669 2005 784 2061 llae
821 2004 985 2074 igitur
1014 2018 1073 2059 re
1098 2000 1434 2058 considerata
1453 2039 1467 2065 ,
1496 1997 1706 2067 aliquos
1730 1994 1840 2067 jam
1870 1992 2073 2048 utrius-

491 2111 597 2169 que
628 2093 907 2165 qualitatis
929 2091 1180 2148 homines
1211 2106 1277 2146 ex
1315 2088 1601 2159 Scriptura
1630 2101 1784 2141 saera
1816 2083 2073 2154 probatos

493 2186 560 2239 ad
609 2181 914 2253 exemplum
939 2196 1178 2246 assume,
1214 2191 1274 2234 ut
1305 2185 1586 2250 perspecta
1626 2174 1853 2230 aliorum
1898 2181 2081 2229 tenta-‘

493 2276 641 2331 tione
671 2283 833 2342 atque
865 2272 1049 2328 labore
1079 2270 1292 2326 facilius
1330 2264 1752 2339 impugnationis
1779 2273 1835 2320 et
1871 2262 2075 2318 laboris

493 2365 568 2420 tui
607 2362 967 2435 quantitatem
1007 2375 1291 2431 agnoscas.
1330 2358 1398 2413 Et
1449 2356 1683 2428 primum
1731 2352 1949 2431 quidem
1998 2350 2073 2406 illi

487 2455 579 2526 qui
604 2468 706 2526 pro
732 2452 1003 2510 castitatis
1030 2451 1237 2506 intima:
1264 2446 1689 2520 perseverantia,
1729 2444 1922 2501 deinde
1944 2457 2076 2498 vero

486 2547 540 2603 hi
565 2547 656 2618 qui
678 2560 777 2617 pro
799 2543 1166 2615 corruptionis
1188 2540 1590 2610 luxuriosaeque
1610 2536 1734 2592 vita:
1756 2533 2074 2606 poenitentia

488 2638 700 2712 agenda
738 2644 1125 2702 certaverunt,
1160 2638 1556 2706 proponantur.
1599 2628 1755 2684 Sicut
1791 2640 1922 2697 ergo
1948 2623 2075 2678 Dia-

490 2729 737 2800 logorunt
776 2726 914 2781 liber
944 2733 1162 2789 narrat,
1195 2731 1418 2777 sanctus
1458 2719 1708 2790 Equitius
1736 2732 1858 2771 cum
1900 2716 1951 2770 in
1982 2713 2076 2786 ju—

492 2819 733 2875 ventutis
756 2831 869 2872 sum
898 2825 1143 2886 tempore
1164 2813 1333 2868 nimio
1354 2809 1653 2867 carnalium
1681 2806 2073 2863 desideriorum

494 2907 794 2964 certamine
823 2904 1014 2960 fuisset
1044 2902 1320 2974 fatigatus,
1344 2899 1474 2970 ipsis
1502 2913 1612 2955 suae
1640 2896 1953 2952 tentationis
1979 2910 2079 2949 an-

490 2996 684 3068 gnstiis
697 2995 764 3049 ad
786 2992 1053 3050 orationis
1076 2992 1311 3047 studium
1334 2988 1683 3045 solertiorest
1704 2986 2079 3041 factus.Cum-

489 3084 598 3157 quc
625 3087 730 3141 hac
758 3084 812 3139 in
844 3098 902 3139 re
931 3084 1000 3139 ab
1027 3081 1398 3152 omnipotente
1430 3080 1540 3135 Deo
1568 3078 1867 3134 remedium
1896 3076 2073 3133 conti-

2176 1897 2482 1963 transisset,
2513 1904 2671 1951 nocte
2698 1895 2924 1950 veniunt
2952 1896 3017 1951 ad
3042 1911 3163 1952 eum
3193 1898 3463 1951 tl-emones
3487 1896 3539 1951 in
3582 1894 3765 1966 sepul-

2173 2003 2267 2044 cro
2305 1988 2603 2043 clamantes
2648 1987 3005 2043 etdiccutes:
3043 2007 3061 2039 ι
3089 1987 3227 2056 Quid
3264 1998 3349 2044 est
3392 1988 3533 2059 quod
3568 1988 3706 2060 agis,
3730 1974 3765 2044 ὁ

2175 2080 2538 2152 impurissime
2563 2089 2617 2135 et
2645 2078 3098 2151 flagitiosissime?
3118 2078 3407 2151 Postquam
3434 2079 3580 2134 omni
3605 2094 3763 2150 spur-

2172 2171 2302 2227 citia
2347 2172 2574 2227 satiatus
2608 2186 2685 2236 es,
2727 2186 2869 2227 nunc
2909 2186 2939 2225 a
2971 2170 3126 2227 nobis
3169 2183 3352 2227 castus
3380 2179 3435 2226 ct
3481 2156 3768 2242 religiosus

2175 2259 2412 2333 effugere
2434 2259 2621 2332 cupis?
2658 2258 2823 2325 Nolis,
2872 2259 3030 2326 velis,
3073 2261 3268 2316 amodo
3309 2273 3450 2315 unus
3491 2274 3557 2315 ex
3609 2246 3769 2314 nobis

2175 2351 2304 2409 eris.
2341 2370 2358 2403 ι
2396 2351 2522 2407 Ihec
2558 2360 2613 2406 ct
2658 2350 2968 2421 hujusmodi
3007 2351 3158 2422 plura
3190 2351 3645 2424 exprobrantibus
3686 2350 3769 2413 eis

2177 2442 2264 2499 ille
2303 2441 2520 2510 iacebat
2566 2440 2886 2508 inuuobilis,
2936 2457 3004 2498 ne
3053 2442 3298 2498 auditum
3345 2443 3561 2512 quidem
3606 2457 3764 2501 suum

2177 2542 2506 2589 convertens
2534 2534 2600 2589 ad
2626 2547 2740 2598 eos,
2770 2547 2872 2589 nec
2898 2532 3006 2588 ullo
3029 2534 3243 2603 penitus
3267 2549 3516 2605 sermone
3545 2520 3769 2604 respon-

2176 2622 2330 2679 dens.
2363 2622 2604 2694 Cumque
2626 2622 2702 2679 illi
2733 2622 2928 2693 saepius
2949 2621 3139 2678 eadem
3171 2631 3512 2695 repeterent,
3545 2626 3646 2679 nec
3674 2624 3767 2681 ille

2175 2715 2398 2770 omnino
2420 2725 2755 2782 moveretur,
2778 2723 2905 2770 tunc
2934 2713 2986 2769 in
3016 2712 3254 2771 furorem
3280 2715 3533 2771 commoti
3567 2716 3767 2773 daemo-

2178 2822 2296 2875 nes,
2321 2806 2635 2864 verberibus
2663 2823 2788 2864 eum
2810 2805 3119 2863 afﬂixerunt
3144 2807 3438 2878 multisque
3459 2792 3765 2863 cruciatum

2177 2898 2460 2971 suppliciis
2520 2900 2841 2957 semivivum
2900 2900 3253 2971 reliquerunt.
3306 2901 3400 2957 Ille
3463 2908 3645 2955 tamen
3688 2909 3773 2957 tot

2178 2989 2511 3046 cruciatibus
2534 3005 2635 3045 nec
2666 2990 2872 3047 moveri
2902 2994 3078 3062 potuit
3104 3008 3136 3047 a
3168 2992 3290 3049 loco
3342 2993 3398 3048 in
3426 3007 3535 3063 quo
3562 2992 3768 3048 oratio-

2178 3080 2265 3136 nis
2299 3094 2462 3137 causa
2504 3078 2774 3150 iacuerat.
2821 3079 3081 3153 Sequenti
3123 3084 3253 3140 verb
3299 3091 3457 3141 nocte
3492 3084 3778 3159 dagmones,

490 3182 613 3237 unis
649 3178 900 3252 precibus
919 3183 1380 3250 qumreretmoctc
1401 3172 1634 3244 quadam
1663 3171 1950 3227 assistente
1980 3186 2079 3224 an-
2109 3177 2152 3239 ο
2185 3172 2379 3227 iterum
2422 3173 2703 3228 venientes
2745 3175 3086 3244 gravioribus
3120 3192 3243 3235 eum
3287 3176 3599 3233 verberibus
3631 3193 3772 3232 cru-t-

489 3270 629 3338 gelo,
648 3265 1000 3324 eunuchizari
1021 3280 1080 3321 se
1102 3264 1255 3320 vidit.
1282 3263 1421 3319 Ecce
1434 3271 1697 3334 quantum
1728 3269 1949 3316 sanctus
1975 3258 2075 3315 iste

490 3359 780 3425 laboravit,
831 3357 923 3428 qui
970 3364 1174 3426 quanto
1220 3354 1393 3426 magis
1442 3352 1884 3425 impugnabatur,
1926 3360 2076 3406 tanto

491 3448 785 3503 studiosius
813 3446 990 3503 oravit
1016 3461 1082 3500 ne
1114 3445 1515 3500 vinceretur.ln
1546 3442 1923 3499 collationibus
1945 3457 2077 3514 quo-

489 3553 595 3610 que
619 3536 840 3592 Patrum
886 3537 951 3591 de
999 3534 1232 3605 quodam
1278 3534 1473 3590 abbate
1520 3533 1741 3598 eximio,
1784 3531 1874 3603 qui
1901 3532 2079 3587 dictus

490 3641 574 3687 est
602 3628 860 3696 Serenus,
885 3627 1084 3699 legitur
1124 3627 1272 3698 quia,
1297 3618 1420 3682 cum
1459 3640 1560 3698 pro
1594 3624 1806 3679 interna
1830 3622 2078 3694 corporis

490 3728 545 3774 et
566 3720 760 3775 anima:
782 3719 1033 3774 castitate
1059 3718 1339 3773 nocturnis
1360 3716 1675 3785 diurnisque
1696 3712 1945 3784 precibus
1964 3754 1976 3775 ,
1995 3715 2079 3780 je-

487 3810 677 3881 juniis,
706 3810 869 3864 etiam
897 3824 960 3863 ac
995 3808 1191 3879 vigiliis
1230 3805 1638 3875 infatigabiliter
1661 3803 1956 3866 insisteret,
1986 3802 2081 3855 ad-

493 3901 716 3955 Veniens
746 3899 813 3954 ad
842 3914 963 3953 eum
993 3899 1047 3953 in
1075 3898 1280 3952 visione
1308 3903 1570 3951 nocturna
1610 3890 1833 3964 angelus
1867 3890 2077 3946 Domini

493 3990 717 4062 ejusque
747 3989 895 4046 velut
934 3991 1185 4061 aperiens
1231 3998 1474 4053 uterum,
1525 3985 1812 4057 quamdam
1853 3984 2078 4056 ignitatn

493 4082 680 4137 carnis
722 4089 986 4136 strumam
1035 4082 1101 4137 de
1141 4080 1257 4151 ejus
1301 4077 1600 4135 visceribus
1647 4075 1883 4132 avellens
1920 4085 2081 4146 atque

494 4173 809 4245 projiciens,
854 4172 1077 4244 suisque
1124 4171 1328 4237 omnia,
1374 4177 1434 4225 ut
1477 4169 1713 4234 fuerant,
1756 4167 1890 4224 locis
1944 4168 2082 4224 inte-

494 4265 638 4321 stina
684 4264 1027 4320 restituens:
1070 4281 1090 4316 ι
1135 4262 1298 4329 EcCe,
1331 4262 1531 4334 inquit,
1582 4260 1853 4316 incentiva
1900 4261 2082 4317 carnis

497 4366 603 4411 tuae
629 4356 892 4423 abscissa,
922 4363 977 4412 et
1006 4355 1307 4412 obtinuisse
1352 4363 1405 4410 te
1446 4352 1663 4409 noveris
1696 4352 1955 4407 hodierna
1996 4351 2083 4407 die

495 4457 808 4518 perpetuam
848 4448 1094 4517 corporis
1122 4447 1412 4519 puritatem
1445 4436 1607 4517 quatit
1650 4444 1882 4500 fideliter
1918 4458 2083 4513 popo-

2177 3262 2432 3330 ciabant;
2462 3263 2557 3319 sed
2585 3279 2685 3319 nec
2714 3272 2842 3319 tunc
2878 3264 3095 3335 quidem
3126 3267 3327 3321 moveri
3366 3265 3536 3321 valuit
3564 3281 3595 3321 a
3623 3265 3767 3333 loco,

2179 3353 2372 3410 melius
2402 3369 2522 3411 esse
2548 3354 2732 3411 dicens
2752 3364 2984 3411 mortem
2998 3350 3193 3413 'subire
3220 3372 3382 3428 quam
3405 3356 3548 3429 ultro
3569 3356 3771 3423 dieme-

2179 3446 2337 3502 nibus
2363 3446 2607 3502 obedire.
2650 3444 3011 3504 Nihilominus
3062 3446 3219 3503 tertia
3263 3460 3424 3505 nocte
3481 3447 3771 3507 multitudo

2179 3534 2481 3591 dzemouum
2525 3537 2811 3603 convenit,
2852 3545 2905 3592 et
2938 3537 3142 3606 absque
3182 3535 3289 3590 ulla
3331 3537 3685 3593 miseratione
3709 3537 3769 3593 in

2180 3641 2305 3682 eum
2348 3628 2641 3692 irruentes,
2673 3628 2929 3682 omnibus
2968 3627 3147 3697 pmnis
3195 3627 3633 3697 cruciatibusque
3655 3625 3773 3682 alli-

2178 3715 2351 3770 ciunt.
2384 3713 2629 3785 Cumque
2665 3718 2779 3785 jam
2821 3730 3022 3786 corpus
3054 3716 3345 3774 defecisset
3377 3716 3431 3769 in
3463 3716 3775 3787 suppliciis,

2178 3817 2456 3864 extremus
2486 3816 2664 3862 tamen
2707 3807 2933 3875 spiritus
2973 3807 3273 3862 obsistebat
3306 3807 3537 3878 imperio
3566 3807 3774 3865 (fremo-

2180 3915 2328 3956 num.
2359 3896 2512 3966 Quod
2541 3898 2629 3953 ubi
2658 3897 2940 3963 viderunt,
2971 3898 3338 3954 exclamantes
3357 3913 3490 3954 voce
3517 3914 3729 3971 magna.
3750 3919 3773 3961 ι

2180 3986 2394 4055 Vicisti,
2420 3988 2692 4059 inquiunt,
2714 3988 2920 4043 vicisti!
2948 3987 3086 4055 Quid
3105 4003 3234 4058 ergo
3257 3987 3350 4044 tibi
3377 3988 3433 4044 in
3461 3987 3772 4059 hujusntodj

2182 4080 2584 4151 impugnatione
2613 4078 2865 4134 videtur?
2902 4076 3156 4148 Nunquid
3185 4077 3313 4148 quia
3346 4085 3401 4132 te
3434 4092 3598 4149 supra
3629 4078 3775 4143 mul-

2184 4181 2268 4229 tos
2292 4170 2519 4227 occultis
2547 4179 2605 4226 et
2644 4167 2946 4225 manifestis
2979 4168 3418 4225 tribulationibus
3446 4184 3772 4241 oppressum

2181 4276 2301 4319 esse
2328 4263 2523 4333 saepius
2544 4260 2878 4326 aestimabas,
2911 4260 3017 4315 tale
3055 4259 3258 4330 aliquid
3300 4252 3539 4330 unquam
3572 4274 3773 4331 passus

2182 4355 2335 4412 eras?
2362 4352 2615 4421 Quinimo
2637 4354 2796 4427 longe
2844 4352 3147 4409 minoribus
3165 4350 3485 4422 subjacebas
3514 4353 3769 4409 tentatio-

2186 4448 2363 4503 nibus.

494 4537 670 4595 scisti.
701 4556 720 4590 »
758 4534 895 4593 Ecce
924 4537 1074 4593 vides
1117 4502 1350 4608 quantos
1382 4502 1691 4608 sit-passus
1756 4543 1811 4590 et
1855 4534 1957 4588 iste
1990 4502 2083 4587 Ila-
2112 4534 2158 4593 D
2256 4536 2362 4593 Sed
2386 4536 2513 4593 licet
2541 4533 2790 4605 exemplo
2819 4534 2953 4591 satis
2992 4535 3096 4590 hoc
3117 4533 3193 4590 sis
3214 4533 3389 4589 victus
3415 4534 3482 4589 ab
3511 4550 3638 4600 uno,
3670 4502 3774 4604 pro

496 4630 676 4686 bores.
705 4628 1048 4704 Quapropter
1088 4635 1149 4683 ut
1184 4644 1344 4683 nemo
1379 4626 1784 4683 excusationem
1818 4632 1913 4677 aut
1949 4620 2085 4679 ditii-

499 4721 737 4779 dentiam
778 4721 978 4777 habeat
1032 4735 1096 4777 ea
1139 4737 1260 4793 quae
1304 4720 1536 4776 fideliter
1574 4718 1749 4790 poscit
1795 4718 2084 4790 impetrare

498 4827 607 4869 non
642 4828 835 4885 posse,
872 4811 1015 4884 quod
1044 4820 1272 4882 uterque
1307 4818 1623 4866 constanter
1672 4807 1828 4879 petiit
1868 4806 2084 4878 assequi

499 4904 717 4958 meruit.

574 4991 643 5047 Et
678 5000 739 5047 ut
766 4989 1071 5062 huiusmodi
1113 4990 1363 5063 exempla
1407 5004 1514 5045 non
1554 4988 1726 5045 solum
1767 4988 1821 5043 in
1850 4987 2085 5055 fortiori,

503 5081 599 5138 sed
637 5080 802 5137 etiam
832 5080 887 5136 in
915 5094 1049 5137 sexu
1076 5081 1276 5137 habeas
1299 5079 1608 5143 infirmiori,
1645 5078 1698 5133 in
1722 5076 1844 5132 Vita
1866 5076 2087 5132 Patrum

504 5181 763 5220 narratur
816 5172 1072 5220 quoniam
1136 5170 1409 5220 abbatissa
1445 5170 1692 5220 mundam
1739 5176 1957 5220 sancta.
1997 5183 2091 5222 no-

2182 4644 2249 4685 eo
2280 4638 2459 4684 tamen
2492 4627 2636 4698 quod
2668 4627 2721 4681 in
2749 4626 2978 4682 occultis
3011 4635 3068 4682 et
3095 4625 3430 4696 spiritalibus
3460 4624 3773 4680 tentationi-

2183 4718 2286 4773 bus
2314 4716 2548 4772 maxime
2576 4706 2629 4771 te
2654 4723 2907 4770 vexatum
2936 4715 3220 4770 arbitraris
3243 4755 3258 4781 ,
3284 4714 3429 4769 aliud
3453 4715 3505 4768 in
3532 4728 3639 4786 quo
3659 4714 3770 4783 spi—

2185 4804 2360 4860 ritalis
2386 4813 2596 4859 tantum
2628 4804 2960 4876 impugnatio
2990 4802 3328 4869 declaratur,
3364 4801 3608 4874 proferre
3641 4802 3772 4858 libet

2183 4896 2508 4966 exemplum.
2557 4896 2779 4967 Legitur
2821 4910 3054 4966 namque
3097 4895 3165 4950 de
3214 4894 3380 4950 Maria
3427 4893 3770 4966 Egyptian,

2185 4986 2440 5057 quoniam
2471 4986 2616 5043 inter
2644 4994 2840 5041 czetera
2877 5000 2999 5054 quae
3035 4985 3258 5040 Zozimo
3300 4982 3483 5043 abbati
3534 4984 3602 5040 de
3647 4984 3771 5056 vita;

2187 5079 2668 5149 conversionisque
2726 5093 2838 5134 sua:
2890 5078 3153 5149 qualitate
3212 5077 3522 5144 referebat,
3589 5078 3769 5134 dixit:

2193 5191 2212 5222 ι
2255 5171 2429 5222 Crede
2464 5173 2618 5222 mihi.
2648 5171 2807 5222 abba-
2853 5171 3244 5222 septemdecim
3274 5170 3433 5222 annis
3460 5169 3592 5222 feris
3615 5178 3666 5222 et
3699 5170 3747 5222 ir
