3998 5450
190 323 258 384 £9
892 327 1017 382 LIB.
1061 328 1149 383 DE
1188 324 1736 382 TENTATIONIBUS
1774 322 1926 378 SUIS
1968 324 2053 378 ΕΤ
2095 324 2514 384 SClllPTIS.—
2545 329 2723 386 PARS
2761 331 2800 386 1.

3406 336 3472 390 50

198 444 492 510 cogitatio,
536 441 952 512 prosteruebam
981 459 1065 498 me
1097 446 1150 497 in
1197 454 1420 509 terram,
1465 452 1520 498 et
1545 440 1799 514 lacrymis
1824 438 1876 499 Δ
1905 454 2112 509 narrat,
2137 461 2258 498 cum
2284 454 2409 500 ante
2441 458 2750 517 perceptam
2780 447 2927 518 regni
2958 448 3272 519 dignitatem
3299 449 3490 505 nurui:

195 549 313 592 eam
341 532 656 589 infundens
686 533 882 604 ipsam,
907 533 1041 588 mihi
1073 534 1345 589 veraciter
1371 534 1588 590 adstare
1616 547 1800 603 spera-

202 626 322 683 bam
351 640 482 695 qua:
511 641 603 679 me
634 623 741 680 lidc
770 625 1038 694 iusserat,
1066 625 1118 678 id
1148 633 1234 680 est
1271 624 1668 680 sanctissimam
1705 623 1800 678 Dei

207 713 539 772 Genitricem
571 733 585 769 :
614 723 671 770 et
693 713 772 772 sic
802 730 897 785 per
933 714 1318 785 septemdecim
1347 731 1519 772 annos
1547 716 1802 788 periculis

209 805 409 870 multis,
441 816 504 860 ut
529 805 666 872 dixi,
694 805 962 860 luctabar.
999 824 1017 858 ι
1056 805 1193 860 Ecce
1219 805 1368 862 vides
1400 817 1662 877 quantum
1697 823 1800 862 non

211 899 379 953 solum
411 898 613 963 virilis,
651 898 748 953 sed
779 898 940 952 etiam
981 897 1246 953 femineus
1285 914 1448 955 sexus
1478 899 1804 955 laboraverit

207 1001 257 1044 et
287 1003 385 1059 pro
407 987 746 1058 integritatis
770 986 1093 1053 constantia,
1110 997 1163 1042 et
1187 1003 1285 1058 pro
1306 989 1670 1059 corruptionis
1689 1004 1802 1059 pte-

210 1077 456 1133 nitentia.
493 1077 755 1148 Nunquid
782 1093 909 1150 ergo
932 1078 1315 1148 septemdecim
1339 1080 1495 1135 annis
1511 1078 1622 1149 jam
1658 1080 1803 1135 labo-

209 1170 333 1224 rasti
365 1185 620 1241 pugnans
651 1179 841 1225 contra
881 1168 1237 1241 cogitationes
1271 1170 1662 1226 desideriorum
1685 1187 1803 1226 car-

209 1259 457 1314 nalium?
495 1259 639 1327 Quid
687 1269 868 1314 autem
910 1267 988 1315 tot
1026 1276 1198 1316 annos
1240 1261 1386 1326 dico,
1428 1261 1519 1330 qui
1561 1277 1659 1316 nec
1699 1276 1804 1316 uno

205 1365 397 1422 passus
425 1368 487 1407 es
514 1360 661 1405 tanta
685 1366 832 1405 anno
853 1351 1104 1423 integro?
1135 1352 1379 1406 Nondum
1413 1352 1575 1422 igitur
1604 1351 1803 1406 laboris

206 1447 347 1500 viam
372 1445 615 1516 empisti,
639 1454 696 1499 et
727 1451 903 1500 tamen
930 1445 1077 1500 velut
1098 1461 1162 1500 ex
1191 1443 1372 1500 labore
1401 1445 1568 1499 nimio
1586 1442 1694 1512 jam
1719 1444 1798 1497 fa.

210 1538 409 1608 tigatus
438 1538 712 1594 defecisti.
748 1537 854 1592 Sed
879 1547 933 1592 et
961 1539 1002 1592 si
1028 1553 1164 1609 quas
1192 1537 1506 1593 tentatiouis
1534 1547 1586 1592 ct
1611 1537 1802 1592 adver-

209 1627 385 1684 sitatis
426 1629 707 1683 molestias
757 1627 1046 1698 perlerres,
1087 1628 1328 1698 nunquid
1372 1637 1658 1698 propterea
1710 1643 1803 1697 pa-

211 1721 416 1776 tientia:
441 1729 498 1776 et
535 1721 653 1793 spei
685 1721 880 1777 solatia
907 1721 1177 1792 deponere
1204 1722 1408 1777 debes?
1440 1721 1630 1776 Nonne
1656 1731 1710 1776 et
1735 1736 1800 1775 ex

1901 535 1970 590 lis
1997 535 2238 608 mihique
2263 547 2404 592 esset
2433 548 2709 608 acceptus,
2730 548 2918 610 postea
2942 555 3072 596 vero
3091 557 3156 596 ex
3178 542 3365 598 eadem
3396 545 3475 598 di-

1901 629 2109 699 gnitate
2160 628 2479 698 superbiens
2522 645 2553 684 a
2594 644 2679 685 me
2714 639 2797 686 est
2835 631 3105 701 repulsus.
3147 631 3266 703 Ipse
3310 632 3501 689 etiam'

1905 720 2072 775 David
2097 760 2110 784 ,
2150 720 2274 776 licet
2313 735 2498 791 regum
2539 720 2770 776 eximius
2795 730 2850 776 et
2877 723 3062 792 pietati
3089 737 3224 778 mea:
3249 723 3477 794 placilur

1901 822 2080 879 esset,
2109 813 2260 884 prius
2293 822 2468 868 tamen
2502 827 2662 884 quam
2691 811 2758 867 ad
2788 812 2941 879 regni
2979 813 3287 869 elevaretur
3322 815 3478 870 fasti-

1903 906 1986 977 gia
2017 906 2206 976 majori
2238 921 2296 962 se
2323 903 2651 960 constrinxit
2681 903 2955 975 religionis
2984 919 3134 958 cura.
3162 903 3295 958 Nam
3321 913 3477 958 antea

1903 999 2042 1053 bona
2067 1012 2165 1067 pro
2189 995 2364 1060 malis,
2389 1006 2575 1065 postea
2598 1008 2728 1048 vero
2751 994 2890 1047 mala
2917 993 3147 1048 reddidit
3170 1008 3268 1064 pro
3289 992 3475 1048 bonis:

1905 1085 2130 1156 ideoque
2160 1083 2466 1154 iniquitatis
2496 1098 2608 1137 sua:
2635 1097 2739 1136 non
2769 1082 3070 1141 immemor.
3103 1081 3154 1136 in
3184 1082 3480 1137 centesimo

1904 1177 2078 1247 primo
2109 1175 2318 1247 psalmo
2349 1173 2721 1246 gemebundus
2747 1173 2812 1226 ad
2846 1187 2931 1227 me
2962 1171 3035 1225 ait
3063 1186 3076 1224 :
3111 1169 3249 1237 Quia
3276 1170 3480 1226 elevans

1903 1265 2115 1321 allisisti
2139 1281 2218 1318 me
2239 1282 2256 1331 ;
2282 1279 2345 1318 ac
2367 1264 2411 1318 si
2437 1273 2622 1334 aperte
2647 1262 2857 1317 diceret
2888 1280 2899 1315 :
2933 1260 3146 1328 Quanto
3169 1259 3482 1317 sublimiore

1905 1372 1988 1411 me
2022 1354 2283 1426 dignitate
2320 1353 2543 1408 elevasti
2565 1393 2578 1416 ,
2614 1361 2765 1409 tanto
2797 1350 3091 1420 majoribus
3129 1351 3364 1422 peccatis
3396 1367 3484 1406 me

1905 1444 2168 1515 implicari
2200 1443 2516 1514 permisisti.
2552 1441 2821 1496 Prmterca
2849 1450 3064 1512 quantte
3095 1441 3260 1495 ruina:
3288 1440 3361 1508 is,
3393 1441 3481 1508 qui

1904 1554 2013 1609 pra:
2059 1537 2268 1592 cmtcris
2311 1536 2572 1600 elevatur,
2612 1544 2823 1605 pateat,
2862 1534 2998 1587 liber
3035 1532 3484 1602 Paralipomenon

1905 1628 2130 1683 iudicat.
2185 1627 2258 1681 De
2309 1625 2436 1680 .Ioas
2478 1640 2712 1695 namque
2754 1639 2880 1695 rege
2917 1623 3054 1679 Juda
3105 1622 3309 1690 refert,
3359 1622 3484 1692 quia

1907 1733 2030 1792 post
2059 1729 2290 1775 mortem
2316 1719 2518 1775 loiada‘
2544 1718 2842 1774 sacerdotis
2860 1761 2874 1783 ,
2903 1719 2994 1790 qui
3021 1732 3145 1773 eum
3169 1718 3236 1774 ad
3261 1733 3486 1788 regnum

207 1828 368 1883 supra
397 1815 846 1869 commemoratis
869 1822 1182 1869 sanctorum
1207 1813 1424 1870 Patrum
1447 1814 1732 1885 exemplis,
1752 1823 1806 1868 et
1837 1787 1880 1848 Β
1911 1815 2186 1887 provexit,
2235 1814 2290 1869 in
2342 1822 2548 1868 tantam
2597 1811 2888 1867 elationem
2938 1811 3148 1866 venerit
3194 1823 3274 1876 ut,
3296 1810 3494 1866 relicta

207 1919 270 1958 es
312 1903 440 1960 aliis
467 1903 771 1974 Scriptura:
797 1920 965 1959 sacrae
997 1904 1288 1961 sententiis
1313 1919 1609 1976 agnoscere
1631 1914 1802 1975 potes,

207 1993 337 2050 utile
361 2010 488 2050 esse
509 2010 574 2050 ac
595 1997 964 2051 necessarium
981 1995 1222 2066 perferre
1246 1997 1808 2054 tentationeslpetrus

207 2104 447 2159 namque
473 2088 757 2158 apostolus
798 2089 929 2143 dicit
965 2109 975 2143 :
1011 2088 1343 2155 Cltarissimi,
1386 2090 1544 2146 nolite
1581 2091 1809 2161 peregri-

208 2182 326 2236 nari
371 2183 431 2235 in
473 2181 704 2251 fervore,
749 2183 840 2254 qui
882 2182 950 2235 ad
982 2183 1316 2238 tentationem
1349 2183 1488 2238 vobis
1529 2185 1617 2249 sit,
1655 2185 1808 2254 quasi

211 2271 408 2340 aliquid
434 2274 553 2327 novi
579 2271 718 2327 vobis
745 2273 1040 2344 contingat;
1062 2273 1154 2327 sed
1180 2274 1623 2330 communicantes
1654 2273 1808 2329 Chri-

211 2361 276 2416 sti
292 2361 633 2434 passionibus
668 2363 910 2432 gaudete.
937 2362 1174 2422 Jacobus
1214 2365 1377 2420 etiam
1405 2365 1684 2435 apostolus
1709 2367 1806 2422 do-

213 2463 296 2508 cet
321 2452 513 2508 diceus
542 2470 556 2505 :
589 2452 759 2507 Omne
789 2454 1041 2525 gaudium
1082 2457 1398 2522 existimate,
1446 2457 1636 2527 fratres
1684 2458 1806 2522 mei,

213 2559 329 2597 cum
371 2542 430 2595 in
473 2543 791 2597 tentationes
819 2545 1001 2600 varias
1041 2546 1353 2611 incideritis,
1405 2548 1622 2604 scientes
1670 2549 1808 2621 quod

213 2633 452 2702 probatio
494 2633 625 2702 [idei
667 2644 848 2690 vestra:
893 2637 1202 2706 patientiam
1249 2648 1517 2709 operatur,
1554 2640 1809 2710 patientia

214 2737 388 2782 autem
423 2743 555 2798 Opas
584 2728 873 2798 perfectum
905 2731 1082 2800 habet,
1110 2741 1166 2787 ut
1189 2734 1306 2788 sitis
1339 2735 1557 2805 perfecti
1593 2747 1641 2791 et
1678 2736 1812 2791 inte—

213 2817 313 2885 gri,
353 2815 408 2868 in
445 2815 594 2870 nullo
619 2816 937 2886 deﬁcientes.
974 2819 1106 2877 ltem
1135 2824 1412 2893 apostolus
1453 2824 1595 2880 idem
1623 2826 1755 2882 dicit
1790 2841 1807 2882 :

215 2906 408 2964 Beatus
432 2909 515 2963 eir
535 2909 629 2980 qui
655 2910 838 2980 suffert
865 2913 1518 2986 tentutiouem,quoniam,
1547 2933 1666 2972 cum
1686 2935 1808 2988 pro-

226 2996 371 3052 batus
399 2998 588 3067 fuerit,
620 3000 840 3070 accipiet
872 3018 1120 3057 coronant
1153 3005 1289 3070 vitta,
1318 3023 1476 3078 quam
1512 3009 1811 3077 repromisit

218 3086 354 3144 Deus
375 3088 715 3160 diligentibus
757 3107 832 3144 se.
874 3091 1015 3148 Hinc
1055 3102 1113 3148 et
1152 3093 1353 3151 Paulus
1386 3097 1662 3167 apostolus
1685 3100 1760 3154 ait
1790 3117 1805 3154 :

217 3175 524 3235 Gloriamur
553 3182 609 3236 iu
633 3181 1094 3250 tribulationibus,
1125 3187 1345 3243 scientes
1372 3190 1512 3260 quod
1533 3191 1806 3245 tribulatio

214 3270 522 3337 patientiam
578 3279 863 3340 operatur,
908 3274 1163 3343 patientia
1208 3287 1381 3330 autem
1427 3278 1807 3347 probationem,

211 3360 454 3430 probatio
478 3378 601 3416 vero
629 3379 795 3432 spem,
821 3380 935 3433 spes
959 3375 1131 3420 autem
1164 3384 1265 3422 non
1295 3369 1588 3434 confundit.
1616 3369 1813 3440 llujus—

219 3452 355 3506 modi
383 3466 521 3523 ergo
549 3452 873 3507 documenta
900 3454 1028 3509 etin
1053 3453 1204 3510 Novo
1229 3465 1284 3510 et
1330 3458 1382 3511 in
1416 3459 1595 3514 Veteri
1621 3459 1814 3514 Testa-

221 3553 400 3599 mento
429 3543 787 3599 inveniuntur
811 3544 978 3600 multa
1005 3561 1019 3599 :
1050 3547 1244 3616 quibus
1269 3548 1311 3604 si
1331 3549 1530 3619 jugiter
1550 3551 1810 3618 intendis,

219 3649 319 3689 non
344 3633 531 3690 solum
560 3634 892 3691 tentationes
923 3637 1192 3707 quaslibet
1222 3639 1570 3696 advenientes
1604 3641 1812 3698 facilius

218 3725 481 3793 devincis,
525 3727 623 3782 sed
670 3738 726 3782 et
771 3729 996 3800 majoris
1020 3729 1393 3802 intelligentia:
1441 3735 1578 3791 dona
1621 3751 1812 3792 conse-

215 3821 415 3888 queris.
463 3817 557 3873 Vir
583 3820 747 3884 enim,
778 3829 838 3875 ut
857 3822 1118 3892 scriptum
1146 3833 1248 3888 est,
1281 3826 1333 3879 in
1366 3826 1543 3881 multis
1572 3839 1813 3898 expertus

219 3912 457 3980 agitabit
487 3911 691 3990 multa;
716 3921 766 3965 et
788 3913 878 3982 qui
913 3913 1080 3969 multa
1105 3916 1308 3980 didicit,
1343 3919 1576 3972 narrabit
1609 3919 1811 3974 intelle-

217 4007 373 4053 ctam.
403 3999 572 4070 Cujus
607 4001 859 4056 videlicet
891 4003 968 4057 rei
999 4004 1258 4060 indicium
1287 4005 1341 4060 in
1372 4007 1654 4076 temetipso
1686 4025 1814 4078 pro-

221 4091 347 4147 bare
369 4094 541 4156 vales,
568 4094 725 4163 quia,
767 4096 871 4151 nisi
899 4098 1052 4153 varia
1085 4100 1440 4156 tentationum
1473 4103 1723 4158 molestia
1761 4113 1814 4161 et

218 4196 342 4236 cura
366 4183 711 4239 exercitatus
740 4199 912 4251 esses,
943 4203 1288 4258 nequaquam
1327 4199 1474 4246 tanta
1505 4189 1806 4264 Scriptura-

218 4284 334 4326 rum
373 4273 708 4328 documenta
749 4283 844 4329 aut
879 4277 1183 4333 testimonia
1231 4288 1465 4337 tractare
1490 4283 1811 4342 studuisses.

211 4361 372 4420 Plura
412 4365 620 4436 quippe
663 4365 816 4437 prius
865 4367 1140 4440 incognita
1177 4369 1294 4441 jam
1345 4371 1677 4446 indagationi
1709 4387 1812 4434 tua:

209 4465 341 4512 ωιιι
362 4466 609 4513 reserata
622 4501 631 4508 .

292 4547 421 4604 Illud
453 4565 674 4620 quoque
703 4565 1051 4624 summopere
1080 4555 1375 4612 notandum
1407 4557 1502 4614 tibi
1539 4568 1623 4617 est
1651 4561 1810 4632 quia,

213 4638 267 4693 si
296 4639 494 4710 absque
523 4642 832 4698 tentatione
852 4651 906 4698 et
929 4645 1275 4702 tribulatione
1297 4646 1474 4717 aliqua
1500 4649 1701 4707 diutius
1730 4667 1816 4706 rc-

213 4743 491 4796 maneres,
531 4733 756 4803 gravius
800 4734 1271 4806 perieulosiusque
1315 4736 1384 4791 de
1424 4737 1811 4795 beneficiorum

212 4834 469 4877 morum
506 4823 760 4896 largitate
796 4827 1158 4896 superbiendo
1197 4829 1445 4896 caderes,
1490 4847 1653 4901 quam
1687 4849 1812 4890 cum

212 4912 865 4972 seeleribusomnimodis
881 4919 1150 4988 quondam
1172 4919 1390 4976 deditus
1407 4936 1573 4978 esses.
1601 4925 1816 4991 Quanto

213 5003 372 5059 enim
404 5005 886 5063 excellentioribus
919 5009 1149 5081 quisque
1188 5011 1410 5067 dotatur
1448 5013 1634 5080 donis,
1667 5025 1814 5074 tanto

216 5096 401 5164 magis
427 5098 669 5167 pulsatur
697 5099 832 5154 vitio
867 5099 1132 5158 elationis.
1170 5102 1326 5158 Unde
1351 5110 1406 5158 et
1441 5104 1528 5160 ille
1555 5116 1816 5176 prtestan-

214 5187 467 5244 tissimus
491 5191 811 5260 angelorum
837 5204 940 5245 non
968 5193 1244 5250 sustinens
1271 5192 1548 5264 dignitatis
1579 5211 1690 5252 suae
1718 5199 1813 5254 do-

216 5293 362 5316 nllln
443 5295 506 5316 An
556 5281 781 5316 arani-nc
833 5283 1184 5316 cllnonliinndn
1245 5283 1439 5316 nnniJis
1490 5301 1597 5316 ηηη
1652 5288 1788 5316 θυι-ιτ

1907 1908 2054 1963 cultu
2087 1907 2202 1972 Dei,
2234 1922 2264 1960 a
2295 1906 2408 1961 suis
2441 1921 2498 1960 se
2529 1902 2837 1974 permiserit
2868 1899 3226 1957 adorari.Pro
3254 1915 3362 1970 quo
3391 1917 3483 1953 su-

1907 2003 2105 2071 perbia:
2139 1999 2342 2073 ﬂagitio
2376 1999 2517 2068 quod
2555 1997 2664 2069 regi
2701 1997 2874 2051 eidem
2924 1994 3165 2050 evenerit
3203 1993 3484 2064 Scriptura

1907 2091 2212 2162 subjungit,
2273 2089 2495 2144 dicens:
2554 2085 2784 2156 Cumque
2837 2083 3040 2139 volutus
3099 2093 3230 2138 esset
3280 2099 3486 2148 annus,

1907 2183 2138 2237 ascendit
2179 2189 2364 2236 contra
2402 2195 2519 2233 eum
2562 2194 2652 2232 rex
2692 2175 2892 2246 Syriae,
2934 2175 3171 2245 venitque
3203 2175 3257 2228 in
3289 2171 3488 2226 ludant

1907 2285 1953 2330 et
1982 2272 2364 2336 Jerusalem,et
2404 2270 2663 2338 interfecit
2694 2277 2909 2322 cunctos
2935 2266 3193 2337 principes
3225 2265 3488 2335 populi,et

1908 2367 2202 2424 universam
2231 2363 2463 2434 praedam
2493 2363 2740 2415 miserunt
2769 2360 2876 2428 regi
2901 2357 3239 2412 Damascunt.
3263 2353 3330 2410 In
3352 2353 3484 2408 Joas

1907 2472 2111 2528 quoque
2149 2453 2498 2526 ignominiosa
2525 2457 2865 2505 exercuerunt
2888 2446 3097 2517 judicia
3118 2485 3132 2510 ,
3162 2453 3208 2498 et
3240 2443 3484 2497 abeuntes

1908 2546 2216 2603 dimiserunt
2263 2559 2382 2598 eum
2416 2543 2469 2595 in
2506 2539 2845 2610 languoribus
2906 2535 3129 2606 magnis.
3171 2533 3250 2588 Ex
3287 2532 3482 2602 quibus

1909 2637 2160 2696 omnibus
2191 2635 2381 2693 sentiri
2437 2632 2612 2697 valet,
2645 2631 2770 2701 quia
2811 2643 2970 2684 nemo
3005 2636 3096 2681 aut
3132 2625 3351 2680 virtutis
3395 2632 3490 2676 aut

1909 2722 2188 2802 dignitatis
2213 2725 2440 2796 alicujus
2465 2722 2785 2780 excellentia
2815 2720 3166 2783 sublimatus,
3197 2715 3490 2771 mortifera:

1910 2820 2176 2893 superbiae
2215 2817 2428 2874 ruinam
2458 2817 2662 2886 absque
2691 2827 2885 2884 niagua
2917 2810 3244 2866 contritione
3275 2807 3488 2862 evadet.

1912 2915 2020 2971 Sed
2057 2923 2111 2971 et
2148 2915 2344 2970 beatus
2379 2909 2579 2965 Paulus
2610 2909 2712 2963 hoc
2741 2913 3052 2970 attestatur,
3083 2903 3172 2973 qui
3205 2898 3494 2972 patefactis

1910 3005 2237 3077 quibusdam
2275 3001 2572 3057 virtutibus
2610 2997 2712 3053 sibi
2748 2994 3024 3050 concessis
3062 2991 3372 3062 subjungit,
3411 2989 3492 3043 di-

1911 3112 2083 3152 cens:
2135 3091 2204 3147 Et
2255 3109 2318 3146 ne
2362 3088 2666 3160 magnitudo
2716 3085 3086 3140 revelationum
3130 3080 3344 3136 extollat
3374 3095 3491 3142 me,

1911 3185 2067 3238 datus
2106 3191 2179 3236 est
2215 3179 2345 3234 mihi
2375 3177 2619 3232 stimulus
2650 3176 2822 3228 carnis
2855 3189 2982 3226 mea:
3010 3170 3225 3241 angelus
3273 3166 3489 3222 Satame

1912 3285 1966 3328 ut
2007 3289 2086 3326 me
2121 3271 2428 3337 colaphizet.
2469 3267 2525 3323 Si
2563 3265 2706 3320 enim
2749 3273 2931 3318 tantus
2979 3261 3063 3316 vir
3110 3258 3344 3315 stimulis
3374 3257 3493 3310 ideo

1912 3363 2262 3435 premebatur
2300 3357 2652 3421 carnalibus,
2692 3370 2759 3409 ne
2794 3368 2892 3424 pro
2939 3351 3217 3407 concessis
3264 3347 3487 3403 cxtolle-

1914 3464 2064 3509 retur
2098 3450 2418 3511 virtutibus,
2459 3456 2683 3519 putasne
2725 3443 2821 3498 tibi
2868 3458 3005 3512 opus
3039 3450 3125 3496 est
3169 3440 3348 3509 aliqua
3398 3439 3494 3491 ad-

1914 3542 2171 3599 versitale
2209 3537 2469 3608 fatigari,
2513 3549 2578 3588 ne
2619 3534 2682 3588 de
2717 3530 2987 3602 perceptis
3022 3528 3304 3584 beneficiis
3353 3541 3491 3595 pra:-

1914 3650 2097 3692 sumas
2127 3630 2390 3704 gloriari?

1989 3729 2159 3798 Quam
2199 3725 2268 3780 ob
2307 3738 2420 3777 rem
2456 3718 2757 3792 perpende,
2790 3728 3006 3786 qumso,
3039 3707 3354 3765 tentationis
3393 3715 3494 3761 tute

1916 3835 2136 3879 causam
2173 3828 2227 3874 et
2263 3815 2542 3878 ordinem,
2572 3809 2854 3866 exordium
2885 3814 2941 3861 et
2980 3805 3140 3858 linem
3171 3842 3186 3868 ,
3237 3809 3297 3856 ut
3331 3815 3494 3870 agno-

1915 3928 2069 3970 scere
2097 3910 2296 3982 possis,
2329 3907 2412 3962 cui
2447 3913 2719 3976 postremo
2752 3897 3010 3954 arnariori
3043 3910 3203 3966 quam
3241 3891 3490 3964 primitus

1915 4016 1968 4060 et
2000 4004 2088 4057 illa
2112 4045 2126 4070 ,
2159 4016 2322 4072 quam
2353 4008 2407 4053 tu
2440 3995 2712 4052 insolitam
2744 3990 2948 4046 vocasti
2981 3987 3367 4050 teutationcm,
3398 3998 3491 4038 ve-

1920 4109 2077 4154 xatus
2112 4095 2297 4152 fueris.
2341 4093 2396 4146 ln
2429 4089 2620 4162 primis
2651 4099 2882 4154 namque
2921 4083 3041 4138 ideo
3079 4078 3371 4134 levioribus
3405 4091 3495 4130 so-

1918 4191 2134 4260 litisque
2160 4186 2459 4258 permissus
2485 4197 2544 4237 es
2573 4178 2786 4249 fatigari
2823 4172 3231 4235 tentationibus,
3255 4179 3315 4224 u'.
3340 4168 3494 4237 quasi

1918 4299 2018 4356 per
2047 4281 2244 4353 gradus
2274 4277 2534 4347 quosdam
2566 4274 2631 4328 ad
2663 4273 2857 4327 altiora
2885 4267 3144 4339 paulatim
3172 4263 3495 4356 ascendcres

1917 4354 1972 4428 et.
2016 4373 2256 4429 disceres
2300 4368 2552 4440 congredi
2601 4362 2922 4436 quandoque
2958 4373 3081 4413 cum
3132 4354 3491 4428 gravioribus.

1844 4486 1891 4546 υ
1921 4465 2027 4520 Sed
2074 4477 2196 4519 cum
2237 4461 2291 4516 in
2330 4469 2441 4514 tam
2487 4457 2589 4512 levi
2637 4465 2692 4509 et
2743 4457 3041 4522 temperata
3093 4446 3496 4546 impugnatione

1920 4549 2314 4623 aliquantulum
2356 4545 2682 4617 proliciens,
2722 4555 2785 4595 ca
2821 4554 2941 4610 qua:
2982 4539 3036 4592 in
3073 4545 3126 4592 te
3165 4534 3337 4608 gratia
3377 4549 3495 4588 mea

1918 4643 2267 4716 operabatur,
2302 4638 2475 4711 magis
2507 4653 2572 4692 ac
2601 4634 2774 4705 magis
2807 4630 3012 4686 viribus
3043 4627 3362 4695 meritisque
3394 4624 3497 4716 tuis

1919 4715 2292 4794 attribueres;
2336 4732 2391 4786 in
2434 4728 2595 4784 talem
2638 4734 2690 4781 te
2729 4723 2948 4778 tandem
2987 4717 3209 4792 permisi
3251 4715 3498 4770 tentatio-

1920 4843 2044 4884 ncm
2095 4827 2403 4886 incurrere,
2453 4819 2608 4888 cujus
2661 4813 3088 4886 impugnationis
3135 4807 3500 4880 magnitudine

1922 4922 2244 4992 depressus,
2284 4925 2608 4988 agnosceres
2643 4909 2728 4965 cui
2767 4909 3064 4962 instantem
3104 4902 3406 4992 detectum,
3447 4905 3502 4949 et

1923 4989 2008 5068 cui
2059 5009 2394 5083 praeteritum
2441 5017 2766 5073 omnemque
2817 4997 3023 5056 laboris
3075 4994 3149 5049 tui
3203 4989 3501 5083 profectum

1922 5079 2204 5160 debuisses
2244 5102 2551 5170 imputare:
2604 5109 2668 5150 ac
2716 5108 2810 5164 per
2854 5092 2960 5148 hoc
3009 5096 3158 5146 tanto
3202 5082 3398 5138 certior
3437 5079 3503 5170 de

1921 5199 2110 5270 gratiae
2146 5211 2280 5252 meae
2313 5166 2592 5248 beneﬁciis
2626 5187 2922 5252 existeres,
2963 5189 3168 5257 quanto
3213 5172 3386 5230 minus
3435 5166 3502 5221 de

2193 5287 2272 5316 ..ἕο
2308 5293 2664 5316 ηνωαιιτηονρα

1925 5290 2135 5316 omn-2.21!
