3998 5450
510 364 584 422 Μ

1679 569 1964 687 PARS
2034 573 2161 663 se

588 754 703 813 "ut:
749 759 868 813 ideo
918 757 1147 812 clericus
1196 760 1538 830 supradictus
1588 756 1707 815 ideo
1742 756 1991 829 scripsit,
2029 768 2089 814 ιιι
2115 762 2161 822 Α

518 851 607 906 bis
651 850 741 920 qui
793 844 846 903 in
891 836 1459 905 eonverSionis'initio
1499 866 1709 906 sacram
1754 851 2091 921 Scripturam

518 943 695 1010 legere
760 940 985 1011 cupiunt
1013 928 1041 1004 ,’
1081 940 1396 995 ostenderet
1465 941 1701 1011 qualiter
1773 943 2091 996 immensam

518 1032 792 1089 diabolicae
845 1031 1055 1086 fraudis
1103 1021 1397 1098 astutiam,
1449 1047 1553 1101 qua
1604 1046 1793 1087 omnes
1847 1033 2092 1087 eamdem

518 1123 852 1195 Scripturam
883 1122 1120 1194 legentes
1147 1122 1464 1193 impugnare
1500 1119 1671 1188 solet,
1706 1138 2004 1194 agnoscere
2040 1131 2097 1178 et

515 1230 859 1293 praecavere,
907 1214 1246 1285 qualiterque
1285 1216 1447 1269 etiam
1488 1214 1682 1269 divinre
1720 1208 2096 1284 inspirationis

518 1307 750 1378 gratiam
787 1320 1081 1377 agnoscere
1111 1314 1166 1360 et
1199 1305 1454 1360 invocare
1483 1306 1733 1361 debeant.
1774 1302 2007 1375 Scripsit
2043 1311 2099 1359 et

520 1398 660 1453 idem
692 1398 925 1453 clericus
953 1396 1119 1451 multa
1145 1380 1272 1462 alia,
1298 1396 1544 1466 qumdam
1575 1395 1792 1466 quidem
1822 1395 2097 1462 dictando,

519 1489 764 1562 qumdam
815 1497 994 1567 autem
1047 1488 1155 1544 alio
1205 1489 1400 1551 modo,
1452 1504 1571 1558 qua:
1619 1489 1827 1544 scilicet
1870 1496 2100 1558 utraque

520 1576 917 1651 subsequenter
943 1566 1184 1650 pandere
1206 1566 1334 1634 volo
1361 1596 1377 1644 ;
1406 1579 1502 1634 sed
1533 1581 1736 1634 dictata
1765 1579 1949 1649 prius,
1977 1588 2101 1648 post

521 1678 639 1729 haec
660 1687 874 1743 quoque
895 1682 1087 1743 caetera
1110 1673 1361 1741 pandam.
1386 1670 1475 1725 Sic
1497 1686 1624 1741 ergo
1654 1670 1840 1741 incipit
1863 1669 2101 1725 scribere

521 1764 588 1820 (lc
619 1744 886 1817 librorum
907 1761 1217 1816 dictamine.
1247 1760 1383 1827 Quia
1415 1760 1582 1831 igitur
1605 1758 1830 1814 alternis
1855 1759 1933 1813 uti
1963 1759 2105 1813 dele-

521 1854 718 1911 ctabile
743 1862 856 1918 est,
887 1868 993 1908 non
1024 1852 1194 1907 solum
1226 1852 1294 1907 ob
1325 1849 1696 1921 depellendam
1746 1850 1886 1903 unciii
1936 1848 2106 1903 mole—

523 1946 710 2011 stiam,
736 1945 831 2001 sed
854 1945 1017 1999 etiam
1041 1943 1109 1998 ob
1136 1943 1457 1997 recreandas
1482 1943 1673 1996 animae
1693 1950 1748 1994 ct
1767 1940 2008 2011 curporis
2028 1940 2106 1994 vi-

524 2049 615 2089 res
632 2033 813 2088 studui
839 2031 1110 2101 quondam
1134 2030 1275 2085 dicta
1299 2030 1525 2085 diversae
1545 2029 1822 2098 qualitatis
1844 2029 2102 2092 scribere,

523 2127 617 2182 sed
642 2141 783 2180 nunc
805 2138 1051 2180 reserare
1077 2123 1206 2179 libet
1225 2139 1345 2193 quae
1364 2122 1695 2191 scripserim.
1715 2120 1848 2176 Tres
1868 2136 2103 2190 namque
2138 2109 2180 2167 Β

524 2218 735 2274 libellos
775 2200 989 2274 diverso
1032 2225 1276 2286 tempore
1319 2216 1642 2284 diversoque
1683 2214 1824 2286 stylo
1864 2214 2006 2269 edidi
2050 2214 2103 2268 in

523 2310 746 2382 primis,
771 2324 908 2379 quos
928 2308 1075 2365 volui
1097 2308 1150 2362 in
1172 2322 1338 2362 unum
1362 2305 1640 2371 volumen,
1668 2304 1822 2374 quasi
1852 2305 1919 2359 ad
1944 2318 2105 2358 unam

525 2400 965 2457 convesccntium
1011 2413 1254 2453 mensam
1303 2397 1591 2468 colligere,
1642 2396 1816 2451 instar
1860 2393 2108 2448 videlicet

528 2474 697 2549 trium}
715 2476 1142 2564 pulmentorum,
1167 2503 1287 2558 quae
1318 2488 1473 2542 nobis
1511 2494 1730 2539 sanctus
1756 2486 1915 2539 Pater
1939 2483 2109 2537 Bene-

527 2586 707 2642 dictus
736 2582 1082 2637 comantibus
1108 2580 1291 2650 largiri
1319 2576 1473 2648 jubet
1508 2578 1560 2631 in
1602 2576 1806 2647 regula,
1829 2584 1888 2630 ut
1918 2576 2008 2646 qui
2041 2588 2108 2629 ex

528 2691 642 2731 uno
663 2673 972 2743 nequiverit
998 2671 1168 2735 refici,
1194 2686 1257 2725 ex
1291 2670 1398 2723 alio
1428 2668 1721 2723 reﬁciatur.
1750 2667 2107 2723 Coofidoita-

527 2779 634 2834 que
660 2763 713 2818 in
743 2762 994 2826 Domino,
1023 2761 1150 2830 quia
1173 2759 1321 2815 omni
1370 2759 1633 2830 spirituali
1665 2760 1787 2814 cibo
1813 2759 2110 2814 delectatus

529 2853 586 2909 in
630 2852 810 2923 aliquo
853 2852 1068 2907 illorum
1103 2850 1361 2916 inveniat,
1421 2866 1516 2920 per
1560 2851 1703 2920 quod
1757 2849 2112 2919 spiritualiter

530 2940 683 2998 reﬁci
717 2940 916 2998 valeat.
960 2940 1065 2996 Sed
1122 2942 1239 2995 haec
1277 2940 1343 2995 de
1373 2940 1624 2994 omnibus
1651 2940 1977 3010 generaliter
2002 2940 2112 2994 sint

534 3036 701 3092 dicta.
728 3034 880 3090 Nunc
933 3049 1060 3089 vero
1111 3048 1357 3088 reserare
1391 3033 1549 3101 cupio
1595 3048 1714 3102 quae
1759 3046 1920 3087 causa
1953 3030 2114 3102 fuerit

535 3127 778 3198 singulos
807 3125 1070 3190 scribere,
1116 3132 1175 3178 ut
1218 3123 1389 3178 lector
1431 3124 1771 3194 aliquatenus
1799 3124 1991 3179 exinde
2030 3125 2112 3180 iu-

534 3227 779 3276 structus
825 3216 1036 3272 noverit
1070 3230 1161 3271 me
1190 3230 1536 3286 nequaquam
1568 3214 1770 3270 frustra
1823 3216 1880 3271 in
1918 3215 2113 3290 talibus

535 3311 850 3368 desudasse.

516 3452 521 3455 _
604 3402 847 3459 Primum
873 3418 1002 3475 ergo
1043 3403 1286 3459 libellum
1319 3401 1545 3458 metrico
1574 3399 1866 3472 prolatum,
1895 3401 1982 3456 cui
2013 3401 2112 3459 inr-

532 3498 692 3575 posui
725 3498 936 3553 titulum
971 3498 1078 3552 :De
1105 3497 1350 3568 Spiritali
1369 3498 1634 3563 doctrina,
1661 3495 1901 3551 scribere
1923 3495 2112 3567 hujus—

539 3591 684 3648 modi
731 3599 852 3647 erat
904 3605 1090 3646 causa.
1122 3592 1256 3645 Cum
1299 3592 1444 3645 enim
1483 3590 1755 3660 quondam
1785 3605 1853 3644 ex
1888 3588 2117 3643 inﬁrmi:

539 3696 653 3740 tate
686 3684 924 3739 maxima
952 3682 1340 3737 convalesccus
1368 3682 1433 3735 ad
1474 3681 1789 3736 monasticae
1831 3679 2119 3750 professio-

539 3777 626 3831 nis
653 3776 819 3831 vitam
850 3774 1143 3839 venissem,
1178 3783 1305 3829 tunc
1332 3774 1386 3827 in
1438 3774 1611 3839 brevi,
1637 3772 1921 3842 plusquam
1946 3770 2121 3826 credi-

539 3870 649 3925 bile
672 3869 765 3934 sit,
795 3867 968 3924 factus
999 3882 1116 3921 sum
1159 3880 1346 3935 sospes
1370 3883 1383 3920 :
1409 3880 1472 3918 cx
1499 3880 1604 3934 qua
1632 3865 1891 3934 sospitate
1917 3863 2122 3917 veritus

542 3976 610 4015 ne
638 3958 855 4029 aliquod
886 3960 1141 4013 damnum
1175 3955 1457 4026 Spirituale
1488 3955 1619 4010 mihi
1672 3955 1923 4015 oriretur,
1962 3965 2122 4022 prece

544 4053 837 4108 Dominum
870 4051 1062 4107 intima
1113 4050 1295 4119 rogavi
1350 4066 1417 4104 ne
1464 4062 1551 4103 me
1580 4049 1632 4102 in
1681 4055 1825 4100 tanta
1864 4044 2124 4114 sospitate

543 4143 782 4213 positum
826 4143 938 4198 otio
969 4141 1163 4213 ,inutili
1212 4149 1537 4210 torpescere,
1589 4138 1684 4193 sed
1723 4136 1902 4206 aliqua
1944 4144 2124 4189 tenta-

545 4238 718 4303 tione,
746 4251 908 4304 quam
941 4234 1072 4290 mihi
1102 4249 1405 4304 congruere
1451 4232 1638 4297 sciret,
1664 4228 1867 4300 pulsari
1897 4227 2123 4298 pennit-

520 4335 707 4383 rteret.
739 4325 868 4381 Post
913 4326 1055 4380 hanc
1101 4324 1401 4378 orationem
1452 4335 1559 4374 non
1611 4317 1836 4373 multum
1871 4316 2127 4384 temporis

545 4415 702 4470 fluxit
739 4422 836 4469 :et
859 4427 987 4469 ecce
1040 4413 1206 4467 variae
1250 4413 1607 4466 tentationum
1660 4405 1921 4461 molestia:
1973 4419 2128 4461 acce-

548 4506 739 4561 dentes
766 4504 820 4558 in
854 4512 1064 4557 tantum
1087 4516 1174 4556 me
1205 4499 1698 4561 circumdederunt,
1722 4504 1783 4549 ut
1810 4504 1864 4550 et
1912 4494 2129 4549 incaute

551 4611 640 4654 me
664 4607 850 4651 orasse
877 4603 930 4650 et
959 4593 1129 4663 mag's
1151 4593 1215 4645 ad
1236 4591 1509 4646 interitum
1527 4604 1687 4658 quam
1717 4588 1782 4642 ad
1810 4594 2125 4656 proventum

549 4688 867 4745 exauditum
936 4700 1056 4741 esse
1090 4682 1417 4755 aliquando
1476 4695 1713 4734 vererer.
1769 4676 1876 4733 Sed
1933 4676 2128 4746 sacpius

551 4785 858 4836 retractans
888 4776 1014 4832 illud
1058 4774 1409 4845 apostolicum
1445 4790 1458 4824 :
1489 4768 1691 4824 Fidelis
1713 4768 1875 4832 Dens,
1910 4769 1996 4838 qui
2024 4783 2125 4821 non
2159 4800 2203 4856 υ

550 4871 780 4943 patietur
808 4886 898 4925 vos
925 4867 1116 4923 tentari
1155 4882 1312 4935 supra
1348 4864 1400 4917 id
1426 4861 1565 4933 quod
1585 4860 1816 4931 potestis,
1853 4860 1943 4912 sed
1972 4858 2127 4928 faciet

555 4981 675 5019 cum
721 4964 1003 5019 tentatione
1030 4969 1336 5032 proventum
1359 4968 1412 5009 ut
1442 4951 1651 5023 possitis
1666 4952 1962 5014 sustinere;
1988 4948 2129 5001 labu-

500 5088 503 5093 -
557 5054 674 5110 ravi
710 5068 814 5107 non
861 5060 1120 5120 quantum
1160 5048 1341 5111 debui,
1390 5046 1485 5100 sed
1525 5052 1788 5115 quantum
1836 5040 2129 5111 fragilitate

1344 5136 1377 5150 n

1535 378 1837 437 OTHLOM
1875 382 2179 439 MONACIII
2219 382 2276 439 S'.
2317 385 2740 445 EMMERAMMI

3688 396 3757 451 52

2176 575 2604 665 CUNDA.

2191 760 2508 830 gendo,'seu
2538 764 2701 819 etiam
2736 762 3032 836 jejunando
3061 775 3252 837 sponte
3299 767 3459 834 subii,
3492 783 3598 824 non
3636 769 3768 829 satis

2193 848 2432 920 amigere
2460 868 2669 933 corpus
2692 844 3029 912 videbantur.
3081 856 3320 928 Cumque
3349 858 3440 912 diu
3480 866 3766 918 tractarem

2192 955 2300 1009 quo
2342 943 2681 1011 potissimum
2728 947 2907 1001 studio
2949 955 3172 1016 memet,
3204 948 3257 1002 in
3306 948 3470 1003 tantis
3512 951 3775 1020 periculis

2193 1030 2544 1087 constitutum
2604 1036 2884 1104 aptissime
2940 1036 3251 1107 jngiterque
3290 1030 3801 1111 constringerem,'

2194 1121 2434 1176 occurrit
2454 1123 2635 1179 animo
2655 1131 2714 1179 ut
2744 1125 2796 1179 in
2818 1126 3106 1181 dictamine
3118 1142 3204 1205 me
3220 1143 3537 1198 occuparem
3558 1129 3737 1202 aliquo
3754 1149 3773 1186 :
3794 1132 3799 1139 ’

2194 1209 2337 1276 quod
2360 1218 2416 1264 et
2442 1225 2582 1282 saepe
2610 1222 2863 1283 expertus
2893 1230 3009 1269 sum
3037 1225 3268 1271 mentem
3308 1216 3562 1274 lascivam
3588 1219 3771 1289 cujus-

2195 1298 2325 1353 libet
2378 1300 2699 1359 scholastice
2761 1303 3010 1361 instructi
3073 1306 3124 1361 in
3164 1307 3338 1363 'nullo
3388 1324 3547 1379 posse
3599 1313 3775 1383 magis

2197 1392 2492 1463 constringi
2521 1408 2680 1463 quam
2713 1396 2892 1451 studio
2921 1396 3176 1452 dictandi.

2272 1483 2587 1555 llujusmodi
2619 1487 2783 1557 igitur
2817 1489 3103 1566 occasione
3133 1498 3381 1560 accepta,
3404 1489 3646 1545 libellum
3671 1491 3789 1562 pri-

2200 1590 2346 1628 mum
2369 1575 2613 1631 scribere
2634 1579 2769 1647 ccepi
2799 1577 3026 1634 metrico
3048 1577 3254 1635 scilicet
3282 1580 3445 1651 stylo,
3466 1595 3574 1652 quo
3606 1583 3801 1636 utaxio‘

2202 1679 2287 1718 me
2314 1664 2367 1720 in
2400 1665 2645 1720 saeculari
2686 1668 2793 1721 vita
2837 1668 3041 1737 positus
3073 1683 3159 1723 me
3182 1670 3501 1725 exercebant
3530 1682 3550 1733 ς·
3575 1664 3805 1740 ponens

2204 1756 2257 1808 in
2284 1769 2349 1809 eo
2380 1757 2560 1812 varias
2589 1756 2883 1826 spiritualis
2928 1758 3191 1814 doctrina:
3237 1760 3552 1823 sententias,
3584 1760 3793 1831 quibus

2203 1863 2288 1902 me
2325 1848 2662 1904 solummodo
2703 1859 2892 1906 contra
2935 1852 3261 1909 tentationes
3303 1853 3650 1909 imminentes
3696 1855 3785 1910 in-

2204 1946 2422 1996 s’trnens
2453 1943 2734 2009 roboravi;
2766 1954 2882 2017 aut
2921 1945 3204 2015 pravitatis
3236 1960 3368 2001 mea}
3401 1946 3794 2016 quantitatem,

2205 2047 2368 2102 quam
2407 2049 2528 2088 cum
2576 2035 2789 2091 cmteris
2839 2034 3054 2091 clericis
3091 2035 3448 2091 communiter
3489 2036 3540 2090 in
3585 2036 3804 2091 mundo

2206 2127 2545 2192 exercebant,
2605 2128 3068 2198 perlinat-iamque
3117 2143 3277 2196 quam
3326 2127 3640 2197 specialiter
3684 2143 3804 2199 pra:

2208 2215 2394 2271 multis
2425 2216 2623 2271 ibidem
2672 2217 3003 2282 retinebam,
3034 2219 3205 2287 magis
3239 2218 3574 2273 attenderem
3627 2227 3802 2287 atque

2206 2304 2712 2376 litterisexpositam
2738 2308 2926 2377 majori
2950 2308 3264 2376 poenitentia
3288 2308 3600 2363 diluendam
3624 2323 3802 2380 agno-

2208 2396 2441 2453 Scerem.
2477 2398 2684 2452 lnserui
2734 2397 2788 2451 in
2836 2399 3025 2453 eodem
3065 2398 3229 2453 etiam
3270 2397 3451 2455 libello
3481 2414 3803 2454 sermonem

2208 2491 2493 2559 quemdam
2526 2487 2859 2544 lamentabili
2904 2489 3043 2561 stylo
3086 2490 3327 2555 editum,
3372 2490 3522 2561 prius
3569 2490 3803 2559 quidem

2209 2581 2492 2649 disputans
2518 2581 2584 2635 de
2611 2581 2821 2636 diversa
2850 2580 3171 2636 clericorum
3200 2580 3526 2651 negligentia
3549 2595 3657 2636 nec
3690 2597 3807 2636 non

2210 2670 2443 2724 avaritia
2479 2689 2492 2723 :
2527 2671 2722 2727 deinde
2751 2686 2979 2726 narrans
3008 2670 3075 2725 de
3105 2670 3399 2726 miserabili
3427 2670 3811 2741 improbitatis

2211 2777 2345 2817 meae
2375 2761 2615 2817 vindicta
2655 2770 2761 2816 tam
2813 2761 3173 2831 spiritualiter
3222 2776 3383 2831 quam
3430 2760 3815 2830 corporaliter

2210 2840 2450 2922 patrata.
2494 2853 2811 2924 lgnorabam
2844 2852 2989 2909 enim
3038 2862 3183 2919 tunc,
3226 2852 3270 2908 si
3312 2868 3418 2922 quo
3457 2852 3576 2905 loro
3611 2850 3820 2923 proh.~

2213 2944 2379 2998 renda
2434 2943 2611 3000 forent
2668 2941 2975 3012 huiusmodi
3016 2945 3189 3009 dicta,
3226 2959 3345 3013 quae
3376 2943 3497 2997 licet
3531 2943 3583 2996 in
3638 2943 3819 2997 modo

2211 3032 2319 3086 sint
2341 3033 2537 3102 posita,
2562 3040 2680 3103 post
2709 3040 2905 3087 caetera
2930 3040 3128 3096 tamen,
3157 3047 3278 3085 cum
3311 3046 3397 3086 me
3419 3029 3621 3100 aliquid
3668 3046 3818 3100 per-

2213 3122 2499 3190 Spicaciori
2521 3123 2716 3177 intuitu
2748 3137 3041 3193 agnoscere
3066 3121 3369 3193 coepissem,
3392 3137 3422 3176 a
3442 3135 3527 3176 me
3541 3118 3821 3175 constant

2213 3215 2388 3281 edita;
2421 3216 2548 3286 quia
2587 3214 2827 3270 metricis
2857 3213 3098 3285 prolatus
3136 3221 3221 3267 est
3255 3214 3435 3268 verbis
3463 3228 3582 3283 quae
3612 3213 3827 3283 pueris

2214 3318 2270 3365 et
2308 3306 2635 3363 intrantibus
2665 3308 2733 3363 ad
2754 3307 3041 3363 discendas
3079 3306 3290 3361 litteras
3312 3321 3341 3359 a
3394 3305 3578 3360 multis
3610 3304 3826 3375 primi-

2222 3411 2305 3457 tus
2336 3401 2578 3457 exhiberi
2611 3400 2808 3456 solent.
2835 3399 2891 3454 ln
2922 3400 3112 3473 primis
3137 3414 3351 3471 quoque
3380 3412 3579 3468 ponere
3607 3397 3827 3452 decre-

2196 3488 2268 3549 ‘vi
2300 3505 2359 3549 ut
2406 3510 2472 3549 ex
2510 3495 2614 3548 hoc
2662 3492 2888 3563 quilibet
2933 3493 3000 3547 ad
3042 3492 3280 3548 veritatis
3329 3491 3470 3544 viam
3502 3503 3831 3543 conversus

2219 3591 2397 3640 sumat
2435 3584 2587 3652 quasi
2621 3582 2905 3651 prandium
2938 3578 3273 3634 conversioni
3319 3591 3428 3631 sua:
3465 3572 3831 3646 congruum,

2218 3675 2403 3743 sicque
2432 3672 2615 3727 leviori
2639 3672 2758 3726 cibo
2780 3669 3012 3724 refectus
3042 3667 3107 3721 ad
3135 3664 3393 3719 lautiores
3430 3663 3595 3732 dapes
3630 3680 3837 3722 sacra:

2220 3745 2482 3818 doctrinae
2507 3759 2801 3831 capiendas
2826 3756 3002 3826 aptior
3032 3754 3276 3809 accedat.
3314 3751 3534 3807 Librum
3560 3767 3714 3808 vero
3747 3757 3839 3810 vi.

2221 3855 2455 3919 sionum,
2480 3852 2605 3907 licet
2633 3858 2754 3921 post
2779 3849 2913 3904 duos
2956 3845 3288 3917 scripserim,
3323 3844 3375 3899 in
3401 3844 3591 3899 ordine
3616 3852 3838 3902 tamen

2223 3945 2515 4001 secundum
2547 3943 2665 3997 ideo
2692 3941 2864 4012 posui,
2905 3949 2963 3994 ut
2992 3938 3078 3993 illa
3108 3936 3520 4008 doctrina,qu:e
3544 3937 3595 3991 in
3626 3939 3839 4008 priori

2223 4035 2404 4091 libello
2457 4034 2623 4088 variis
2669 4032 2878 4104 prolata
2903 4038 2990 4086 est
3020 4028 3331 4092 sententiis,
3370 4027 3423 4081 in
3451 4026 3552 4082 hoc
3580 4041 3844 4099 quoque

2226 4126 2393 4182 variis
2417 4122 2705 4180 corrobora
2718 4130 2867 4177 retur
2888 4118 3182 4189 exemplis;
3217 4131 3387 4188 eaque
3403 4116 3652 4172 tenacius
3680 4131 3845 4187 prae-

2196 4219 2389 4273 'missa
2419 4216 2600 4270 animo
2630 4214 2931 4268 inhaereant
2954 4211 3146 4274 verba,
3192 4205 3526 4279 quaemajori
3555 4209 3848 4265 testimo-

2228 4309 2317 4363 nio
2372 4318 2480 4360 tam
2527 4305 2746 4376 pietatis
2771 4302 2930 4373 quam
2964 4288 3271 4357 severitatis
3306 4299 3498 4354 divina:
3527 4299 3578 4352 in
3607 4296 3847 4358 subse-

2226 4397 2518 4467 quentibus
2571 4393 3041 4455 commendantur,
3093 4391 3145 4445 in
3178 4404 3385 4444 morem
3408 4385 3670 4442 videlicet
3705 4389 3847 4445 lan-

2230 4488 2384 4543 tioris
2409 4486 2537 4551 cibi,
2565 4484 2657 4554 qui
2686 4483 2864 4553 primo
2910 4495 3048 4550 aqua
3080 4495 3211 4551 pura
3234 4486 3446 4542 coetus,
3483 4475 3695 4531 deinde
3725 4479 3851 4535 ali.-

2190 4596 2332 4651 'qua
2384 4579 2523 4634 aceti
2571 4576 2654 4632 vel
2710 4576 2873 4631 etiam
2924 4573 3126 4643 piperis
3171 4568 3853 4653 atljec'tiorte‘accuratius

2226 4648 2585 4744 praeparatur.
2631 4667 2758 4724 Sola
2791 4667 2937 4723 enim
2986 4662 3225 4718 lenitatis
3271 4648 3434 4716 verba
3462 4648 3854 4717 indocendo

2231 4762 2629 4835 prolata,quasi
2656 4761 2872 4831 quidam
2896 4759 3002 4814 cibi
3036 4758 3088 4811 in
3121 4752 3399 4824 sola'aqua
3429 4751 3647 4806 excocti
3683 4767 3846 4821 pos-

2229 4860 2355 4906 sunt
2404 4848 2656 4916 intelligi;
2710 4848 2804 4902 sed
2859 4859 2982 4901 eum
3029 4843 3227 4897 dehinc
3268 4840 3445 4909 aliqua
3492 4839 3857 4897 severitatis

2231 4940 2475 5008 exempla
2502 4938 2891 5001 admiscentur,
2921 4933 3066 4987 velut
3098 4944 3286 4985 amaro
3316 4922 3452 4983 aceti
3475 4941 3568 4981 seu
3599 4927 3859 4997 piperis

2183 5042 2187 5047 '
2233 5032 2603 5086 additamenta
2635 5026 2852 5083 condita
2878 5022 3083 5079 fercula
3114 5028 3171 5075 ut
3192 5018 3440 5075 snaviora
3477 5014 3860 5087 emciantur,

2192 5130 2336 5150 ιω...
2385 5122 2679 5150 nummum
2717 5116 3091 5150 ςηιοιιὶηιιηιηιρ
3177 5113 3406 5150 Annal-ot
3454 5108 3618 5150 igitur
3662 5112 3826 5150 ηηῖι)
