3998 5450
198 314 259 369 53
846 308 971 365 LIB.
1019 309 1105 365 DE
1145 308 1704 370 TENTATIONIBUS
1738 312 1893 371 SUIS
1922 315 2011 371 ΕΤ
2046 317 2378 377 SClilP'l‘lS.
2403 354 2472 365 -—
2503 323 2685 380 ΡΜὶὸ
2723 324 2786 379 ll.

3372 324 3444 382 ει

256 429 346 485 llis
369 427 534 500 igitur
560 426 846 498 pralibatis
871 426 940 481 de
960 426 1182 481 secundi
1207 426 1399 483 ordine
1423 426 1612 492 libelli,
1638 426 1753 496 jam
1772 432 1830 489 Ἀ
1863 430 2018 496 tium,
2055 433 2213 501 quasi
2244 435 2312 488 ad
2338 451 2581 491 mensam
2609 435 3051 491 eonvesceutium
3077 452 3295 507 [mm-re,
3326 453 3448 508 qua

196 539 314 580 vero
359 521 681 592 subiungere
746 519 867 589 volo
894 519 1001 587 ,ubi
1039 528 1097 575 et
1144 535 1252 591 qua
1297 521 1584 579 occasione
1617 521 1756 577 serio

198 624 335 686 ptum
357 610 539 669 fuerit.
567 612 701 669 Cum
720 626 850 681 ergo
870 610 1260 677 monasterium
1289 620 1539 675 nostrum
1555 611 1609 667 in
1627 612 1760 669 urbe

202 706 477 763 ltatisbona
500 704 858 761 constitutum
899 704 1054 758 varia
1082 703 1462 774 episcoporum
1499 720 1758 775 persecu—

200 801 331 865 tione
352 796 561 852 destrui
590 795 857 861 viderem,
881 795 1067 866 ibique
1090 809 1189 866 per
1205 794 1426 866 triginta
1449 810 1622 852 annos
1650 811 1764 852 me-

199 890 318 946 liora
345 902 570 959 sperans
593 886 973 952 subsisterem,
998 884 1212 943 occulto
1239 884 1332 942 Dei
1361 886 1571 959 judicio
1604 887 1767 959 longe

200 985 518 1052 aliterquam
537 995 819 1051 sperarem
850 979 1052 1036 evenit.
1083 978 1327 1045 Qualiter
1351 987 1534 1035 autem
1555 981 1769 1035 destru-

198 1077 295 1134 c'.io
322 1083 467 1130 tanta
489 1074 765 1139 evenerit,
793 1073 923 1144 quia
949 1087 1050 1129 nec
1076 1072 1318 1128 breviter
1337 1072 1571 1143 proferri
1603 1071 1768 1139 valet,

201 1184 289 1226 nec
337 1168 571 1238 ineptias
613 1175 800 1222 tantas
841 1166 933 1222 hic
956 1180 1228 1236 exponere
1259 1165 1411 1231 libet,
1441 1164 1768 1236 aliisprofe-

199 1263 349 1319 renda
373 1261 660 1332 relinquo:
678 1261 785 1316 hoc
809 1259 1152 1316 solummodo
1178 1273 1465 1327 euarrans,
1488 1260 1619 1331 quia
1640 1273 1768 1315 cum

199 1355 451 1412 exteriora
489 1363 551 1411 et
605 1354 874 1410 interiora
925 1355 1242 1411 monasterii
1284 1346 1774 1411 nostri'eommoda

201 1447 403 1526 perlitus
423 1445 639 1502 destrui
670 1446 991 1512 sensissem,
1013 1457 1070 1502 et
1097 1456 1289 1505 contra
1312 1448 1431 1504 hac
1467 1449 1541 1504 nil
1570 1463 1777 1520 prava-

202 1537 426 1603 lnissem,
466 1537 602 1607 quin
627 1538 743 1593 imo
771 1552 801 1593 a
832 1536 1094 1594 fratribus
1138 1538 1463 1609 quibusdam
1484 1539 1777 1611 juvenibus

202 1631 380 1698 quibus
415 1628 778 1700 displicebam
806 1630 949 1699 apud
977 1629 1291 1701 episcopum
1338 1643 1653 1696 accusatus,
1680 1646 1778 1687 va-

204 1722 325 1777 rias,
350 1720 483 1776 mihi
542 1721 728 1776 minas
761 1720 955 1776 abillo
999 1721 1256 1791 illiusque
1305 1721 1667 1777 familiaribus
1692 1720 1780 1791 agi

1861 522 2089 593 quilibet
2120 522 2293 579 lector
2320 524 2530 590 avidus,
2567 526 2695 587 licet
2744 526 2966 598 indigno
2992 526 3132 597 stylo
3156 525 3319 593 edita,
3348 543 3443 600 ge-

1863 630 2073 670 nerosa
2124 624 2306 671 tamen
2362 617 2603 673 materia
2632 618 2955 690 dignitatem
3000 617 3316 684 retinentia,
3350 636 3449 691 pro

1863 705 2096 778 dapibus
2117 708 2577 779 lautis'potuisset
2599 719 2840 778 gustare.
2865 710 3000 767 Nam
3023 726 3146 783 qna
3178 714 3448 768 sententia

1866 797 2065 855 lautior
2089 808 2145 854 et
2164 800 2388 856 suavior
2412 800 2561 857 valet
2598 815 2721 857 esse
2750 816 2912 872 quam
2940 804 3007 859 de
3038 804 3211 874 gratia
3240 804 3362 871 Dei,
3394 815 3451 858 et

1866 902 1967 945 cur
1991 889 2259 947 credenda
2287 891 2623 963 dicendaque
2658 892 2733 948 sit
2769 894 2973 965 gratia;
2999 892 3206 964 judicia
3236 911 3452 966 quoque

1869 996 2031 1052 quam
2057 998 2184 1039 vera
2200 982 2457 1054 iustaque
2480 996 2538 1041 et
2568 988 2875 1043 necessaria
2900 988 3012 1044 sint
3034 1004 3050 1055 ;
3082 988 3175 1045 sed
3201 998 3254 1045 et
3278 1004 3455 1061 quan-

1871 1083 1982 1130 tam
2036 1076 2174 1132 bene
2226 1076 2420 1147 agendi
2453 1077 2767 1135 facultatem
2795 1094 2826 1134 a
2856 1078 2968 1135 Deo
3005 1094 3323 1136 concessam
3353 1080 3454 1135 lia-

1870 1166 2097 1224 beamus
2140 1168 2349 1224 nisibus
2404 1169 2534 1227 totis
2574 1168 2852 1242 inquirere
2901 1180 3064 1242 atque
3101 1172 3345 1244 pluribus
3376 1180 3455 1227 te-

1873 1263 2157 1319 stimoniis
2191 1263 2546 1336 approbare?
2574 1256 2699 1320 llaec
2738 1265 2938 1337 quippe
2984 1264 3090 1319 tria
3146 1280 3246 1335 per
3292 1263 3455 1319 trium

1873 1357 2237 1427 qnastio'nnm
2263 1357 2566 1415 solutiones
2597 1358 2650 1414 in
2698 1358 2791 1413 illo
2830 1358 2990 1424 libro,
3024 1372 3185 1428 quem
3216 1356 3270 1411 in
3297 1357 3458 1411 tertio

1876 1452 2053 1507 locavi
2081 1452 2295 1519 ordine,
2322 1448 2473 1524 'stylo
2499 1467 2611 1523 quo
2636 1451 2786 1523 potui
2809 1466 2906 1522 per
2923 1449 3199 1521 dialogum
3233 1447 3460 1521 protuli,

1878 1559 2105 1601 numero
2137 1544 2346 1600 scilicet
2392 1552 2447 1599 et
2484 1545 2675 1600 ordine
2713 1543 2829 1599 tali.
2851 1542 3168 1599 desiderans
3209 1548 3458 1597 sanctam

1880 1632 2202 1689 Trinitatem
2230 1628 2501 1689 venerari.
2525 1631 2633 1688 Sed
2654 1640 2712 1690 et
2737 1632 2791 1688 in
2818 1631 2925 1688 hoc
2950 1629 3198 1687 eamdem
3226 1626 3465 1684 Trinita-

1884 1734 1992 1782 tem
2044 1725 2293 1781 venerari
2343 1725 2651 1790 studebam,
2704 1724 2835 1796 quia
2876 1723 2930 1779 in
2955 1722 3116 1778 tertia
3143 1719 3462 1793 quastione,

204 1817 383 1885 sapius
409 1815 728 1879 audissem;
759 1822 908 1877 tunc,
932 1814 1099 1885 petita
1127 1815 1195 1870 ab
1218 1817 1419 1871 abbate
1448 1814 1690 1877 licentia,
1715 1814 1782 1869 ad
1813 1803 1859 1864 Β
1884 1832 2047 1888 quant
2099 1816 2245 1873 velut
2294 1816 2504 1873 fercula
2566 1816 2815 1888 quadam
2842 1814 3119 1886 pracipua
3146 1813 3255 1869 ritu
3287 1811 3468 1884 sagaci

205 1907 587 1964 monasterium
615 1906 894 1963 Fuldense
923 1907 1078 1977 quasi
1111 1907 1222 1963 cito
1242 1916 1573 1962 reversurus
1597 1921 1785 1976 perrec

204 2002 271 2056 vi.
323 1997 717 2056 Verumtamen
772 2015 884 2056 non
929 1998 1121 2055 dubito
1167 2000 1299 2069 quin
1340 2007 1547 2054 tantam
1573 1998 1790 2054 destru-

203 2094 419 2149 ctionem
481 2107 653 2148 nemo
710 2092 764 2146 in
801 2106 902 2146 nos
952 2106 1117 2161 agere
1154 2098 1358 2160 posset,
1392 2091 1495 2145 nisi
1519 2089 1669 2157 justo
1689 2089 1786 2145 Dei

201 2183 386 2254 judicio
411 2181 773 2252 peccatisque
820 2181 1025 2237 nostris
1057 2180 1405 2249 exigentibus
1440 2180 1741 2249 permissus
1769 2198 1785 2235 :

206 2274 331 2343 quod
374 2273 591 2328 scilicet
646 2270 848 2328 exinde
897 2271 1074 2342 palam
1102 2272 1263 2327 datur
1291 2272 1540 2341 intelligi,
1573 2272 1699 2342 quia
1732 2273 1787 2328 in

206 2368 311 2434 ipso
358 2365 719 2421 discessionis
744 2396 749 2403 -
778 2378 913 2419 mea
967 2380 1132 2429 anno,
1172 2365 1265 2436 qui
1293 2375 1413 2420 erat
1441 2366 1511 2420 ab
1539 2366 1790 2421 incarna-

208 2459 342 2514 tione
388 2457 613 2513 Domini
646 2456 812 2521 l062,
842 2455 1152 2511 miserando
1190 2471 1513 2527 semperque
1555 2457 1792 2529 lugendo

207 2550 317 2621 igne
334 2553 691 2609 combustum
718 2559 804 2604 est
833 2539 1139 2605 coenobium
1159 2558 1427 2604 nostrum.

267 2643 320 2699 lu
338 2642 605 2701 Fuldensi
636 2644 807 2715 igitur
850 2643 1186 2699 monasterio
1236 2645 1466 2715 positus.
1506 2654 1564 2700 et
1592 2656 1794 2717 optata

213 2735 618 2807 tranquillitatis
654 2746 822 2807 atque
863 2737 1153 2793 cbaritatis
1178 2739 1322 2793 dono
1347 2737 1546 2793 ibidem
1566 2738 1791 2809 potitus.

210 2827 517 2898 frequenter
580 2828 842 2899 tractavi.
873 2826 1109 2898 qualiter
1129 2842 1228 2899 pro
1257 2827 1496 2896 ejusdem
1529 2830 1797 2901 tranquil-

210 2922 363 2977 litatis
380 2922 565 2993 gratia
589 2920 731 2986 Deo,
754 2936 783 2975 a
812 2914 919 2991 quo
948 2919 1081 2975 mihi
1135 2919 1257 2976 data
1286 2930 1390 2983 est,
1412 2928 1593 2987 grates
1623 2920 1794 2977 refer-

214 3031 334 3070 rem.
363 3014 629 3085 Magnum
652 3012 855 3083 quippe
880 3012 1012 3067 mihi
1043 3020 1173 3068 tunc
1199 3013 1482 3067 videbatur
1506 3013 1560 3067 in
1606 3012 1797 3068 eodem

215 3112 534 3168 monasterio
569 3106 801 3181 pacillco
827 3108 1041 3162 incessu
1066 3106 1231 3176 posse
1254 3104 1623 3162 deambulare.
1657 3104 1792 3173 Qua-

214 3212 422 3274 propter
446 3193 705 3258 animum
736 3201 805 3255 ad
845 3198 1165 3256 deferendas
1197 3199 1309 3255 Deo
1349 3198 1553 3269 gratias
1574 3197 1797 3253 omnino

214 3305 554 3358 convertens,
592 3302 651 3351 et
705 3296 751 3350 si
788 3309 895 3364 qua
936 3293 1176 3349 dictandi
1209 3279 1439 3348 materia
1463 3300 1590 3362 apte
1610 3304 1800 3346 occur-

214 3399 345 3443 reret
396 3390 619 3445 diutius
661 3389 975 3458 exquirens,
1004 3400 1007 3403 '
1032 3386 1209 3457 reperi
1250 3384 1469 3439 tandem
1507 3381 1799 3452 quamdam

214 3477 437 3533 dictandi
465 3474 853 3541 occasionem.
889 3480 1127 3536 visiones
1161 3473 1433 3535 videlicet,
1458 3486 1594 3542 quas
1623 3481 1680 3526 et
1700 3487 1803 3543 ego

212 3564 471 3634 quondam
524 3562 646 3618 vidi
671 3571 726 3616 et
752 3563 821 3617 ab
848 3561 970 3616 aliis
998 3576 1094 3633 per
1130 3560 1247 3615 loca
1284 3558 1498 3614 d.versa
1521 3557 1801 3630 profectus

216 3654 402 3710 audivi.
456 3654 581 3710 llas
625 3667 863 3723 namque
888 3652 955 3707 ad
983 3652 1277 3706 multorum
1310 3648 1559 3705 notitiam
1586 3645 1801 3703 deferre

217 3747 326 3803 ideo
371 3749 504 3803 utile
580 3762 703 3801 esse
759 3745 1087 3808 arbitrabar,
1142 3742 1267 3812 quia
1296 3734 1463 3798 credo
1512 3740 1579 3794 al
1607 3754 1802 3794 omnes

219 3840 457 3899 homines
486 3843 773 3913 pertinere
800 3841 1014 3911 quoties
1059 3839 1291 3911 quilibet
1306 3825 1574 3893 'visitatur
1611 3852 1641 3891 a
1674 3835 1841 3934 Deo“

219 3944 303 3989 aut
324 3953 422 4006 per
452 3930 885 4006 castigationem
914 3944 1008 3990 aut
1044 3950 1141 4006 per
1179 3931 1634 3998 consolationem,
1662 3930 1806 3986 sicut

220 4040 269 4084 et
292 4032 403 4100 ipse
433 4032 491 4086 in
524 4030 831 4100 Evangelia
883 4028 1018 4084 dicit
1051 4047 1064 4083 :
1094 4026 1249 4094 Quod
1281 4025 1373 4080 uni
1395 4026 1538 4091 dico,
1571 4022 1811 4077 omnibus

220 4125 347 4178 dico.
369 4125 660 4181 lncitabar
714 4125 883 4180 etiam
915 4138 980 4179 ex
1014 4123 1116 4177 hoc
1150 4121 1218 4175 ad
1248 4117 1623 4209 scribendum,
1659 4116 1810 4190 quia,

1870 1917 2160 1973 contexta,
2191 1918 2241 1965 et
2272 1904 2439 1965 allata
2490 1909 2547 1965 in
2594 1916 2841 1964 extremo
2868 1906 2937 1962 ad
2968 1905 3221 1962 lectionis
3253 1917 3469 1961 canam

1885 2000 2294 2057 crmsidentibus
2341 1999 2566 2070 apposui
2592 2015 2608 2065 ;
2636 1992 2637 1995 “
2662 1997 2732 2054 de
2756 1986 2872 2069 ipsa
2902 2003 3090 2052 saneta
3123 1993 3394 2051 Trinitate
3414 2002 3475 2048 et

1888 2091 2129 2157 Unitate,
2145 2092 2302 2163 juxta
2319 2091 2690 2163 intelligentia
2715 2105 2850 2147 mea
2875 2089 3040 2147 vires.
3065 2087 3213 2144 brevi
3236 2095 3292 2143 et
3313 2099 3472 2157 aper-

1888 2190 1941 2237 ta
1970 2181 2308 2253 probataque
2355 2181 2440 2253 (ut
2470 2180 2654 2252 spero)
2702 2179 2872 2235 variis
2916 2177 3182 2249 exemplis
3218 2184 3273 2232 et
3303 2191 3471 2243 argn-

1888 2275 2086 2329 mentis
2126 2274 2337 2329 ratione
2372 2274 2624 2329 disserui.
2654 2271 2828 2341 Spero
2875 2270 3043 2327 etiam
3074 2283 3161 2323 me
3191 2268 3246 2322 in
3275 2266 3469 2322 eodem

1889 2364 2071 2420 libello
2096 2364 2348 2421 omnibus
2373 2371 2482 2419 tam
2510 2364 2564 2417 in
2592 2362 2840 2418 saeculari
2865 2375 3028 2431 quam
3061 2356 3334 2430 spirituali
3359 2356 3470 2411 vita

1888 2456 2081 2527 positis
2102 2454 2283 2527 aliqua
2314 2448 2701 2513 adificationis'
2715 2452 2879 2508 verba
2901 2449 3210 2522 protulisse,
3236 2462 3333 2519 per
3353 2461 3476 2517 qua

1891 2546 2119 2617 quilibet
2155 2546 2464 2602 esurientes
2489 2552 2545 2600 et
2574 2544 2827 2601 sitientes
2872 2540 3144 2611 justitiam
3182 2537 3333 2594 refici
3358 2550 3482 2607 pos-

1891 2648 2039 2697 sunt.
2068 2636 2194 2695 Hac
2221 2638 2438 2710 quidem
2462 2638 2530 2692 de
2559 2635 2682 2691 libri
2708 2634 2940 2691 extremi
2964 2632 3157 2689 ordine
3180 2628 3294 2685 sint
3312 2627 3480 2690 dicta.

1893 2731 1981 2787 cui
2009 2729 2224 2786 titulum
2272 2726 2508 2798 imposui
2541 2744 2555 2781 :
2587 2725 2664 2781 De
2690 2714 2858 2779 tribus
2896 2719 3294 2795 quastionibus,
3324 2717 3378 2773 id
3398 2725 3484 2773 est

1882 2823 1966 2880 de
1994 2822 2193 2878 divina
2242 2819 2465 2892 pietatis
2490 2818 2769 2890 agnitione
2806 2806 3250 2885 indiciorumque
3273 2807 3486 2864 divino-

1897 2932 2018 2973 rum
2045 2904 2383 2979 diversitatc,
2406 2918 2517 2967 nec”
2531 2926 2637 2966 non
2665 2909 2734 2965 de
2757 2909 2907 2963 varia
2931 2907 3069 2963 bene
3097 2901 3291 2974 agendi
3315 2898 3488 2956 facul-

1901 3016 2030 3064 tate.
2085 2994 2293 3063 Deinde
2347 3018 2479 3060 vero
2535 3000 2914 3074 subiungimus
2958 3012 3068 3070 qua
3122 3008 3288 3054 causa
3316 2991 3490 3049 fuerit

1901 3100 2159 3172 scriptus.
2252 3120 2255 3123 ·
2476 3110 2481 3117 '
2608 3104 2667 3119 λ’
2958 3098 2981 3123 ·’
3286 3114 3289 3117 λ

1971 3213 2203 3282 Quidam
2232 3224 2469 3282 namque
2500 3210 2800 3265 monachus
2827 3209 2893 3263 de
2921 3202 3178 3277 Angicnsi
3207 3199 3483 3264 cauobio,

1901 3304 2235 3359 nobilissima
2262 3303 2684 3357 Alentanuorum
2713 3300 2885 3369 stirpe
2911 3306 3085 3362 ortus,
3114 3294 3331 3350 nomine
3347 3290 3490 3346 lien-

1905 3395 2069 3462 ricus,
2103 3410 2228 3450 eum
2252 3394 2320 3448 ab
2345 3391 2649 3448 Jerusalem
2679 3398 3065 3454 reverteretur,
3096 3385 3236 3457 apud
3267 3397 3367 3439 nos
3394 3378 3492 3435 ali-

1886 3478 2143 3558 quandiu
2200 3485 2509 3554 hospitatus
2561 3492 2665 3537 est.
2718 3481 2820 3536 Hic
2871 3495 3003 3550 ergo
3044 3478 3172 3548 quia
3232 3475 3285 3531 in
3330 3485 3490 3528 sacra

1906 3577 2190 3648 Scriptura
2219 3574 2357 3629 satis
2383 3571 2661 3629 studiosus
2691 3568 2814 3633 fuit,
2870 3583 2956 3622 me
2992 3567 3310 3636 frequenter
3335 3559 3492 3633 quasi

1906 3670 2182 3725 doctorem
2224 3663 2380 3731 adiit,
2430 3661 2749 3733 suppliciter
2794 3672 2994 3731 rogans
3028 3671 3128 3728 pro
3171 3652 3495 3724 quibuslam

1909 3778 2079 3818 sacra
2106 3759 2407 3830 Scriptura
2458 3754 2744 3811 sententiis
2780 3761 2839 3807 ut
2889 3765 2983 3805 eas
3006 3748 3110 3804 sibi
3141 3756 3495 3816 exponerem.

1912 3854 2021 3922 Ego
2043 3860 2222 3906 autem
2251 3844 2615 3904 humilitatem
2657 3853 2821 3914 atque
2848 3838 3318 3911 importunitatem
3349 3834 3492 3905 peti-

1913 3932 2077 3998 tionis
2104 3942 2222 4013 cjus
2248 3939 2557 4001 attendens,
2585 3943 2748 4005 prout
2773 3932 2946 4004 potui,
2972 3930 3039 3986 ad
3054 3941 3282 4000 quaque
3307 3931 3496 3995 rogata

1916 4033 2190 4106 respondi.
2245 4030 2491 4101 Cumque
2549 4026 2667 4081 hac
2725 4022 2945 4079 collatio
2988 4021 3189 4102 sapius
3225 4017 3369 4073 inter
3401 4027 3502 4069 nos

1917 4104 2099 4184 habita
2124 4122 2226 4180 sibi
2254 4121 2514 4194 placeret.
2536 4126 2815 4191 postremo
2838 4112 2969 4168 illud
2998 4112 3296 4182 deposcere
3315 4104 3502 4177 coepit,

224 4231 336 4271 cum
362 4218 497 4274 olim
526 4217 746 4273 libellos
767 4217 904 4272 duos
926 4214 1212 4279 ediderim,
1238 4194 1459 4268 tertium
1491 4224 1593 4283 pro
1611 4215 1815 4263 sancta
1917 4228 1977 4277 υι
2023 4216 2279 4275 θωηάαιη
2311 4210 2659 4269 collationem
2692 4205 2916 4283 litteris
2955 4202 3288 4272 exciperem.
3345 4194 3505 4264 Quod

210 4308 505 4381 _'l‘rinitatis
528 4300 775 4377 honore,
795 4307 845 4363 si
866 4308 981 4378 ipsa
1012 4304 1257 4361 Trinitas
1299 4303 1617 4374 dignaretur
1649 4297 1794 4368 inspil

1919 4312 2047 4367 licet
2082 4309 2176 4365 diu
2215 4298 2323 4363 tam
2370 4319 2472 4375 pro
2512 4300 2719 4359 desidia
2757 4311 2919 4369 quam
2941 4309 3043 4365 pro
3070 4289 3374 4381 ignorantia
3398 4285 3506 4381 dif-

229 4419 366 4469 mre,
408 4403 617 4474 sapius
646 4388 832 4471 optavi
864 4398 1083 4455 addere.
1119 4395 1236 4452 Tali
1271 4390 1457 4465 itaque
1482 4406 1644 4448 causa
1676 4388 1815 4445 inci-

229 4504 387 4564 tatus,
432 4496 647 4552 librum
683 4492 996 4560 visionum,
1037 4490 1106 4547 de
1150 4503 1259 4561 quo
1285 4483 1400 4556 jam
1430 4485 1643 4541 locutus
1672 4498 1816 4547 sum,
1849 4507 1893 4565 ί)

230 4587 462 4643 scribere
494 4586 707 4643 studui.

216 4736 225 4741 _
294 4679 549 4736 Tertium
581 4694 714 4735 vero
762 4676 1035 4745 libellum,
1070 4689 1233 4746 quem
1267 4680 1395 4728 ante
1437 4683 1609 4725 annos
1637 4667 1726 4733 l5,
1761 4682 1820 4720 ιι.

212 4771 605 4847 ,ποι-,δετβρεῇ
635 4786 735 4826 cur
763 4770 818 4823 in
842 4778 1088 4824 extremo
1117 4765 1311 4822 ordine
1339 4761 1612 4834 posuerint
1643 4760 1820 4830 primo

234 4866 547 4926 dicendum,
599 4862 799 4919 deinde
834 4876 942 4933 qua
977 4875 1142 4916 causa
1172 4857 1408 4927 scriptus
1438 4856 1597 4909 fuerit
1624 4853 1822 4909 subne-

235 4958 511 5014 ctendum.
541 4955 682 5024 Quia
710 4955 858 5012 enim
888 4953 1181 5010 multorum
1210 4948 1678 5028 accuratisepulis
1711 4961 1824 5002 coe-

216 5049 479 5103 .nantium
506 5062 625 5103 mos
647 5056 762 5111 est,
787 5051 848 5098 ut
877 5043 932 5099 in
962 5044 1135 5114 prima
1157 5050 1210 5097 et
1248 5040 1486 5096 secunda
1516 5039 1633 5094 vice
1668 5035 1826 5092 vilio-

240 5155 296 5194 ra
318 5154 557 5210 quaque
601 5135 808 5193 fercula
855 5144 995 5204 (qua
1040 5150 1149 5190 non
1181 5133 1307 5188 ideo
1346 5131 1537 5185 viliora
1573 5128 1827 5213 dicimus,

240 5233 390 5300 quasi
423 5232 541 5285 sint
570 5229 719 5291 vilia,
752 5225 847 5281 sed
872 5226 1013 5301 quod
1037 5226 1150 5283 sint
1173 5224 1399 5296 optimis
1424 5220 1735 5291 inferiora);
1773 5221 1827 5275 in

243 5332 482 5378 extrema
516 5335 645 5375 vero
681 5316 1005 5390 lautiora,et
1027 5318 1208 5388 aliqua
1232 5324 1351 5371 arte
1374 5315 1642 5386 pracipua
1668 5319 1823 5367 cocta

245 5413 338 5448 eihi
398 5427 684 5448 anan-nava
720 5408 938 5448 inlinunt
1012 5411 1295 5448 nunnimulnc
1344 5407 1396 5448 in
1441 5408 1540 5448 linn
1578 5420 1684 5448 nnn
1716 5412 1823 5448 tam

1924 4404 2145 4468 ferrem,
2199 4397 2485 4470 aggressus
2536 4409 2656 4450 sum
2711 4388 2953 4451 tandem,
3005 4383 3254 4440 scribens
3284 4377 3509 4470 quidem

1923 4509 2020 4567 per
2054 4469 2351 4561 dialogum,
2403 4485 2499 4541 scd
2548 4484 2667 4541 sine
2694 4478 2876 4536 titulo
2926 4473 3166 4567 auctoris
3213 4481 3271 4526 et
3307 4469 3513 4567 absque

1925 4566 2282 4656 personarum
2308 4584 2562 4633 notarum
2592 4571 2809 4636 litteris,
2843 4582 2913 4623 ne
2939 4566 3096 4621 facile
3119 4568 3332 4635 pateret
3358 4566 3513 4626 cujus

1894 4662 2065 4748 opus
2114 4680 2279 4729 esset.
2327 4670 2479 4725 Inter
2531 4660 2647 4723 hac
2702 4679 2832 4719 vero
2880 4662 2971 4717 ille
3019 4659 3086 4715 ad
3124 4656 3514 4712 monasterium

1928 4746 2087 4822 suum
2133 4772 2363 4818 vocatus
2405 4757 2797 4831 proﬁciscitur,
2853 4761 2907 4809 et
2958 4761 3080 4823 post
3134 4763 3239 4803 non
3290 4746 3516 4801 multmu

1931 4857 2243 4928 tempusad
2273 4870 2373 4911 nos
2422 4839 2627 4908 iterum
2656 4848 2967 4906 revertitur.
3009 4843 3163 4899 Tunc
3186 4838 3378 4928 \idens

1932 4925 2175 5006 scribere
2231 4940 2803 5017 coepitqualiterque
2862 4949 2925 4988 ea
2967 4927 3310 4993 adumbrari,
3361 4925 3525 4980 unice

1900 5048 1905 5049 '
1934 5041 2090 5114 petiit
2137 5049 2197 5093 ut
2226 5038 2288 5095 et
2338 5050 2559 5092 causam
2592 5028 2869 5091 scribendi
2916 5026 3248 5082 illustrarem
3281 5021 3525 5091 prologo,

1900 5124 1988 5190 iet
2008 5132 2296 5202 utriusque
2345 5142 2615 5201 persona,
2650 5121 2759 5180 mei
2787 5118 3041 5175 videlicet
3088 5130 3154 5169 ac
3179 5114 3281 5175 sui,
3321 5125 3532 5164 memo-

1898 5230 1905 5235 ’
1934 5226 2070 5281 riam
2094 5215 2466 5294 patefacerem
2484 5219 2540 5273 in
2567 5219 2815 5287 dialogo:
2835 5212 2979 5283 quod
3013 5223 3157 5270 mox,
3184 5214 3243 5259 ut
3263 5212 3529 5294 poteram,

1902 5293 2180 5375 'scribens
2209 5315 2438 5389 implere
2476 5313 2780 5367 studebam.
2807 5305 2934 5360 liae
2964 5305 3131 5375 igitur
3162 5310 3326 5350 causa
3356 5293 3537 5389 Dialo¢

1935 5424 2059 5448 unm
2090 5421 2178 5448 mp
2224 5383 2467 5448 αοῖτίιιρηξ
2526 5401 2654 5448 Γρρίι
2696 5390 2903 5448 εἀυειῐη
2935 5395 3144 5448 idCil‘co
3171 5383 3441 5448 reseraVit
3468 5397 3539 5438 ne
