3998 5450
515 309 592 363 55.
1502 322 1588 374 0T
1598 320 1636 374 ιι
1645 319 1800 376 LONI
1837 320 2075 378 MONAC

2182 323 2239 376 S.
2282 323 2424 379 eum
2434 325 2700 383 ERAMMI
3687 333 3756 388 56

510 422 840 488 supradictis
881 423 1051 509 libris,
1100 441 1235 495 quos
1274 429 1328 482 in
1359 445 1522 483 mium
1563 445 1889 499 coiiiponere
1917 431 2080 486 volui.
2113 435 2169 494 Α
2190 434 2318 503 loga.
2337 434 2648 500 intimatur,
2699 436 2889 506 scripsi
2941 444 3226 507 antequam
3269 439 3643 508 proficiscerer
3685 443 3754 495 ad

508 511 665 567 Nunc
686 514 852 568 etiam
883 513 1012 570 libet
1038 518 1273 586 pandere
1299 533 1404 588 qua
1431 533 1596 575 causa
1624 519 1922 576 studuerim
1947 519 2083 576 alios
2188 525 2578 578 monasterium
2619 525 2902 581 Fuldense.
2944 526 3055 582 Sed
3077 537 3130 582 et
3163 529 3334 584 Vitam
3382 531 3558 585 sancti
3600 531 3760 588 Alto-'

507 603 720 662 libellos
748 608 1010 662 scribere.

581 695 715 752 Cum
752 698 919 769 igitur
947 703 1382 769 persecutionem
1427 720 1591 776 quam
1638 706 1694 761 in
1749 706 2083 764 monasterio

510 795 698 844 nostro
745 790 825 860 (ut
873 793 1243 860 supradictum
1286 797 1390 866 est)
1435 813 1623 866 passus
1659 814 1829 864 eram,
1869 799 2081 871 fugiens

508 881 577 935 ad
605 880 878 938 Fuldense
925 889 1312 941 monasterium
1346 891 1610 954 venirem,
1641 892 1822 961 ibique
1845 907 1942 962 per
1978 909 2076 947 an-

508 987 608 1026 uos
627 981 862 1042 quatuor
887 989 1012 1030 cum
1057 979 1454 1046 tranquillitate
1481 996 1675 1052 magna
1713 991 2080 1037 commoratus

505 1063 752 1129 viderer;
779 1066 1013 1122 dictandi
1047 1069 1430 1141 scribendique
1459 1074 1694 1128 studium
1735 1074 2088 1143 frequentare

506 1151 819 1220 postulabar
847 1171 877 1208 a
907 1157 1228 1226 quibusdam
1267 1161 1504 1230 ejusdem
1547 1166 1857 1219 monasterii
1891 1166 2076 1219 fratri-

501 1243 623 1308 bus,
658 1254 714 1298 ut
736 1249 908 1302 sancti
938 1247 1206 1306 Bonifacii
1237 1252 1408 1308 Vitam
1453 1256 1654 1310 dilIicili
1690 1258 1832 1330 stylo
1852 1259 2076 1324 editam,

502 1333 707 1405 aliquid
751 1337 960 1395 facilius
990 1341 1227 1398 ederem.
1267 1344 1438 1411 Quam
1468 1348 1802 1415 petitionem,
1832 1350 1961 1405 licet
1987 1351 2076 1405 diu

502 1428 848 1498 denegarem,
884 1441 1160 1502 postremo
1193 1444 1370 1491 tamen
1417 1439 1726 1508 compulsus
1757 1441 2080 1511 importunis

498 1521 772 1588 precibus,
804 1531 864 1576 ut
895 1524 1068 1592 potui,
1093 1525 1234 1594 quod
1261 1529 1461 1596 petitus
1493 1544 1640 1584 eram
1673 1530 1908 1600 implevi.
1934 1532 2076 1586 Cau-

501 1623 559 1663 sa
587 1625 718 1680 ergo
746 1610 835 1664 tali
859 1612 1053 1668 librum
1071 1616 1248 1670 sancti
1269 1616 1525 1673 Bonifaeii
1549 1629 1828 1689 promptus
1843 1620 2036 1692 scripsi
2058 1641 2072 1676 :

503 1699 666 1754 alium
719 1704 1198 1773 quoque‘libellum
1240 1722 1401 1776 quem
1452 1709 1714 1779 appellavi
1748 1711 2071 1778 Mannalem,

2185 613 2294 678 nis,
2323 628 2429 666 una
2484 629 2607 669 cum
2659 614 2976 683 quibusdam
3025 618 3354 673 carminibus
3395 620 3462 675 ad
3500 623 3761 676 eumdem

2184 713 2429 759 sanctum
2470 705 2886 774 pertinentibus.
2909 706 3200 776 Postquam
3230 723 3358 763 vero
3392 711 3547 775 redii,
3572 711 3754 767 Vitam

2182 793 2357 848 sancti
2409 793 2587 865 Magni
2627 795 2850 864 scripsi,
2885 797 3193 866 compulsus
3245 797 3471 854 fratrum
3519 799 3751 855 duorum

2181 881 2437 953 precibus
2502 883 2708 939 intimis
2751 893 2806 939 et
2847 885 3102 950 assiduis,
3126 885 3401 942 Wilhelmi
3446 887 3660 944 "scilicet
3684 905 3752 945 ex

2181 973 2604 1042 congregatione
2629 983 2837 1040 nostra,
2860 983 2917 1029 et
2943 975 3166 1030 alterius
3185 977 3276 1045 qui
3305 979 3373 1032 ad
3399 979 3755 1035 nosdiscendi

2179 1077 2343 1117 causa
2379 1077 2450 1116 ex
2501 1065 2830 1118 monasterio
2876 1065 3049 1120 sancti
3089 1065 3262 1136 Magni
3298 1068 3464 1133 venit,
3490 1068 3760 1123 Adalbam

2179 1153 2377 1220 dictus,
2406 1155 2607 1226 quique
2640 1171 2784 1213 nunc
2813 1156 2868 1212 in
2901 1157 3112 1214 Sancta:
3130 1159 3273 1214 Afra:
3303 1159 3551 1216 coenobio
3586 1161 3763 1216 abbas

2178 1255 2262 1301 est
2289 1247 2635 1303 constitutus.

2249 1336 2378 1392 Post
2407 1338 2521 1392 haec
2555 1349 2736 1394 autem
2776 1355 2899 1395 cum
2941 1342 3176 1397 viderem
3206 1342 3375 1397 simul
3408 1352 3465 1398 et
3506 1345 3758 1400 audirem

2179 1427 2416 1498 undique
2441 1429 2764 1484 Christianae
2794 1432 3072 1502 religionis
3093 1433 3543 1498 destructionem,
3577 1444 3756 1490 recto-

2181 1533 2296 1571 rum
2332 1527 2386 1571 et
2413 1518 2719 1588 principum
2745 1520 3130 1590 negligentiam
3173 1521 3230 1575 in
3264 1522 3532 1587 subditos,
3556 1530 3666 1577 tam
3699 1523 3762 1578 in

2177 1608 2445 1676 spirituali
2479 1625 2641 1678 quam
2691 1611 2934 1665 saeculari
2985 1613 3098 1667 vita
3127 1612 3362 1681 positos,
3405 1612 3762 1682 doleremque

2173 1695 2374 1766 jugiter
2387 1713 2484 1768 pro
2501 1699 2719 1764 talibus,
2735 1701 2979 1768 cogitare
2992 1703 3152 1771 ccepi,
3169 1712 3224 1756 ut
3237 1704 3362 1770 quia
3375 1702 3556 1758 nullus
3568 1704 3759 1773 digna-

484 1807 600 1861 pro
635 1795 1000 1853 admonitione
1035 1798 1356 1856 clericorum
1409 1814 1463 1857 et
1499 1803 1760 1860 laicorum
1809 1807 2070 1877 scriptum

2181 1798 2326 1842 retur
2355 1804 2439 1845 me
2467 1790 2654 1846 audire
2677 1792 2953 1846 communi
2993 1807 3247 1848 sermone
3272 1793 3603 1863 loquentem,
3655 1809 3757 1862 pro

499 1881 699 1937 ibidem
739 1885 950 1954 positus
984 1887 1149 1943 edidi.
1195 1889 1326 1944 item
1379 1890 1618 1948 libellum
1660 1893 2077 1952 Proverbioruin

498 1973 556 2030 in
601 1977 790 2033 eodem
840 1981 1168 2036 monasterio
1202 1983 1408 2052 positus
1453 1983 1693 2040 scribere
1726 1986 1885 2056 ccepi.
1936 1985 2075 2042 Cum

497 2077 679 2122 autem
705 2069 936 2126 assiduis
963 2071 1207 2142 epistolis
1228 2089 1323 2146 per
1353 2077 1666 2131 monasterii
1688 2079 1858 2132 nostri
1880 2078 2076 2134 fratres

496 2159 758 2226 quosdam
806 2174 1092 2220 revocatus
1135 2166 1202 2220 ad
1249 2166 1482 2235 patriam
1510 2168 1709 2224 nollem
1737 2171 1847 2225 cito
1877 2171 2074 2225 reverti

495 2259 719 2320 propter
749 2251 960 2308 illorum
990 2254 1249 2322 fratrum,
1284 2259 1426 2312 inter
1460 2274 1595 2328 quos
1619 2268 1746 2316 tunc
1770 2276 2076 2318 commora-

493 2342 619 2409 bar,
645 2344 959 2413 petitionem
993 2347 1340 2418 (omnimodis
1382 2353 1528 2406 enim
1583 2353 1834 2421 precibus
1869 2363 1930 2408 ut
1957 2354 2076 2410 illos

495 2449 603 2490 non
649 2437 955 2495 desererem
1004 2441 1418 2515 elllagitabant),
1449 2446 1540 2500 vix
1590 2447 1806 2502 tandem
1855 2447 1925 2503 ab
1968 2448 2075 2505 illis

494 2530 776 2583 remeandi
806 2528 1080 2586 licentiam
1103 2533 1332 2588 obtinui.

569 2617 952 2674 Verumtamen
993 2619 1067 2675 ad.
1091 2623 1479 2677 monasterium
1511 2634 1753 2680 nostrum
1776 2625 1928 2694 prius
1953 2640 2076 2696 per-

496 2706 687 2762 venire
725 2709 896 2774 nolui,
935 2725 1098 2778 quam
1143 2710 1358 2766 indiciis
1411 2712 1681 2783 aliquibus
1733 2715 2073 2786 explorarem

471 2798 734 2868 .qualiter
753 2801 934 2854 omnia
966 2810 1257 2869 agerentur
1284 2803 1502 2858 ibidem.
1531 2803 1645 2870 Qua
1680 2805 1747 2859 de
1779 2821 1837 2861 re
1865 2807 1933 2860 ad
1954 2822 2073 2861 mo-

495 2889 797 2944 nasterium
839 2891 1128 2944 Amerbaclt
1183 2891 1386 2947 dietnm
1431 2894 1669 2963 perrexi,
1711 2895 1935 2964 cupiens
1964 2895 2074 2952 illic

477 2989 816 3050 exspectare
849 2997 1130 3052 quousque
1181 2993 1365 3038 certus
1404 2983 1586 3039 fierem
1639 2984 1706 3040 de
1760 2986 2074 3042 monasterii

498 3073 672 3127 nostri
721 3073 999 3142 qualitate.
1053 3072 1296 3142 Cumque
1339 3072 1407 3127 ab
1467 3074 1709 3143 ejusdem
1759 3075 2071 3131 monasterii

2179 1880 2507 1951 miseriaqne
2567 1892 2716 1937 tanta
2753 1883 3154 1950 condolentem,
3201 1885 3288 1940 vel
3336 1885 3626 1940 scribendo
3657 1884 3759 1939 ali-

2177 1987 2281 2040 qua
2312 1987 2481 2028 sacrae
2509 1970 2802 2041 Scriptura:
2831 1977 2994 2030 verba
3023 1974 3345 2043 proferrem,
3372 1974 3516 2030 unde
3542 1974 3762 2043 aliquos

2177 2060 2444 2115 aedificare
2475 2075 2715 2129 possem.
2761 2061 2874 2117 Hac
2905 2062 3070 2133 igitur
3108 2078 3274 2118 causa
3319 2064 3515 2134 scripsi
3554 2064 3760 2119 librum

2177 2154 2280 2208 mei
2327 2168 2540 2223 quoque
2578 2153 2760 2222 operis
2789 2154 3165 2217 novissimum,
3202 2155 3290 2210 cui
3322 2155 3537 2209 titulum
3576 2155 3755 2225 impo-

2178 2248 2261 2302 sui
2305 2264 2319 2300 :
2380 2247 2458 2300 De
2504 2263 2661 2300 cursu
2711 2246 2995 2315 spirituali.
3052 2247 3110 2301 ln
3159 2261 3268 2316 quo
3313 2246 3566 2302 videlicet
3615 2246 3762 2302 libro

2181 2349 2441 2407 quantum
2501 2353 2597 2407 per
2647 2352 2817 2392 sacrae
2879 2336 3211 2406 Scriptura,
3264 2338 3610 2406 maximeque
3657 2353 3761 2408 per

2183 2427 2429 2482 Psalterii
2468 2437 2519 2480 et
2553 2424 2824 2494 Evangelii
2858 2440 3108 2495 campum
3146 2441 3374 2492 currere
3400 2428 3575 2496 potui,
3621 2426 3757 2483 scri-

2177 2519 2353 2574 bendo
2379 2516 2596 2588 protuli.
2639 2515 2785 2576 Inter
2812 2515 2930 2571 haec
2959 2524 3014 2571 et
3047 2531 3330 2572 sermones
3362 2516 3625 2586 quosdam
3654 2531 3760 2572 nec

2178 2621 2282 2661 non
2306 2605 2566 2675 epistolas
2596 2620 2694 2673 pro
2724 2605 2999 2660 communi
3033 2604 3263 2660 utilitate
3289 2605 3480 2674 scripsi
3510 2619 3682 2675 :quas
3709 2606 3759 2659 si

2178 2695 2301 2766 quis
2350 2695 2487 2749 forte
2535 2694 2714 2766 legere
2757 2694 3012 2760 voluerit,
3059 2695 3200 2765 apud
3245 2711 3344 2750 nos
3374 2695 3620 2750 invenire
3652 2711 3753 2766 p0-

2181 2788 2328 2843 terit.
2373 2787 2578 2856 Scripsi
2624 2789 2790 2842 etiam
2838 2797 2966 2842 ante
3011 2787 3193 2858 plures
3242 2803 3415 2844 annos
3445 2789 3640 2843 librum
3677 2787 3757 2844 De

2179 2877 2503 2946 confessione
2541 2888 2752 2932 actuum
2804 2895 3058 2942 meorum,
3108 2887 3169 2932 ut
3217 2879 3261 2932 si
3310 2895 3417 2948 qua
3467 2879 3762 2934 infirmitas

2177 2970 2262 3024 vel
2319 2971 2603 3026 subitanea
2660 2986 2807 3034 mors
2861 2985 2948 3025 me
2999 2970 3053 3024 in
3103 2972 3366 3025 extremis
3412 2972 3755 3042 impedireta

2180 3064 2361 3120 debita
2412 3065 2794 3130 confessione,
2853 3064 3044 3120 saltem
3083 3081 3181 3136 per
3235 3066 3434 3136 scripta
3479 3064 3753 3135 pateface-

497 3165 693 3219 abbate
721 3141 1002 3233 susceptus
1031 3165 1178 3232 omni
1210 3141 1554 3218 immanitate
1576 3174 1628 3220 et
1650 3165 1848 3234 pietate
1875 3166 2080 3221 retine-
2102 3141 2146 3203 (ἶ
2178 3171 2290 3211 rem
2324 3157 2444 3225 quis
2473 3172 2540 3211 ex
2573 3156 2914 3226 memetipso,
2944 3159 3066 3226 quis
3092 3173 3158 3212 ex
3199 3158 3294 3212 Dei
3328 3158 3504 3227 gratia
3527 3172 3722 3212 essem.

499 3271 612 3321 rer,
637 3264 692 3310 et
717 3256 782 3310 de
801 3269 970 3309 sacra:
998 3253 1293 3324 Scripturze
1315 3255 1698 3324 qnzestionibus
1727 3255 1909 3310 multis
1937 3255 2079 3310 inter

496 3361 600 3402 nos
619 3362 798 3403 sermo
825 3348 1075 3401 assiduus
1101 3356 1370 3416 ageretur,
1396 3347 1792 3417 placuissetque
1817 3348 1865 3402 ei
1897 3349 2078 3417 saepis-

497 3441 634 3494 sime
665 3438 942 3508 responsio
970 3454 1112 3504 mea,
1140 3439 1340 3494 accidit
1371 3448 1426 3492 ut
1448 3439 1600 3509 juxta
1635 3439 1911 3509 paschalia
1942 3438 2078 3494 festa

502 3530 733 3585 dixisset
763 3530 828 3584 ad
863 3546 947 3586 me
975 3550 986 3584 :
1027 3532 1246 3586 Credite
1286 3530 1414 3584 mihi
1448 3531 1589 3600 quod
1631 3531 1673 3585 si
1699 3532 1849 3586 vobis
1883 3533 2078 3602 praeci-

499 3637 630 3690 pere
660 3621 862 3691 aliquid
892 3637 1128 3691 possem,
1170 3621 1376 3691 absque
1419 3621 1580 3674 dubio
1629 3623 1977 3691 praeciperem
2021 3632 2080 3676 ut

464 3695 468 3699 ’
499 3713 555 3768 in
594 3714 696 3768 hac
733 3714 1078 3767 solemnitate
1111 3714 1354 3781 proxima
1386 3726 1689 3765 sermonem
1731 3712 1982 3765 faceretis
2011 3713 2077 3766 ad

498 3804 775 3874 populum.
808 3804 904 3856 Cui
936 3819 1034 3872 ego
1059 3803 1309 3870 respondi
1341 3802 1526 3854 dicens
1559 3820 1570 3852 :
1601 3801 1710 3854 Cur
1745 3801 1867 3854 talia
1897 3802 2076 3854 dicitis

501 3897 568 3948 ad
599 3910 703 3958 me,
731 3895 821 3963 qni
858 3893 989 3947 nihil
1028 3892 1189 3960 hujus
1244 3892 1318 3946 rei
1347 3892 1485 3956 scio,
1511 3891 1601 3960 qui
1654 3907 1924 3961 nunquam
1955 3907 2077 3946 con-

501 3985 650 4039 suevi
694 3984 946 4054 populum
981 3983 1176 4052 alloqui
1222 3985 1272 4035 in
1317 3983 1566 4052 publico?
1605 3982 1697 4036 Illo
1735 3999 1860 4037 vero
1888 3983 2075 4036 eadem

504 4085 800 4146 repetente,
834 4073 969 4140 ccepi
1001 4089 1123 4126 mox
1162 4072 1398 4142 cogitare
1423 4072 1562 4125 intra
1593 4088 1678 4126 me
1699 4073 1913 4126 dicens:
1939 4071 2076 4137 Quid

499 4167 760 4228 facerem,
788 4163 832 4218 si
874 4161 1094 4230 aliquis,
1123 4159 1274 4228 cujus
1295 4158 1445 4227 jussa
1473 4161 1770 4229 transgredi
1805 4175 1908 4213 non
1940 4177 2074 4230 prte-

503 4269 794 4316 sumerem,
829 4251 954 4306 talia
1001 4251 1130 4305 mihi
1178 4250 1530 4319 praeciperet?
1577 4249 1724 4304 Unde
1767 4250 2075 4320 hujusmodi

499 4363 634 4417 opus
682 4345 1061 4402 assumendum
1101 4353 1183 4399 est
1214 4343 1344 4397 mihi
1401 4352 1613 4412 sponte,
1665 4345 1977 4414 priusquam
2007 4345 2076 4399 ab

501 4439 684 4508 aliquo
717 4435 1010 4507 compellar
1037 4445 1273 4505 potente,
1297 4444 1353 4488 ut
1385 4435 1463 4488 sic
1491 4437 1712 4504 probem
1747 4437 1872 4505 quid
1903 4437 2071 4492 factu-

502 4547 596 4587 rus
621 4544 818 4585 essem.
851 4528 1230 4598 Continuoque
1261 4528 1396 4600 stylo
1428 4540 1647 4599 accepto
1675 4531 1910 4586 scribere
1929 4533 2069 4603 coepi

503 4623 555 4675 in
588 4621 804 4675 modum
833 4620 1122 4682 sermonis,
1148 4634 1365 4674 sumens
1385 4621 1666 4674 exordium
1690 4622 1755 4677 de
1776 4621 2072 4677 Psalmistze

500 4713 662 4767 dictis
687 4725 701 4764 :
724 4710 978 4764 Dominus
1007 4712 1070 4763 de
1108 4708 1233 4764 caelo
1270 4710 1516 4779 prospicit
1547 4727 1704 4779 super
1745 4711 1881 4778 ﬁlios
1904 4714 2070 4765 horni-

501 4820 626 4856 num
655 4818 673 4854 :
703 4817 820 4870 quia)
863 4801 1116 4854 nimirum
1147 4803 1310 4864 dicta,
1336 4808 1597 4870 quantum
1625 4802 1796 4870 potui,
1822 4803 2073 4858 similitu-

501 4895 684 4948 ditium
715 4893 1046 4962 argumentis
1070 4893 1338 4957 roboravi,
1366 4893 1591 4946 credens
1611 4908 1706 4962 per
1728 4893 1840 4948 lucc
1864 4893 2072 4963 aliquos

499 4982 796 5046 :edilicari;
849 4985 934 5037 cui
1007 4983 1254 5046 videlicet
1323 4984 1472 5053 eperi
1533 4984 1745 5038 titulum
1801 4985 2069 5055 imposui:

507 5075 780 5139 Quomodo
809 5075 1078 5144 legendum
1102 5077 1171 5136 sit.
1200 5077 1252 5129 in
1295 5075 1444 5129 rebus
1475 5076 1780 5130 risibilibus.
1811 5077 1943 5132 Cum
1971 5094 2069 5131 au-

502 5175 610 5220 tem
660 5166 711 5219 in
745 5167 932 5220 eodem
981 5167 1096 5221 loco
1143 5183 1306 5222 unum
1336 5183 1470 5238 pene
1509 5185 1708 5223 annum
1765 5187 2072 5236 manerem,

502 5264 768 5309 venerunt
825 5257 996 5309 nuntii
1029 5272 1092 5310 ex
1143 5257 1470 5311 monasterio
1499 5269 1686 5312 nostro
1718 5260 1902 5326 missi,
1947 5275 2070 5316 cum

499 5347 696 5416 quibus
725 5347 918 5402 exinde
950 5350 1014 5402 ad
1037 5349 1266 5417 patriam
1300 5363 1550 5403 reversus
1573 5365 1709 5403 sum.

2251 3248 2442 3302 Adhuc
2484 3247 2728 3318 proferre
2761 3248 2891 3302 libet
2935 3249 3165 3302 duarum
3209 3250 3515 3303 orationum
3564 3247 3752 3302 verba.

2177 3340 2478 3395 Attendens
2527 3340 2672 3394 enim
2724 3339 2956 3410 saepius,
3009 3341 3132 3410 quia
3187 3340 3450 3410 plurimos
3495 3337 3755 3409 exemplis

2176 3432 2357 3502 pravis
2384 3433 2594 3496 seduxi,
2630 3431 2758 3486 talia
2785 3431 3048 3486 orationis
3086 3434 3248 3486 verba
3276 3429 3517 3485 scribere
3544 3427 3753 3494 studui,

2179 3523 2231 3574 in
2259 3522 2454 3591 quibus
2485 3522 2854 3590 unusquisque
2885 3521 3018 3575 satis
3043 3519 3222 3574 doceri
3254 3527 3433 3586 potest
3483 3519 3755 3586 quomodo

2177 3629 2274 3681 pro
2299 3628 2356 3666 se
2389 3623 2444 3665 ct
2485 3630 2584 3682 pro
2621 3613 2743 3666 aliis
2770 3627 2930 3664 orare
2959 3612 3154 3664 debeat
3183 3627 3194 3661 :
3228 3623 3347 3676 quae
3392 3609 3594 3662 scilicet
3630 3623 3756 3661 ora-

2179 3703 2350 3754 tiones
2377 3717 2498 3754 cum
2523 3716 2551 3752 a
2577 3700 2898 3766 quihusdam
2922 3698 3031 3764 jam
3062 3697 3380 3756 habeantur,
3416 3696 3465 3747 in
3498 3696 3597 3748 hoc
3621 3712 3754 3764 opu—

2177 3790 2324 3844 sculo
2350 3789 2654 3843 describere
2691 3789 2856 3842 uolui.
2893 3787 2984 3840 llte
3014 3797 3194 3840 autem
3227 3785 3502 3838 orationes
3535 3785 3756 3855 aliaque

2117 3897 2149 3924 ο
2177 3880 2425 3948 superius
2458 3881 2522 3933 dc
2554 3880 2789 3933 dictandi
2823 3879 2962 3932 dono
2991 3876 3218 3946 prolata,
3258 3883 3408 3929 tanto
3439 3874 3608 3942 magis
3638 3876 3755 3945 pie-

2179 3970 2269 4022 tati
2309 3969 2504 4022 divince
2537 3977 2787 4023 constant
2831 3966 3132 4032 referenda,
3167 3976 3368 4036 quanto
3396 3963 3625 4034 amplius
3656 3981 3755 4019 no-

2179 4070 2288 4114 tum
2323 4069 2405 4112 est
2454 4076 2536 4113 me
2573 4059 2719 4112 vitiis
2759 4058 3000 4128 plurimis
3037 4060 3304 4126 quondam
3346 4055 3582 4109 deditum
3615 4055 3750 4108 nihil

2176 4150 2366 4204 horum
2401 4151 2684 4202 meruisse.
2727 4150 2850 4203 Ideo
2894 4159 3071 4202 autem
3114 4148 3229 4201 haec
3260 4143 3476 4214 protuli,
3517 4156 3567 4196 nt
3595 4143 3753 4211 juxta

2179 4243 2282 4295 hoc
2317 4240 2453 4310 quod
2488 4241 2599 4308 ipse
2650 4240 2908 4293 Dominus
2961 4239 3011 4292 in
3062 4237 3354 4308 Evangelio
3385 4235 3595 4289 cnidth
3644 4234 3747 4288 dar

2179 4335 2426 4389 nioniaco
2456 4351 2484 4388 a
2517 4350 2574 4389 se
2599 4333 2826 4387 liberato
2856 4332 3108 4401 prmcepit
3138 4331 3322 4384 dicens
3353 4346 3364 4380 :
3402 4325 3544 4380 Vade
3572 4327 3622 4377 in
3653 4326 3751 4378 do-

2177 4443 2317 4478 mum
2358 4435 2524 4488 ruant,
2559 4435 2604 4477 et
2652 4440 2809 4477 narra
2855 4435 3047 4493 quamn
3092 4420 3266 4490 fecerit
3311 4419 3402 4471 tibi
3448 4417 3606 4481 Deus,
3649 4433 3748 4486 ego

2175 4531 2389 4584 quoque
2430 4528 2707 4568 narrarem
2745 4521 2946 4583 quanta
2977 4510 3108 4564 mihi
3135 4507 3393 4564 beneficia
3426 4507 3567 4561 Deus
3596 4506 3748 4560 ethi-

2173 4607 2372 4665 luerit.

2247 4697 2398 4752 Unde
2428 4697 2608 4750 adhuc
2630 4695 2760 4748 libet
2787 4709 3069 4757 enarrare,
3098 4701 3297 4760 quanta
3326 4688 3548 4743 scientia
3576 4702 3749 4757 quan-

2177 4798 2335 4857 taun
2365 4787 2595 4842 facultas
2624 4785 2893 4840 scribendi
2926 4784 3056 4838 mihi
3095 4783 3216 4836 data
3263 4779 3424 4834 fuerit
3451 4794 3481 4831 a
3519 4778 3751 4833 Domino

2178 4879 2229 4931 in
2278 4878 2530 4948 primaeva
2577 4886 2755 4932 aetate.
2789 4874 2922 4929 Cum
2968 4874 3130 4943 igitur
3177 4884 3374 4941 parvus
3404 4868 3634 4923 scholari
3667 4868 3748 4922 dis

2175 4968 2415 5036 sciplinze
2458 4967 2690 5020 traditus
2727 4964 2949 5019 fuissem
2983 4963 3298 5028 litterasque
3327 4957 3579 5012 celeriter
3606 4955 3748 5009 didi-

2173 5059 2401 5122 cissem,
2433 5058 2569 5126 coepi
2611 5057 2775 5108 etiam
2823 5054 2982 5123 longe
3024 5061 3150 5105 ante
3189 5049 3403 5104 solitum
3433 5055 3643 5114 tempus
3665 5045 3746 5100 di-

2175 5149 2382 5213 scendi,
2407 5148 2521 5202 sine
2541 5147 2695 5213 jussu
2724 5145 2987 5216 magistri,
3014 5153 3184 5196 artem
3217 5141 3425 5194 discere
3445 5137 3740 5192 scribendi.

2175 5239 2396 5292 Furtivo
2422 5241 2565 5291 enim
2593 5247 2648 5292 et
2675 5237 2889 5290 insolito
2919 5233 3097 5295 modo,
3125 5246 3222 5285 nec
3253 5243 3358 5282 non
3381 5229 3498 5282 sine
3519 5230 3745 5281 docente

2175 5329 2325 5383 nisus
2363 5344 2482 5383 sum
2521 5327 2765 5380 eamdem
2799 5334 2969 5378 artem
3007 5320 3276 5378 scribendi
3316 5317 3742 5388 apprehendere.

2891 5428 3122 5450 “ann-Im
3170 5413 3235 5450 ad
3275 5407 3619 5450 ςονίᾕριιιίιιιη
3668 5407 3747 5450 in-

2433 5436 2489 5450 nn
2538 5419 2756 5450 nnnl:n:l
2792 5425 2845 5450 III

2177 5423 2288 5450 nm.
2324 5422 2388 5450 ,1η
