3998 5450
277 181 345 234 57
977 178 1106 235 LIB.
1148 180 1236 236 DE
1272 178 1825 238 TENTATIUNIBUS
1861 180 2015 236 SUIS
2055 179 2142 235 ΕΤ
2179 179 2597 235 δεωιιϊιδ.-
2620 182 2799 233 PARS
2836 185 2898 235 ll.
3490 193 3558 238 ss

284 298 508 366 plures,
547 297 808 352 dixerunt
839 309 1028 349 omnes
1057 310 1330 365 nunquam
1364 309 1449 349 me
1473 296 1611 350 bene
1639 296 1875 364 scriptu-
1906 299 1956 356 Α
1984 305 2038 348 et
2062 292 2299 363 quinque
2321 293 2373 346 in
2414 291 2535 346 aliis
2583 291 2719 346 locis
2754 292 3246 357 commorantibus;
3291 302 3400 348 tres
3425 309 3562 364 quo-

286 402 431 441 rum.
465 385 585 440 Sed
611 385 770 440 aliter
798 385 978 440 evenit
1004 399 1069 439 ex
1101 386 1275 454 gratia
1317 377 1435 451 Dei,
1467 386 1607 439 sicut
1641 385 1887 456 plurimis

295 484 487 530 notum
524 485 639 530 est.
669 475 799 529 Nam
833 490 954 530 cum
995 475 1048 528 in
1089 476 1340 542 pueritia,
1376 475 1600 546 ipsoque
1649 485 1887 546 tempore

299 580 402 634 quo
430 563 623 618 tabula
670 565 804 618 mihi
848 563 970 618 data
1013 572 1097 618 est
1140 578 1264 617 cum
1309 563 1431 617 aliis
1472 565 1653 633 pueris
1695 565 1761 620 ad
1802 566 1884 620 di-

301 656 561 711 scendam
599 656 923 725 scripturam
953 655 1170 710 viderer
1195 655 1399 724 aliquid
1433 657 1671 711 scribere
1704 673 1884 722 nosse,

303 745 627 798 miraculum
658 759 763 798 non
794 760 1014 814 parvum
1059 745 1262 815 przebui
1311 747 1655 802 videntibus:
1692 748 1887 804 deinde

302 851 427 889 vero
476 851 588 889 non
633 845 758 905 post
800 836 1017 906 longum
1053 846 1266 906 tempus
1311 847 1418 891 tam
1471 837 1607 892 bene
1648 839 1887 894 scribere

302 925 464 994 cepi,
497 935 824 995 tantumque
870 926 1120 981 allectum
1163 928 1230 996 ad
1275 928 1377 981 hoc
1421 929 1606 982 habuit
1651 938 1705 981 nt
1748 930 1884 984 etin

302 1018 422 1072 loco
451 1018 547 1072 illo
567 1034 677 1086 quo
707 1019 837 1072 talia
863 1019 1045 1084 didici,
1070 1020 1120 1072 id
1149 1029 1232 1074 est
1258 1021 1309 1074 in
1337 1022 1583 1075 coenobio
1608 1021 1886 1091 Tegernsee

301 1108 465 1172 dicto,
508 1108 710 1162 multos
757 1109 926 1164 libros
973 1110 1342 1179 scripsissem;
1393 1125 1447 1166 et
1496 1113 1547 1166 in
1598 1113 1884 1168 Franciam

302 1200 601 1256 translatus
627 1201 808 1256 adhuc
835 1216 987 1270 puer,
1015 1201 1196 1270 ibique
1226 1203 1278 1256 in
1321 1212 1526 1257 tantum
1558 1204 1720 1258 inulta
1754 1205 1887 1260 scri-

298 1290 475 1344 bendo
501 1291 862 1352 laborassem,
881 1299 936 1342 ut
963 1291 1087 1344 inde
1113 1292 1326 1346 rediens
1347 1308 1482 1361 pene
1507 1294 1620 1347 visu
1644 1295 1885 1364 privatus

299 1381 551 1435 fuissem.
597 1382 724 1435 Haec
767 1396 896 1450 ergo
926 1382 1046 1436 ideo
1070 1381 1316 1450 proferre
1348 1383 1563 1439 decrevi
1591 1395 1648 1439 ut
1675 1387 1885 1456 aliquos

299 1471 586 1525 incitarem
615 1471 684 1526 ad
712 1471 944 1526 similem
975 1471 1226 1527 all'ectum
1263 1474 1574 1541 lahomndi;
1623 1479 1884 1546 gratiam-

297 1577 402 1630 que
429 1561 687 1631 Dei,qnze
717 1572 866 1616 tanta
895 1563 1023 1616 mihi
1055 1564 1314 1618 beneficia
1341 1567 1591 1633 praebuit,
1619 1568 1738 1623 aliis
1762 1586 1887 1623 nar-

1987 400 2092 454 qne
2119 383 2286 438 libros
2316 382 2728 451 Evangeliorum
2747 424 2764 448 ,
2807 393 2864 437 et
2896 383 3030 437 duos
3061 400 3184 438 cum
3213 383 3466 452 Epistolis
3503 393 3574 442 et.

1986 475 2316 546 Evangeliis,
2347 475 2438 543 qui
2469 475 2793 528 Lectionarii
2835 484 3112 528 vocantur.
3143 475 3221 528 Ad
3253 477 3368 528 hzec
3396 476 3558 530 etiam

1985 568 2176 637 scripsi
2223 574 2456 636 quatuor
2482 565 2830 619 matutinaies
2858 566 3045 620 libros.
3085 565 3277 620 Postea
3308 577 3562 622 senectus

1986 670 2042 714 et
2090 657 2378 710 inﬁrmitas
2423 656 2570 709 varia
2617 671 2702 711 me
2749 656 3043 725 prohibuit,
3093 657 3433 725 maximeque
3480 658 3560 710 in-

1983 752 2244 823 quietudo
2274 751 2551 813 diuturna,
2579 766 2698 819 qua:
2724 749 2852 803 mihi
2878 765 2940 802 ex
2969 749 3136 804 variis
3163 749 3311 803 curis
3340 758 3392 802 et
3421 763 3559 803 maz-

1987 857 2112 895 rore
2151 858 2249 911 pro
2281 840 2598 894 monasterii
2640 840 2806 893 nostri
2836 839 3200 893 destructione
3244 848 3434 892 exorto
3465 856 3562 909 per

1988 943 2230 1002 tempora
2264 930 2484 985 inolevit
2516 929 2700 982 multa.
2739 928 2801 982 Ei
2841 940 3019 982 autem
3052 929 3332 998 qni-omne
3361 930 3560 986 bonum

1986 1033 2233 1092 prmstat,
2261 1032 2316 1076 et
2343 1021 2488 1076 solus
2516 1031 2711 1075 cuncta
2751 1021 3036 1090 gubernat,
3083 1023 3282 1090 qui-que
3314 1023 3441 1075 mihi
3475 1023 3556 1076 in-

1985 1117 2148 1185 digno
2194 1115 2460 1169 concessit
2509 1113 2739 1182 plurima
2776 1113 2912 1166 dona
2937 1153 2951 1176 ,
2984 1113 3054 1166 sit
3083 1112 3200 1166 laus
3239 1126 3458 1180 aeterna,
3488 1116 3560 1170 sit

1987 1212 2162 1265 honor
2190 1224 2286 1279 per
2316 1207 2510 1261 sa‘cula
2539 1215 2754 1260 cuncta.

2055 1299 2210 1353 Libet
2255 1298 2417 1351 etiam
2459 1295 2738 1366 proferre,
2776 1304 3037 1364 quantum
3078 1296 3348 1350 reminisci
3382 1297 3560 1364 valeo,

1984 1402 2116 1459 quot
2156 1390 2322 1443 libros
2354 1387 2679 1458 quibusdam
2730 1387 2995 1442 cwnobiis
3035 1396 3127 1440 aut
3167 1386 3356 1440 amicis
3393 1386 3562 1441 tradi-

1987 1481 2176 1536 derim.
2210 1481 2272 1534 Et
2293 1481 2468 1551 primo
2495 1479 2710 1548 quidem
2743 1478 2937 1532 fratres
2965 1478 3254 1534 Fuldenses
3280 1479 3576 1552 nominarq

1988 1572 2130 1635 volo,
2160 1573 2283 1641 quia
2312 1587 2408 1641 pro
2437 1588 2502 1626 eo
2542 1571 2684 1641 quod
2729 1571 2868 1641 apud
2899 1587 2993 1624 eos
3032 1572 3266 1624 maxime
3293 1571 3562 1638 laboravi,

297 1664 427 1704 rans
455 1663 556 1705 eos
601 1651 670 1704 ad
717 1652 1172 1721 magniﬁcandam
1220 1654 1465 1708 eamdem
1511 1658 1742 1726 gratiam
1791 1659 1880 1713 Dei
1919 1639 1960 1696 Β
1987 1639 2233 1717 scribens
2263 1639 2429 1717 libros
2472 1639 2689 1730 multos,
2721 1639 2857 1732 quos
2884 1664 3211 1716 monasterio
3242 1670 3426 1718 nostro
3456 1672 3562 1715 tra-

298 1755 512 1794 mecum
539 1741 775 1796 traham.
803 1742 888 1806 Et,
915 1753 972 1796 ut
1001 1743 1104 1798 hoc
1135 1746 1366 1816 amplius
1395 1746 1609 1814 faciam,
1640 1749 1886 1820 proferre

298 1833 430 1888 libet
465 1843 739 1906 quantum
787 1834 1146 1892 laboraverim
1185 1840 1474 1895 scribendo
1519 1852 1726 1910 postea,
1760 1859 1882 1897 cum

300 1942 555 1984 reversus
583 1927 810 1983 luissem
859 1930 925 1982 de
982 1931 1259 1986 Francia:
1314 1933 1385 1988 ibi
1429 1935 1626 2005 quippe
1677 1935 1884 1992 fueram

299 2019 521 2086 quando
558 2019 694 2074 obiit
742 2019 927 2074 Czcsar
973 2019 1271 2090 llcnricus,
1330 2033 1383 2080 et
1434 2024 1612 2082 iactus
1657 2039 1741 2082 est
1788 2042 1880 2082 rex

297 2109 603 2166 Conradus.

369 2199 664 2270 Postquam
693 2201 861 2272 igitur
886 2203 937 2258 in
969 2204 1139 2260 sancti
1164 2205 1549 2261 Emmerammi
1573 2207 1881 2264 ccenobinm

297 2297 366 2350 ad
399 2297 817 2351 conversionem
863 2299 1006 2362 veni,
1034 2315 1156 2352 mox
1183 2302 1541 2370 quorumdam
1572 2316 1731 2369 prece
1761 2299 1880 2370 pul-

297 2396 469 2450 satus,
502 2394 655 2440 tanto
699 2387 897 2441 iterum
926 2389 1200 2444 scribendi
1237 2391 1416 2444 studio
1452 2391 1778 2461 occupabar,
1823 2400 1882 2445 ut

297 2492 447 2541 raro,
477 2478 579 2532 nisi
611 2479 664 2532 in
690 2478 902 2535 festivis
939 2481 1126 2537 diebus
1153 2494 1248 2536 aut
1273 2483 1327 2536 in
1353 2483 1473 2537 aliis
1503 2483 1652 2537 horis
1683 2484 1881 2538 incom-

295 2572 625 2641 petentibus,
658 2573 726 2626 ab
752 2573 856 2626 hoc
876 2587 1038 2641 opere
1060 2588 1354 2627 cessarem.
1383 2572 1588 2628 Interea
1617 2574 1878 2629 successit

301 2673 360 2718 et
392 2664 532 2718 alius
575 2663 747 2718 labor.
781 2662 914 2717 Nam
939 2679 1035 2734 pro
1062 2679 1127 2719 eo
1157 2665 1300 2734 quod
1333 2665 1530 2732 saepius
1554 2665 1752 2735 legere,
1784 2675 1877 2720 aut

295 2759 575 2822 scribere,
609 2768 703 2811 aut
727 2759 937 2812 dictare
972 2759 1215 2823 videbar,
1259 2759 1704 2814 scholasticorum
1745 2777 1873 2815 cura

295 2849 426 2905 mihi
452 2849 748 2903 commissa
777 2856 863 2902 est
889 2865 901 2900 :
931 2863 994 2902 ex
1020 2850 1216 2916 quibus
1241 2849 1495 2903 nimirum
1524 2850 1775 2904 euntibus
1801 2851 1873 2905 ita

293 2939 644 3010 pet-gratiam
672 2939 765 2993 Dei
787 2939 1220 3008 constringebar,
1243 2948 1301 2994 ut
1322 2955 1464 3008 saepe
1487 2955 1684 3009 corpus
1703 2941 1870 3011 quieti

1984 1755 2205 1817 deham;
2239 1754 2356 1808 ideo
2399 1753 2539 1823 apud
2580 1771 2678 1808 nos
2722 1769 2937 1824 quoque
2980 1753 3168 1821 scripsi
3203 1752 3389 1816 libros,
3423 1768 3562 1822 quos

1985 1845 2084 1914 ipsi
2129 1861 2236 1898 non
2281 1844 2573 1898 habebant.
2613 1844 2835 1898 Tradidi
2878 1859 3108 1912 namque
3149 1845 3228 1898 eis
3267 1844 3408 1898 sicut
3448 1858 3558 1897 me-

1984 1933 2142 1998 mini,
2171 1949 2243 1986 vn
2269 1932 2498 1998 libellos,
2525 1932 2977 1988 llerveldensibus
3008 1942 3187 1986 autem
3211 1932 3346 1987 duos
3372 1932 3558 1988 libros.

1983 2025 2228 2093 Cntnque
2259 2040 2324 2077 ex
2354 2025 2599 2094 partibus
2630 2025 2737 2079 illis
2767 2039 3114 2090 remeassem,
3165 2033 3220 2078 et
3267 2024 3332 2077 ad
3370 2024 3557 2076 Amar-

1984 2117 2115 2170 bach
2156 2118 2448 2182 venissem,
2483 2117 2680 2171 tradidi
2728 2118 2969 2188 ejusdem
3014 2117 3116 2172 loci
3166 2116 3347 2170 abbati
3391 2129 3543 2170 mum

1981 2207 2205 2268 librum.
2231 2207 2425 2264 Postea
2474 2222 2603 2260 vero
2650 2222 2773 2261 cum
2823 2207 2992 2261 fratre
3039 2216 3223 2260 nostro
3269 2203 3561 2264 Wilbelmo

1981 2305 2277 2374 profectus,
2324 2299 2445 2355 dedi
2493 2300 2541 2354 ei
2578 2309 2813 2369 quatuor
2841 2299 3028 2364 libros,
3075 2299 3216 2352 inter
3257 2312 3392 2364 quos
3437 2306 3556 2350 erat

1981 2394 2214 2449 Missalis
2239 2393 2377 2447 liber
2406 2391 2540 2445 satis
2566 2391 2871 2460 pretiosus:
2903 2389 3094 2443 Abbati
3127 2389 3192 2442 dc
3221 2385 3565 2440 Lauresheim.

1981 2500 2145 2538 unum
2179 2483 2410 2544 librant;
2465 2481 2644 2536 abbati
2692 2481 2758 2534 de
2803 2478 3089 2549 Ebersperg
3123 2495 3287 2532 unum
3318 2475 3554 2543 labrum;

1979 2573 2172 2628 amicis
2197 2571 2520 2643 quibusdam
2552 2571 2605 2624 in
2634 2569 2848 2625 Boemia
2877 2570 3066 2639 positis
3091 2579 3326 2638 quatuor
3353 2567 3553 2633 libros;

1979 2666 2156 2720 amico
2193 2665 2408 2719 cuidam
2455 2664 2510 2718 in
2544 2662 2764 2717 Patavia
2795 2663 2971 2733 posito
3011 2677 3176 2714 unum
3224 2661 3418 2714 librmn
3447 2676 3460 2724 ;
3487 2659 3555 2712 ad

1979 2755 2365 2810 monasterium
2405 2753 2691 2825 Tegernsee
2731 2754 2866 2807 duos
2916 2751 3115 2816 libros;
3163 2751 3230 2805 ad
3264 2749 3556 2821 Pryelense

1977 2847 2284 2901 cmnobimn
2336 2862 2501 2916 prope
2538 2861 2636 2899 nos
2669 2844 2903 2913 positum
2957 2844 3206 2898 volumen
3255 2858 3444 2906 unum,
3497 2841 3551 2896 in

1977 2955 2084 3009 quo
2110 2947 2222 2992 tres
2247 2938 2367 2992 libri
2405 2944 2582 2992 erant.
2616 2935 2720 2991 Sed
2746 2944 2802 2989 et
2825 2935 2935 2989 ﬁlio
2962 2936 3165 2990 sororis
3190 2949 3322 2988 mea:
3350 2934 3551 2989 ibidem

295 3031 620 3086 necessaria:
661 3045 768 3085 non
821 3029 1166 3098 permitterer
1197 3031 1430 3086 tradere.
1471 3031 1714 3102 Cumque
1757 3034 1869 3089 dic-
1901 3023 1945 3084 C
1979 3031 2154 3100 posito
2186 3045 2350 3082 nnmn
2404 3028 2622 3091 librum,
2667 3027 2956 3095 variasque
3006 3025 3262 3096 epistolas
3293 3025 3437 3079 dedi.
3471 3023 3553 3079 Ad

294 3121 474 3175 rtandi
506 3119 750 3174 studium
787 3119 1010 3181 inesset,
1041 3119 1107 3172 ad
1139 3121 1241 3174 hoc
1267 3121 1561 3190 schissime
1585 3138 1688 3175 non
1714 3122 1874 3178 habui

297 3219 528 3280 tempus,
564 3209 670 3263 nisi
719 3210 774 3262 in
817 3207 1027 3264 festivis
1055 3211 1263 3275 diebus,
1314 3220 1409 3264 aut
1438 3213 1709 3278 noctibus,
1747 3229 1872 3268 con-

295 3302 514 3355 suictus
551 3298 810 3353 videlicet
859 3311 912 3354 et
961 3316 1248 3370 puerorum
1281 3317 1411 3356 cura
1448 3302 1513 3355 ad
1547 3303 1872 3367 doccmlum,

291 3404 345 3449 et
367 3393 581 3448 illorum
619 3393 907 3463 petitione,
935 3395 1129 3462 quibus
1157 3395 1394 3450 scribere
1433 3396 1597 3465 cwpi,
1643 3395 1710 3449 ad
1741 3397 1874 3450 scri-

289 3487 543 3541 bendum.
580 3485 728 3554 Ergo
765 3498 966 3554 prxzer
1008 3485 1214 3540 libellos
1250 3503 1278 3539 a
1327 3502 1410 3540 me
1441 3487 1695 3552 dietantus,
1737 3503 1873 3555 quos

287 3588 390 3631 tam
422 3587 629 3647 sponte
657 3591 826 3645 quam
858 3575 1058 3644 petitus
1108 3592 1204 3644 pro
1242 3576 1472 3629 aliorum
1518 3577 1874 3630 aediﬁcatione

284 3669 485 3723 dandos
507 3666 748 3734 scripsi;
773 3681 883 3720 uno
905 3665 1083 3719 minus
1107 3681 1174 3718 xx
1204 3665 1369 3718 libros
1391 3665 1634 3720 Missales
1658 3666 1873 3735 scripsi,

279 3756 458 3813 decent
482 3756 715 3826 quidem
741 3755 1034 3808 abbatibus
1058 3764 1150 3808 aut
1175 3753 1437 3809 fratribus
1465 3755 1516 3808 in
1544 3757 1873 3810 monasterio

271 3860 456 3909 nostro
474 3849 720 3924 positis;
743 3857 988 3918 quatuor
1010 3856 1188 3903 autem
1213 3848 1470 3904 fratribus
1494 3847 1869 3917 Fuldcnsibus,

1980 3120 2243 3189 Superius
2276 3118 2689 3187 (Obcrmunsler)
2744 3133 2958 3186 quoque
3006 3117 3396 3170 monasterium
3443 3125 3559 3173 tres

1978 3213 2183 3274 libros;
2232 3211 2298 3264 ad
2350 3209 2580 3263 Inferius
2625 3206 3114 3278 (Nidcrnmunster)
3165 3206 3556 3261 monasterium

1980 3316 2146 3352 unum
2181 3299 2377 3352 librum
2423 3297 2563 3350 dedi.
2603 3297 2876 3351 Praeterea
2924 3296 3108 3350 multis
3150 3296 3270 3349 aliis
3316 3295 3434 3349 dedi
3465 3301 3559 3350 aut

1983 3393 2104 3446 misi
2135 3390 2425 3459 aliquando
2456 3406 2734 3442 sermones
2767 3399 2859 3442 aut
2899 3389 3218 3458 proverbia,
3251 3403 3344 3441 seu
3375 3385 3556 3456 aliqua

1976 3480 2346 3536 :cdilicationis
2380 3481 2600 3549 scripta.
2631 3481 2779 3534 Talia
2814 3490 2992 3532 autem
3031 3479 3235 3532 laboris
3264 3479 3366 3532 mei
3419 3477 3557 3532 indi-

1976 3573 2059 3626 cia
2086 3573 2175 3625 hic
2203 3572 2323 3624 ideo
2371 3571 2590 3639 protuli,
2644 3578 2700 3623 nt
2730 3570 2938 3639 aliquos
2968 3570 3264 3623 monachos
3291 3565 3555 3621 otiositati

1975 3661 2186 3714 deditos
2225 3669 2625 3722 converterem,
2663 3668 2715 3712 et
2742 3659 2806 3712 ad
2835 3658 3049 3727 aliquod
3081 3673 3215 3727 opus
3244 3655 3554 3710 monasticzn

1975 3745 2096 3806 vine
2136 3768 2436 3822 congruum
2470 3752 2771 3805 incitarem.
2821 3752 2878 3805 Si
2922 3752 3064 3807 cnim
3095 3760 3201 3804 tam
3234 3764 3426 3820 magna
3455 3761 3547 3804 nc-

1975 3857 2199 3919 queunt,
2229 3847 2468 3902 faciliora
2494 3862 2653 3918 agere
2677 3855 2923 3918 possunt.
