3998 5450
513 349 589 411 ι)
1521 356 1822 416 οτιλιιλοκε
1866 361 2172 418 nomen:
2215 363 2272 417 s.
2316 361 2736 416 EMMEIMMSII
3442 331 3453 340 ’
3711 369 3783 426 60

1057 651 2294 859 VENEnAnIus
2370 721 3176 834 omanem

1543 915 1850 971 MONACHI
1892 877 2755 1002 SANCT-Eunenauucnsts

728 1075 1432 1192 DIALOGUS
1517 1077 1696 1186 DE
1785 1074 2301 1190 TRIBUS
2391 1075 3527 1227 QU/ESTIONIBUS,

2000 1272 2073 1333 Id
2116 1277 2212 1334 est
2250 1293 2266 1335 :

649 1411 740 1477 De
773 1414 997 1480 divinae
1025 1415 1278 1477 Dictatis
1307 1413 1652 1493 agnitione,
1672 1411 2042 1493 judiciorun

1859 1509 2042 1572 agona

2150 1435 2191 1475 te
2226 1414 2588 1556 dlt'tvt'tnorum
2620 1418 3102 1499 diversitate,,et
3137 1425 3210 1487 de
3244 1431 3425 1489 varia
3459 1430 3606 1492 bene

2150 1514 2256 1555 acu
2317 1517 2350 1556 a
2385 1516 2434 1558 ε.

1859 1511 2081 1572 agona:
2109 1511 2434 1572 lacuna“.

487 1625 863 1713 Proditnrtnq
896 1635 1122 1713 primum
1164 1634 1217 1713 in
1255 1633 1422 1713 Intern
1463 1633 1720 1713 cut-odd.
1762 1651 1888 1686 mss.
1926 1634 2240 1713 inclytorunt
2283 1645 2722 1713 monasteriorum
2773 1643 2834 1698 S.
2877 1644 3060 1702 Crncis
3109 1653 3226 1702 0rd.
3270 1649 3398 1705 Cist.
3441 1664 3490 1707 el
3534 1654 3763 1713 Lambe-

555 1704 885 1786 censis‘ord.
1044 1703 1239 1785 Bened.
1282 1706 1335 1784 in
1374 1705 1607 1770 Annia,
1664 1721 1820 1774 opera
1865 1716 1912 1759 et
1961 1703 2138 1760 studio
2192 1705 2314 1762 Ven.
2358 1708 2424 1762 ι).
2469 1708 2534 1763 Ρ.
2578 1710 2826 1783 Leopoldi
2881 1714 3266 1786 I’Vylemonni,
3311 1703 3760 1783 Carthagini";

559 1772 940 1828 bibliotltccarii
975 1772 1352 1829 Cemnicensis.

1043 1910 1194 1980 Apud
1225 1912 1288 1965 Il.
1322 1911 1380 1966 Ρ.
1414 1912 1749 1968 Bernardum
1781 1912 2023 1978 Pezium,
2067 1913 2366 1971 Thesauro:
2398 1918 2624 1986 Anecd.,
2653 1920 2738 1988 Ill,
2773 1938 2836 1989 ll,
2871 1939 2993 1994 pag.
3033 1927 3183 1999 Ml.)

1874 2155 2338 2246 INCIPIT

1153 2344 1635 2444 DIALOGUS
1732 2303 1886 2440 ΒΕ
1935 2288 2280 2444 TBIBUS
2353 2344 3074 2459 QUAESTIONIBUS

1264 2541 1890 2635 PROLOGUS
1963 2540 2439 2627 LIBELLI
2517 2542 2940 2632 HUJUS.

1927 2737 2310 2752 _

537 2873 780 2943 Αριιειῖε,
831 2869 1105 2934 Hcinrice,
1157 2867 1406 2922 mihimet
1453 2863 1705 2935 specialis
1749 2861 1945 2927 amice,
1992 2867 2052 2913 ut
2082 2863 2124 2920 Λ
2156 2861 2334 2928 inepte
2363 2860 2446 2914 vel
2479 2861 2656 2930 inique
2687 2864 2951 2932 prolatum
2999 2870 3338 2936 agnoverint,
3389 2877 3533 2942 quod
3573 2878 3740 2936 etiam

468 2966 612 3020 illaut
639 2963 1094 3021 contabulationis
1135 2969 1335 3016 nostra:
1381 2957 1763 3021 ratiunculam,
1795 2971 1958 3025 quam
1988 2953 2055 3009 de

464 3058 666 3128 pietate
697 3056 878 3110 divina
917 3055 1189 3122 rebusque
1225 3051 1346 3106 aliis
1385 3049 1614 3105 fecimus
1637 3046 1930 3116 quondam,
1967 3045 2054 3098 lit-

464 3160 597 3204 teris
627 3164 777 3203 more
807 3147 1004 3216 dialogi
1043 3147 1185 3200 inter
1212 3160 1310 3199 nos
1340 3143 1512 3198 habiti
1555 3155 1844 3211 exponam.
1876 3139 2050 3205 Quam
2088 3202 2092 3207 ι

466 3239 782 3308 petitionem
815 3252 881 3292 ex
916 3244 1070 3307 parte
1100 3235 1350 3299 devotus,
1373 3241 1426 3287 et
1451 3248 1514 3286 ex
1539 3240 1692 3300 parte
1728 3227 1919 3284 studeo
1951 3225 2052 3308 imf

468 3329 615 3398 plere
646 3329 845 3384 invitus
872 3347 884 3382 :
912 3329 1137 3383 devotus
1167 3327 1406 3397 quidem,
1435 3325 1558 3380 ideo
1594 3324 1720 3393 quia
1752 3338 1861 3400 pra:
1899 3335 2048 3376 mor-

468 3422 666 3478 talibus
714 3421 897 3476 multis
940 3419 1196 3476 cbaritati
1246 3425 1348 3473 tua:
1376 3417 1552 3489 gestio
1587 3429 1816 3486 parere;
1848 3414 2049 3467 invitus

466 3524 672 3577 autem,
709 3515 857 3585 quia,
891 3513 1032 3568 sicut
1072 3528 1102 3567 a
1135 3527 1220 3567 me
1263 3510 1516 3581 accepisti
1560 3510 1785 3579 ipseque
1823 3505 2049 3576 legendo

461 3605 724 3671 probasti,
756 3603 1003 3658 eamdem
1039 3603 1301 3657 rationem
1335 3600 1452 3656 sine
1495 3599 1740 3670 praemio,
1787 3597 1905 3652 sine
1945 3611 2045 3649 au-

461 3695 631 3751 ctoris
677 3695 834 3750 titulo
871 3695 1016 3749 volui
1059 3693 1324 3763 proferre,
1379 3700 1457 3756 ut,
1499 3691 1544 3744 si
1590 3689 1730 3743 forte
1777 3687 2044 3756 quispiam

461 3787 678 3841 invidia:
726 3785 811 3838 vel
857 3786 1213 3839 detractionis
1247 3792 1398 3852 peste
1429 3790 1640 3850 captus,
1674 3780 1816 3833 dicta
1860 3776 2045 3845 hujus-

461 3877 604 3931 mozli
649 3890 866 3944 rugosa,
913 3883 971 3927 ut
1019 3874 1178 3938 solet,
1211 3873 1390 3926 fronte
1433 3883 1692 3940 torvaque
1733 3869 1872 3924 facie
1901 3869 2038 3940 [cod.

461 3966 520 4022 S.
548 3966 704 4020 Cruc.
746 3964 884 4036 acie]
927 3965 1153 4034 legendo
1177 3965 1369 4028 adiret,
1401 3963 1650 4017 nesciens
1678 3976 1838 4031 quem
1861 3961 2042 4031 operis

460 4054 620 4122 hujus
666 4063 944 4108 auctorem
992 4065 1413 4123 persequeretur
1470 4053 1760 4106 invidendo
1817 4051 1899 4105 vel
1949 4053 2040 4106 de-

461 4145 726 4200 trahendo
747 4144 920 4199 levius
939 4144 1220 4198 insaniret.
1237 4143 1438 4198 Invidis
1460 4159 1693 4212 namque
1715 4151 1767 4194 et
1791 4142 2039 4211 superbis

2157 2951 2362 3004 sanctis
2396 2951 2650 3007 Patribus
2693 2955 2892 3024 legitur
2927 2959 3197 3024 evenisse,
3237 2960 3524 3030 imperitiae
3570 2971 3744 3038 magis

2155 3057 2317 3110 quam
2377 3043 2597 3097 malitia:
2645 3061 2776 3100 mea:
2827 3047 3106 3116 deputent,
3162 3051 3390 3122 ideoque
3445 3057 3524 3111 sic
3575 3063 3741 3115 noxia

2155 3140 2402 3184 resecent
2434 3141 2494 3185 ut
2523 3133 2672 3186 utilia
2717 3150 2822 3188 non
2854 3137 3238 3194 condemneut.
3285 3141 3412 3198 Scio
3432 3145 3576 3216 enim
3606 3151 3735 3216 quia

2154 3231 2261 3274 tam
2288 3230 2531 3276 sanctam
2561 3232 2777 3295 tamque
2822 3228 3047 3282 arduam
3088 3233 3369 3286 materiam
3407 3236 3552 3290 nullo
3594 3238 3736 3308 stylo

2150 3320 2246 3365 aut
2284 3327 2534 3368 sermone
2577 3330 2818 3385 congruo
2853 3334 3102 3388 promere
3134 3324 3314 3391 potui;
3359 3337 3731 3384 verumtamen

2153 3403 2295 3466 ideo,
2313 3414 2586 3475 utcunque
2615 3407 2858 3476 proferre
2882 3420 2966 3466 stu
2989 3412 3084 3476 iui,
3112 3421 3168 3466 ut
3193 3429 3222 3467 a
3243 3416 3434 3483 peritis
3459 3416 3729 3489 aliquibus

2148 3498 2491 3568 proferretur
2523 3501 2574 3554 in
2602 3503 2814 3558 melius.

2219 3593 2428 3649 Peritos
2455 3607 2636 3651 autem
2667 3597 2790 3651 dico
2814 3597 2985 3664 magis
3020 3599 3142 3653 illos
3167 3601 3256 3668 qui
3302 3602 3355 3655 in
3381 3619 3537 3659 saera
3577 3605 3731 3664 Seri-

2146 3692 2299 3750 ptura
2323 3700 2484 3752 quam
2506 3686 2594 3752 qui
2620 3686 2672 3738 iu
2698 3685 2981 3739 dialectica
3003 3695 3127 3740 sunt
3153 3688 3420 3744 instructi.
3453 3691 3588 3748 Nam
3613 3697 3737 3752 dia-

2145 3772 2365 3826 lecticos
2387 3775 2644 3842 quosdam
2670 3775 2743 3828 ita
2773 3775 3044 3844 simplices
3066 3776 3244 3832 inveni
3269 3787 3326 3832 ut
3357 3782 3535 3835 omnia
3563 3800 3735 3842 saera:

2145 3863 2802 3934 Seripturmdicta,juxta
2848 3865 3144 3921 dialecticae
3177 3869 3572 3934 auctoritatem,
3597 3889 3732 3930 con-

2143 3955 2462 4025 stringenda
2493 3971 2614 4010 esse
2635 3955 2994 4011 decernerent
3037 3957 3318 4028 magisque
3356 3959 3541 4016 Boetio
3563 3979 3726 4034 quam

2141 4047 2347 4101 sanctis
2358 4047 2722 4117 scriptoribus
2740 4049 2792 4101 in
2809 4049 3060 4118 plurimis
3075 4050 3235 4105 dictis
3251 4052 3557 4109 crederent.
3575 4055 3730 4112 Unde

2140 4146 2194 4192 et
2221 4137 2470 4192 eumdem
2496 4137 2741 4192 Boetium
2769 4140 2941 4194 secuti
2967 4155 3052 4195 me
3073 4142 3544 4210 reprehendebant
3583 4151 3727 4215 quod

455 4251 590 4306 pene
619 4236 721 4291 erit
746 4235 1054 4290 inevitabile
1095 4233 1238 4306 [cod.
1267 4233 1452 4289 Lamb.
1482 4249 1640 4302 paena
1672 4232 1775 4288 erit
1804 4233 2026 4286 incvita-
2073 4228 2114 4287 Β
2146 4244 2388 4299 persona:
2456 4247 2652 4285 nomen
2711 4229 2896 4298 alicui,
2949 4231 3052 4286 nisi
3113 4233 3429 4290 substantia:
3476 4236 3725 4292 rationali

455 4325 626 4398 bilis],
656 4334 713 4379 ut
761 4325 1082 4396 cuiusquam
1113 4335 1254 4379 nota:
1283 4325 1513 4393 vilisque
1552 4339 1800 4394 personze
1833 4324 2036 4394 scripta

455 4418 536 4469 vel
565 4417 706 4470 dicta
737 4415 940 4485 absque
979 4417 1227 4471 irrisione
1251 4417 1420 4485 possit
1450 4429 1765 4493 agnoscere.

532 4505 684 4560 Unde
720 4521 912 4574 precor
939 4515 1018 4569 ut,
1045 4506 1170 4574 quia
1206 4507 1343 4560 votis
1382 4506 1487 4559 tuis
1527 4505 1910 4574 obtemperans
1940 4519 2037 4573 per

455 4595 786 4650 alternantes
804 4596 998 4666 dialogi
1026 4611 1285 4666 personas
1308 4597 1542 4650 nominis
1569 4595 1672 4648 mei
1705 4595 2032 4650 mentionem

455 4705 622 4757 cogor
651 4688 848 4751 facere,
883 4699 937 4742 tu
984 4703 1200 4758 quoque
1233 4689 1475 4756 digneris
1519 4688 1621 4742 hoc
1651 4687 1870 4740 omnino
1911 4702 2035 4756 pro-

454 4780 640 4832 videre
664 4794 729 4832 ne
760 4779 1042 4846 parvitatis
1070 4793 1204 4832 meae
1229 4776 1467 4840 verbula,
1509 4777 1574 4829 ad
1621 4775 2032 4830 malilicatiouem

457 4869 741 4923 humilium
789 4869 1127 4923 Solummodo
1149 4868 1354 4939 prolata
1427 4867 1729 4920 invidorum
1761 4874 1813 4918 ct
1840 4880 2033 4934 super-

457 4961 644 5014 borum
677 4962 806 5014 (iant
829 4960 1079 5014 ludibria.
1633 5022 1635 5025 ι

527 5051 650 5106 Haec
681 5053 844 5123 igitur
865 5053 970 5106 dixi
1017 5061 1237 5122 propter
1263 5050 1620 5121 quorumdam
1664 5049 2027 5104 insolentiam.

455 5142 510 5197 Si
547 5142 673 5212 quid
708 5159 833 5196 vero
855 5143 906 5197 in
932 5144 1016 5198 his
1037 5143 1264 5213 desipui,
1309 5142 1612 5210 ignoscant,
1641 5155 1843 5210 quaeso,
1875 5138 2028 5192 mihi.

456 5236 655 5292 Deinde
683 5249 892 5303 omnes,
930 5235 1020 5304 qui
1069 5234 1182 5289 haec
1220 5235 1399 5305 legere
1452 5233 1536 5286 vel
1581 5233 1768 5285 audire.
1801 5231 2029 5301 dignan-

1688 5326 1698 5334 ε
1801 5325 1812 5335 ο
1982 5322 1992 5342 1
2013 5340 2022 5341 7

2144 4321 2493 4376 ascriberem.
2541 4321 2671 4388 Qute
2721 4324 3070 4393 reprehensio
3096 4324 3138 4378 si
3182 4323 3329 4393 justa
3373 4337 3476 4390 est,
3517 4327 3722 4396 justum

2140 4420 2222 4464 est
2248 4412 2412 4465 etiam
2436 4421 2493 4465 ut
2517 4412 2619 4466 alia
2647 4414 2862 4466 nomina
2891 4424 2942 4468 et
2965 4417 3153 4481 verba,
3182 4431 3302 4485 quae
3335 4417 3387 4470 in
3415 4417 3612 4472 litteris
3635 4435 3724 4474 sa-

2139 4502 2247 4554 cris
2271 4501 2618 4555 inveniuntur
2640 4502 2800 4557 aliter
2822 4504 2993 4572 posita
3019 4519 3179 4572 quam
3203 4504 3482 4560 dialectica
3506 4507 3720 4574 doceat,

2142 4595 2628 4662 reprehendantur,
2663 4604 2719 4648 ut
2741 4595 3066 4660 substantia,
3100 4596 3330 4665 species,
3357 4612 3548 4665 genus,
3581 4613 3713 4653 sen-

2140 4685 2261 4747 tire,
2288 4694 2342 4739 et
2370 4686 2591 4750 habere,
2625 4685 2840 4756 aliaque
2869 4686 3043 4755 plura.

2211 4775 2334 4830 llzec
2365 4778 2524 4845 igitur
2548 4778 2746 4841 omnia,
2772 4779 3066 4833 secundum
3094 4778 3449 4843 dialecticam,
3479 4778 3719 4849 singulas

2137 4866 2473 4922 solummodo
2509 4869 2976 4939 interpretationis
3007 4869 3234 4934 habent;
3270 4869 3390 4930 sed,
3436 4867 3590 4937 juxta
3630 4887 3717 4925 sa-

2137 4975 2242 5011 crae
2271 4959 2566 5030 Scriptum
2592 4978 2746 5015 nsunt
2766 5002 2780 5024 ,
2813 4962 2980 5015 variis
3019 4961 3192 5014 modis
3224 4969 3500 5029 ponuntur
3531 4979 3548 5014 :
3574 4978 3718 5017 nunc

2134 5050 2382 5118 quidem,
2433 5059 2490 5104 ut
2533 5052 2583 5104 in
2635 5051 2946 5117 dialectica;
3010 5051 3279 5105 interdum
3331 5065 3490 5114 vero,
3540 5050 3716 5105 aliter.

2139 5141 2288 5197 Unzlc
2318 5153 2371 5197 et
2398 5154 2620 5199 sanctus
2647 5145 2994 5214 Augustinus,
3033 5154 3140 5214 tam
3169 5145 3220 5198 in
3249 5143 3446 5197 divinis
3472 5159 3634 5212 quam
3659 5145 3712 5199 in

2133 5233 2483 5288 smcularibus
2529 5235 2726 5290 litteris
2769 5236 3143 5299 doctissimus,
3171 5236 3222 5289 in
3258 5235 3393 5288 libro
3431 5233 3718 5290 Rctracla-

2837 5326 2885 5342 η,
2960 5325 2971 5336 ι
