  <div class='ocr_page' id='page_1' title='image "/cluster/home/n/w/nwhite01/storage/ocr_20150623/146/hvd.32044015471832/036.png"; bbox 0 0 3998 5450; ppageno 0'>
   <div class='ocr_carea' id='block_1_1' title="bbox 275 261 3530 329">
    <p class='ocr_par' dir='ltr' id='par_1_1' title="bbox 275 261 3530 329">
     <span class='ocr_line' id='line_1_1' title="bbox 275 261 3530 329; baseline 0.007 -22"><span class='ocrx_word' id='word_1_1' title='bbox 275 276 329 328; x_wconf 76' lang='grc' dir='ltr'><strong>δι</strong></span> <span class='ocrx_word' id='word_1_2' title='bbox 1269 263 1512 320; x_wconf 75' lang='lat' dir='ltr'><strong>)lALOG.</strong></span> <span class='ocrx_word' id='word_1_3' title='bbox 1557 261 1643 318; x_wconf 82' lang='lat' dir='ltr'><strong>DF.</strong></span> <span class='ocrx_word' id='word_1_4' title='bbox 1682 262 1931 318; x_wconf 71' lang='lat' dir='ltr'><strong>TRIUL&#39;S</strong></span> <span class='ocrx_word' id='word_1_5' title='bbox 1971 261 2521 328; x_wconf 63' lang='lat' dir='ltr'><strong>QL&#39;JLSTIOXIBL&#39;S.</strong></span> <span class='ocrx_word' id='word_1_6' title='bbox 2639 309 2655 322; x_wconf 87' lang='lat'><strong>.</strong></span> <span class='ocrx_word' id='word_1_7' title='bbox 3462 275 3530 329; x_wconf 62' lang='lat'><strong>01</strong></span> 
     </span>
    </p>
   </div>
   <div class='ocr_carea' id='block_1_2' title="bbox 277 373 3534 463">
    <p class='ocr_par' dir='ltr' id='par_1_2' title="bbox 277 373 3534 463">
     <span class='ocr_line' id='line_1_2' title="bbox 277 373 3534 463; baseline 0 -23"><span class='ocrx_word' id='word_1_8' title='bbox 277 383 657 446; x_wconf 61' lang='lat' dir='ltr'><strong>rusticitatem,</strong></span> <span class='ocrx_word' id='word_1_9' title='bbox 701 394 862 451; x_wconf 84' lang='lat' dir='ltr'><strong>quam</strong></span> <span class='ocrx_word' id='word_1_10' title='bbox 893 379 944 432; x_wconf 91' lang='lat' dir='ltr'><strong>in</strong></span> <span class='ocrx_word' id='word_1_11' title='bbox 977 392 1217 448; x_wconf 75' lang='lat' dir='ltr'><strong>persona:</strong></span> <span class='ocrx_word' id='word_1_12' title='bbox 1248 376 1394 430; x_wconf 85' lang='lat' dir='ltr'><strong>dicto</strong></span> <span class='ocrx_word' id='word_1_13' title='bbox 1444 377 1688 431; x_wconf 88' lang='lat' dir='ltr'><strong>scribens</strong></span> <span class='ocrx_word' id='word_1_14' title='bbox 1719 392 1844 446; x_wconf 91' lang='lat' dir='ltr'><strong>pro-</strong></span> <span class='ocrx_word' id='word_1_15' title='bbox 1877 390 1921 441; x_wconf 72' lang='grc' dir='ltr'><strong>Α</strong></span> <span class='ocrx_word' id='word_1_16' title='bbox 1954 373 2083 428; x_wconf 80' lang='lat' dir='ltr'><strong>Nam</strong></span> <span class='ocrx_word' id='word_1_17' title='bbox 2116 392 2268 428; x_wconf 83' lang='lat' dir='ltr'><strong>sacra</strong></span> <span class='ocrx_word' id='word_1_18' title='bbox 2296 374 2571 446; x_wconf 73' lang='lat' dir='ltr'><strong>Scriptura</strong></span> <span class='ocrx_word' id='word_1_19' title='bbox 2596 397 2789 436; x_wconf 65' lang='lat' dir='ltr'><strong>numen</strong></span> <span class='ocrx_word' id='word_1_20' title='bbox 2813 392 2864 436; x_wconf 90' lang='lat' dir='ltr'><strong>et</strong></span> <span class='ocrx_word' id='word_1_21' title='bbox 2888 398 3172 452; x_wconf 89' lang='lat' dir='ltr'><strong>personam</strong></span> <span class='ocrx_word' id='word_1_22' title='bbox 3203 387 3339 442; x_wconf 83' lang='lat' dir='ltr'><strong>Idem</strong></span> <span class='ocrx_word' id='word_1_23' title='bbox 3367 388 3534 463; x_wconf 74' lang='lat' dir='ltr'><strong>signi-</strong></span> 
     </span>
    </p>
   </div>
   <div class='ocr_carea' id='block_1_3' title="bbox 277 467 1850 542">
    <p class='ocr_par' dir='ltr' id='par_1_3' title="bbox 277 467 1850 542">
     <span class='ocr_line' id='line_1_3' title="bbox 277 467 1850 542; baseline -0.007 -9"><span class='ocrx_word' id='word_1_24' title='bbox 277 467 396 542; x_wconf 78' lang='lat' dir='ltr'><strong>ti.li,</strong></span> <span class='ocrx_word' id='word_1_25' title='bbox 439 473 602 530; x_wconf 82' lang='lat' dir='ltr'><strong>simul</strong></span> <span class='ocrx_word' id='word_1_26' title='bbox 647 473 936 542; x_wconf 87' lang='lat' dir='ltr'><strong>corrigant.</strong></span> <span class='ocrx_word' id='word_1_27' title='bbox 978 470 1059 525; x_wconf 78' lang='lat' dir='ltr'><strong>Ad</strong></span> <span class='ocrx_word' id='word_1_28' title='bbox 1108 470 1250 533; x_wconf 68' lang='lat' dir='ltr'><strong>haec,</strong></span> <span class='ocrx_word' id='word_1_29' title='bbox 1298 485 1507 539; x_wconf 75' lang='lat' dir='ltr'><strong>quaeso,</strong></span> <span class='ocrx_word' id='word_1_30' title='bbox 1561 469 1850 539; x_wconf 74' lang='lat' dir='ltr'><strong>dignentur</strong></span> 
     </span>
    </p>
   </div>
   <div class='ocr_carea' id='block_1_4' title="bbox 273 560 1852 634">
    <p class='ocr_par' dir='ltr' id='par_1_4' title="bbox 273 560 1852 634">
     <span class='ocr_line' id='line_1_4' title="bbox 273 560 1852 634; baseline -0.005 -11"><span class='ocrx_word' id='word_1_31' title='bbox 273 568 552 624; x_wconf 86' lang='lat' dir='ltr'><strong>a:tendere</strong></span> <span class='ocrx_word' id='word_1_32' title='bbox 580 567 700 634; x_wconf 82' lang='lat' dir='ltr'><strong>quia</strong></span> <span class='ocrx_word' id='word_1_33' title='bbox 746 563 884 618; x_wconf 86' lang='lat' dir='ltr'><strong>Deus</strong></span> <span class='ocrx_word' id='word_1_34' title='bbox 912 564 1274 631; x_wconf 78' lang='lat' dir='ltr'><strong>omnipotens,</strong></span> <span class='ocrx_word' id='word_1_35' title='bbox 1297 561 1436 615; x_wconf 91' lang='lat' dir='ltr'><strong>sicut</strong></span> <span class='ocrx_word' id='word_1_36' title='bbox 1459 560 1768 616; x_wconf 86' lang='lat' dir='ltr'><strong>dialecticos</strong></span> <span class='ocrx_word' id='word_1_37' title='bbox 1797 570 1852 617; x_wconf 83' lang='lat' dir='ltr'><strong>et</strong></span> 
     </span>
    </p>
   </div>
   <div class='ocr_carea' id='block_1_5' title="bbox 273 652 1848 727">
    <p class='ocr_par' dir='ltr' id='par_1_5' title="bbox 273 652 1848 727">
     <span class='ocr_line' id='line_1_5' title="bbox 273 652 1848 727; baseline -0.003 -17"><span class='ocrx_word' id='word_1_38' title='bbox 273 657 655 727; x_wconf 83' lang='lat' dir='ltr'><strong>gratnmaticos</strong></span> <span class='ocrx_word' id='word_1_39' title='bbox 673 655 737 708; x_wconf 90' lang='lat' dir='ltr'><strong>ad</strong></span> <span class='ocrx_word' id='word_1_40' title='bbox 759 652 1047 724; x_wconf 77' lang='lat' dir='ltr'><strong>agnitionis</strong></span> <span class='ocrx_word' id='word_1_41' title='bbox 1069 669 1178 706; x_wconf 74' lang='lat' dir='ltr'><strong>sum</strong></span> <span class='ocrx_word' id='word_1_42' title='bbox 1199 653 1428 722; x_wconf 76' lang='lat' dir='ltr'><strong>gratiam</strong></span> <span class='ocrx_word' id='word_1_43' title='bbox 1453 653 1669 708; x_wconf 90' lang='lat' dir='ltr'><strong>trahere</strong></span> <span class='ocrx_word' id='word_1_44' title='bbox 1691 653 1848 720; x_wconf 92' lang='lat' dir='ltr'><strong>solet,</strong></span> 
     </span>
    </p>
   </div>
   <div class='ocr_carea' id='block_1_6' title="bbox 273 729 1850 818">
    <p class='ocr_par' dir='ltr' id='par_1_6' title="bbox 273 729 1850 818">
     <span class='ocr_line' id='line_1_6' title="bbox 273 729 1850 818; baseline -0.003 -13"><span class='ocrx_word' id='word_1_45' title='bbox 273 754 341 806; x_wconf 85' lang='lat' dir='ltr'><strong>ita</strong></span> <span class='ocrx_word' id='word_1_46' title='bbox 380 729 672 804; x_wconf 84' lang='lat' dir='ltr'><strong>amborum</strong></span> <span class='ocrx_word' id='word_1_47' title='bbox 719 749 859 801; x_wconf 90' lang='lat' dir='ltr'><strong>dicta</strong></span> <span class='ocrx_word' id='word_1_48' title='bbox 893 746 975 800; x_wconf 88' lang='lat' dir='ltr'><strong>vel</strong></span> <span class='ocrx_word' id='word_1_49' title='bbox 1026 748 1226 816; x_wconf 86' lang='lat' dir='ltr'><strong>scripta</strong></span> <span class='ocrx_word' id='word_1_50' title='bbox 1287 747 1534 817; x_wconf 84' lang='lat' dir='ltr'><strong>accipere</strong></span> <span class='ocrx_word' id='word_1_51' title='bbox 1577 748 1850 818; x_wconf 76' lang='lat' dir='ltr'><strong>dignatur,</strong></span> 
     </span>
    </p>
   </div>
   <div class='ocr_carea' id='block_1_7' title="bbox 273 838 1852 908">
    <p class='ocr_par' dir='ltr' id='par_1_7' title="bbox 273 838 1852 908">
     <span class='ocr_line' id='line_1_7' title="bbox 273 838 1852 908; baseline -0.002 -11"><span class='ocrx_word' id='word_1_52' title='bbox 273 843 563 897; x_wconf 80' lang='lat' dir='ltr'><strong>dummodo</strong></span> <span class='ocrx_word' id='word_1_53' title='bbox 616 841 897 895; x_wconf 89' lang='lat' dir='ltr'><strong>veritatem</strong></span> <span class='ocrx_word' id='word_1_54' title='bbox 959 838 1228 908; x_wconf 82' lang='lat' dir='ltr'><strong>ﬁdemque</strong></span> <span class='ocrx_word' id='word_1_55' title='bbox 1291 855 1502 893; x_wconf 84' lang='lat' dir='ltr'><strong>sacram</strong></span> <span class='ocrx_word' id='word_1_56' title='bbox 1561 840 1852 894; x_wconf 90' lang='lat' dir='ltr'><strong>observare</strong></span> 
     </span>
    </p>
   </div>
   <div class='ocr_carea' id='block_1_8' title="bbox 272 927 1851 987">
    <p class='ocr_par' dir='ltr' id='par_1_8' title="bbox 272 927 1851 987">
     <span class='ocr_line' id='line_1_8' title="bbox 272 927 1851 987; baseline -0.004 0"><span class='ocrx_word' id='word_1_57' title='bbox 272 932 541 987; x_wconf 75' lang='lat' dir='ltr'><strong>studeant.</strong></span> <span class='ocrx_word' id='word_1_58' title='bbox 579 931 684 986; x_wconf 87' lang='lat' dir='ltr'><strong>Sed</strong></span> <span class='ocrx_word' id='word_1_59' title='bbox 731 930 774 984; x_wconf 88' lang='lat' dir='ltr'><strong>si</strong></span> <span class='ocrx_word' id='word_1_60' title='bbox 819 928 957 983; x_wconf 83' lang='lat' dir='ltr'><strong>forte</strong></span> <span class='ocrx_word' id='word_1_61' title='bbox 1009 927 1349 982; x_wconf 65' lang='lat' dir='ltr'><strong>sarcularium</strong></span> <span class='ocrx_word' id='word_1_62' title='bbox 1394 928 1696 982; x_wconf 87' lang='lat' dir='ltr'><strong>litterarum</strong></span> <span class='ocrx_word' id='word_1_63' title='bbox 1743 927 1851 983; x_wconf 55' lang='lat' dir='ltr'><strong>elo.</strong></span> 
     </span>
    </p>
   </div>
   <div class='ocr_carea' id='block_1_9' title="bbox 273 1020 1853 1093">
    <p class='ocr_par' dir='ltr' id='par_1_9' title="bbox 273 1020 1853 1093">
     <span class='ocr_line' id='line_1_9' title="bbox 273 1020 1853 1093; baseline -0.001 -18"><span class='ocrx_word' id='word_1_64' title='bbox 273 1025 484 1093; x_wconf 78' lang='lat' dir='ltr'><strong>quentia</strong></span> <span class='ocrx_word' id='word_1_65' title='bbox 519 1023 690 1076; x_wconf 81' lang='lat' dir='ltr'><strong>inﬂati</strong></span> <span class='ocrx_word' id='word_1_66' title='bbox 717 1024 828 1076; x_wconf 69' lang='lat' dir='ltr'><strong>[nec</strong></span> <span class='ocrx_word' id='word_1_67' title='bbox 855 1037 960 1074; x_wconf 92' lang='lat' dir='ltr'><strong>non</strong></span> <span class='ocrx_word' id='word_1_68' title='bbox 989 1020 1339 1084; x_wconf 68' lang='lat' dir='ltr'><strong>crediderint,</strong></span> <span class='ocrx_word' id='word_1_69' title='bbox 1368 1021 1853 1089; x_wconf 78' lang='lat' dir='ltr'><strong>contemlerinttpte</strong></span> 
     </span>
    </p>
   </div>
   <div class='ocr_carea' id='block_1_10' title="bbox 275 1110 1851 1185">
    <p class='ocr_par' dir='ltr' id='par_1_10' title="bbox 275 1110 1851 1185">
     <span class='ocr_line' id='line_1_10' title="bbox 275 1110 1851 1185; baseline -0.003 -16"><span class='ocrx_word' id='word_1_70' title='bbox 275 1115 432 1169; x_wconf 85' lang='lat' dir='ltr'><strong>Deum</strong></span> <span class='ocrx_word' id='word_1_71' title='bbox 463 1113 736 1185; x_wconf 83' lang='lat' dir='ltr'><strong>elegantia</strong></span> <span class='ocrx_word' id='word_1_72' title='bbox 777 1113 1042 1167; x_wconf 84' lang='lat' dir='ltr'><strong>sermonis</strong></span> <span class='ocrx_word' id='word_1_73' title='bbox 1068 1110 1150 1165; x_wconf 92' lang='lat' dir='ltr'><strong>sui</strong></span> <span class='ocrx_word' id='word_1_74' title='bbox 1182 1111 1351 1181; x_wconf 88' lang='lat' dir='ltr'><strong>magis</strong></span> <span class='ocrx_word' id='word_1_75' title='bbox 1383 1111 1640 1166; x_wconf 86' lang='lat' dir='ltr'><strong>delectari</strong></span> <span class='ocrx_word' id='word_1_76' title='bbox 1690 1127 1851 1181; x_wconf 88' lang='lat' dir='ltr'><strong>quam</strong></span> 
     </span>
    </p>
   </div>
   <div class='ocr_carea' id='block_1_11' title="bbox 274 1203 1854 1274">
    <p class='ocr_par' dir='ltr' id='par_1_11' title="bbox 274 1203 1854 1274">
     <span class='ocr_line' id='line_1_11' title="bbox 274 1203 1854 1274; baseline -0.001 -14"><span class='ocrx_word' id='word_1_77' title='bbox 274 1205 572 1260; x_wconf 78' lang='lat' dir='ltr'><strong>rusti.-i;ate</strong></span> <span class='ocrx_word' id='word_1_78' title='bbox 597 1205 787 1267; x_wconf 90' lang='lat' dir='ltr'><strong>nostri,</strong></span> <span class='ocrx_word' id='word_1_79' title='bbox 817 1203 1115 1265; x_wconf 85' lang='lat' dir='ltr'><strong>attendant,</strong></span> <span class='ocrx_word' id='word_1_80' title='bbox 1151 1220 1362 1274; x_wconf 70' lang='lat' dir='ltr'><strong>precor,</strong></span> <span class='ocrx_word' id='word_1_81' title='bbox 1395 1207 1536 1272; x_wconf 86' lang='lat' dir='ltr'><strong>quod</strong></span> <span class='ocrx_word' id='word_1_82' title='bbox 1566 1205 1854 1272; x_wconf 72' lang='lat' dir='ltr'><strong>Apostolus</strong></span> 
     </span>
    </p>
   </div>
   <div class='ocr_carea' id='block_1_12' title="bbox 272 1297 1853 1368">
    <p class='ocr_par' dir='ltr' id='par_1_12' title="bbox 272 1297 1853 1368">
     <span class='ocr_line' id='line_1_12' title="bbox 272 1297 1853 1368; baseline 0.003 -18"><span class='ocrx_word' id='word_1_83' title='bbox 272 1298 394 1352; x_wconf 79' lang='lat' dir='ltr'><strong>dicit</strong></span> <span class='ocrx_word' id='word_1_84' title='bbox 427 1317 440 1351; x_wconf 94' lang='lat'>:</span> <span class='ocrx_word' id='word_1_85' title='bbox 481 1297 761 1366; x_wconf 80' lang='lat' dir='ltr'><strong>Sapientia</strong></span> <span class='ocrx_word' id='word_1_86' title='bbox 790 1299 948 1368; x_wconf 77' lang='lat' dir='ltr'><strong>hujus</strong></span> <span class='ocrx_word' id='word_1_87' title='bbox 1003 1299 1186 1350; x_wconf 87' lang='lat' dir='ltr'><strong>mundi</strong></span> <span class='ocrx_word' id='word_1_88' title='bbox 1245 1299 1465 1352; x_wconf 78' lang='lat' dir='ltr'><strong>stultitia</strong></span> <span class='ocrx_word' id='word_1_89' title='bbox 1499 1301 1640 1368; x_wconf 82' lang='lat' dir='ltr'><strong>apud</strong></span> <span class='ocrx_word' id='word_1_90' title='bbox 1687 1300 1853 1354; x_wconf 88' lang='lat' dir='ltr'><strong>Deum</strong></span> 
     </span>
    </p>
   </div>
   <div class='ocr_carea' id='block_1_13' title="bbox 273 1387 1856 1459">
    <p class='ocr_par' dir='ltr' id='par_1_13' title="bbox 273 1387 1856 1459">
     <span class='ocr_line' id='line_1_13' title="bbox 273 1387 1856 1459; baseline 0.003 -19"><span class='ocrx_word' id='word_1_91' title='bbox 273 1387 320 1456; x_wconf 88' lang='grc' dir='ltr'><strong>(Ι</strong></span> <span class='ocrx_word' id='word_1_92' title='bbox 351 1387 475 1442; x_wconf 85' lang='lat' dir='ltr'><strong>Cor.</strong></span> <span class='ocrx_word' id='word_1_93' title='bbox 505 1391 620 1457; x_wconf 86' lang='lat' dir='ltr'><strong>ut);</strong></span> <span class='ocrx_word' id='word_1_94' title='bbox 647 1398 703 1442; x_wconf 90' lang='lat' dir='ltr'><strong>et</strong></span> <span class='ocrx_word' id='word_1_95' title='bbox 733 1406 744 1441; x_wconf 92' lang='lat'><strong>:</strong></span> <span class='ocrx_word' id='word_1_96' title='bbox 790 1387 1016 1456; x_wconf 81' lang='lat' dir='ltr'><strong>Inﬁrma</strong></span> <span class='ocrx_word' id='word_1_97' title='bbox 1047 1389 1228 1442; x_wconf 83' lang='lat' dir='ltr'><strong>mundi</strong></span> <span class='ocrx_word' id='word_1_98' title='bbox 1259 1388 1408 1459; x_wconf 79' lang='lat' dir='ltr'><strong>elegit</strong></span> <span class='ocrx_word' id='word_1_99' title='bbox 1437 1389 1579 1444; x_wconf 77' lang='lat' dir='ltr'><strong>Deus</strong></span> <span class='ocrx_word' id='word_1_100' title='bbox 1601 1432 1615 1456; x_wconf 94' lang='lat'><strong>,</strong></span> <span class='ocrx_word' id='word_1_101' title='bbox 1651 1401 1704 1444; x_wconf 84' lang='lat' dir='ltr'><strong>ut</strong></span> <span class='ocrx_word' id='word_1_102' title='bbox 1733 1407 1856 1446; x_wconf 85' lang='lat' dir='ltr'><strong>con-</strong></span> 
     </span>
    </p>
   </div>
   <div class='ocr_carea' id='block_1_14' title="bbox 273 1478 979 1552">
    <p class='ocr_par' dir='ltr' id='par_1_14' title="bbox 273 1478 979 1552">
     <span class='ocr_line' id='line_1_14' title="bbox 273 1478 979 1552; baseline 0.001 -19"><span class='ocrx_word' id='word_1_103' title='bbox 273 1480 452 1546; x_wconf 68' lang='lat' dir='ltr'><strong>fundat</strong></span> <span class='ocrx_word' id='word_1_104' title='bbox 483 1479 648 1548; x_wconf 80' lang='lat' dir='ltr'><strong>fortia</strong></span> <span class='ocrx_word' id='word_1_105' title='bbox 678 1478 732 1552; x_wconf 88' lang='grc'><strong>(1</strong></span> <span class='ocrx_word' id='word_1_106' title='bbox 758 1478 882 1534; x_wconf 89' lang='lat' dir='ltr'><strong>Cor.</strong></span> <span class='ocrx_word' id='word_1_107' title='bbox 914 1483 979 1549; x_wconf 87' lang='lat' dir='ltr'><strong>l).</strong></span> 
     </span>
    </p>
   </div>
   <div class='ocr_carea' id='block_1_15' title="bbox 336 1573 1858 1645">
    <p class='ocr_par' dir='ltr' id='par_1_15' title="bbox 336 1573 1858 1645">
     <span class='ocr_line' id='line_1_15' title="bbox 336 1573 1858 1645; baseline 0.001 -16"><span class='ocrx_word' id='word_1_108' title='bbox 336 1573 482 1629; x_wconf 88' lang='lat' dir='ltr'><strong>Inter</strong></span> <span class='ocrx_word' id='word_1_109' title='bbox 510 1575 625 1630; x_wconf 62' lang='lat' dir='ltr'><strong>haec</strong></span> <span class='ocrx_word' id='word_1_110' title='bbox 654 1589 872 1644; x_wconf 89' lang='lat' dir='ltr'><strong>quoque</strong></span> <span class='ocrx_word' id='word_1_111' title='bbox 901 1576 1234 1645; x_wconf 88' lang='lat' dir='ltr'><strong>pensandum</strong></span> <span class='ocrx_word' id='word_1_112' title='bbox 1263 1585 1346 1631; x_wconf 85' lang='lat' dir='ltr'><strong>est</strong></span> <span class='ocrx_word' id='word_1_113' title='bbox 1373 1577 1515 1645; x_wconf 90' lang='lat' dir='ltr'><strong>quia</strong></span> <span class='ocrx_word' id='word_1_114' title='bbox 1555 1576 1774 1631; x_wconf 84' lang='lat' dir='ltr'><strong>nomina</strong></span> <span class='ocrx_word' id='word_1_115' title='bbox 1804 1584 1858 1632; x_wconf 90' lang='lat' dir='ltr'><strong>et</strong></span> 
     </span>
    </p>
   </div>
   <div class='ocr_carea' id='block_1_16' title="bbox 273 1665 1856 1736">
    <p class='ocr_par' dir='ltr' id='par_1_16' title="bbox 273 1665 1856 1736">
     <span class='ocr_line' id='line_1_16' title="bbox 273 1665 1856 1736; baseline 0.005 -20"><span class='ocrx_word' id='word_1_116' title='bbox 273 1665 428 1720; x_wconf 90' lang='lat' dir='ltr'><strong>verba</strong></span> <span class='ocrx_word' id='word_1_117' title='bbox 472 1666 748 1736; x_wconf 56' lang='lat' dir='ltr'><strong>quasdam,</strong></span> <span class='ocrx_word' id='word_1_118' title='bbox 798 1682 944 1721; x_wconf 91' lang='lat' dir='ltr'><strong>nunc</strong></span> <span class='ocrx_word' id='word_1_119' title='bbox 993 1667 1209 1735; x_wconf 85' lang='lat' dir='ltr'><strong>quidem</strong></span> <span class='ocrx_word' id='word_1_120' title='bbox 1259 1669 1500 1733; x_wconf 80' lang='lat' dir='ltr'><strong>abusive,</strong></span> <span class='ocrx_word' id='word_1_121' title='bbox 1536 1685 1678 1724; x_wconf 75' lang='lat' dir='ltr'><strong>nunc</strong></span> <span class='ocrx_word' id='word_1_122' title='bbox 1727 1684 1856 1724; x_wconf 88' lang='lat' dir='ltr'><strong>vero</strong></span> 
     </span>
    </p>
   </div>
   <div class='ocr_carea' id='block_1_17' title="bbox 1956 465 3533 548">
    <p class='ocr_par' dir='ltr' id='par_1_17' title="bbox 1956 465 3533 548">
     <span class='ocr_line' id='line_1_17' title="bbox 1956 465 3533 548; baseline 0.011 -28"><span class='ocrx_word' id='word_1_123' title='bbox 1956 465 2116 520; x_wconf 81' lang='lat' dir='ltr'><strong>ﬁcare</strong></span> <span class='ocrx_word' id='word_1_124' title='bbox 2153 468 2416 536; x_wconf 89' lang='lat' dir='ltr'><strong>perhibet,</strong></span> <span class='ocrx_word' id='word_1_125' title='bbox 2447 485 2566 524; x_wconf 91' lang='lat' dir='ltr'><strong>cum</strong></span> <span class='ocrx_word' id='word_1_126' title='bbox 2593 487 2690 540; x_wconf 91' lang='lat' dir='ltr'><strong>pro</strong></span> <span class='ocrx_word' id='word_1_127' title='bbox 2724 472 2894 528; x_wconf 90' lang='lat' dir='ltr'><strong>tribus</strong></span> <span class='ocrx_word' id='word_1_128' title='bbox 2941 477 3220 544; x_wconf 87' lang='lat' dir='ltr'><strong>personis,</strong></span> <span class='ocrx_word' id='word_1_129' title='bbox 3249 476 3533 548; x_wconf 37' lang='lat' dir='ltr'><strong>Patrisﬁet</strong></span> 
     </span>
    </p>
   </div>
   <div class='ocr_carea' id='block_1_18' title="bbox 1953 559 3532 641">
    <p class='ocr_par' dir='ltr' id='par_1_18' title="bbox 1953 559 3532 641">
     <span class='ocr_line' id='line_1_18' title="bbox 1953 559 3532 641; baseline 0.009 -28"><span class='ocrx_word' id='word_1_130' title='bbox 1953 559 2108 624; x_wconf 81' lang='lat' dir='ltr'><strong>Filii,</strong></span> <span class='ocrx_word' id='word_1_131' title='bbox 2140 570 2193 613; x_wconf 92' lang='lat' dir='ltr'><strong>et</strong></span> <span class='ocrx_word' id='word_1_132' title='bbox 2241 561 2477 628; x_wconf 81' lang='lat' dir='ltr'><strong>Spiritus</strong></span> <span class='ocrx_word' id='word_1_133' title='bbox 2518 563 2722 628; x_wconf 84' lang='lat' dir='ltr'><strong>sancti,</strong></span> <span class='ocrx_word' id='word_1_134' title='bbox 2773 580 2909 634; x_wconf 89' lang='lat' dir='ltr'><strong>quas</strong></span> <span class='ocrx_word' id='word_1_135' title='bbox 2937 569 3230 637; x_wconf 67' lang='lat' dir='ltr'><strong>saepissime</strong></span> <span class='ocrx_word' id='word_1_136' title='bbox 3273 571 3532 641; x_wconf 79' lang='lat' dir='ltr'><strong>legimus,</strong></span> 
     </span>
    </p>
   </div>
   <div class='ocr_carea' id='block_1_19' title="bbox 1956 652 3534 725">
    <p class='ocr_par' dir='ltr' id='par_1_19' title="bbox 1956 652 3534 725">
     <span class='ocr_line' id='line_1_19' title="bbox 1956 652 3534 725; baseline 0.009 -21"><span class='ocrx_word' id='word_1_137' title='bbox 1956 652 2054 705; x_wconf 86' lang='lat' dir='ltr'><strong>tria</strong></span> <span class='ocrx_word' id='word_1_138' title='bbox 2096 653 2314 706; x_wconf 86' lang='lat' dir='ltr'><strong>nomina</strong></span> <span class='ocrx_word' id='word_1_139' title='bbox 2345 653 2616 706; x_wconf 87' lang='lat' dir='ltr'><strong>interdum</strong></span> <span class='ocrx_word' id='word_1_140' title='bbox 2650 657 2819 725; x_wconf 91' lang='lat' dir='ltr'><strong>ponit,</strong></span> <span class='ocrx_word' id='word_1_141' title='bbox 2853 667 2910 712; x_wconf 92' lang='lat' dir='ltr'><strong>ut</strong></span> <span class='ocrx_word' id='word_1_142' title='bbox 2942 676 2955 712; x_wconf 86' lang='lat'><strong>:</strong></span> <span class='ocrx_word' id='word_1_143' title='bbox 2991 659 3187 714; x_wconf 60' lang='lat' dir='ltr'><strong>[iantes</strong></span> <span class='ocrx_word' id='word_1_144' title='bbox 3219 663 3396 716; x_wconf 80' lang='lat' dir='ltr'><strong>docete</strong></span> <span class='ocrx_word' id='word_1_145' title='bbox 3416 680 3534 718; x_wconf 87' lang='lat' dir='ltr'><strong>om-</strong></span> 
     </span>
    </p>
   </div>
   <div class='ocr_carea' id='block_1_20' title="bbox 1954 742 3531 818">
    <p class='ocr_par' dir='ltr' id='par_1_20' title="bbox 1954 742 3531 818">
     <span class='ocr_line' id='line_1_20' title="bbox 1954 742 3531 818; baseline 0.008 -23"><span class='ocrx_word' id='word_1_146' title='bbox 1954 759 2042 796; x_wconf 77' lang='lat' dir='ltr'><strong>nes</strong></span> <span class='ocrx_word' id='word_1_147' title='bbox 2068 752 2260 812; x_wconf 81' lang='lat' dir='ltr'><strong>gentes,</strong></span> <span class='ocrx_word' id='word_1_148' title='bbox 2291 742 2611 812; x_wconf 80' lang='lat' dir='ltr'><strong>baptizantes</strong></span> <span class='ocrx_word' id='word_1_149' title='bbox 2641 762 2728 799; x_wconf 77' lang='lat' dir='ltr'><strong>eos</strong></span> <span class='ocrx_word' id='word_1_150' title='bbox 2768 747 2819 800; x_wconf 90' lang='lat' dir='ltr'><strong>in</strong></span> <span class='ocrx_word' id='word_1_151' title='bbox 2847 749 3052 804; x_wconf 83' lang='lat' dir='ltr'><strong>nomine</strong></span> <span class='ocrx_word' id='word_1_152' title='bbox 3083 747 3279 816; x_wconf 82' lang='lat' dir='ltr'><strong>Patris,</strong></span> <span class='ocrx_word' id='word_1_153' title='bbox 3307 763 3354 806; x_wconf 90' lang='lat' dir='ltr'><strong>et</strong></span> <span class='ocrx_word' id='word_1_154' title='bbox 3380 751 3531 818; x_wconf 80' lang='lat' dir='ltr'><strong>Filii,</strong></span> 
     </span>
    </p>
   </div>
   <div class='ocr_carea' id='block_1_21' title="bbox 1952 840 3534 916">
    <p class='ocr_par' dir='ltr' id='par_1_21' title="bbox 1952 840 3534 916">
     <span class='ocr_line' id='line_1_21' title="bbox 1952 840 3534 916; baseline 0.005 -23"><span class='ocrx_word' id='word_1_155' title='bbox 1952 850 2000 894; x_wconf 88' lang='lat' dir='ltr'><strong>et</strong></span> <span class='ocrx_word' id='word_1_156' title='bbox 2038 840 2265 909; x_wconf 74' lang='lat' dir='ltr'><strong>Spiritus</strong></span> <span class='ocrx_word' id='word_1_157' title='bbox 2291 843 2461 896; x_wconf 71' lang='lat' dir='ltr'><strong>uincti</strong></span> <span class='ocrx_word' id='word_1_158' title='bbox 2500 841 2714 913; x_wconf 77' lang='lat' dir='ltr'><strong>(Matth.</strong></span> <span class='ocrx_word' id='word_1_159' title='bbox 2749 849 2958 916; x_wconf 78' lang='lat' dir='ltr'><strong>xxvtu).</strong></span> <span class='ocrx_word' id='word_1_160' title='bbox 2983 844 3188 910; x_wconf 84' lang='lat' dir='ltr'><strong>Quibus</strong></span> <span class='ocrx_word' id='word_1_161' title='bbox 3213 847 3392 901; x_wconf 56' lang='lat' dir='ltr'><strong>verbis</strong></span> <span class='ocrx_word' id='word_1_162' title='bbox 3420 847 3534 902; x_wconf 59' lang='lat' dir='ltr'><strong>cole</strong></span> 
     </span>
    </p>
   </div>
   <div class='ocr_carea' id='block_1_22' title="bbox 1952 931 3535 1006">
    <p class='ocr_par' dir='ltr' id='par_1_22' title="bbox 1952 931 3535 1006">
     <span class='ocr_line' id='line_1_22' title="bbox 1952 931 3535 1006; baseline 0.005 -23"><span class='ocrx_word' id='word_1_163' title='bbox 1952 931 2134 1001; x_wconf 89' lang='lat' dir='ltr'><strong>ligitnr</strong></span> <span class='ocrx_word' id='word_1_164' title='bbox 2163 932 2310 1001; x_wconf 89' lang='lat' dir='ltr'><strong>quia,</strong></span> <span class='ocrx_word' id='word_1_165' title='bbox 2339 941 2393 987; x_wconf 92' lang='lat' dir='ltr'><strong>et</strong></span> <span class='ocrx_word' id='word_1_166' title='bbox 2419 949 2638 998; x_wconf 86' lang='lat' dir='ltr'><strong>nomen,</strong></span> <span class='ocrx_word' id='word_1_167' title='bbox 2667 946 2721 989; x_wconf 91' lang='lat' dir='ltr'><strong>et</strong></span> <span class='ocrx_word' id='word_1_168' title='bbox 2747 951 2974 1005; x_wconf 82' lang='lat' dir='ltr'><strong>persona</strong></span> <span class='ocrx_word' id='word_1_169' title='bbox 3005 937 3382 990; x_wconf 87' lang='lat' dir='ltr'><strong>communione</strong></span> <span class='ocrx_word' id='word_1_170' title='bbox 3403 952 3535 1006; x_wconf 84' lang='lat' dir='ltr'><strong>qua-</strong></span> 
     </span>
    </p>
   </div>
   <div class='ocr_carea' id='block_1_23' title="bbox 1953 1022 3538 1100">
    <p class='ocr_par' dir='ltr' id='par_1_23' title="bbox 1953 1022 3538 1100">
     <span class='ocr_line' id='line_1_23' title="bbox 1953 1022 3538 1100; baseline 0.003 -22"><span class='ocrx_word' id='word_1_171' title='bbox 1953 1023 2077 1078; x_wconf 90' lang='lat' dir='ltr'><strong>dam</strong></span> <span class='ocrx_word' id='word_1_172' title='bbox 2102 1022 2426 1096; x_wconf 76' lang='lat' dir='ltr'><strong>junguntur.</strong></span> <span class='ocrx_word' id='word_1_173' title='bbox 2460 1027 2595 1082; x_wconf 81' lang='lat' dir='ltr'><strong>Cum</strong></span> <span class='ocrx_word' id='word_1_174' title='bbox 2629 1028 2772 1081; x_wconf 91' lang='lat' dir='ltr'><strong>enim</strong></span> <span class='ocrx_word' id='word_1_175' title='bbox 2813 1043 3008 1082; x_wconf 85' lang='lat' dir='ltr'><strong>nomen</strong></span> <span class='ocrx_word' id='word_1_176' title='bbox 3042 1044 3138 1097; x_wconf 88' lang='lat' dir='ltr'><strong>pro</strong></span> <span class='ocrx_word' id='word_1_177' title='bbox 3185 1044 3410 1098; x_wconf 89' lang='lat' dir='ltr'><strong>persona</strong></span> <span class='ocrx_word' id='word_1_178' title='bbox 3442 1045 3538 1100; x_wconf 90' lang='lat' dir='ltr'><strong>po-</strong></span> 
     </span>
    </p>
   </div>
   <div class='ocr_carea' id='block_1_24' title="bbox 1957 1118 3536 1196">
    <p class='ocr_par' dir='ltr' id='par_1_24' title="bbox 1957 1118 3536 1196">
     <span class='ocr_line' id='line_1_24' title="bbox 1957 1118 3536 1196; baseline 0.003 -24"><span class='ocrx_word' id='word_1_179' title='bbox 1957 1118 2124 1183; x_wconf 89' lang='lat' dir='ltr'><strong>nitur,</strong></span> <span class='ocrx_word' id='word_1_180' title='bbox 2156 1135 2352 1196; x_wconf 86' lang='lat' dir='ltr'><strong>nomen</strong></span> <span class='ocrx_word' id='word_1_181' title='bbox 2375 1130 2553 1175; x_wconf 88' lang='lat' dir='ltr'><strong>autem</strong></span> <span class='ocrx_word' id='word_1_182' title='bbox 2581 1120 2746 1174; x_wconf 88' lang='lat' dir='ltr'><strong>variis</strong></span> <span class='ocrx_word' id='word_1_183' title='bbox 2779 1120 2942 1175; x_wconf 85' lang='lat' dir='ltr'><strong>rebus</strong></span> <span class='ocrx_word' id='word_1_184' title='bbox 2969 1121 3278 1187; x_wconf 90' lang='lat' dir='ltr'><strong>ascribitur,</strong></span> <span class='ocrx_word' id='word_1_185' title='bbox 3304 1136 3536 1191; x_wconf 85' lang='lat' dir='ltr'><strong>persona</strong></span> 
     </span>
    </p>
   </div>
   <div class='ocr_carea' id='block_1_25' title="bbox 1957 1210 2978 1280">
    <p class='ocr_par' dir='ltr' id='par_1_25' title="bbox 1957 1210 2978 1280">
     <span class='ocr_line' id='line_1_25' title="bbox 1957 1210 2978 1280; baseline 0 -18"><span class='ocrx_word' id='word_1_186' title='bbox 1957 1225 2170 1280; x_wconf 87' lang='lat' dir='ltr'><strong>quoque</strong></span> <span class='ocrx_word' id='word_1_187' title='bbox 2198 1210 2365 1264; x_wconf 88' lang='lat' dir='ltr'><strong>variis</strong></span> <span class='ocrx_word' id='word_1_188' title='bbox 2397 1213 2555 1265; x_wconf 89' lang='lat' dir='ltr'><strong>rebus</strong></span> <span class='ocrx_word' id='word_1_189' title='bbox 2588 1211 2788 1266; x_wconf 83' lang='lat' dir='ltr'><strong>ascribi</strong></span> <span class='ocrx_word' id='word_1_190' title='bbox 2816 1211 2978 1265; x_wconf 89' lang='lat' dir='ltr'><strong>valet.</strong></span> 
     </span>
    </p>
   </div>
   <div class='ocr_carea' id='block_1_26' title="bbox 2030 1300 3542 1372">
    <p class='ocr_par' dir='ltr' id='par_1_26' title="bbox 2030 1300 3542 1372">
     <span class='ocr_line' id='line_1_26' title="bbox 2030 1300 3542 1372; baseline -0.002 -15"><span class='ocrx_word' id='word_1_191' title='bbox 2030 1301 2326 1357; x_wconf 70' lang='lat' dir='ltr'><strong>Steculares</strong></span> <span class='ocrx_word' id='word_1_192' title='bbox 2353 1318 2481 1357; x_wconf 91' lang='lat' dir='ltr'><strong>vero</strong></span> <span class='ocrx_word' id='word_1_193' title='bbox 2518 1303 2736 1366; x_wconf 74' lang='lat' dir='ltr'><strong>litterae,</strong></span> <span class='ocrx_word' id='word_1_194' title='bbox 2767 1318 2901 1371; x_wconf 90' lang='lat' dir='ltr'><strong>quas</strong></span> <span class='ocrx_word' id='word_1_195' title='bbox 2929 1301 3091 1355; x_wconf 87' lang='lat' dir='ltr'><strong>etiam</strong></span> <span class='ocrx_word' id='word_1_196' title='bbox 3124 1300 3338 1370; x_wconf 92' lang='lat' dir='ltr'><strong>plurimi</strong></span> <span class='ocrx_word' id='word_1_197' title='bbox 3382 1300 3542 1372; x_wconf 85' lang='lat' dir='ltr'><strong>spiri—</strong></span> 
     </span>
    </p>
   </div>
   <div class='ocr_carea' id='block_1_27' title="bbox 1959 1392 3540 1464">
    <p class='ocr_par' dir='ltr' id='par_1_27' title="bbox 1959 1392 3540 1464">
     <span class='ocr_line' id='line_1_27' title="bbox 1959 1392 3540 1464; baseline -0.001 -16"><span class='ocrx_word' id='word_1_198' title='bbox 1959 1395 2097 1449; x_wconf 88' lang='lat' dir='ltr'><strong>tales</strong></span> <span class='ocrx_word' id='word_1_199' title='bbox 2128 1394 2230 1448; x_wconf 90' lang='lat' dir='ltr'><strong>viri</strong></span> <span class='ocrx_word' id='word_1_200' title='bbox 2261 1404 2582 1464; x_wconf 81' lang='lat' dir='ltr'><strong>sequuntur,</strong></span> <span class='ocrx_word' id='word_1_201' title='bbox 2628 1394 2803 1448; x_wconf 90' lang='lat' dir='ltr'><strong>simile</strong></span> <span class='ocrx_word' id='word_1_202' title='bbox 2845 1394 2972 1462; x_wconf 91' lang='lat' dir='ltr'><strong>quid</strong></span> <span class='ocrx_word' id='word_1_203' title='bbox 3026 1394 3263 1447; x_wconf 86' lang='lat' dir='ltr'><strong>tradunt.</strong></span> <span class='ocrx_word' id='word_1_204' title='bbox 3305 1392 3439 1446; x_wconf 88' lang='lat' dir='ltr'><strong>Cum</strong></span> <span class='ocrx_word' id='word_1_205' title='bbox 3487 1393 3540 1447; x_wconf 90' lang='lat' dir='ltr'><strong>in</strong></span> 
     </span>
    </p>
   </div>
   <div class='ocr_carea' id='block_1_28' title="bbox 1959 1481 3541 1554">
    <p class='ocr_par' dir='ltr' id='par_1_28' title="bbox 1959 1481 3541 1554">
     <span class='ocr_line' id='line_1_28' title="bbox 1959 1481 3541 1554; baseline -0.002 -16"><span class='ocrx_word' id='word_1_206' title='bbox 1959 1484 2329 1554; x_wconf 75' lang='lat' dir='ltr'><strong>grammatica:</strong></span> <span class='ocrx_word' id='word_1_207' title='bbox 2354 1483 2656 1553; x_wconf 85' lang='lat' dir='ltr'><strong>pronomiui</strong></span> <span class='ocrx_word' id='word_1_208' title='bbox 2682 1494 2731 1538; x_wconf 88' lang='lat' dir='ltr'><strong>et</strong></span> <span class='ocrx_word' id='word_1_209' title='bbox 2763 1484 2927 1538; x_wconf 87' lang='lat' dir='ltr'><strong>verbo</strong></span> <span class='ocrx_word' id='word_1_210' title='bbox 2957 1493 3066 1536; x_wconf 89' lang='lat' dir='ltr'><strong>tres</strong></span> <span class='ocrx_word' id='word_1_211' title='bbox 3088 1498 3345 1552; x_wconf 87' lang='lat' dir='ltr'><strong>personas</strong></span> <span class='ocrx_word' id='word_1_212' title='bbox 3369 1481 3541 1536; x_wconf 90' lang='lat' dir='ltr'><strong>ascri-</strong></span> 
     </span>
    </p>
   </div>
   <div class='ocr_carea' id='block_1_29' title="bbox 1959 1570 3542 1647">
    <p class='ocr_par' dir='ltr' id='par_1_29' title="bbox 1959 1570 3542 1647">
     <span class='ocr_line' id='line_1_29' title="bbox 1959 1570 3542 1647; baseline -0.003 -16"><span class='ocrx_word' id='word_1_213' title='bbox 1959 1577 2114 1640; x_wconf 85' lang='lat' dir='ltr'><strong>bunt,</strong></span> <span class='ocrx_word' id='word_1_214' title='bbox 2143 1586 2203 1630; x_wconf 92' lang='lat' dir='ltr'><strong>ut</strong></span> <span class='ocrx_word' id='word_1_215' title='bbox 2227 1593 2240 1629; x_wconf 89' lang='lat'><strong>:</strong></span> <span class='ocrx_word' id='word_1_216' title='bbox 2271 1591 2391 1647; x_wconf 89' lang='lat' dir='ltr'><strong>ego,</strong></span> <span class='ocrx_word' id='word_1_217' title='bbox 2423 1586 2497 1640; x_wconf 91' lang='lat' dir='ltr'><strong>tu,</strong></span> <span class='ocrx_word' id='word_1_218' title='bbox 2523 1575 2638 1639; x_wconf 89' lang='lat' dir='ltr'><strong>ille;</strong></span> <span class='ocrx_word' id='word_1_219' title='bbox 2661 1583 2754 1646; x_wconf 45' lang='grc' dir='ltr'><strong>,εις</strong></span> <span class='ocrx_word' id='word_1_220' title='bbox 2781 1574 2914 1646; x_wconf 83' lang='lat' dir='ltr'><strong>lego,</strong></span> <span class='ocrx_word' id='word_1_221' title='bbox 2950 1574 3102 1642; x_wconf 73' lang='lat' dir='ltr'><strong>legis,</strong></span> <span class='ocrx_word' id='word_1_222' title='bbox 3130 1573 3276 1642; x_wconf 84' lang='lat' dir='ltr'><strong>legit.</strong></span> <span class='ocrx_word' id='word_1_223' title='bbox 3304 1570 3542 1639; x_wconf 90' lang='lat' dir='ltr'><strong>Quarum</strong></span> 
     </span>
    </p>
   </div>
   <div class='ocr_carea' id='block_1_30' title="bbox 1961 1663 3546 1740">
    <p class='ocr_par' dir='ltr' id='par_1_30' title="bbox 1961 1663 3546 1740">
     <span class='ocr_line' id='line_1_30' title="bbox 1961 1663 3546 1740; baseline -0.004 -16"><span class='ocrx_word' id='word_1_224' title='bbox 1961 1671 2133 1740; x_wconf 89' lang='lat' dir='ltr'><strong>prima</strong></span> <span class='ocrx_word' id='word_1_225' title='bbox 2159 1679 2216 1724; x_wconf 90' lang='lat' dir='ltr'><strong>et</strong></span> <span class='ocrx_word' id='word_1_226' title='bbox 2243 1670 2476 1726; x_wconf 87' lang='lat' dir='ltr'><strong>secunda</strong></span> <span class='ocrx_word' id='word_1_227' title='bbox 2511 1684 2740 1739; x_wconf 79' lang='lat' dir='ltr'><strong>persona</strong></span> <span class='ocrx_word' id='word_1_228' title='bbox 2771 1667 2991 1739; x_wconf 84' lang='lat' dir='ltr'><strong>proprie</strong></span> <span class='ocrx_word' id='word_1_229' title='bbox 3021 1664 3268 1721; x_wconf 87' lang='lat' dir='ltr'><strong>rationali</strong></span> <span class='ocrx_word' id='word_1_230' title='bbox 3295 1663 3546 1719; x_wconf 86' lang='lat' dir='ltr'><strong>substan-</strong></span> 
     </span>
    </p>
   </div>
   <div class='ocr_carea' id='block_1_31' title="bbox 275 1755 3541 1833">
    <p class='ocr_par' dir='ltr' id='par_1_31' title="bbox 275 1755 3541 1833">
     <span class='ocr_line' id='line_1_31' title="bbox 275 1755 3541 1833; baseline -0.001 -24"><span class='ocrx_word' id='word_1_231' title='bbox 275 1757 481 1826; x_wconf 89' lang='lat' dir='ltr'><strong>proprie</strong></span> <span class='ocrx_word' id='word_1_232' title='bbox 513 1767 813 1826; x_wconf 89' lang='lat' dir='ltr'><strong>ponuntur.</strong></span> <span class='ocrx_word' id='word_1_233' title='bbox 849 1756 915 1813; x_wconf 88' lang='lat' dir='ltr'><strong>Ut</strong></span> <span class='ocrx_word' id='word_1_234' title='bbox 950 1758 1003 1812; x_wconf 91' lang='lat' dir='ltr'><strong>in</strong></span> <span class='ocrx_word' id='word_1_235' title='bbox 1039 1757 1268 1813; x_wconf 88' lang='lat' dir='ltr'><strong>Psalmis</strong></span> <span class='ocrx_word' id='word_1_236' title='bbox 1295 1761 1515 1814; x_wconf 85' lang='lat' dir='ltr'><strong>verbum</strong></span> <span class='ocrx_word' id='word_1_237' title='bbox 1552 1778 1852 1833; x_wconf 77' lang='lat' dir='ltr'><strong>persequor.</strong></span> <span class='ocrx_word' id='word_1_238' title='bbox 1885 1759 1931 1820; x_wconf 82' lang='grc' dir='ltr'><strong>Β</strong></span> <span class='ocrx_word' id='word_1_239' title='bbox 1961 1765 2048 1818; x_wconf 76' lang='lat' dir='ltr'><strong>tize</strong></span> <span class='ocrx_word' id='word_1_240' title='bbox 2095 1762 2454 1826; x_wconf 89' lang='lat' dir='ltr'><strong>conveniunt,</strong></span> <span class='ocrx_word' id='word_1_241' title='bbox 2510 1761 2636 1830; x_wconf 87' lang='lat' dir='ltr'><strong>quia</strong></span> <span class='ocrx_word' id='word_1_242' title='bbox 2686 1776 2844 1815; x_wconf 88' lang='lat' dir='ltr'><strong>nemo</strong></span> <span class='ocrx_word' id='word_1_243' title='bbox 2893 1765 3071 1829; x_wconf 84' lang='lat' dir='ltr'><strong>potest</strong></span> <span class='ocrx_word' id='word_1_244' title='bbox 3119 1757 3298 1811; x_wconf 89' lang='lat' dir='ltr'><strong>dicere</strong></span> <span class='ocrx_word' id='word_1_245' title='bbox 3332 1773 3344 1808; x_wconf 90' lang='lat'><strong>:</strong></span> <span class='ocrx_word' id='word_1_246' title='bbox 3396 1755 3541 1825; x_wconf 78' lang='lat' dir='ltr'><strong>Ego;</strong></span> 
     </span>
    </p>
   </div>
   <div class='ocr_carea' id='block_1_32' title="bbox 273 1849 1859 1924">
    <p class='ocr_par' dir='ltr' id='par_1_32' title="bbox 273 1849 1859 1924">
     <span class='ocr_line' id='line_1_32' title="bbox 273 1849 1859 1924; baseline 0.004 -21"><span class='ocrx_word' id='word_1_247' title='bbox 273 1849 324 1903; x_wconf 88' lang='lat' dir='ltr'><strong>In</strong></span> <span class='ocrx_word' id='word_1_248' title='bbox 355 1866 460 1904; x_wconf 92' lang='lat' dir='ltr'><strong>uno</strong></span> <span class='ocrx_word' id='word_1_249' title='bbox 491 1851 640 1904; x_wconf 87' lang='lat' dir='ltr'><strong>enim</strong></span> <span class='ocrx_word' id='word_1_250' title='bbox 694 1851 815 1906; x_wconf 90' lang='lat' dir='ltr'><strong>loco</strong></span> <span class='ocrx_word' id='word_1_251' title='bbox 845 1852 1042 1906; x_wconf 89' lang='lat' dir='ltr'><strong>dicitur</strong></span> <span class='ocrx_word' id='word_1_252' title='bbox 1071 1870 1084 1906; x_wconf 91' lang='lat'><strong>:</strong></span> <span class='ocrx_word' id='word_1_253' title='bbox 1115 1852 1333 1923; x_wconf 78' lang='lat' dir='ltr'><strong>Inquire</strong></span> <span class='ocrx_word' id='word_1_254' title='bbox 1375 1871 1556 1922; x_wconf 86' lang='lat' dir='ltr'><strong>pacem</strong></span> <span class='ocrx_word' id='word_1_255' title='bbox 1596 1865 1644 1908; x_wconf 87' lang='lat' dir='ltr'><strong>et</strong></span> <span class='ocrx_word' id='word_1_256' title='bbox 1685 1872 1859 1924; x_wconf 75' lang='lat' dir='ltr'><strong>perse-</strong></span> 
     </span>
    </p>
   </div>
   <div class='ocr_carea' id='block_1_33' title="bbox 271 1943 1858 2018">
    <p class='ocr_par' dir='ltr' id='par_1_33' title="bbox 271 1943 1858 2018">
     <span class='ocr_line' id='line_1_33' title="bbox 271 1943 1858 2018; baseline 0.006 -24"><span class='ocrx_word' id='word_1_257' title='bbox 271 1959 419 2010; x_wconf 74' lang='lat' dir='ltr'><strong>quere</strong></span> <span class='ocrx_word' id='word_1_258' title='bbox 443 1960 567 1996; x_wconf 87' lang='lat' dir='ltr'><strong>eam</strong></span> <span class='ocrx_word' id='word_1_259' title='bbox 596 1943 772 2014; x_wconf 69' lang='lat' dir='ltr'><strong>(Prol.</strong></span> <span class='ocrx_word' id='word_1_260' title='bbox 804 1947 1018 2014; x_wconf 67' lang='grc' dir='ltr'><strong>χχχιιι).</strong></span> <span class='ocrx_word' id='word_1_261' title='bbox 1058 1945 1196 2000; x_wconf 84' lang='lat' dir='ltr'><strong>Alibi</strong></span> <span class='ocrx_word' id='word_1_262' title='bbox 1245 1962 1374 2001; x_wconf 90' lang='lat' dir='ltr'><strong>vero</strong></span> <span class='ocrx_word' id='word_1_263' title='bbox 1416 1947 1524 2001; x_wconf 90' lang='lat' dir='ltr'><strong>alio</strong></span> <span class='ocrx_word' id='word_1_264' title='bbox 1570 1961 1729 2002; x_wconf 88' lang='lat' dir='ltr'><strong>sensu</strong></span> <span class='ocrx_word' id='word_1_265' title='bbox 1763 1963 1858 2018; x_wconf 86' lang='lat' dir='ltr'><strong>po-</strong></span> 
     </span>
    </p>
   </div>
   <div class='ocr_carea' id='block_1_34' title="bbox 274 2036 1858 2107">
    <p class='ocr_par' dir='ltr' id='par_1_34' title="bbox 274 2036 1858 2107">
     <span class='ocr_line' id='line_1_34' title="bbox 274 2036 1858 2107; baseline 0.004 -19"><span class='ocrx_word' id='word_1_266' title='bbox 274 2036 440 2097; x_wconf 89' lang='lat' dir='ltr'><strong>nitur,</strong></span> <span class='ocrx_word' id='word_1_267' title='bbox 494 2045 606 2090; x_wconf 89' lang='lat' dir='ltr'><strong>ut:</strong></span> <span class='ocrx_word' id='word_1_268' title='bbox 653 2036 1021 2092; x_wconf 84' lang='lat' dir='ltr'><strong>Detrahentem</strong></span> <span class='ocrx_word' id='word_1_269' title='bbox 1060 2051 1257 2092; x_wconf 84' lang='lat' dir='ltr'><strong>secreto</strong></span> <span class='ocrx_word' id='word_1_270' title='bbox 1311 2041 1551 2107; x_wconf 67' lang='lat' dir='ltr'><strong>proximo</strong></span> <span class='ocrx_word' id='word_1_271' title='bbox 1580 2057 1676 2094; x_wconf 77' lang='lat' dir='ltr'><strong>suo</strong></span> <span class='ocrx_word' id='word_1_272' title='bbox 1719 2041 1858 2095; x_wconf 79' lang='lat' dir='ltr'><strong>[tunc</strong></span> 
     </span>
    </p>
   </div>
   <div class='ocr_carea' id='block_1_35' title="bbox 273 2128 1860 2198">
    <p class='ocr_par' dir='ltr' id='par_1_35' title="bbox 273 2128 1860 2198">
     <span class='ocr_line' id='line_1_35' title="bbox 273 2128 1860 2198; baseline 0.005 -18"><span class='ocrx_word' id='word_1_273' title='bbox 273 2129 620 2198; x_wconf 71' lang='lat' dir='ltr'><strong>persequebar</strong></span> <span class='ocrx_word' id='word_1_274' title='bbox 659 2128 834 2197; x_wconf 85' lang='lat' dir='ltr'><strong>(Psal.</strong></span> <span class='ocrx_word' id='word_1_275' title='bbox 879 2129 952 2198; x_wconf 90' lang='lat' dir='ltr'><strong>c).</strong></span> <span class='ocrx_word' id='word_1_276' title='bbox 1001 2130 1237 2197; x_wconf 90' lang='lat' dir='ltr'><strong>Quorum</strong></span> <span class='ocrx_word' id='word_1_277' title='bbox 1275 2132 1522 2186; x_wconf 76' lang='lat' dir='ltr'><strong>videlicet</strong></span> <span class='ocrx_word' id='word_1_278' title='bbox 1557 2149 1721 2187; x_wconf 89' lang='lat' dir='ltr'><strong>unutn</strong></span> <span class='ocrx_word' id='word_1_279' title='bbox 1765 2149 1860 2188; x_wconf 82' lang='lat' dir='ltr'><strong>ne-</strong></span> 
     </span>
    </p>
   </div>
   <div class='ocr_carea' id='block_1_36' title="bbox 274 2217 1857 2290">
    <p class='ocr_par' dir='ltr' id='par_1_36' title="bbox 274 2217 1857 2290">
     <span class='ocr_line' id='line_1_36' title="bbox 274 2217 1857 2290; baseline 0.006 -21"><span class='ocrx_word' id='word_1_280' title='bbox 274 2231 416 2272; x_wconf 79' lang='lat' dir='ltr'><strong>eesse</strong></span> <span class='ocrx_word' id='word_1_281' title='bbox 463 2227 555 2272; x_wconf 87' lang='lat' dir='ltr'><strong>est</strong></span> <span class='ocrx_word' id='word_1_282' title='bbox 585 2217 827 2279; x_wconf 88' lang='lat' dir='ltr'><strong>abusive,</strong></span> <span class='ocrx_word' id='word_1_283' title='bbox 861 2218 1006 2274; x_wconf 86' lang='lat' dir='ltr'><strong>aliud</strong></span> <span class='ocrx_word' id='word_1_284' title='bbox 1054 2235 1182 2274; x_wconf 77' lang='lat' dir='ltr'><strong>vero</strong></span> <span class='ocrx_word' id='word_1_285' title='bbox 1211 2221 1427 2290; x_wconf 90' lang='lat' dir='ltr'><strong>proprie</strong></span> <span class='ocrx_word' id='word_1_286' title='bbox 1465 2221 1699 2290; x_wconf 90' lang='lat' dir='ltr'><strong>positum</strong></span> <span class='ocrx_word' id='word_1_287' title='bbox 1731 2223 1857 2289; x_wconf 91' lang='lat' dir='ltr'><strong>dici,</strong></span> 
     </span>
    </p>
   </div>
   <div class='ocr_carea' id='block_1_37' title="bbox 275 2309 1859 2383">
    <p class='ocr_par' dir='ltr' id='par_1_37' title="bbox 275 2309 1859 2383">
     <span class='ocr_line' id='line_1_37' title="bbox 275 2309 1859 2383; baseline 0.004 -21"><span class='ocrx_word' id='word_1_288' title='bbox 275 2310 368 2363; x_wconf 83' lang='lat' dir='ltr'><strong>nisi</strong></span> <span class='ocrx_word' id='word_1_289' title='bbox 411 2309 580 2372; x_wconf 90' lang='lat' dir='ltr'><strong>forte,</strong></span> <span class='ocrx_word' id='word_1_290' title='bbox 614 2324 715 2380; x_wconf 90' lang='lat' dir='ltr'><strong>pro</strong></span> <span class='ocrx_word' id='word_1_291' title='bbox 753 2325 818 2364; x_wconf 91' lang='lat' dir='ltr'><strong>eo</strong></span> <span class='ocrx_word' id='word_1_292' title='bbox 845 2311 1020 2380; x_wconf 87' lang='lat' dir='ltr'><strong>quod,</strong></span> <span class='ocrx_word' id='word_1_293' title='bbox 1071 2311 1154 2366; x_wconf 90' lang='lat' dir='ltr'><strong>vel</strong></span> <span class='ocrx_word' id='word_1_294' title='bbox 1185 2327 1370 2382; x_wconf 87' lang='lat' dir='ltr'><strong>pacem</strong></span> <span class='ocrx_word' id='word_1_295' title='bbox 1405 2323 1736 2383; x_wconf 69' lang='lat' dir='ltr'><strong>quaerentes,</strong></span> <span class='ocrx_word' id='word_1_296' title='bbox 1776 2315 1859 2368; x_wconf 91' lang='lat' dir='ltr'><strong>vel</strong></span> 
     </span>
    </p>
   </div>
   <div class='ocr_carea' id='block_1_38' title="bbox 276 2401 1862 2474">
    <p class='ocr_par' dir='ltr' id='par_1_38' title="bbox 276 2401 1862 2474">
     <span class='ocr_line' id='line_1_38' title="bbox 276 2401 1862 2474; baseline 0.005 -20"><span class='ocrx_word' id='word_1_297' title='bbox 276 2401 548 2455; x_wconf 80' lang='lat' dir='ltr'><strong>hominem</strong></span> <span class='ocrx_word' id='word_1_298' title='bbox 584 2401 784 2456; x_wconf 57' lang='lat' dir='ltr'><strong>laedere</strong></span> <span class='ocrx_word' id='word_1_299' title='bbox 829 2403 1073 2458; x_wconf 83' lang='lat' dir='ltr'><strong>volentes</strong></span> <span class='ocrx_word' id='word_1_300' title='bbox 1116 2405 1242 2472; x_wconf 88' lang='lat' dir='ltr'><strong>(hoc</strong></span> <span class='ocrx_word' id='word_1_301' title='bbox 1285 2405 1428 2459; x_wconf 91' lang='lat' dir='ltr'><strong>enim</strong></span> <span class='ocrx_word' id='word_1_302' title='bbox 1470 2414 1862 2474; x_wconf 82' lang='lat' dir='ltr'><strong>persequentes</strong></span> 
     </span>
    </p>
   </div>
   <div class='ocr_carea' id='block_1_39' title="bbox 276 2494 1860 2567">
    <p class='ocr_par' dir='ltr' id='par_1_39' title="bbox 276 2494 1860 2567">
     <span class='ocr_line' id='line_1_39' title="bbox 276 2494 1860 2567; baseline 0.003 -20"><span class='ocrx_word' id='word_1_303' title='bbox 276 2494 592 2565; x_wconf 82' lang='lat' dir='ltr'><strong>signiﬁcat),</strong></span> <span class='ocrx_word' id='word_1_304' title='bbox 639 2505 933 2564; x_wconf 91' lang='lat' dir='ltr'><strong>utrumque</strong></span> <span class='ocrx_word' id='word_1_305' title='bbox 970 2499 1246 2566; x_wconf 89' lang='lat' dir='ltr'><strong>sequendo</strong></span> <span class='ocrx_word' id='word_1_306' title='bbox 1285 2497 1514 2567; x_wconf 84' lang='lat' dir='ltr'><strong>agimus,</strong></span> <span class='ocrx_word' id='word_1_307' title='bbox 1573 2507 1860 2567; x_wconf 90' lang='lat' dir='ltr'><strong>utrumque</strong></span> 
     </span>
    </p>
   </div>
   <div class='ocr_carea' id='block_1_40' title="bbox 275 2587 1860 2660">
    <p class='ocr_par' dir='ltr' id='par_1_40' title="bbox 275 2587 1860 2660">
     <span class='ocr_line' id='line_1_40' title="bbox 275 2587 1860 2660; baseline 0.002 -18"><span class='ocrx_word' id='word_1_308' title='bbox 275 2587 426 2642; x_wconf 85' lang='lat' dir='ltr'><strong>etiam</strong></span> <span class='ocrx_word' id='word_1_309' title='bbox 451 2603 569 2642; x_wconf 84' lang='lat' dir='ltr'><strong>uno</strong></span> <span class='ocrx_word' id='word_1_310' title='bbox 598 2588 898 2657; x_wconf 88' lang='lat' dir='ltr'><strong>eodemque</strong></span> <span class='ocrx_word' id='word_1_311' title='bbox 927 2591 1092 2643; x_wconf 85' lang='lat' dir='ltr'><strong>verbo</strong></span> <span class='ocrx_word' id='word_1_312' title='bbox 1119 2589 1362 2659; x_wconf 84' lang='lat' dir='ltr'><strong>proferre</strong></span> <span class='ocrx_word' id='word_1_313' title='bbox 1391 2592 1680 2660; x_wconf 89' lang='lat' dir='ltr'><strong>possimus.</strong></span> <span class='ocrx_word' id='word_1_314' title='bbox 1709 2590 1860 2656; x_wconf 85' lang='lat' dir='ltr'><strong>Quod</strong></span> 
     </span>
    </p>
   </div>
   <div class='ocr_carea' id='block_1_41' title="bbox 275 2677 1864 2752">
    <p class='ocr_par' dir='ltr' id='par_1_41' title="bbox 275 2677 1864 2752">
     <span class='ocr_line' id='line_1_41' title="bbox 275 2677 1864 2752; baseline 0.004 -22"><span class='ocrx_word' id='word_1_315' title='bbox 275 2677 314 2731; x_wconf 89' lang='lat' dir='ltr'><strong>si</strong></span> <span class='ocrx_word' id='word_1_316' title='bbox 339 2678 408 2732; x_wconf 86' lang='lat' dir='ltr'><strong>ita</strong></span> <span class='ocrx_word' id='word_1_317' title='bbox 436 2687 558 2744; x_wconf 88' lang='lat' dir='ltr'><strong>est,</strong></span> <span class='ocrx_word' id='word_1_318' title='bbox 593 2679 733 2733; x_wconf 87' lang='lat' dir='ltr'><strong>idem</strong></span> <span class='ocrx_word' id='word_1_319' title='bbox 778 2680 844 2734; x_wconf 91' lang='lat' dir='ltr'><strong>de</strong></span> <span class='ocrx_word' id='word_1_320' title='bbox 873 2696 1094 2749; x_wconf 71' lang='lat' dir='ltr'><strong>persona</strong></span> <span class='ocrx_word' id='word_1_321' title='bbox 1143 2681 1302 2735; x_wconf 90' lang='lat' dir='ltr'><strong>datur</strong></span> <span class='ocrx_word' id='word_1_322' title='bbox 1341 2680 1587 2752; x_wconf 86' lang='lat' dir='ltr'><strong>intelligi.</strong></span> <span class='ocrx_word' id='word_1_323' title='bbox 1631 2680 1764 2736; x_wconf 79' lang='lat' dir='ltr'><strong>Nam</strong></span> <span class='ocrx_word' id='word_1_324' title='bbox 1807 2691 1864 2736; x_wconf 91' lang='lat' dir='ltr'><strong>et</strong></span> 
     </span>
    </p>
   </div>
   <div class='ocr_carea' id='block_1_42' title="bbox 279 2767 1863 2844">
    <p class='ocr_par' dir='ltr' id='par_1_42' title="bbox 279 2767 1863 2844">
     <span class='ocr_line' id='line_1_42' title="bbox 279 2767 1863 2844; baseline 0.004 -25"><span class='ocrx_word' id='word_1_325' title='bbox 279 2767 520 2824; x_wconf 78' lang='lat' dir='ltr'><strong>Latinum</strong></span> <span class='ocrx_word' id='word_1_326' title='bbox 560 2786 757 2825; x_wconf 90' lang='lat' dir='ltr'><strong>nomen</strong></span> <span class='ocrx_word' id='word_1_327' title='bbox 785 2780 941 2844; x_wconf 73' lang='lat' dir='ltr'><strong>estet</strong></span> <span class='ocrx_word' id='word_1_328' title='bbox 965 2769 1082 2841; x_wconf 84' lang='lat' dir='ltr'><strong>ejus</strong></span> <span class='ocrx_word' id='word_1_329' title='bbox 1107 2773 1290 2843; x_wconf 90' lang='lat' dir='ltr'><strong>origo,</strong></span> <span class='ocrx_word' id='word_1_330' title='bbox 1315 2772 1467 2842; x_wconf 79' lang='lat' dir='ltr'><strong>juxta</strong></span> <span class='ocrx_word' id='word_1_331' title='bbox 1495 2771 1863 2841; x_wconf 69' lang='lat' dir='ltr'><strong>grammatica:</strong></span> 
     </span>
    </p>
   </div>
   <div class='ocr_carea' id='block_1_43' title="bbox 279 2861 1862 2936">
    <p class='ocr_par' dir='ltr' id='par_1_43' title="bbox 279 2861 1862 2936">
     <span class='ocr_line' id='line_1_43' title="bbox 279 2861 1862 2936; baseline 0.004 -22"><span class='ocrx_word' id='word_1_332' title='bbox 279 2862 534 2932; x_wconf 85' lang='lat' dir='ltr'><strong>regulam,</strong></span> <span class='ocrx_word' id='word_1_333' title='bbox 565 2861 728 2919; x_wconf 81' lang='lat' dir='ltr'><strong>facile</strong></span> <span class='ocrx_word' id='word_1_334' title='bbox 764 2874 940 2933; x_wconf 89' lang='lat' dir='ltr'><strong>potest</strong></span> <span class='ocrx_word' id='word_1_335' title='bbox 967 2867 1205 2936; x_wconf 88' lang='lat' dir='ltr'><strong>agnosci.</strong></span> <span class='ocrx_word' id='word_1_336' title='bbox 1249 2867 1324 2922; x_wconf 91' lang='lat' dir='ltr'><strong>De</strong></span> <span class='ocrx_word' id='word_1_337' title='bbox 1364 2868 1529 2922; x_wconf 89' lang='lat' dir='ltr'><strong>verbo</strong></span> <span class='ocrx_word' id='word_1_338' title='bbox 1564 2869 1708 2922; x_wconf 86' lang='lat' dir='ltr'><strong>enim</strong></span> <span class='ocrx_word' id='word_1_339' title='bbox 1747 2885 1862 2936; x_wconf 83' lang='lat' dir='ltr'><strong>per-</strong></span> 
     </span>
    </p>
   </div>
   <div class='ocr_carea' id='block_1_44' title="bbox 278 2957 1860 3039">
    <p class='ocr_par' dir='ltr' id='par_1_44' title="bbox 278 2957 1860 3039">
     <span class='ocr_line' id='line_1_44' title="bbox 278 2957 1860 3039; baseline 0.003 -31"><span class='ocrx_word' id='word_1_340' title='bbox 278 2973 413 3018; x_wconf 79' lang='lat' dir='ltr'><strong>rono,</strong></span> <span class='ocrx_word' id='word_1_341' title='bbox 442 2974 704 3026; x_wconf 77' lang='lat' dir='ltr'><strong>personas</strong></span> <span class='ocrx_word' id='word_1_342' title='bbox 746 2957 1026 3039; x_wconf 77' lang='lat' dir='ltr'><strong>derivatur</strong></span> <span class='ocrx_word' id='word_1_343' title='bbox 1067 2975 1260 3015; x_wconf 89' lang='lat' dir='ltr'><strong>nomen</strong></span> <span class='ocrx_word' id='word_1_344' title='bbox 1319 2961 1460 3030; x_wconf 90' lang='lat' dir='ltr'><strong>quod</strong></span> <span class='ocrx_word' id='word_1_345' title='bbox 1505 2968 1589 3014; x_wconf 85' lang='lat' dir='ltr'><strong>est</strong></span> <span class='ocrx_word' id='word_1_346' title='bbox 1616 2976 1860 3028; x_wconf 76' lang='lat' dir='ltr'><strong>persona,</strong></span> 
     </span>
    </p>
   </div>
   <div class='ocr_carea' id='block_1_45' title="bbox 279 3050 1861 3122">
    <p class='ocr_par' dir='ltr' id='par_1_45' title="bbox 279 3050 1861 3122">
     <span class='ocr_line' id='line_1_45' title="bbox 279 3050 1861 3122; baseline 0.003 -20"><span class='ocrx_word' id='word_1_347' title='bbox 279 3050 569 3117; x_wconf 87' lang='lat' dir='ltr'><strong>penultima</strong></span> <span class='ocrx_word' id='word_1_348' title='bbox 599 3051 806 3122; x_wconf 84' lang='lat' dir='ltr'><strong>syllaba</strong></span> <span class='ocrx_word' id='word_1_349' title='bbox 827 3092 841 3114; x_wconf 96' lang='lat'><strong>,</strong></span> <span class='ocrx_word' id='word_1_350' title='bbox 875 3053 1216 3108; x_wconf 83' lang='lat' dir='ltr'><strong>discretionis</strong></span> <span class='ocrx_word' id='word_1_351' title='bbox 1256 3069 1450 3115; x_wconf 90' lang='lat' dir='ltr'><strong>causa,</strong></span> <span class='ocrx_word' id='word_1_352' title='bbox 1488 3054 1766 3122; x_wconf 87' lang='lat' dir='ltr'><strong>producta,</strong></span> <span class='ocrx_word' id='word_1_353' title='bbox 1795 3066 1861 3106; x_wconf 89' lang='lat' dir='ltr'><strong>ne</strong></span> 
     </span>
    </p>
   </div>
   <div class='ocr_carea' id='block_1_46' title="bbox 1959 1846 3547 1925">
    <p class='ocr_par' dir='ltr' id='par_1_46' title="bbox 1959 1846 3547 1925">
     <span class='ocr_line' id='line_1_46' title="bbox 1959 1846 3547 1925; baseline -0.008 -14"><span class='ocrx_word' id='word_1_354' title='bbox 1959 1872 2119 1912; x_wconf 90' lang='lat' dir='ltr'><strong>nemo</strong></span> <span class='ocrx_word' id='word_1_355' title='bbox 2160 1865 2337 1925; x_wconf 88' lang='lat' dir='ltr'><strong>potest</strong></span> <span class='ocrx_word' id='word_1_356' title='bbox 2379 1855 2680 1922; x_wconf 83' lang='lat' dir='ltr'><strong>intelligere</strong></span> <span class='ocrx_word' id='word_1_357' title='bbox 2711 1870 2724 1907; x_wconf 93' lang='lat'>:</span> <span class='ocrx_word' id='word_1_358' title='bbox 2752 1853 2864 1917; x_wconf 89' lang='lat' dir='ltr'><strong>Tu,</strong></span> <span class='ocrx_word' id='word_1_359' title='bbox 2891 1852 2993 1906; x_wconf 91' lang='lat' dir='ltr'><strong>nisi</strong></span> <span class='ocrx_word' id='word_1_360' title='bbox 3020 1849 3320 1905; x_wconf 87' lang='lat' dir='ltr'><strong>rationalis.</strong></span> <span class='ocrx_word' id='word_1_361' title='bbox 3360 1846 3547 1902; x_wconf 86' lang='lat' dir='ltr'><strong>Tertia</strong></span> 
     </span>
    </p>
   </div>
   <div class='ocr_carea' id='block_1_47' title="bbox 1957 1941 3547 2018">
    <p class='ocr_par' dir='ltr' id='par_1_47' title="bbox 1957 1941 3547 2018">
     <span class='ocr_line' id='line_1_47' title="bbox 1957 1941 3547 2018; baseline -0.007 -18"><span class='ocrx_word' id='word_1_362' title='bbox 1957 1962 2088 2001; x_wconf 89' lang='lat' dir='ltr'><strong>vero</strong></span> <span class='ocrx_word' id='word_1_363' title='bbox 2117 1962 2364 2018; x_wconf 84' lang='lat' dir='ltr'><strong>persona.</strong></span> <span class='ocrx_word' id='word_1_364' title='bbox 2396 1963 2516 2016; x_wconf 76' lang='lat' dir='ltr'><strong>quze</strong></span> <span class='ocrx_word' id='word_1_365' title='bbox 2547 1945 2743 2000; x_wconf 85' lang='lat' dir='ltr'><strong>dicitur</strong></span> <span class='ocrx_word' id='word_1_366' title='bbox 2775 1944 2894 2007; x_wconf 92' lang='lat' dir='ltr'><strong>ille,</strong></span> <span class='ocrx_word' id='word_1_367' title='bbox 2923 1943 3032 2008; x_wconf 89' lang='lat' dir='ltr'><strong>illa,</strong></span> <span class='ocrx_word' id='word_1_368' title='bbox 3065 1941 3219 2004; x_wconf 87' lang='lat' dir='ltr'><strong>illud,</strong></span> <span class='ocrx_word' id='word_1_369' title='bbox 3247 1941 3314 1994; x_wconf 89' lang='lat' dir='ltr'><strong>ad</strong></span> <span class='ocrx_word' id='word_1_370' title='bbox 3351 1953 3547 2008; x_wconf 90' lang='lat' dir='ltr'><strong>quam-</strong></span> 
     </span>
    </p>
   </div>
   <div class='ocr_carea' id='block_1_48' title="bbox 1960 2029 3548 2096">
    <p class='ocr_par' dir='ltr' id='par_1_48' title="bbox 1960 2029 3548 2096">
     <span class='ocr_line' id='line_1_48' title="bbox 1960 2029 3548 2096; baseline -0.007 -3"><span class='ocrx_word' id='word_1_371' title='bbox 1960 2040 2088 2096; x_wconf 88' lang='lat' dir='ltr'><strong>libet</strong></span> <span class='ocrx_word' id='word_1_372' title='bbox 2121 2039 2485 2094; x_wconf 87' lang='lat' dir='ltr'><strong>irrationalem</strong></span> <span class='ocrx_word' id='word_1_373' title='bbox 2535 2048 2589 2093; x_wconf 90' lang='lat' dir='ltr'><strong>et</strong></span> <span class='ocrx_word' id='word_1_374' title='bbox 2641 2035 3014 2091; x_wconf 85' lang='lat' dir='ltr'><strong>insensibilem</strong></span> <span class='ocrx_word' id='word_1_375' title='bbox 3059 2042 3367 2088; x_wconf 88' lang='lat' dir='ltr'><strong>creaturam</strong></span> <span class='ocrx_word' id='word_1_376' title='bbox 3393 2070 3408 2095; x_wconf 92' lang='lat'><strong>,</strong></span> <span class='ocrx_word' id='word_1_377' title='bbox 3439 2029 3548 2084; x_wconf 88' lang='lat' dir='ltr'><strong>dici</strong></span> 
     </span>
    </p>
   </div>
   <div class='ocr_carea' id='block_1_49' title="bbox 1960 2122 3378 2198">
    <p class='ocr_par' dir='ltr' id='par_1_49' title="bbox 1960 2122 3378 2198">
     <span class='ocr_line' id='line_1_49' title="bbox 1960 2122 3378 2198; baseline -0.006 -12"><span class='ocrx_word' id='word_1_378' title='bbox 1960 2132 2124 2193; x_wconf 88' lang='lat' dir='ltr'><strong>valet,</strong></span> <span class='ocrx_word' id='word_1_379' title='bbox 2153 2142 2244 2187; x_wconf 90' lang='lat' dir='ltr'><strong>ut:</strong></span> <span class='ocrx_word' id='word_1_380' title='bbox 2277 2133 2363 2186; x_wconf 92' lang='lat' dir='ltr'><strong>ille</strong></span> <span class='ocrx_word' id='word_1_381' title='bbox 2388 2132 2525 2196; x_wconf 92' lang='lat' dir='ltr'><strong>fons,</strong></span> <span class='ocrx_word' id='word_1_382' title='bbox 2561 2131 2648 2184; x_wconf 91' lang='lat' dir='ltr'><strong>illa</strong></span> <span class='ocrx_word' id='word_1_383' title='bbox 2681 2144 2839 2198; x_wconf 90' lang='lat' dir='ltr'><strong>aqua,</strong></span> <span class='ocrx_word' id='word_1_384' title='bbox 2876 2127 3003 2183; x_wconf 88' lang='lat' dir='ltr'><strong>illud</strong></span> <span class='ocrx_word' id='word_1_385' title='bbox 3031 2141 3216 2196; x_wconf 77' lang='lat' dir='ltr'><strong>tequor</strong></span> <span class='ocrx_word' id='word_1_386' title='bbox 3241 2122 3378 2178; x_wconf 84' lang='lat' dir='ltr'><strong>ﬂuit.</strong></span> 
     </span>
    </p>
   </div>
   <div class='ocr_carea' id='block_1_50' title="bbox 2031 2213 3552 2296">
    <p class='ocr_par' dir='ltr' id='par_1_50' title="bbox 2031 2213 3552 2296">
     <span class='ocr_line' id='line_1_50' title="bbox 2031 2213 3552 2296; baseline -0.009 -16"><span class='ocrx_word' id='word_1_387' title='bbox 2031 2227 2156 2280; x_wconf 67' lang='lat' dir='ltr'><strong>llaec</strong></span> <span class='ocrx_word' id='word_1_388' title='bbox 2195 2228 2360 2296; x_wconf 85' lang='lat' dir='ltr'><strong>igitur</strong></span> <span class='ocrx_word' id='word_1_389' title='bbox 2407 2225 2589 2280; x_wconf 89' lang='lat' dir='ltr'><strong>omnia</strong></span> <span class='ocrx_word' id='word_1_390' title='bbox 2635 2221 2938 2285; x_wconf 90' lang='lat' dir='ltr'><strong>dialectici,</strong></span> <span class='ocrx_word' id='word_1_391' title='bbox 2983 2233 3210 2288; x_wconf 59' lang='lat' dir='ltr'><strong>quaeso,</strong></span> <span class='ocrx_word' id='word_1_392' title='bbox 3264 2213 3552 2270; x_wconf 86' lang='lat' dir='ltr'><strong>attendant</strong></span> 
     </span>
    </p>
   </div>
   <div class='ocr_carea' id='block_1_51' title="bbox 1960 2305 3550 2386">
    <p class='ocr_par' dir='ltr' id='par_1_51' title="bbox 1960 2305 3550 2386">
     <span class='ocr_line' id='line_1_51' title="bbox 1960 2305 3550 2386; baseline -0.009 -12"><span class='ocrx_word' id='word_1_393' title='bbox 1960 2318 2202 2386; x_wconf 86' lang='lat' dir='ltr'><strong>mihique</strong></span> <span class='ocrx_word' id='word_1_394' title='bbox 2234 2333 2338 2371; x_wconf 91' lang='lat' dir='ltr'><strong>non</strong></span> <span class='ocrx_word' id='word_1_395' title='bbox 2378 2317 2647 2385; x_wconf 91' lang='lat' dir='ltr'><strong>imputeut</strong></span> <span class='ocrx_word' id='word_1_396' title='bbox 2672 2313 2741 2377; x_wconf 91' lang='lat' dir='ltr'><strong>si,</strong></span> <span class='ocrx_word' id='word_1_397' title='bbox 2789 2313 2842 2366; x_wconf 91' lang='lat' dir='ltr'><strong>in</strong></span> <span class='ocrx_word' id='word_1_398' title='bbox 2878 2309 3156 2380; x_wconf 88' lang='lat' dir='ltr'><strong>opusculis</strong></span> <span class='ocrx_word' id='word_1_399' title='bbox 3190 2307 3358 2372; x_wconf 86' lang='lat' dir='ltr'><strong>meis,</strong></span> <span class='ocrx_word' id='word_1_400' title='bbox 3403 2305 3550 2360; x_wconf 82' lang='lat' dir='ltr'><strong>aliud</strong></span> 
     </span>
    </p>
   </div>
   <div class='ocr_carea' id='block_1_52' title="bbox 1960 2397 3550 2481">
    <p class='ocr_par' dir='ltr' id='par_1_52' title="bbox 1960 2397 3550 2481">
     <span class='ocr_line' id='line_1_52' title="bbox 1960 2397 3550 2481; baseline -0.008 -18"><span class='ocrx_word' id='word_1_401' title='bbox 1960 2411 2089 2481; x_wconf 93' lang='lat' dir='ltr'><strong>quid</strong></span> <span class='ocrx_word' id='word_1_402' title='bbox 2119 2425 2280 2478; x_wconf 86' lang='lat' dir='ltr'><strong>quam</strong></span> <span class='ocrx_word' id='word_1_403' title='bbox 2317 2408 2593 2461; x_wconf 87' lang='lat' dir='ltr'><strong>dialectica</strong></span> <span class='ocrx_word' id='word_1_404' title='bbox 2623 2406 2814 2460; x_wconf 86' lang='lat' dir='ltr'><strong>doceat</strong></span> <span class='ocrx_word' id='word_1_405' title='bbox 2844 2403 3173 2457; x_wconf 87' lang='lat' dir='ltr'><strong>invenerint.</strong></span> <span class='ocrx_word' id='word_1_406' title='bbox 3207 2398 3378 2469; x_wconf 83' lang='lat' dir='ltr'><strong>Major</strong></span> <span class='ocrx_word' id='word_1_407' title='bbox 3403 2397 3550 2451; x_wconf 89' lang='lat' dir='ltr'><strong>enim</strong></span> 
     </span>
    </p>
   </div>
   <div class='ocr_carea' id='block_1_53' title="bbox 1961 2490 3552 2568">
    <p class='ocr_par' dir='ltr' id='par_1_53' title="bbox 1961 2490 3552 2568">
     <span class='ocr_line' id='line_1_53' title="bbox 1961 2490 3552 2568; baseline -0.009 -12"><span class='ocrx_word' id='word_1_408' title='bbox 1961 2517 2089 2556; x_wconf 84' lang='lat' dir='ltr'><strong>cura</strong></span> <span class='ocrx_word' id='word_1_409' title='bbox 2122 2500 2253 2555; x_wconf 90' lang='lat' dir='ltr'><strong>mihi</strong></span> <span class='ocrx_word' id='word_1_410' title='bbox 2283 2508 2366 2554; x_wconf 90' lang='lat' dir='ltr'><strong>est</strong></span> <span class='ocrx_word' id='word_1_411' title='bbox 2401 2497 2650 2568; x_wconf 83' lang='lat' dir='ltr'><strong>legendo,</strong></span> <span class='ocrx_word' id='word_1_412' title='bbox 2696 2495 2776 2550; x_wconf 94' lang='lat' dir='ltr'><strong>vel</strong></span> <span class='ocrx_word' id='word_1_413' title='bbox 2805 2493 3122 2555; x_wconf 87' lang='lat' dir='ltr'><strong>scribendo,</strong></span> <span class='ocrx_word' id='word_1_414' title='bbox 3153 2490 3305 2558; x_wconf 85' lang='lat' dir='ltr'><strong>sequi</strong></span> <span class='ocrx_word' id='word_1_415' title='bbox 3333 2498 3552 2544; x_wconf 83' lang='lat' dir='ltr'><strong>sancto-</strong></span> 
     </span>
    </p>
   </div>
   <div class='ocr_carea' id='block_1_54' title="bbox 1961 2579 3554 2660">
    <p class='ocr_par' dir='ltr' id='par_1_54' title="bbox 1961 2579 3554 2660">
     <span class='ocr_line' id='line_1_54' title="bbox 1961 2579 3554 2660; baseline -0.011 -11"><span class='ocrx_word' id='word_1_416' title='bbox 1961 2610 2080 2649; x_wconf 90' lang='lat' dir='ltr'><strong>rum</strong></span> <span class='ocrx_word' id='word_1_417' title='bbox 2112 2593 2255 2647; x_wconf 87' lang='lat' dir='ltr'><strong>dicta</strong></span> <span class='ocrx_word' id='word_1_418' title='bbox 2301 2606 2465 2660; x_wconf 90' lang='lat' dir='ltr'><strong>quam</strong></span> <span class='ocrx_word' id='word_1_419' title='bbox 2506 2587 2776 2653; x_wconf 83' lang='lat' dir='ltr'><strong>Platonis,</strong></span> <span class='ocrx_word' id='word_1_420' title='bbox 2812 2584 2892 2638; x_wconf 85' lang='lat' dir='ltr'><strong>vel</strong></span> <span class='ocrx_word' id='word_1_421' title='bbox 2930 2580 3240 2637; x_wconf 85' lang='lat' dir='ltr'><strong>Aristotelis</strong></span> <span class='ocrx_word' id='word_1_422' title='bbox 3274 2579 3554 2648; x_wconf 85' lang='lat' dir='ltr'><strong>ipsiusque</strong></span> 
     </span>
    </p>
   </div>
   <div class='ocr_carea' id='block_1_55' title="bbox 1962 2668 3555 2750">
    <p class='ocr_par' dir='ltr' id='par_1_55' title="bbox 1962 2668 3555 2750">
     <span class='ocr_line' id='line_1_55' title="bbox 1962 2668 3555 2750; baseline -0.011 -12"><span class='ocrx_word' id='word_1_423' title='bbox 1962 2683 2125 2738; x_wconf 88' lang='lat' dir='ltr'><strong>etiam</strong></span> <span class='ocrx_word' id='word_1_424' title='bbox 2159 2681 2330 2736; x_wconf 79' lang='lat' dir='ltr'><strong>Boetii</strong></span> <span class='ocrx_word' id='word_1_425' title='bbox 2363 2681 2634 2750; x_wconf 90' lang='lat' dir='ltr'><strong>dogmata.</strong></span> <span class='ocrx_word' id='word_1_426' title='bbox 2665 2676 2785 2742; x_wconf 85' lang='lat' dir='ltr'><strong>Qui,</strong></span> <span class='ocrx_word' id='word_1_427' title='bbox 2832 2675 2958 2728; x_wconf 90' lang='lat' dir='ltr'><strong>licet</strong></span> <span class='ocrx_word' id='word_1_428' title='bbox 3005 2673 3056 2726; x_wconf 89' lang='lat' dir='ltr'><strong>in</strong></span> <span class='ocrx_word' id='word_1_429' title='bbox 3089 2671 3269 2739; x_wconf 82' lang='lat' dir='ltr'><strong>dictis</strong></span> <span class='ocrx_word' id='word_1_430' title='bbox 3301 2668 3555 2739; x_wconf 89' lang='lat' dir='ltr'><strong>plurimis</strong></span> 
     </span>
    </p>
   </div>
   <div class='ocr_carea' id='block_1_56' title="bbox 1962 2761 3554 2842">
    <p class='ocr_par' dir='ltr' id='par_1_56' title="bbox 1962 2761 3554 2842">
     <span class='ocr_line' id='line_1_56' title="bbox 1962 2761 3554 2842; baseline -0.011 -12"><span class='ocrx_word' id='word_1_431' title='bbox 1962 2784 2150 2830; x_wconf 87' lang='lat' dir='ltr'><strong>orator</strong></span> <span class='ocrx_word' id='word_1_432' title='bbox 2177 2771 2338 2828; x_wconf 90' lang='lat' dir='ltr'><strong>fuerit</strong></span> <span class='ocrx_word' id='word_1_433' title='bbox 2368 2767 2860 2826; x_wconf 75' lang='lat' dir='ltr'><strong>excellentissimus</strong></span> <span class='ocrx_word' id='word_1_434' title='bbox 2880 2805 2893 2826; x_wconf 89' lang='lat'>.</span> <span class='ocrx_word' id='word_1_435' title='bbox 2928 2765 2980 2817; x_wconf 93' lang='lat' dir='ltr'><strong>in</strong></span> <span class='ocrx_word' id='word_1_436' title='bbox 3024 2761 3343 2842; x_wconf 86' lang='lat' dir='ltr'><strong>quibusdam</strong></span> <span class='ocrx_word' id='word_1_437' title='bbox 3372 2767 3554 2813; x_wconf 85' lang='lat' dir='ltr'><strong>tamen</strong></span> 
     </span>
    </p>
   </div>
   <div class='ocr_carea' id='block_1_57' title="bbox 1963 2851 3554 2927">
    <p class='ocr_par' dir='ltr' id='par_1_57' title="bbox 1963 2851 3554 2927">
     <span class='ocr_line' id='line_1_57' title="bbox 1963 2851 3554 2927; baseline -0.009 -8"><span class='ocrx_word' id='word_1_438' title='bbox 1963 2879 2176 2919; x_wconf 84' lang='lat' dir='ltr'><strong>errasse</strong></span> <span class='ocrx_word' id='word_1_439' title='bbox 2203 2862 2497 2927; x_wconf 81' lang='lat' dir='ltr'><strong>invenitur.</strong></span> <span class='ocrx_word' id='word_1_440' title='bbox 2523 2859 2669 2914; x_wconf 88' lang='lat' dir='ltr'><strong>Inter</strong></span> <span class='ocrx_word' id='word_1_441' title='bbox 2710 2872 2830 2926; x_wconf 75' lang='lat' dir='ltr'><strong>qua:</strong></span> <span class='ocrx_word' id='word_1_442' title='bbox 2860 2854 2991 2909; x_wconf 88' lang='lat' dir='ltr'><strong>illud</strong></span> <span class='ocrx_word' id='word_1_443' title='bbox 3021 2862 3107 2908; x_wconf 92' lang='lat' dir='ltr'><strong>est</strong></span> <span class='ocrx_word' id='word_1_444' title='bbox 3133 2851 3298 2922; x_wconf 91' lang='lat' dir='ltr'><strong>quod,</strong></span> <span class='ocrx_word' id='word_1_445' title='bbox 3327 2867 3398 2906; x_wconf 81' lang='lat' dir='ltr'><strong>ex</strong></span> <span class='ocrx_word' id='word_1_446' title='bbox 3428 2865 3554 2921; x_wconf 57' lang='lat' dir='ltr'><strong>pera</strong></span> 
     </span>
    </p>
   </div>
   <div class='ocr_carea' id='block_1_58' title="bbox 1965 2942 3559 3026">
    <p class='ocr_par' dir='ltr' id='par_1_58' title="bbox 1965 2942 3559 3026">
     <span class='ocr_line' id='line_1_58' title="bbox 1965 2942 3559 3026; baseline -0.011 -14"><span class='ocrx_word' id='word_1_447' title='bbox 1965 2971 2098 3012; x_wconf 84' lang='lat' dir='ltr'><strong>sona</strong></span> <span class='ocrx_word' id='word_1_448' title='bbox 2127 2954 2482 3026; x_wconf 72' lang='lat' dir='ltr'><strong>philosophia:</strong></span> <span class='ocrx_word' id='word_1_449' title='bbox 2508 2953 2758 3021; x_wconf 91' lang='lat' dir='ltr'><strong>loquens,</strong></span> <span class='ocrx_word' id='word_1_450' title='bbox 2802 2949 3078 3004; x_wconf 87' lang='lat' dir='ltr'><strong>Lucanum</strong></span> <span class='ocrx_word' id='word_1_451' title='bbox 3107 2943 3360 3015; x_wconf 88' lang='lat' dir='ltr'><strong>gentilem</strong></span> <span class='ocrx_word' id='word_1_452' title='bbox 3391 2953 3445 2997; x_wconf 86' lang='lat' dir='ltr'><strong>et</strong></span> <span class='ocrx_word' id='word_1_453' title='bbox 3477 2942 3559 2996; x_wconf 86' lang='lat' dir='ltr'><strong>in-</strong></span> 
     </span>
    </p>
   </div>
   <div class='ocr_carea' id='block_1_59' title="bbox 1969 3031 3558 3110">
    <p class='ocr_par' dir='ltr' id='par_1_59' title="bbox 1969 3031 3558 3110">
     <span class='ocr_line' id='line_1_59' title="bbox 1969 3031 3558 3110; baseline -0.012 -8"><span class='ocrx_word' id='word_1_454' title='bbox 1969 3049 2178 3103; x_wconf 79' lang='lat' dir='ltr'><strong>ﬁdelem</strong></span> <span class='ocrx_word' id='word_1_455' title='bbox 2202 3045 2523 3100; x_wconf 80' lang='lat' dir='ltr'><strong>familiarem</strong></span> <span class='ocrx_word' id='word_1_456' title='bbox 2551 3059 2706 3098; x_wconf 89' lang='lat' dir='ltr'><strong>suum</strong></span> <span class='ocrx_word' id='word_1_457' title='bbox 2733 3039 2970 3110; x_wconf 87' lang='lat' dir='ltr'><strong>appellat</strong></span> <span class='ocrx_word' id='word_1_458' title='bbox 2994 3077 3010 3103; x_wconf 91' lang='lat'><strong>,</strong></span> <span class='ocrx_word' id='word_1_459' title='bbox 3043 3037 3230 3092; x_wconf 88' lang='lat' dir='ltr'><strong>dicens</strong></span> <span class='ocrx_word' id='word_1_460' title='bbox 3257 3051 3269 3088; x_wconf 91' lang='lat'><strong>:</strong></span> <span class='ocrx_word' id='word_1_461' title='bbox 3304 3034 3371 3102; x_wconf 83' lang='lat' dir='ltr'><strong>Et</strong></span> <span class='ocrx_word' id='word_1_462' title='bbox 3398 3031 3558 3086; x_wconf 83' lang='lat' dir='ltr'><strong>fanti-</strong></span> 
     </span>
    </p>
   </div>
   <div class='ocr_carea' id='block_1_60' title="bbox 282 3122 3560 3212">
    <p class='ocr_par' dir='ltr' id='par_1_60' title="bbox 282 3122 3560 3212">
     <span class='ocr_line' id='line_1_60' title="bbox 282 3122 3560 3212; baseline -0.005 -20"><span class='ocrx_word' id='word_1_463' title='bbox 282 3140 631 3209; x_wconf 88' lang='lat' dir='ltr'><strong>imperativus</strong></span> <span class='ocrx_word' id='word_1_464' title='bbox 658 3157 781 3196; x_wconf 88' lang='lat' dir='ltr'><strong>esse</strong></span> <span class='ocrx_word' id='word_1_465' title='bbox 805 3151 1025 3212; x_wconf 89' lang='lat' dir='ltr'><strong>putetur</strong></span> <span class='ocrx_word' id='word_1_466' title='bbox 1049 3158 1299 3211; x_wconf 90' lang='lat' dir='ltr'><strong>persona.</strong></span> <span class='ocrx_word' id='word_1_467' title='bbox 1332 3143 1516 3207; x_wconf 87' lang='lat' dir='ltr'><strong>Unde,</strong></span> <span class='ocrx_word' id='word_1_468' title='bbox 1560 3143 1696 3197; x_wconf 91' lang='lat' dir='ltr'><strong>sicut</strong></span> <span class='ocrx_word' id='word_1_469' title='bbox 1745 3158 1865 3195; x_wconf 91' lang='lat' dir='ltr'><strong>ver-</strong></span> <span class='ocrx_word' id='word_1_470' title='bbox 1891 3122 1937 3184; x_wconf 64' lang='grc' dir='ltr'><strong>(ἶ</strong></span> <span class='ocrx_word' id='word_1_471' title='bbox 1968 3138 2119 3193; x_wconf 88' lang='lat' dir='ltr'><strong>liaris</strong></span> <span class='ocrx_word' id='word_1_472' title='bbox 2174 3152 2330 3192; x_wconf 90' lang='lat' dir='ltr'><strong>mens</strong></span> <span class='ocrx_word' id='word_1_473' title='bbox 2374 3135 2645 3190; x_wconf 86' lang='lat' dir='ltr'><strong>Lucanus.</strong></span> <span class='ocrx_word' id='word_1_474' title='bbox 2697 3131 2849 3199; x_wconf 92' lang='lat' dir='ltr'><strong>Quod</strong></span> <span class='ocrx_word' id='word_1_475' title='bbox 2900 3129 3045 3184; x_wconf 89' lang='lat' dir='ltr'><strong>enim</strong></span> <span class='ocrx_word' id='word_1_476' title='bbox 3091 3126 3222 3182; x_wconf 91' lang='lat' dir='ltr'><strong>nulli</strong></span> <span class='ocrx_word' id='word_1_477' title='bbox 3270 3123 3560 3180; x_wconf 84' lang='lat' dir='ltr'><strong>conveniat</strong></span> 
     </span>
    </p>
   </div>
   <div class='ocr_carea' id='block_1_61' title="bbox 281 3230 1866 3303">
    <p class='ocr_par' dir='ltr' id='par_1_61' title="bbox 281 3230 1866 3303">
     <span class='ocr_line' id='line_1_61' title="bbox 281 3230 1866 3303; baseline 0.003 -21"><span class='ocrx_word' id='word_1_478' title='bbox 281 3230 394 3285; x_wconf 88' lang='lat' dir='ltr'><strong>bum</strong></span> <span class='ocrx_word' id='word_1_479' title='bbox 441 3236 672 3301; x_wconf 75' lang='lat' dir='ltr'><strong>persona</strong></span> <span class='ocrx_word' id='word_1_480' title='bbox 723 3249 832 3287; x_wconf 92' lang='lat' dir='ltr'><strong>non</strong></span> <span class='ocrx_word' id='word_1_481' title='bbox 881 3244 1167 3303; x_wconf 85' lang='lat' dir='ltr'><strong>propterea</strong></span> <span class='ocrx_word' id='word_1_482' title='bbox 1208 3234 1405 3288; x_wconf 89' lang='lat' dir='ltr'><strong>dicitur</strong></span> <span class='ocrx_word' id='word_1_483' title='bbox 1445 3234 1589 3302; x_wconf 89' lang='lat' dir='ltr'><strong>quod</strong></span> <span class='ocrx_word' id='word_1_484' title='bbox 1631 3233 1866 3302; x_wconf 72' lang='lat' dir='ltr'><strong>aliquanti</strong></span> 
     </span>
    </p>
   </div>
   <div class='ocr_carea' id='block_1_62' title="bbox 283 3325 1872 3396">
    <p class='ocr_par' dir='ltr' id='par_1_62' title="bbox 283 3325 1872 3396">
     <span class='ocr_line' id='line_1_62' title="bbox 283 3325 1872 3396; baseline 0.001 -21"><span class='ocrx_word' id='word_1_485' title='bbox 283 3337 406 3387; x_wconf 89' lang='lat' dir='ltr'><strong>rem,</strong></span> <span class='ocrx_word' id='word_1_486' title='bbox 430 3325 517 3379; x_wconf 84' lang='lat' dir='ltr'><strong>vel</strong></span> <span class='ocrx_word' id='word_1_487' title='bbox 539 3325 900 3380; x_wconf 89' lang='lat' dir='ltr'><strong>substantiam</strong></span> <span class='ocrx_word' id='word_1_488' title='bbox 925 3327 1162 3396; x_wconf 91' lang='lat' dir='ltr'><strong>proprie,</strong></span> <span class='ocrx_word' id='word_1_489' title='bbox 1179 3327 1271 3381; x_wconf 88' lang='lat' dir='ltr'><strong>sed</strong></span> <span class='ocrx_word' id='word_1_490' title='bbox 1296 3325 1661 3380; x_wconf 69' lang='lat' dir='ltr'><strong>indifferenter</strong></span> <span class='ocrx_word' id='word_1_491' title='bbox 1681 3341 1872 3394; x_wconf 89' lang='lat' dir='ltr'><strong>quam-</strong></span> 
     </span>
    </p>
   </div>
   <div class='ocr_carea' id='block_1_63' title="bbox 286 3411 1864 3485">
    <p class='ocr_par' dir='ltr' id='par_1_63' title="bbox 286 3411 1864 3485">
     <span class='ocr_line' id='line_1_63' title="bbox 286 3411 1864 3485; baseline 0.003 -22"><span class='ocrx_word' id='word_1_492' title='bbox 286 3411 405 3467; x_wconf 89' lang='lat' dir='ltr'><strong>libet</strong></span> <span class='ocrx_word' id='word_1_493' title='bbox 436 3431 556 3469; x_wconf 84' lang='lat' dir='ltr'><strong>retn</strong></span> <span class='ocrx_word' id='word_1_494' title='bbox 608 3425 894 3484; x_wconf 82' lang='lat' dir='ltr'><strong>personet,</strong></span> <span class='ocrx_word' id='word_1_495' title='bbox 933 3418 1047 3472; x_wconf 88' lang='lat' dir='ltr'><strong>sive</strong></span> <span class='ocrx_word' id='word_1_496' title='bbox 1092 3418 1367 3483; x_wconf 91' lang='lat' dir='ltr'><strong>nominet,</strong></span> <span class='ocrx_word' id='word_1_497' title='bbox 1417 3418 1486 3470; x_wconf 90' lang='lat' dir='ltr'><strong>ita</strong></span> <span class='ocrx_word' id='word_1_498' title='bbox 1533 3425 1586 3471; x_wconf 89' lang='lat' dir='ltr'><strong>et</strong></span> <span class='ocrx_word' id='word_1_499' title='bbox 1635 3430 1864 3485; x_wconf 83' lang='lat' dir='ltr'><strong>persona</strong></span> 
     </span>
    </p>
   </div>
   <div class='ocr_carea' id='block_1_64' title="bbox 284 3505 1866 3579">
    <p class='ocr_par' dir='ltr' id='par_1_64' title="bbox 284 3505 1866 3579">
     <span class='ocr_line' id='line_1_64' title="bbox 284 3505 1866 3579; baseline 0.001 -21"><span class='ocrx_word' id='word_1_500' title='bbox 284 3519 370 3572; x_wconf 84' lang='lat' dir='ltr'><strong>pro</strong></span> <span class='ocrx_word' id='word_1_501' title='bbox 397 3506 693 3574; x_wconf 88' lang='lat' dir='ltr'><strong>cujuslibet</strong></span> <span class='ocrx_word' id='word_1_502' title='bbox 721 3508 798 3563; x_wconf 90' lang='lat' dir='ltr'><strong>rei</strong></span> <span class='ocrx_word' id='word_1_503' title='bbox 829 3510 1139 3579; x_wconf 89' lang='lat' dir='ltr'><strong>agnomine,</strong></span> <span class='ocrx_word' id='word_1_504' title='bbox 1170 3509 1253 3564; x_wconf 90' lang='lat' dir='ltr'><strong>vel</strong></span> <span class='ocrx_word' id='word_1_505' title='bbox 1282 3508 1739 3563; x_wconf 83' lang='lat' dir='ltr'><strong>demonstratione</strong></span> <span class='ocrx_word' id='word_1_506' title='bbox 1760 3505 1866 3560; x_wconf 90' lang='lat' dir='ltr'><strong>dici</strong></span> 
     </span>
    </p>
   </div>
   <div class='ocr_carea' id='block_1_65' title="bbox 284 3605 466 3664">
    <p class='ocr_par' dir='ltr' id='par_1_65' title="bbox 284 3605 466 3664">
     <span class='ocr_line' id='line_1_65' title="bbox 284 3605 466 3664; baseline -0.011 -12"><span class='ocrx_word' id='word_1_507' title='bbox 284 3605 466 3664; x_wconf 82' lang='lat' dir='ltr'><strong>potest.</strong></span> 
     </span>
    </p>
   </div>
   <div class='ocr_carea' id='block_1_66' title="bbox 345 3689 1866 3760">
    <p class='ocr_par' dir='ltr' id='par_1_66' title="bbox 345 3689 1866 3760">
     <span class='ocr_line' id='line_1_66' title="bbox 345 3689 1866 3760; baseline -0.002 -17"><span class='ocrx_word' id='word_1_508' title='bbox 345 3689 523 3756; x_wconf 91' lang='lat' dir='ltr'><strong>Quod,</strong></span> <span class='ocrx_word' id='word_1_509' title='bbox 559 3691 661 3746; x_wconf 91' lang='lat' dir='ltr'><strong>nisi</strong></span> <span class='ocrx_word' id='word_1_510' title='bbox 690 3692 868 3757; x_wconf 89' lang='lat' dir='ltr'><strong>fallor,</strong></span> <span class='ocrx_word' id='word_1_511' title='bbox 905 3700 1014 3746; x_wconf 92' lang='lat' dir='ltr'><strong>tam</strong></span> <span class='ocrx_word' id='word_1_512' title='bbox 1042 3707 1213 3747; x_wconf 73' lang='lat' dir='ltr'><strong>sacrm</strong></span> <span class='ocrx_word' id='word_1_513' title='bbox 1240 3691 1535 3760; x_wconf 68' lang='lat' dir='ltr'><strong>Scripturm</strong></span> <span class='ocrx_word' id='word_1_514' title='bbox 1579 3704 1740 3758; x_wconf 84' lang='lat' dir='ltr'><strong>quam</strong></span> <span class='ocrx_word' id='word_1_515' title='bbox 1770 3703 1866 3741; x_wconf 77' lang='lat' dir='ltr'><strong>sa:-</strong></span> 
     </span>
    </p>
   </div>
   <div class='ocr_carea' id='block_1_67' title="bbox 286 3781 1867 3840">
    <p class='ocr_par' dir='ltr' id='par_1_67' title="bbox 286 3781 1867 3840">
     <span class='ocr_line' id='line_1_67' title="bbox 286 3781 1867 3840; baseline -0.001 -6"><span class='ocrx_word' id='word_1_516' title='bbox 286 3781 547 3838; x_wconf 81' lang='lat' dir='ltr'><strong>CnIarium</strong></span> <span class='ocrx_word' id='word_1_517' title='bbox 596 3783 902 3840; x_wconf 89' lang='lat' dir='ltr'><strong>litterarum</strong></span> <span class='ocrx_word' id='word_1_518' title='bbox 946 3785 1239 3840; x_wconf 87' lang='lat' dir='ltr'><strong>traditione</strong></span> <span class='ocrx_word' id='word_1_519' title='bbox 1287 3785 1559 3839; x_wconf 88' lang='lat' dir='ltr'><strong>invenitur</strong></span> <span class='ocrx_word' id='word_1_520' title='bbox 1605 3784 1676 3836; x_wconf 81' lang='lat' dir='ltr'><strong>ita</strong></span> <span class='ocrx_word' id='word_1_521' title='bbox 1725 3797 1867 3837; x_wconf 82' lang='lat' dir='ltr'><strong>esse.</strong></span> 
     </span>
    </p>
   </div>
   <div class='ocr_carea' id='block_1_68' title="bbox 1973 3216 3562 3298">
    <p class='ocr_par' dir='ltr' id='par_1_68' title="bbox 1973 3216 3562 3298">
     <span class='ocr_line' id='line_1_68' title="bbox 1973 3216 3562 3298; baseline -0.009 -14"><span class='ocrx_word' id='word_1_522' title='bbox 1973 3231 2154 3284; x_wconf 84' lang='lat' dir='ltr'><strong>dicere</strong></span> <span class='ocrx_word' id='word_1_523' title='bbox 2190 3227 2443 3298; x_wconf 82' lang='lat' dir='ltr'><strong>gentilem</strong></span> <span class='ocrx_word' id='word_1_524' title='bbox 2492 3226 2728 3295; x_wconf 88' lang='lat' dir='ltr'><strong>aliquem</strong></span> <span class='ocrx_word' id='word_1_525' title='bbox 2772 3239 2914 3278; x_wconf 75' lang='lat' dir='ltr'><strong>vera:</strong></span> <span class='ocrx_word' id='word_1_526' title='bbox 2949 3219 3299 3293; x_wconf 74' lang='lat' dir='ltr'><strong>philosophize</strong></span> <span class='ocrx_word' id='word_1_527' title='bbox 3321 3258 3337 3284; x_wconf 95' lang='lat'><strong>,</strong></span> <span class='ocrx_word' id='word_1_528' title='bbox 3384 3216 3437 3271; x_wconf 92' lang='lat' dir='ltr'><strong>id</strong></span> <span class='ocrx_word' id='word_1_529' title='bbox 3474 3223 3562 3271; x_wconf 83' lang='lat' dir='ltr'><strong>est</strong></span> 
     </span>
    </p>
   </div>
   <div class='ocr_carea' id='block_1_69' title="bbox 1975 3308 3561 3389">
    <p class='ocr_par' dir='ltr' id='par_1_69' title="bbox 1975 3308 3561 3389">
     <span class='ocr_line' id='line_1_69' title="bbox 1975 3308 3561 3389; baseline -0.008 -15"><span class='ocrx_word' id='word_1_530' title='bbox 1975 3321 2170 3374; x_wconf 72' lang='lat' dir='ltr'><strong>divina:</strong></span> <span class='ocrx_word' id='word_1_531' title='bbox 2209 3319 2486 3389; x_wconf 74' lang='lat' dir='ltr'><strong>sapientia:</strong></span> <span class='ocrx_word' id='word_1_532' title='bbox 2524 3317 2846 3372; x_wconf 78' lang='lat' dir='ltr'><strong>familiarem</strong></span> <span class='ocrx_word' id='word_1_533' title='bbox 2902 3329 3062 3380; x_wconf 85' lang='lat' dir='ltr'><strong>esse,</strong></span> <span class='ocrx_word' id='word_1_534' title='bbox 3108 3312 3283 3368; x_wconf 80' lang='lat' dir='ltr'><strong>ﬁdelis</strong></span> <span class='ocrx_word' id='word_1_535' title='bbox 3328 3308 3561 3381; x_wconf 87' lang='lat' dir='ltr'><strong>quilibet</strong></span> 
     </span>
    </p>
   </div>
   <div class='ocr_carea' id='block_1_70' title="bbox 1973 3408 2440 3462">
    <p class='ocr_par' dir='ltr' id='par_1_70' title="bbox 1973 3408 2440 3462">
     <span class='ocr_line' id='line_1_70' title="bbox 1973 3408 2440 3462; baseline 0 0"><span class='ocrx_word' id='word_1_536' title='bbox 1973 3408 2256 3462; x_wconf 88' lang='lat' dir='ltr'><strong>advertere</strong></span> <span class='ocrx_word' id='word_1_537' title='bbox 2282 3408 2440 3462; x_wconf 86' lang='lat' dir='ltr'><strong>valet.</strong></span> 
     </span>
    </p>
   </div>
   <div class='ocr_carea' id='block_1_71' title="bbox 2045 3491 3558 3571">
    <p class='ocr_par' dir='ltr' id='par_1_71' title="bbox 2045 3491 3558 3571">
     <span class='ocr_line' id='line_1_71' title="bbox 2045 3491 3558 3571; baseline -0.007 -15"><span class='ocrx_word' id='word_1_538' title='bbox 2045 3501 2400 3558; x_wconf 85' lang='lat' dir='ltr'><strong>Venerandus</strong></span> <span class='ocrx_word' id='word_1_539' title='bbox 2424 3509 2508 3556; x_wconf 87' lang='lat' dir='ltr'><strong>est</strong></span> <span class='ocrx_word' id='word_1_540' title='bbox 2540 3515 2670 3571; x_wconf 86' lang='lat' dir='ltr'><strong>ergo</strong></span> <span class='ocrx_word' id='word_1_541' title='bbox 2697 3500 2839 3555; x_wconf 88' lang='lat' dir='ltr'><strong>Deus</strong></span> <span class='ocrx_word' id='word_1_542' title='bbox 2866 3500 3154 3566; x_wconf 87' lang='lat' dir='ltr'><strong>omniaque</strong></span> <span class='ocrx_word' id='word_1_543' title='bbox 3192 3493 3350 3550; x_wconf 90' lang='lat' dir='ltr'><strong>simul</strong></span> <span class='ocrx_word' id='word_1_544' title='bbox 3377 3491 3558 3548; x_wconf 86' lang='lat' dir='ltr'><strong>divina</strong></span> 
     </span>
    </p>
   </div>
   <div class='ocr_carea' id='block_1_72' title="bbox 1973 3584 3563 3665">
    <p class='ocr_par' dir='ltr' id='par_1_72' title="bbox 1973 3584 3563 3665">
     <span class='ocr_line' id='line_1_72' title="bbox 1973 3584 3563 3665; baseline -0.006 -17"><span class='ocrx_word' id='word_1_545' title='bbox 1973 3594 2239 3649; x_wconf 90' lang='lat' dir='ltr'><strong>laudanda</strong></span> <span class='ocrx_word' id='word_1_546' title='bbox 2269 3605 2396 3649; x_wconf 90' lang='lat' dir='ltr'><strong>sunt</strong></span> <span class='ocrx_word' id='word_1_547' title='bbox 2432 3610 2530 3665; x_wconf 90' lang='lat' dir='ltr'><strong>pro</strong></span> <span class='ocrx_word' id='word_1_548' title='bbox 2559 3593 2770 3662; x_wconf 88' lang='lat' dir='ltr'><strong>capite;</strong></span> <span class='ocrx_word' id='word_1_549' title='bbox 2801 3602 2857 3646; x_wconf 91' lang='lat' dir='ltr'><strong>et</strong></span> <span class='ocrx_word' id='word_1_550' title='bbox 2890 3599 3011 3662; x_wconf 88' lang='lat' dir='ltr'><strong>post</strong></span> <span class='ocrx_word' id='word_1_551' title='bbox 3043 3591 3156 3644; x_wconf 70' lang='lat' dir='ltr'><strong>haec</strong></span> <span class='ocrx_word' id='word_1_552' title='bbox 3191 3594 3414 3658; x_wconf 87' lang='lat' dir='ltr'><strong>possunt</strong></span> <span class='ocrx_word' id='word_1_553' title='bbox 3445 3584 3563 3639; x_wconf 87' lang='lat' dir='ltr'><strong>lau-</strong></span> 
     </span>
    </p>
   </div>
   <div class='ocr_carea' id='block_1_73' title="bbox 1973 3688 2592 3758">
    <p class='ocr_par' dir='ltr' id='par_1_73' title="bbox 1973 3688 2592 3758">
     <span class='ocr_line' id='line_1_73' title="bbox 1973 3688 2592 3758; baseline 0 -16"><span class='ocrx_word' id='word_1_554' title='bbox 1973 3688 2090 3743; x_wconf 87' lang='lat' dir='ltr'><strong>dari</strong></span> <span class='ocrx_word' id='word_1_555' title='bbox 2119 3696 2312 3743; x_wconf 64' lang='lat' dir='ltr'><strong>caetera</strong></span> <span class='ocrx_word' id='word_1_556' title='bbox 2343 3703 2592 3758; x_wconf 66' lang='lat' dir='ltr'><strong>quaeque.</strong></span> 
     </span>
    </p>
   </div>
   <div class='ocr_carea' id='block_1_74' title="bbox 2499 3774 3028 3847">
    <p class='ocr_par' dir='ltr' id='par_1_74' title="bbox 2499 3774 3028 3847">
     <span class='ocr_line' id='line_1_74' title="bbox 2499 3774 3028 3847; baseline -0.008 -15"><span class='ocrx_word' id='word_1_557' title='bbox 2499 3776 2731 3847; x_wconf 67' lang='lat' dir='ltr'><strong>Eaplicit</strong></span> <span class='ocrx_word' id='word_1_558' title='bbox 2757 3774 3028 3846; x_wconf 66' lang='lat' dir='ltr'><strong>prologue.</strong></span> 
     </span>
    </p>
   </div>
   <div class='ocr_carea' id='block_1_75' title="bbox 1722 3980 2129 4060">
    <p class='ocr_par' dir='ltr' id='par_1_75' title="bbox 1722 3980 2129 4060">
     <span class='ocr_line' id='line_1_75' title="bbox 1722 3980 2129 4060; baseline 0 -2"><span class='ocrx_word' id='word_1_559' title='bbox 1722 3980 2129 4060; x_wconf 86' lang='lat' dir='ltr'><strong>INCIPIT</strong></span> 
     </span>
    </p>
   </div>
   <div class='ocr_carea' id='block_1_76' title="bbox 525 4103 3336 4338">
    <p class='ocr_par' dir='ltr' id='par_1_76' title="bbox 525 4103 3336 4338">
     <span class='ocr_line' id='line_1_76' title="bbox 525 4103 3336 4338; baseline -0.002 -72"><span class='ocrx_word' id='word_1_560' title='bbox 525 4154 1233 4338; x_wconf 82' lang='lat' dir='ltr'><strong>DlALOGUS</strong></span> <span class='ocrx_word' id='word_1_561' title='bbox 1319 4159 1500 4270; x_wconf 90' lang='lat' dir='ltr'><strong>DE</strong></span> <span class='ocrx_word' id='word_1_562' title='bbox 1587 4158 2100 4276; x_wconf 86' lang='lat' dir='ltr'><strong>TRIBUS</strong></span> <span class='ocrx_word' id='word_1_563' title='bbox 2188 4147 3336 4293; x_wconf 55' lang='lat' dir='ltr'><strong>QUIESTIONIBUS,</strong></span> 
     </span>
    </p>
   </div>
   <div class='ocr_carea' id='block_1_77' title="bbox 1799 4379 2071 4422">
    <p class='ocr_par' dir='ltr' id='par_1_77' title="bbox 1799 4379 2071 4422">
     <span class='ocr_line' id='line_1_77' title="bbox 1799 4379 2071 4422; baseline -0.004 -2"><span class='ocrx_word' id='word_1_564' title='bbox 1799 4380 1866 4420; x_wconf 86' lang='lat' dir='ltr'><strong>ID</strong></span> <span class='ocrx_word' id='word_1_565' title='bbox 1910 4379 2023 4422; x_wconf 77' lang='lat' dir='ltr'><strong>EST</strong></span> <span class='ocrx_word' id='word_1_566' title='bbox 2057 4380 2071 4420; x_wconf 73' lang='grc' dir='ltr'>ἒ</span> 
     </span>
    </p>
   </div>
   <div class='ocr_carea' id='block_1_78' title="bbox 423 4493 3407 4587">
    <p class='ocr_par' dir='ltr' id='par_1_78' title="bbox 423 4493 3407 4587">
     <span class='ocr_line' id='line_1_78' title="bbox 423 4493 3407 4587; baseline -0.004 -19"><span class='ocrx_word' id='word_1_567' title='bbox 423 4509 511 4568; x_wconf 87' lang='lat' dir='ltr'><strong>De</strong></span> <span class='ocrx_word' id='word_1_568' title='bbox 545 4506 780 4570; x_wconf 66' lang='lat' dir='ltr'><strong>divina.-</strong></span> <span class='ocrx_word' id='word_1_569' title='bbox 809 4506 1067 4586; x_wconf 81' lang='lat' dir='ltr'><strong>pietatis</strong></span> <span class='ocrx_word' id='word_1_570' title='bbox 1093 4508 1442 4587; x_wconf 80' lang='lat' dir='ltr'><strong>agnitione,</strong></span> <span class='ocrx_word' id='word_1_571' title='bbox 1459 4505 1978 4587; x_wconf 78' lang='lat' dir='ltr'><strong>judiciorumque</strong></span> <span class='ocrx_word' id='word_1_572' title='bbox 2009 4506 2372 4587; x_wconf 82' lang='lat' dir='ltr'><strong>divinorum</strong></span> <span class='ocrx_word' id='word_1_573' title='bbox 2405 4503 2792 4576; x_wconf 80' lang='lat' dir='ltr'><strong>diversitate,</strong></span> <span class='ocrx_word' id='word_1_574' title='bbox 2823 4519 2933 4562; x_wconf 83' lang='lat' dir='ltr'><strong>nec</strong></span> <span class='ocrx_word' id='word_1_575' title='bbox 2967 4516 3095 4562; x_wconf 82' lang='lat' dir='ltr'><strong>non</strong></span> <span class='ocrx_word' id='word_1_576' title='bbox 3124 4493 3196 4556; x_wconf 84' lang='lat' dir='ltr'><strong>de</strong></span> <span class='ocrx_word' id='word_1_577' title='bbox 3228 4496 3407 4557; x_wconf 72' lang='lat' dir='ltr'><strong>traria</strong></span> 
     </span>
    </p>
   </div>
   <div class='ocr_carea' id='block_1_79' title="bbox 1539 4585 2300 4665">
    <p class='ocr_par' dir='ltr' id='par_1_79' title="bbox 1539 4585 2300 4665">
     <span class='ocr_line' id='line_1_79' title="bbox 1539 4585 2300 4665; baseline -0.001 -19"><span class='ocrx_word' id='word_1_578' title='bbox 1539 4585 1682 4646; x_wconf 84' lang='lat' dir='ltr'><strong>bene</strong></span> <span class='ocrx_word' id='word_1_579' title='bbox 1723 4585 1946 4665; x_wconf 81' lang='lat' dir='ltr'><strong>agendi</strong></span> <span class='ocrx_word' id='word_1_580' title='bbox 1976 4585 2300 4665; x_wconf 80' lang='lat' dir='ltr'><strong>facultate.</strong></span> 
     </span>
    </p>
   </div>
   <div class='ocr_carea' id='block_1_80' title="bbox 850 4729 2675 4812">
    <p class='ocr_par' dir='ltr' id='par_1_80' title="bbox 850 4729 2675 4812">
     <span class='ocr_line' id='line_1_80' title="bbox 850 4729 2675 4812; baseline 0 -18"><span class='ocrx_word' id='word_1_581' title='bbox 850 4733 1056 4806; x_wconf 88' lang='lat' dir='ltr'><strong>Quam</strong></span> <span class='ocrx_word' id='word_1_582' title='bbox 1093 4734 1242 4812; x_wconf 89' lang='lat' dir='ltr'><strong>pius</strong></span> <span class='ocrx_word' id='word_1_583' title='bbox 1280 4739 1337 4796; x_wconf 88' lang='lat' dir='ltr'><strong>et</strong></span> <span class='ocrx_word' id='word_1_584' title='bbox 1367 4733 1588 4811; x_wconf 87' lang='lat' dir='ltr'><strong>justus</strong></span> <span class='ocrx_word' id='word_1_585' title='bbox 1620 4732 1962 4812; x_wconf 78' lang='lat' dir='ltr'><strong>Dominus,</strong></span> <span class='ocrx_word' id='word_1_586' title='bbox 1997 4730 2094 4793; x_wconf 87' lang='lat' dir='ltr'><strong>vel</strong></span> <span class='ocrx_word' id='word_1_587' title='bbox 2129 4735 2368 4812; x_wconf 79' lang='lat' dir='ltr'><strong>quanta</strong></span> <span class='ocrx_word' id='word_1_588' title='bbox 2402 4729 2675 4793; x_wconf 86' lang='lat' dir='ltr'><strong>facultas</strong></span> 
     </span>
    </p>
   </div>
   <div class='ocr_carea' id='block_1_81' title="bbox 849 4810 2365 4882">
    <p class='ocr_par' dir='ltr' id='par_1_81' title="bbox 849 4810 2365 4882">
     <span class='ocr_line' id='line_1_81' title="bbox 849 4810 2365 4882; baseline -0.003 -7"><span class='ocrx_word' id='word_1_589' title='bbox 849 4810 1170 4875; x_wconf 84' lang='lat' dir='ltr'><strong>Omnibus</strong></span> <span class='ocrx_word' id='word_1_590' title='bbox 1209 4810 1462 4881; x_wconf 77' lang='lat' dir='ltr'><strong>existat,</strong></span> <span class='ocrx_word' id='word_1_591' title='bbox 1518 4812 1684 4874; x_wconf 85' lang='lat' dir='ltr'><strong>bona</strong></span> <span class='ocrx_word' id='word_1_592' title='bbox 1718 4814 1838 4873; x_wconf 89' lang='lat' dir='ltr'><strong>niti</strong></span> <span class='ocrx_word' id='word_1_593' title='bbox 1873 4811 2123 4873; x_wconf 87' lang='lat' dir='ltr'><strong>discere</strong></span> <span class='ocrx_word' id='word_1_594' title='bbox 2157 4810 2365 4882; x_wconf 89' lang='lat' dir='ltr'><strong>nisus,</strong></span> 
     </span>
    </p>
   </div>
   <div class='ocr_carea' id='block_1_82' title="bbox 854 4888 2746 4970">
    <p class='ocr_par' dir='ltr' id='par_1_82' title="bbox 854 4888 2746 4970">
     <span class='ocr_line' id='line_1_82' title="bbox 854 4888 2746 4970; baseline -0.002 -18"><span class='ocrx_word' id='word_1_595' title='bbox 854 4892 992 4953; x_wconf 89' lang='lat' dir='ltr'><strong>Huc</strong></span> <span class='ocrx_word' id='word_1_596' title='bbox 1025 4891 1288 4955; x_wconf 87' lang='lat' dir='ltr'><strong>humilis</strong></span> <span class='ocrx_word' id='word_1_597' title='bbox 1322 4892 1557 4965; x_wconf 88' lang='lat' dir='ltr'><strong>veniat,</strong></span> <span class='ocrx_word' id='word_1_598' title='bbox 1594 4899 1653 4953; x_wconf 87' lang='lat' dir='ltr'><strong>et</strong></span> <span class='ocrx_word' id='word_1_599' title='bbox 1683 4898 1910 4953; x_wconf 87' lang='lat' dir='ltr'><strong>cuncta</strong></span> <span class='ocrx_word' id='word_1_600' title='bbox 1947 4891 2168 4969; x_wconf 81' lang='lat' dir='ltr'><strong>legens</strong></span> <span class='ocrx_word' id='word_1_601' title='bbox 2197 4891 2321 4952; x_wconf 88' lang='lat' dir='ltr'><strong>sibi</strong></span> <span class='ocrx_word' id='word_1_602' title='bbox 2353 4888 2560 4950; x_wconf 86' lang='lat' dir='ltr'><strong>discat</strong></span> <span class='ocrx_word' id='word_1_603' title='bbox 2602 4889 2746 4970; x_wconf 73' lang='lat'><strong>(32).</strong></span> 
     </span>
    </p>
   </div>
   <div class='ocr_carea' id='block_1_83' title="bbox 805 5093 1362 5154">
    <p class='ocr_par' dir='ltr' id='par_1_83' title="bbox 805 5093 1362 5154">
     <span class='ocr_line' id='line_1_83' title="bbox 805 5093 1362 5154; baseline 0.005 -5"><span class='ocrx_word' id='word_1_604' title='bbox 805 5093 1034 5150; x_wconf 78' lang='lat' dir='ltr'><strong>CAPUT</strong></span> <span class='ocrx_word' id='word_1_605' title='bbox 1075 5095 1362 5154; x_wconf 74' lang='lat' dir='ltr'><strong>PRIMUM.</strong></span> 
     </span>
    </p>
   </div>
   <div class='ocr_carea' id='block_1_84' title="bbox 300 5185 1878 5260">
    <p class='ocr_par' dir='ltr' id='par_1_84' title="bbox 300 5185 1878 5260">
     <span class='ocr_line' id='line_1_84' title="bbox 300 5185 1878 5260; baseline -0.004 -17"><span class='ocrx_word' id='word_1_606' title='bbox 300 5187 359 5244; x_wconf 77' lang='lat' dir='ltr'><strong>In</strong></span> <span class='ocrx_word' id='word_1_607' title='bbox 377 5191 545 5250; x_wconf 69' lang='lat' dir='ltr'><strong>dit-iui:</strong></span> <span class='ocrx_word' id='word_1_608' title='bbox 574 5187 895 5260; x_wconf 78' lang='lat' dir='ltr'><strong>Scripluris</strong></span> <span class='ocrx_word' id='word_1_609' title='bbox 939 5185 1091 5238; x_wconf 80' lang='lat' dir='ltr'><strong>homo</strong></span> <span class='ocrx_word' id='word_1_610' title='bbox 1117 5188 1319 5243; x_wconf 82' lang='lat' dir='ltr'><strong>abunde</strong></span> <span class='ocrx_word' id='word_1_611' title='bbox 1343 5190 1559 5242; x_wconf 74' lang='lat' dir='ltr'><strong>docetur</strong></span> <span class='ocrx_word' id='word_1_612' title='bbox 1585 5204 1700 5255; x_wconf 74' lang='lat' dir='ltr'><strong>qua:</strong></span> <span class='ocrx_word' id='word_1_613' title='bbox 1743 5187 1878 5240; x_wconf 76' lang='lat' dir='ltr'><strong>scitu</strong></span> 
     </span>
    </p>
   </div>
   <div class='ocr_carea' id='block_1_85' title="bbox 660 5256 1485 5316">
    <p class='ocr_par' dir='ltr' id='par_1_85' title="bbox 660 5256 1485 5316">
     <span class='ocr_line' id='line_1_85' title="bbox 660 5256 1485 5316; baseline -0.008 0"><span class='ocrx_word' id='word_1_614' title='bbox 660 5256 741 5316; x_wconf 71' lang='lat' dir='ltr'><strong>ad</strong></span> <span class='ocrx_word' id='word_1_615' title='bbox 776 5256 1003 5311; x_wconf 82' lang='lat' dir='ltr'><strong>salutem</strong></span> <span class='ocrx_word' id='word_1_616' title='bbox 1033 5263 1319 5312; x_wconf 74' lang='lat' dir='ltr'><strong>necessaria</strong></span> <span class='ocrx_word' id='word_1_617' title='bbox 1342 5266 1485 5313; x_wconf 82' lang='lat' dir='ltr'><strong>sunt.</strong></span> 
     </span>
    </p>
   </div>
   <div class='ocr_carea' id='block_1_86' title="bbox 364 5365 1875 5438">
    <p class='ocr_par' dir='ltr' id='par_1_86' title="bbox 364 5365 1875 5438">
     <span class='ocr_line' id='line_1_86' title="bbox 364 5365 1875 5438; baseline -0.009 -5"><span class='ocrx_word' id='word_1_618' title='bbox 364 5369 523 5430; x_wconf 72' lang='lat' dir='ltr'><strong>Heinr.</strong></span> <span class='ocrx_word' id='word_1_619' title='bbox 566 5376 690 5431; x_wconf 86' lang='lat' dir='ltr'><strong>Cur</strong></span> <span class='ocrx_word' id='word_1_620' title='bbox 737 5383 879 5430; x_wconf 75' lang='lat' dir='ltr'><strong>n0&quot;.</strong></span> <span class='ocrx_word' id='word_1_621' title='bbox 905 5365 1164 5434; x_wconf 77' lang='lat' dir='ltr'><strong>Ollllone,</strong></span> <span class='ocrx_word' id='word_1_622' title='bbox 1201 5387 1321 5425; x_wconf 90' lang='lat' dir='ltr'><strong>cum</strong></span> <span class='ocrx_word' id='word_1_623' title='bbox 1349 5367 1720 5434; x_wconf 88' lang='lat' dir='ltr'><strong>convenimus,</strong></span> <span class='ocrx_word' id='word_1_624' title='bbox 1754 5377 1875 5438; x_wconf 89' lang='lat' dir='ltr'><strong>apte</strong></span> 
     </span>
    </p>
   </div>
   <div class='ocr_carea' id='block_1_87' title="bbox 1911 5086 3576 5166">
    <p class='ocr_par' dir='ltr' id='par_1_87' title="bbox 1911 5086 3576 5166">
     <span class='ocr_line' id='line_1_87' title="bbox 1911 5086 3576 5166; baseline -0.011 -11"><span class='ocrx_word' id='word_1_625' title='bbox 1911 5094 1969 5155; x_wconf 87' lang='lat' dir='ltr'><strong>D</strong></span> <span class='ocrx_word' id='word_1_626' title='bbox 2067 5094 2140 5150; x_wconf 85' lang='grc' dir='ltr'><strong>Η.</strong></span> <span class='ocrx_word' id='word_1_627' title='bbox 2182 5093 2296 5151; x_wconf 77' lang='lat' dir='ltr'><strong>Non</strong></span> <span class='ocrx_word' id='word_1_628' title='bbox 2331 5095 2438 5156; x_wconf 89' lang='lat' dir='ltr'><strong>ita,</strong></span> <span class='ocrx_word' id='word_1_629' title='bbox 2472 5096 2572 5150; x_wconf 91' lang='lat' dir='ltr'><strong>sed</strong></span> <span class='ocrx_word' id='word_1_630' title='bbox 2618 5090 2872 5166; x_wconf 89' lang='lat' dir='ltr'><strong>quoniam</strong></span> <span class='ocrx_word' id='word_1_631' title='bbox 2911 5090 3178 5148; x_wconf 91' lang='lat' dir='ltr'><strong>continuis</strong></span> <span class='ocrx_word' id='word_1_632' title='bbox 3224 5086 3576 5142; x_wconf 85' lang='lat' dir='ltr'><strong>tentationum</strong></span> 
     </span>
    </p>
   </div>
   <div class='ocr_carea' id='block_1_88' title="bbox 1995 5174 3580 5258">
    <p class='ocr_par' dir='ltr' id='par_1_88' title="bbox 1995 5174 3580 5258">
     <span class='ocr_line' id='line_1_88' title="bbox 1995 5174 3580 5258; baseline -0.01 -14"><span class='ocrx_word' id='word_1_633' title='bbox 1995 5198 2046 5244; x_wconf 92' lang='lat' dir='ltr'><strong>et</strong></span> <span class='ocrx_word' id='word_1_634' title='bbox 2085 5186 2559 5258; x_wconf 87' lang='lat' dir='ltr'><strong>perturbationum</strong></span> <span class='ocrx_word' id='word_1_635' title='bbox 2612 5183 2878 5244; x_wconf 86' lang='lat' dir='ltr'><strong>molestiis</strong></span> <span class='ocrx_word' id='word_1_636' title='bbox 2925 5186 3058 5239; x_wconf 89' lang='lat' dir='ltr'><strong>adeo</strong></span> <span class='ocrx_word' id='word_1_637' title='bbox 3109 5178 3307 5233; x_wconf 81' lang='lat' dir='ltr'><strong>alliciar</strong></span> <span class='ocrx_word' id='word_1_638' title='bbox 3354 5186 3412 5232; x_wconf 90' lang='lat' dir='ltr'><strong>ut</strong></span> <span class='ocrx_word' id='word_1_639' title='bbox 3452 5174 3580 5245; x_wconf 88' lang='lat' dir='ltr'><strong>quid</strong></span> 
     </span>
    </p>
   </div>
   <div class='ocr_carea' id='block_1_89' title="bbox 1994 5265 3581 5349">
    <p class='ocr_par' dir='ltr' id='par_1_89' title="bbox 1994 5265 3581 5349">
     <span class='ocr_line' id='line_1_89' title="bbox 1994 5265 3581 5349; baseline -0.009 -13"><span class='ocrx_word' id='word_1_640' title='bbox 1994 5283 2061 5336; x_wconf 88' lang='lat' dir='ltr'><strong>ad</strong></span> <span class='ocrx_word' id='word_1_641' title='bbox 2098 5283 2328 5338; x_wconf 86' lang='lat' dir='ltr'><strong>salutem</strong></span> <span class='ocrx_word' id='word_1_642' title='bbox 2376 5285 2627 5335; x_wconf 89' lang='lat' dir='ltr'><strong>nostram</strong></span> <span class='ocrx_word' id='word_1_643' title='bbox 2674 5276 2946 5349; x_wconf 87' lang='lat' dir='ltr'><strong>pertineat</strong></span> <span class='ocrx_word' id='word_1_644' title='bbox 2989 5268 3268 5346; x_wconf 77' lang='lat' dir='ltr'><strong>providere</strong></span> <span class='ocrx_word' id='word_1_645' title='bbox 3313 5265 3581 5322; x_wconf 76' lang='lat' dir='ltr'><strong>interdum</strong></span> 
     </span>
    </p>
   </div>
   <div class='ocr_carea' id='block_1_90' title="bbox 1990 5355 3518 5443">
    <p class='ocr_par' dir='ltr' id='par_1_90' title="bbox 1990 5355 3518 5443">
     <span class='ocr_line' id='line_1_90' title="bbox 1990 5355 3518 5443; baseline -0.003 -18"><span class='ocrx_word' id='word_1_646' title='bbox 1990 5389 2215 5443; x_wconf 79' lang='lat' dir='ltr'><strong>prorsus</strong></span> <span class='ocrx_word' id='word_1_647' title='bbox 2251 5374 2523 5443; x_wconf 84' lang='lat' dir='ltr'><strong>ignorem.</strong></span> <span class='ocrx_word' id='word_1_648' title='bbox 3368 5373 3370 5376; x_wconf 76' lang='grc'><em>’</em></span> <span class='ocrx_word' id='word_1_649' title='bbox 3515 5355 3518 5358; x_wconf 40' lang='grc'><strong>’</strong></span> 
     </span>
    </p>
   </div>
  </div>
