3998 5450
381 246 455 319 63
1363 249 1663 307 οτιιιοΝι
1701 250 2004 308 MONACHI
2038 250 2096 306 S.
2135 250 2551 306 EMMERAMMI
3544 250 3613 303 Gi

383 358 716 417 Testameuti
748 359 1066 415 rudimentis
1097 359 1168 412 ita
1202 334 1378 412 divina
1404 358 1515 428 jam
1544 359 1805 414 satisfecit
1829 376 1950 430 gra-
1981 367 2025 424 Λ
2058 359 2122 413 Et
2145 369 2199 414 ιιι
2224 376 2517 431 cognoscas
2542 378 2702 432 quam
2754 361 2985 417 firmiter
3021 361 3167 417 hanc
3214 370 3443 426 teneam,
3468 359 3623 419 simi-

386 444 455 526 tia
490 450 702 505 utnihil
727 451 986 506 doctrina:
1014 450 1167 504 nobis
1207 449 1276 504 sit
1300 464 1433 519 Opus
1471 449 1671 503 addere
1715 450 1955 520 nihilque

385 541 527 594 aliud
578 551 836 608 tractare,
885 542 986 597 nisi
1034 556 1153 614 qua:
1196 555 1261 594 ex
1311 555 1497 596 eorum
1543 543 1828 597 edocemur
1878 543 1958 599 le-

384 629 582 685 ctione.

457 717 529 774 ﬂ.
573 717 849 775 Proverbii
895 717 1174 787 cujusdam
1218 721 1556 788 reminiscor,
1610 724 1762 795 cujus
1807 734 1863 781 et
1906 735 1955 781 te

389 825 597 865 tuecmn
629 809 901 865 reminisci
930 825 1143 879 precor.
1174 809 1238 864 0.
1267 810 1452 880 Cujus,
1478 815 1695 881 quzeso?
1720 814 1789 867 Η.
1820 815 1953 882 Quia

386 899 588 954 scilicet
616 913 802 955 omnes
829 913 966 969 pene
988 900 1238 955 doctores
1261 902 1491 957 indoctis
1515 904 1839 973 quibuslibet
1863 915 1956 961 aut

387 991 656 1061 ignorant,
691 1007 785 1046 seu
815 992 1176 1061 dedignantur
1201 995 1457 1063 compati.

462 1079 527 1132 0.
563 1077 673 1133 Cur
702 1079 802 1134 ista
833 1081 1047 1150 inquis?
1075 1081 1147 1134 Η.
1188 1080 1452 1149 Quoniam
1481 1083 1796 1155 ignorantia:
1826 1101 1956 1141 meae

386 1168 646 1224 molestiis
677 1170 807 1225 nihil
832 1171 1132 1225 addendum
1163 1187 1284 1225 esse
1309 1173 1513 1238 dixisti,
1543 1174 1644 1228 nisi
1675 1185 1732 1229 ut
1754 1192 1816 1230 ea
1838 1191 1957 1245 quze

380 1259 492 1331 jam
517 1261 716 1331 scripta
749 1270 873 1316 sunt
904 1263 1082 1333 legere
1125 1278 1375 1327 conarer,
1419 1265 1570 1332 quasi
1601 1267 1795 1321 amodo
1823 1262 1956 1321 ’nul-

379 1350 401 1404 i
428 1367 510 1415 us,
542 1352 643 1407 uisi
675 1361 833 1407 antea
875 1352 1104 1410 discussi
1136 1356 1359 1421 erroris,
1390 1358 1520 1411 oriri
1566 1360 1739 1413 valeat
1768 1374 1954 1425 causa,

384 1442 467 1494 vel
497 1442 783 1499 enucleare
813 1460 908 1512 per
950 1461 1036 1501 me
1065 1446 1263 1516 possim
1308 1449 1556 1504 universa
1606 1465 1774 1517 sacrae
1814 1452 1959 1507 Seri-

387 1542 557 1600 ptune
598 1534 759 1589 dicta.
818 1535 967 1590 Unde
1004 1551 1198 1605 precor
1239 1538 1463 1593 inscitia:
1512 1554 1642 1594 mea:
1688 1541 1960 1612 paulisper

383 1622 783 1679 condesceudas
803 1632 878 1689 et,
910 1625 953 1680 si
984 1641 1088 1695 qua
1119 1625 1442 1694 indiscussa,
1470 1628 1551 1682 vel
1575 1629 1748 1699 ignota
1772 1630 1958 1700 exqui-

379 1712 550 1774 ‘siero,
585 1728 824 1770 reserare
853 1716 1094 1771 studeas.

2056 448 2335 504 litudinem
2365 454 2654 519 quamdam
2682 440 2875 506 rationi
2905 451 3031 506 huic
3057 459 3234 521 aptam
3265 450 3545 522 subjuugo.

2127 540 2303 596 Credo
2338 558 2570 612 namque
2612 544 2756 612 quia,
2805 544 2945 597 sicut
2973 543 3302 614 impossibile
3329 552 3413 597 est
3454 542 3621 598 maris

2058 629 2566 697 abundautiamita
2619 632 2892 687 exhauriri
2942 640 3000 686 ut
3049 631 3339 703 quidquam
3373 632 3624 687 videatur

2057 717 2248 783 minui,
2284 719 2358 773 ita
2387 720 2553 774 etiam
2614 721 2908 777 divinitatis
2959 736 3204 792 superum
3254 721 3506 791 majestas
3551 722 3620 775 ab

2057 809 2290 864 humana
2342 811 2569 873 ratione,
2602 809 2759 878 juxta
2811 812 3146 882 dignitatem,
3197 809 3280 866 vel
3337 827 3504 881 usque
3552 812 3618 866 ad

2057 912 2336 970 punctum,
2384 911 2619 971 nequeat
2659 904 2877 971 exponi.
2928 900 3073 955 Mare
3105 901 3247 955 enim
3290 900 3443 970 juxta
3481 900 3619 954 hau-

2059 993 2251 1049 rientis
2297 994 2441 1049 vires
2489 994 2692 1048 hauriri
2746 994 2962 1063 quidem
3011 993 3170 1055 valet,
3203 995 3293 1048 sed
3339 1002 3458 1061 post
3492 993 3622 1047 hau-

2057 1094 2200 1139 stum
2227 1083 2369 1138 nulla
2397 1099 2620 1153 prorsus
2643 1083 3019 1138 diminutiouis
3052 1083 3200 1154 signa
3226 1083 3447 1153 praebet.
3472 1081 3621 1136 Haud

2059 1175 2219 1231 aliter
2264 1192 2477 1246 quoque
2522 1175 2589 1231 de
2626 1176 2738 1231 Deo
2777 1174 3171 1244 aliquantulum
3226 1165 3403 1246 potest
3445 1175 3624 1242 dispu-

2061 1268 2164 1322 tari
2197 1285 2211 1331 ;
2247 1269 2343 1323 sed
2382 1267 2722 1338 profunditas
2745 1276 2796 1323 et
2839 1267 3150 1336 magnitudo
3206 1264 3481 1335 sapientia:
3507 1264 3623 1333 ejus

2058 1357 2421 1426 disputatione
2451 1357 2595 1411 nulla
2638 1356 2713 1411 ita
2755 1356 2898 1410 valet
2949 1354 3329 1425 comprehendi
3379 1364 3438 1408 ut
3466 1355 3625 1422 quid-

2058 1462 2219 1515 quam
2246 1447 2485 1516 patiatnr
2513 1446 2808 1501 exhauriri.
2840 1444 2981 1501 Ecce
3027 1445 3339 1508 credulitas,
3371 1459 3530 1513 quam
3560 1444 3624 1499 de

2060 1536 2171 1590 Deo
2213 1551 2311 1609 per
2338 1535 2742 1591 similitudinem
2784 1530 3048 1605 prolatam
3089 1534 3455 1588 indubitanter
3490 1526 3621 1587 reti-

2064 1639 2194 1681 nere
2220 1640 2306 1680 me
2356 1624 2500 1681 scias
2537 1641 2552 1679 :
2600 1626 2739 1679 unde
2786 1640 2979 1694 precor
3029 1623 3159 1678 mihi
3204 1623 3538 1692 aliquatenus
3561 1638 3624 1677 ea

1991 1720 2030 1776 Β
2060 1733 2180 1786 qua:
2235 1717 2485 1786 superius
2536 1715 2734 1786 expetii
2782 1715 3032 1786 Operias,
3077 1713 3310 1784 qualiter
3355 1712 3623 1776 videlicet,

438 1802 521 1857 ‘0.
552 1803 726 1877 Miror
750 1806 877 1873 quid
906 1806 973 1861 de
1001 1806 1085 1862 his
1108 1822 1229 1881 qua:
1259 1807 1522 1863 duntaxat
1545 1808 1879 1865 discutienda
1901 1820 1958 1866 et
2050 1806 2206 1876 juxta
2236 1803 2601 1868 Psalmistam,
2638 1823 2656 1854 ι
2693 1801 3059 1858 Misericordia
3099 1802 3307 1856 Domini
3356 1800 3510 1871 plena
3557 1800 3633 1854 sit‘

378 1890 704 1965 requirenda
742 1896 761 1969 [
767 1897 882 1951 cod.
915 1897 1071 1953 Cruc.
1120 1901 1473 1974 exquirenda]
1506 1912 1631 1957 sunt
1670 1904 1958 1975 exquirere

376 1987 590 2056 cupias,
628 1989 756 2058 quid
802 2006 908 2045 non
952 1992 1278 2060 exquisitum
1320 2004 1481 2064 atque
1506 1996 1811 2052 discussum
1858 1992 1957 2053 ali;

376 2076 507 2130 *cubi
536 2078 772 2149 reperire
795 2078 1012 2135 valeas?
1041 2080 1146 2136 Sed
1176 2097 1277 2136 cur
1303 2083 1533 2138 moraris
1558 2085 1802 2155 proferre
1828 2086 1959 2158 quid

392 2169 559 2225 velis?

381 2248 385 2255 ’
1009 2264 1335 2323 CAPUTIL

391 2349 665 2417 Quomodo
710 2354 1067 2427 misericordia
1097 2357 1250 2425 plena
1273 2360 1486 2413 dicatur
1523 2370 1685 2427 terra,
1715 2378 1834 2416 cum
1884 2372 1961 2417 tot

795 2426 949 2480 malis
970 2427 1282 2498 afﬂigantur
1300 2431 1552 2485 homines.

462 2531 650 2589 Heinr.
706 2533 860 2604 Quod
907 2535 1072 2607 igitur
1116 2538 1281 2606 paulo
1319 2548 1445 2594 ante
1491 2541 1674 2595 dixisti
1721 2541 1958 2596 divinam

370 2622 701 2694 gratiamin
746 2625 997 2680 omnibus
1034 2627 1355 2682 rudimentis
1396 2628 1721 2684 satisfecisse
1769 2629 1957 2695 nobis,

392 2712 466 2770 ita
492 2727 614 2768 esse
642 2713 834 2769 fateor.
866 2714 1043 2771 Movet
1085 2727 1264 2772 autem
1296 2733 1384 2775 me
1405 2718 1767 2789 aliquantum,
1810 2721 1958 2790 quia,

389 2819 513 2858 cum
560 2805 816 2874 scriptum
864 2806 978 2860 sit:
1024 2807 1387 2864 Misericordia
1434 2809 1648 2864 Domini
1685 2811 1838 2881 plena
1886 2822 1960 2866 est

398 2892 726 2967 εει-ταφαί.
771 2898 968 2968 xxxtt),
996 2907 1051 2955 et
1071 2914 1167 2969 per
1207 2915 1327 2955 eam
1371 2900 1555 2955 vivere
1602 2908 1814 2956 etesse
1863 2916 1961 2959 nos

390 2986 693 3054 credamus,
718 2987 901 3045 multis
919 2998 1098 3045 tamen
1145 2990 1403 3047 molestiis
1426 3001 1482 3046 et
1508 2992 1742 3047 miseriis
1765 2993 1818 3048 in
1855 2994 1959 3049 hoc

2060 1905 2243 1950 terra:
2278 1912 2297 1946 ι
2343 1907 2463 1947 cum
2496 1902 2643 1948 tanta
2672 1892 3018 1948 aﬂlictionum
3045 1888 3627 1959 miseriarumquemec

2058 1999 2166 2039 non
2190 1984 2503 2056 fragilitatis
2528 1984 2778 2038 humanae
2829 1982 3072 2038 molestia
3116 1981 3292 2037 omnis
3316 1992 3457 2050 pene
3477 1994 3630 2033 mun-

2058 2074 2157 2129 dus
2179 2073 2405 2129 laboret.
3404 2088 3407 2091 '

2062 2194 2065 2195 ν
2130 2163 2198 2220 0.
2240 2166 2317 2219 De
2350 2166 2452 2220 hac
2481 2165 2801 2235 quaestione,
2826 2164 2952 2220 licet
2978 2164 3208 2235 primum
3232 2161 3626 2228 exhorruerim,

2054 2255 2168 2326 jam
2196 2256 2457 2312 delectari
2488 2257 2707 2327 incipio,
2737 2271 2858 2310 cum
2886 2266 2937 2311 te
2960 2264 3103 2309 tanta
3126 2254 3230 2309 fide
3251 2253 3628 2324 praemunitum

2060 2349 2259 2403 sentio.
2301 2346 2407 2402 Sed
2452 2348 2593 2402 sicut
2641 2356 2718 2413 tu,
2764 2355 2823 2401 ut
2853 2346 3093 2418 apertius
3138 2344 3415 2399 intimares
3444 2354 3497 2398 te
3527 2341 3637 2396 fide

2060 2446 2246 2493 saneta
2270 2438 2557 2504 imbutum,
2586 2437 2923 2507 assumpsisti
2950 2434 3316 2492 similitudinis
3341 2446 3643 2505 argumen-

2063 2541 2217 2597 tum,
2262 2530 2340 2585 ita
2384 2544 2620 2602 quoque,
2674 2530 2797 2601 quia
2860 2537 3008 2585 tanta
3053 2527 3281 2599 quaestio
3329 2540 3473 2593 non,
3524 2523 3629 2578 nisi

2062 2636 2160 2691 per
2186 2621 2587 2687 similitudines,
2619 2620 2817 2692 exponi
2843 2620 3011 2684 valet,
3038 2632 3126 2674 me
3150 2617 3336 2673 eadem
3362 2615 3635 2671 facturum

2062 2711 2332 2780 patienter
2365 2710 2512 2765 audi.
2565 2709 2675 2765 Res
2692 2710 2837 2765 enim
2875 2709 3103 2765 obscura
3124 2705 3455 2778 explananda
3483 2703 3636 2759 sitni-

2062 2799 2286 2855 litudine
2312 2799 2510 2871 indiget
2533 2799 2734 2869 aliqua.
2912 2802 2915 2805 ’

2134 2887 2303 2958 igitur
2329 2889 2501 2943 instar
2527 2887 2750 2953 scholae,
2796 2888 2847 2942 iu
2874 2901 2982 2956 qua
3032 2884 3296 2956 sapientia
3324 2882 3632 2941 omnimoda

2062 2986 2237 3034 exstat
2265 2978 2543 3043 discenda,
2592 2992 2831 3047 prmsens
2856 2993 2885 3031 a
2914 2992 3149 3046 superno
3174 2991 3488 3045 summoque
3522 2973 3634 3028 Ma-

393 3077 611 3143 smculo,
655 3078 723 3133 ab
750 3078 906 3135 initio
935 3093 1105 3150 usque
1137 3080 1202 3136 ad
1245 3080 1403 3136 ﬁnem
1442 3082 1598 3145 vita},
1648 3082 1956 3151 gravantur,
1988 3065 2033 3127 C
2067 3070 2238 3142 gistro
2265 3071 2558 3125 constituta
2591 3077 2671 3124 est
2695 3069 2822 3123 vita.
2848 3068 3000 3123 Sicut
3029 3075 3211 3122 autem
3241 3066 3296 3121 in
3319 3064 3500 3121 schola
3532 3078 3630 3118 ne-

370 3162 588 3224 lVerum
619 3185 849 3240 namque
874 3186 992 3227 esse
1016 3188 1120 3227 non
1144 3172 1356 3244 ambigo
1383 3175 1524 3243 quod
1548 3175 1794 3243 exquiro.
1831 3168 1960 3241 Sed,

392 3263 660 3328 quomodo
698 3278 883 3318 verum
908 3266 979 3319 sit
1005 3266 1146 3335 quod
1184 3266 1237 3320 in
1261 3274 1404 3320 tanta
1436 3268 1751 3323 diversitate
1778 3281 1960 3323 versa-

395 3359 504 3418 tur,
532 3351 803 3420 ignorans
831 3354 875 3409 si
905 3355 1201 3425 quidquam
1248 3357 1442 3412 exinde
1469 3369 1662 3427 pneter
1691 3359 1850 3415 fidem
1878 3375 1964 3413 ra-

397 3441 641 3499 tiocinari
671 3444 854 3510 liceat,
888 3446 1121 3501 intimari
1155 3462 1334 3517 posco.
1358 3448 1518 3502 Multa
1549 3450 1692 3505 enim
1720 3449 1845 3520 legi,
1869 3449 1963 3504 sed

366 3536 661 3603 “nusquam
694 3536 997 3607 hujusmodi
1021 3540 1371 3609 quaestionem
1404 3540 1694 3595 resolutam
1722 3540 1962 3594 invenire

358 3640 370 3652 '
393 3624 563 3698 potui.
1934 3626 1939 3631 ’

465 3715 532 3769 0.
573 3715 709 3769 Rem
741 3731 770 3769 a
799 3732 886 3771 me
921 3719 1117 3787 exigis,
1155 3734 1314 3787 quam
1361 3720 1541 3789 lingua
1577 3729 1632 3773 et
1659 3736 1810 3775 mens
1837 3737 1962 3791 pro-

395 3805 580 3860 testuri
607 3807 791 3875 nequit
825 3807 950 3861 ulla.

456 3895 543 3955 ΙΙ.
585 3896 695 3951 Cur
741 3899 842 3952 hoc
875 3899 1033 3954 modo
1080 3899 1287 3970 olljieis,
1339 3900 1430 3968 qui
1478 3901 1646 3970 prius,
1693 3901 1846 3970 quasi
1890 3901 1963 3954 nil

396 3990 647 4060 cuiquam
681 3990 822 4044 ﬁdeli
853 3991 1167 4059 qumstiouis
1219 3993 1411 4046 amodo
1457 3994 1732 4047 moveudzc
1784 4005 1964 4047 rema-

402 4089 574 4145 neret,
616 4081 971 4151 loquebaris?
1009 4082 1221 4152 suscipe
1250 4083 1413 4152 igitur
1449 4084 1773 4154 interrogata
1814 4068 1966 4139 “com-

400 4173 621 4243 patienti
648 4174 854 4240 animo,
880 4182 935 4229 et
955 4178 1074 4245 qua:
1100 4174 1227 4228 hinc
1260 4174 1480 4229 scienda
1519 4188 1711 4229 censes
1742 4175 1958 4229 edicito.

398 4263 581 4333 Neque
614 4263 760 4319 enim
788 4263 1016 4334 gratiam
1061 4262 1321 4328 divinam,
1349 4279 1452 4332 qua
1483 4272 1622 4317 terra
1664 4262 1819 4332 plena
1845 4278 1965 4319 esse

398 4351 724 4411 describitur
750 4367 963 4422 quaque
991 4353 1155 4408 etiam
1210 4353 1450 4410 cmlestis
1494 4352 1667 4424 patria
1712 4361 1965 4409 constare

398 4441 659 4505 creditur,
692 4441 764 4495 ita
791 4441 1312 4512 iucircumscriplam
1342 4458 1462 4498 esse
1490 4442 1727 4497 arbitror
1748 4451 1807 4497 ut
1835 4441 1965 4496 nulli

400 4542 730 4595 sermonem,
770 4529 906 4584 nulli
952 4530 1141 4586 saltem
1175 4529 1643 4586 ratiocinationem
1672 4531 1798 4587 hinc
1850 4531 1966 4602 agi-

400 4627 518 4676 tare
546 4618 724 4672 liceat.

473 4705 540 4760 0.
580 4706 729 4761 Licet
756 4706 961 4781 absq‘ue
1004 4707 1169 4767 dubio
1201 4707 1474 4779 omnibus,
1526 4716 1685 4777 prout
1714 4707 1969 4778 possibile

400 4805 507 4862 est,
545 4797 746 4873 optima
777 4812 1003 4867 qumque
1030 4798 1096 4853 de
1151 4797 1260 4853 Deo
1303 4798 1614 4852 ratiocinari
1645 4807 1695 4852 et
1748 4798 1969 4853 investi-

401 4902 553 4959 gare,
582 4888 862 4944 l’salttiista
892 4905 955 4944 ex
988 4904 1216 4967 persona
1254 4890 1465 4945 Domini
1493 4899 1780 4945 attestante
1809 4907 1822 4943 :
1869 4887 1968 4943 ιίά-

400 4986 513 5037 cate
561 4987 608 5030 et
660 4979 821 5033 ridete
847 4981 1095 5049 quoniam
1146 4996 1239 5049 ego
1273 4997 1388 5035 sum
1418 4980 1557 5034 Deus
1605 4978 1777 5049 (Psal.
1819 4978 1967 5049 xu).

2064 3177 2219 3216 cesse
2250 3169 2337 3216 est
2364 3176 2486 3217 esse
2515 3160 2665 3215 varia
2713 3157 3008 3228 disciplina:
3048 3172 3266 3229 genera,
3294 3171 3400 3210 non
3434 3153 3503 3209 ob
3529 3154 3634 3208 hoc

2067 3260 2143 3315 ut,
2170 3249 2253 3304 vel
2280 3250 2565 3318 quisquam
2594 3263 2689 3318 per
2716 3248 2830 3302 inec
2857 3245 3082 3301 afﬂictus
3112 3246 3361 3307 intereat,
3411 3242 3492 3297 vel
3516 3256 3635 3296 om,

2067 3356 2164 3396 nes
2189 3342 2413 3410 pariter,
2436 3340 2528 3395 sed
2577 3350 2656 3405 ιιι,
2686 3347 2847 3409 prout
2880 3346 3013 3393 actas
3059 3347 3151 3393 aut
3176 3336 3427 3390 ineritum
3456 3332 3635 3401 cujus.

2065 3448 2170 3500 que
2199 3432 2455 3501 postulat,
2500 3433 2896 3495 exhibeantur;
2950 3430 3024 3482 ita
3078 3428 3132 3481 in
3177 3427 3276 3481 hac
3332 3425 3462 3489 vita,
3514 3437 3636 3490 quae

2067 3522 2253 3575 schola
2301 3523 2539 3576 maxima
2588 3529 2691 3585 est,
2736 3518 2983 3587 plurimis
3019 3531 3154 3585 Opus
3205 3515 3309 3571 erit
3337 3511 3634 3580 disciplina:

2066 3610 2463 3676 instrumentis,
2488 3609 2616 3663 nulli
2659 3609 2726 3663 ad
2772 3606 3064 3668 interitum,
3096 3603 3190 3658 sed
3239 3602 3302 3655 ad
3333 3599 3633 3672 profectum

2066 3701 2406 3771 pra-paratis.
2452 3699 2565 3766 Qua
2597 3702 2663 3754 de
2702 3714 2761 3752 re
2806 3699 2921 3753 haec
2951 3704 3034 3750 est
3071 3695 3246 3765 prima
3295 3693 3511 3763 pietatis
3549 3693 3632 3747 tli-

2067 3791 2205 3845 viuae
2230 3790 2560 3859 dispensatio
2588 3798 2663 3860 ut,
2713 3788 2838 3861 quia
2866 3785 3131 3859 fragilitas
3187 3786 3418 3841 humana
3450 3798 3546 3853 per
3573 3798 3634 3843 sc

2064 3884 2369 3939 nullatenus
2408 3884 2552 3937 valet
2586 3883 2896 3945 subsistere,
2930 3878 3140 3934 nutanti
3180 3876 3490 3932 omuimoda
3536 3892 3628 3929 oc-

2064 3983 2272 4043 currat,
2331 3984 2426 4030 aut
2470 3975 2713 4039 leuitate,
2764 3973 2844 4027 vel
2897 3971 3237 4041 asperitate;
3285 3969 3449 4023 multo
3488 3969 3630 4021 enim

2065 4056 2258 4121 melius
2284 4065 2705 4135 clementiusque
2728 4072 2811 4119 est
2831 4063 2895 4117 ad
2930 4061 3222 4132 prtecipitia
3252 4067 3629 4131 properantem

2062 4157 2245 4228 aliquo
2272 4156 2433 4212 modo
2454 4157 2712 4228 impedire
2737 4170 2899 4223 quant
2926 4153 3255 4209 consentire.

2677 4264 2904 4323 CAPUT
2937 4264 3022 4321 lli.

2072 4357 2210 4414 Deus
2238 4357 2494 4430 singulari
2539 4357 2771 4430 quadam
2816 4358 3007 4426 pietate
3039 4354 3279 4430 permisit
3302 4362 3357 4406 at
3386 4353 3538 4407 homo
3576 4353 3632 4406 in

2369 4429 2501 4481 bona
2533 4423 2579 4480 et
2612 4428 2784 4497 gratia
2812 4423 2914 4480 itan
2946 4423 3077 4480 esset
3107 4423 3328 4479 stabilis.

2138 4519 2333 4574 Heinr;
2364 4518 2473 4575 Cur
2499 4533 2629 4589 ergo
2677 4518 2837 4583 Deus,
2879 4532 3003 4573 cum
3034 4516 3107 4571 sit
3143 4515 3482 4585 omnipotens
3517 4527 3633 4567 om-

2066 4612 2283 4682 niaque,
2315 4621 2376 4666 ut
2400 4610 2660 4681 scriptum
2688 4619 2790 4675 est,
2840 4625 2960 4683 quae
3000 4608 3167 4662 voluit
3229 4607 3418 4665 fecerit
3455 4605 3628 4677 (Paul.

2063 4703 2241 4772 cxtu),
2286 4717 2389 4756 non
2427 4702 2560 4755 adeo
2607 4700 2854 4754 stabilem
2915 4715 2981 4754 ac
3027 4700 3303 4754 robustum
3361 4698 3631 4753 hominem

2065 4792 2303 4849 condidit
2347 4801 2408 4846 ut
2436 4792 2640 4860 alisque
2674 4792 2795 4855 hac,
2828 4805 2988 4860 quam
3034 4790 3188 4855 dicis,
3220 4788 3524 4843 necessaria
3555 4786 3636 4841 di-

2070 4882 2310 4953 sciplina:
2348 4880 2594 4935 molestia
2632 4887 2799 4935 staret
2827 4879 3060 4950 posset?
3108 4880 3319 4933 videtur
3362 4877 3504 4932 enim
3535 4875 3632 4929 ali-

2070 4974 2212 5047 quod
2237 4971 2563 5042 impotentia:
2590 4971 2689 5024 hoc
2715 4984 2836 5025 esse
2865 4969 3142 5024 indicium.
