3998 5450
254 272 321 327 65
1220 261 1489 319 DIALOG.
1534 260 1623 317 DE
1661 259 1914 319 TRIBUS
1954 256 2507 329 QUJESTIONIBUS.
2896 320 2899 325 ἱ
3014 320 3017 321 ν
3457 250 3526 307 63

250 375 553 454 justissima
594 388 653 435 et
680 377 883 451 Optima
922 385 1049 433 sunt
1076 375 1329 432 dicenda.
1354 374 1577 448 Legitur
1606 390 1843 445 namque
1876 385 1917 442 Α
1949 372 2225 428 humilitas
2251 372 2369 428 sine
2409 369 2686 443 superbia,
2724 368 2968 427 charitas
2990 369 3109 425 sine
3134 368 3284 436 odio,
3309 368 3536 426 castitas

258 470 391 546 quia
424 475 573 529 Dens
600 472 968 542 omnipotens,
1012 468 1266 523 onmihus
1304 467 1573 522 creaturis
1616 467 1847 538 impera-

252 566 368 619 tivo
394 571 617 618 tantum
639 562 808 616 verbo
851 559 1101 621 conditis,
1134 558 1207 611 ita
1260 557 1378 629 ipso
1426 556 1640 613 dicente
1670 575 1682 610 :
1722 556 1847 611 Fiat

260 654 475 729 (Germ)
524 656 633 710 hoc
683 661 741 709 et
788 651 915 708 illud
960 669 974 718 ;
1029 651 1304 706 hominem
1356 657 1532 703 autem
1583 648 1847 714 facturus,

254 749 409 819 quasi
459 745 800 803 consulendo
839 754 895 800 et
945 742 1230 798 tractando
1280 740 1396 810 ejus
1451 740 1849 806 excellentiam,

263 842 599 912 prteveniens
624 839 824 894 dixetzit
851 856 865 891 :
896 834 1186 890 Faciamus
1237 834 1499 887 hominem
1546 833 1616 886 ad
1664 832 1854 904 imagi-

261 947 377 987 ιιειιι
402 941 452 986 et
490 930 892 984 similitudinem
922 937 1178 982 nostram.
1209 925 1273 980 Et
1302 934 1423 994 post
1465 939 1659 993 pauca,
1707 922 1854 979 Scri-

262 1033 416 1094 ptura
444 1020 658 1076 refert:
685 1020 754 1075 Et
784 1021 998 1083 creavit,
1028 1018 1298 1087 inquiens,
1331 1014 1472 1070 Deus
1495 1016 1755 1070 hominem
1784 1016 1853 1069 ad

264 1112 545 1181 imaginem
570 1127 727 1165 suam
776 1109 986 1180 (Ibid).
1027 1107 1159 1175 Qtne
1191 1107 1448 1161 nimirum
1479 1105 1625 1161 dicta
1676 1105 1855 1159 omni-

252 1205 429 1257 modo
458 1212 592 1276 sunt
645 1200 953 1270 pensanda,
985 1200 1113 1268 quia
1149 1214 1214 1253 ex
1246 1198 1331 1252 his
1360 1196 1629 1267 colligitur
1654 1205 1855 1267 quanta

265 1293 408 1349 Deus
438 1293 722 1348 hominem
770 1291 1098 1346 conditionis
1133 1289 1400 1361 dignitate
1443 1287 1696 1343 extulerit
1723 1304 1860 1359 quo-

260 1399 369 1457 que
397 1384 559 1439 modo
594 1399 721 1439 eum
755 1385 937 1439 vivere
963 1383 1212 1437 voluerit.

338 1472 447 1528 Sed
492 1483 551 1528 nt
592 1474 1008 1543 omnigenarum
1069 1473 1327 1525 virtutum
1356 1512 1371 1536 ,
1424 1485 1562 1540 quas
1616 1470 1860 1543 profecto

258 1565 493 1635 imagini
535 1564 753 1627 divinat,
786 1564 837 1616 id
859 1573 940 1618 est
960 1563 1163 1617 homini
1199 1563 1388 1617 insitas
1414 1578 1537 1618 esse
1566 1562 1858 1625 credimus.

267 1657 556 1712 scientiam
613 1655 1041 1724 facultatemque
1096 1655 1603 1724 prmtermittamus,
1651 1655 1717 1711 de
1773 1671 1863 1709 ar-

1952 465 2071 521 siue
2100 464 2332 527 luxuria,
2371 463 2698 518 abstinentia
2734 463 2853 517 sine
2879 462 3027 534 gula,
3052 462 3247 517 lenitas
3270 461 3389 517 sine
3416 474 3538 516 cm-

1953 558 2199 624 delitatc,
2229 556 2489 626 patientia
2514 556 2630 610 sine
2658 555 2875 625 injuria,
2909 556 3106 610 veritas
3143 555 3259 610 sine
3280 536 3535 617 falsitate,

1951 660 2272 719 eieterreque
2304 650 2532 721 virtutes
2559 649 2677 703 sine
2705 648 2850 704 vitiis
2881 648 3169 703 contrariis
3189 648 3272 703 vel
3294 650 3536 720 agnosci.

1951 745 2036 801 vel
2067 745 2273 815 aliquid
2302 724 2478 800 meriti
2510 742 2711 798 habere
2763 742 3105 813 potuis~ent?
3137 742 3194 796 Si
3220 744 3365 799 enim
3394 743 3537 798 nulla

1954 853 2139 895 rerum
2183 836 2545 893 contrarietas
2604 832 2687 888 vel
2758 832 3044 889 diversitas
3099 842 3289 900 esset,
3339 850 3437 890 nec
3478 847 3538 890 se

1954 930 2248 1001 quisquam
2278 941 2560 989 exercere,
2584 940 2687 980 nec
2714 923 3003 995 cujuslibet
3030 926 3284 980 meritum
3318 925 3538 998 probari

1954 1021 2245 1093 potuisset.
2276 1018 2357 1073 Ad
2380 1019 2497 1073 haec
2527 1018 2693 1073 etiam
2727 1017 2772 1072 si
2800 1016 2942 1071 nulla
2981 1032 3180 1088 pugna.
3226 1016 3373 1071 nulla
3399 1024 3545 1073 esset

1955 1122 2011 1170 et
2045 1113 2297 1168 victoria.
2364 1109 2423 1166 Si
2475 1124 2609 1165 vero
2660 1108 2805 1163 nulla
2845 1108 3107 1172 victoria,
3151 1108 3294 1163 nulla
3329 1121 3546 1183 quoque

1958 1204 2222 1271 speranda
2248 1209 2394 1256 esset
2418 1200 2586 1271 gloria
2625 1200 2710 1254 bis
2732 1199 2929 1269 quibus
2964 1206 3046 1254 est
3066 1199 3402 1255 certandum.
3436 1196 3546 1253 Sed

1958 1312 2059 1353 nec
2088 1294 2300 1350 luciferi
2328 1293 2433 1348 dici
2480 1291 2701 1348 claritas
2724 1290 2844 1346 sine
2896 1291 3195 1344 tenebrosa:
3241 1290 3417 1345 nortis
3451 1305 3550 1359 op-

1963 1387 2236 1459 positione
2261 1391 2439 1455 grata,
2470 1381 2558 1436 vel
2598 1380 2837 1452 pretiosa
2866 1387 3029 1433 esset.
3082 1377 3217 1438 Nam
3250 1378 3382 1432 nihil
3424 1394 3549 1448 gra~

1964 1492 2099 1546 tum,
2122 1478 2206 1535 vel
2236 1478 2537 1549 pretiosum
2568 1474 2822 1538 habetur,
2855 1472 2957 1526 nisi
2988 1471 3132 1541 quod
3171 1480 3547 1539 comparatum

1961 1571 2119 1627 alteri
2172 1567 2530 1624 excellentius
2575 1563 2813 1620 videtur.
2871 1561 2979 1617 Sed
3035 1560 3162 1631 quia
3214 1560 3551 1629 comparatio

1965 1679 2072 1719 non
2106 1661 2283 1715 minus
2304 1673 2466 1728 quam
2497 1656 2548 1710 in
2579 1655 2790 1710 duobus
2815 1653 3013 1723 agitur,
3038 1651 3127 1705 ubi
3169 1649 3552 1721 comparanda:

264 1747 417 1803 bitrii
467 1746 728 1802 libertate
784 1745 1121 1801 solummodo
1182 1745 1359 1815 aliqua
1403 1746 1668 1810 dicamus».
1697 1761 1859 1816 quam
1893 1745 1937 1802 B
1965 1752 2261 1810 alteritalis
2291 1750 2448 1821 copia
2477 1747 2674 1810 deerit,
2707 1746 2883 1816 gratia
2938 1742 3098 1799 simul
3140 1751 3198 1797 et
3240 1740 3554 1811 pretiositas

267 1838 553 1909 accepisse
584 1838 830 1893 creditur
865 1853 987 1892 cum
1016 1837 1231 1891 caneris
1262 1837 1573 1891 virtutibus.
1606 1836 1860 1906 Alioquin

268 1928 388 1993 Dei,
422 1929 519 1998 qui
569 1928 749 1983 libero
803 1928 1030 1983 arbitrio
1078 1929 1266 1997 utique
1292 1927 1608 1997 perfruitur,
1639 1928 1865 1981 minime.

264 2022 605 2089 exprimeret
652 2018 965 2089 imaginem.
1022 2019 1329 2072 Attestatnr
1384 2019 1545 2073 etiam
1586 2019 1689 2074 hoc
1718 2019 1864 2073 Scri-

265 2119 456 2178 ptura,
516 2124 644 2162 cum
688 2114 755 2163 de
801 2108 911 2162 Deo
956 2109 1301 2178 prtecipiente
1355 2109 1521 2163 refert
1556 2109 1727 2164 talia:
1782 2109 1866 2163 Ea:

268 2200 435 2262 omni,
466 2199 671 2268 inquit,
693 2199 837 2269 ligno
887 2199 1124 2269 paradisi
1160 2200 1392 2264 comede;
1423 2200 1487 2253 de
1517 2199 1658 2270 ligno
1679 2209 1855 2253 autem

269 2289 508 2343 scientia:
530 2288 653 2343 boni
682 2299 730 2342 et
761 2288 889 2343 ntali
912 2305 974 2342 ne
1000 2288 1251 2343 comedas
1274 2287 1428 2360 (Gen.
1454 2295 1537 2361 ιι).
1562 2289 1695 2345 Cum
1718 2291 1865 2346 enim

270 2379 484 2434 homini
516 2379 742 2434 condito
766 2380 1012 2450 quaedam
1036 2382 1425 2443 conceduntur,
1455 2381 1701 2449 quaedam
1740 2395 1867 2434 vero

272 2469 698 2533 interdicuntur,
733 2476 885 2538 patet
925 2466 1170 2540 profecto
1224 2469 1352 2539 quia
1401 2470 1571 2524 libero
1611 2469 1869 2540 praeditus

273 2560 442 2616 fuerit
472 2560 730 2616 arbitrio.
778 2559 945 2616 Liber
994 2569 1174 2615 autem
1224 2558 1402 2615 factus
1430 2558 1547 2629 ejus
1575 2560 1726 2628 jussa
1767 2560 1869 2616 im—

270 2652 428 2723 plere
451 2652 660 2718 debuit,
684 2666 717 2705 a
752 2666 862 2721 quo
890 2660 944 2706 et
965 2650 1273 2706 libertatem
1302 2651 1534 2721 accepit.
1563 2650 1678 2707 Hoc
1704 2651 1869 2723 igitur

266 2754 401 2799 uim
423 2740 634 2810 justum
657 2751 825 2806 esset,
865 2740 1119 2798 voluntas
1160 2740 1253 2797 Dei
1284 2740 1387 2796 fuit
1415 2742 1483 2796 ad
1513 2741 1864 2812 implendum.

278 2832 434 2888 Unde
458 2833 596 2889 satis
618 2835 795 2889 claret
818 2834 945 2904 quia
977 2834 1121 2903 quod
1169 2849 1277 2889 non
1307 2842 1392 2889 est
1435 2834 1654 2905 impleta
1685 2836 1870 2906 hujus-

275 2925 427 2979 modi
481 2924 737 2981 voluntas
787 2940 899 2980 non
940 2928 1007 2981 ad
1034 2926 1303 2982 libertatis
1354 2926 1628 2994 Datorem,
1676 2929 1771 2983 sed
1800 2929 1869 2984 ad

274 3015 538 3085 praecepti
561 3016 729 3070 divini
757 3014 1101 3070 referendum
1127 3023 1211 3071 est
1240 3024 1724 3087 transgressorem.

1964 1848 2167 1903 deficit.
2200 1844 2337 1913 Quia
2392 1856 2522 1912 ergo
2575 1854 2673 1911 per
2714 1837 3017 1908 hujusmodi
3064 1833 3550 1905 comparationem,

1965 1939 2048 1994 vel
2070 1937 2467 2011 oppositionem
2499 1932 2674 2003 gratia
2704 1931 2798 1985 Dei
2827 1930 2992 1985 etiam
3014 1928 3408 1983 consideranda
3426 1935 3551 1992 est;

1965 2028 2222 2100 angelicae
2246 2035 2455 2080 naturae
2479 2023 2800 2093 dignitatem
2825 2018 3053 2089 ejusque
3103 2014 3315 2073 ruinam
3356 2017 3556 2071 exiti»

1966 2120 2154 2185 bilem,
2179 2118 2232 2173 in
2262 2131 2368 2186 qua
2397 2114 2491 2169 Dei
2539 2112 2807 2181 judicium
2839 2113 3073 2179 primum
3113 2108 3403 2180 apparuit;
3452 2118 3556 2162 nec

1965 2229 2072 2269 non
2102 2210 2263 2282 primi
2289 2207 2526 2264 hominis
2551 2207 2759 2274 lapsum
2790 2202 3138 2269 veniabilem,
3171 2202 3223 2256 in
3250 2216 3362 2271 quo
3388 2200 3553 2269 etiam

1967 2303 2022 2358 in
2051 2300 2303 2358 homines
2336 2297 2480 2353 facta
2518 2296 2694 2366 prima
2753 2294 2848 2349 Dei
2892 2294 3068 2364 gratia
3120 2292 3409 2363 apparuit;
3461 2290 3556 2346 sed

1966 2402 2023 2448 et
2056 2392 2409 2448 multimodas
2456 2390 2553 2446 Dei
2601 2386 3003 2453 miserationes,
3059 2395 3250 2456 postea
3303 2384 3559 2440 omnibus

1970 2481 2112 2554 lead.
2142 2480 2329 2536 Lamb.
2382 2475 2716 2549 hominibus]
2748 2475 3045 2541 exhibitas,
3095 2473 3329 2529 invicem
3365 2470 3557 2527 confe-

1966 2590 2098 2632 rens
2119 2574 2324 2639 animo,
2352 2579 2619 2643 quantum
2642 2567 2899 2640 possibile
2925 2574 3032 2631 est,
3058 2571 3359 2643 pertracto.
3388 2560 3556 2618 Canto

1968 2680 2075 2738 que
2092 2666 2211 2721 hinc
2232 2639 2416 2719 animo
2439 2639 2732 2718 revolveris
2759 2666 2816 2713 et
2835 2655 3161 2727 quibuslibet
3181 2639 3359 2724 culpis
3369 2662 3561 2722 pinna—

1971 2771 2091 2812 rum
2112 2756 2302 2810 merita
2327 2752 2616 2825 ohjeceris,
2643 2748 2902 2804 fateberis
2922 2745 3108 2817 procul
3134 2744 3301 2799 dubio
3331 2760 3350 2794 ι
3385 2741 3553 2797 misce

1966 2844 2208 2901 ricordia
2240 2842 2454 2899 Domini
2482 2840 2697 2912 plenam
2727 2852 2849 2895 esse
2871 2847 3094 2892 terram.
3116 2854 3136 2888 ι

2042 2934 2301 3002 Quamvis
2321 2932 2465 2989 enim
2490 2930 2736 3002 plurima:
2759 2926 2942 2984 saeculi
2962 2923 3365 2996 generationes,
3389 2920 3563 2991 culpis

1974 3027 2340 3099 exigentibus,
2387 3024 2595 3096 judicio
2650 3022 2745 3077 Dei
2794 3019 3100 3090 justissimo
3132 3017 3242 3072 sint
3270 3016 3558 3075 damnatae.

354 3103 430 3158 Η·
470 3104 606 3159 cum
634 3106 928 3162 Verborum
952 3114 1167 3160 “10mm
1201 3105 1398 3161 seriem
1444 3110 1685 3174 διιεηάου
1708 3125 1872 3180 (Ιυυν-
1900 3099 1944 3158 C
1980 3122 2119 3176 idem
2148 3128 2327 3173 tamen
2348 3116 2610 3186 judicium
2658 3115 2907 3170 evenisse
2934 3112 3178 3169 creditur
3197 3124 3301 3179 pro
3328 3107 3561 3163 aliorqu

278 3212 400 3252 sum
426 3197 652 3251 tendant
681 3198 875 3253 miror.

357 3288 425 3341 0.
472 3288 542 3342 Ut
587 3288 1109 3359 interrogationibus
1155 3289 1264 3344 tuis
1309 3289 1660 3345 satisfaciam.
1702 3288 1876 3344 luter-

284 3383 521 3452 rogabas
560 3396 796 3453 namque
840 3382 897 3436 in
927 3381 1115 3451 primis
1157 3397 1327 3450 quare
1371 3381 1515 3436 Dens
1559 3379 1876 3436 alﬂictiones

283 3481 467 3526 tantas
493 3472 547 3524 in
592 3471 795 3526 mundo
827 3472 1180 3540 permiserit;
1219 3470 1436 3535 deinde,
1471 3485 1571 3524 cur
1598 3471 1873 3525 hominem

280 3570 393 3616 tam
421 3562 670 3633 fragilem
701 3561 1033 3617 condiderit.
1054 3561 1185 3628 Qum
1208 3571 1440 3632 utraque
1464 3560 1588 3631 quia
1618 3574 1681 3614 ex
1714 3560 1873 3629 primi

208 3654 211 3655 ⁷
288 3655 531 3711 hominis
577 3656 896 3712 conditione
950 3663 1070 3708 orta
1118 3669 1239 3709 esse
1287 3654 1581 3719 videntur,
1636 3651 1875 3721 ejusdem

285 3764 504 3819 quoque
529 3748 764 3803 hominis
789 3747 1058 3817 originem
1103 3745 1374 3816 replicare
1404 3746 1584 3811 libuit,
1618 3754 1698 3810 ut,
1749 3745 1876 3799 dum

287 3839 341 3894 in
360 3847 488 3893 ortu
517 3853 678 3892 causa
709 3837 871 3891 ﬁeret
891 3836 1129 3906 cognita,
1163 3835 1306 3891 nulla
1349 3836 1607 3906 deinceps
1647 3836 1879 3906 qumstio

282 3939 542 4002 ageretur
566 3928 860 3999 superﬂua.

284 4054 287 4057 λ
356 4022 610 4077 ΗρΕειο
654 4030 715 4075 ιιι
762 4021 863 4075 ista
912 4019 1172 4089 quaestio,
1223 4018 1378 4088 quasi
1426 4016 1726 4088 superﬂua,
1778 4017 1876 4072 ab-

282 4112 527 4183 jiciatnr,
555 4113 708 4183 quid,
732 4125 943 4182 quaeso,
977 4110 1171 4165 divina:
1191 4110 1401 4181 gratim,
1438 4124 1544 4180 qua
1579 4110 1735 4181 plena
1759 4124 1879 4165 esse

292 4216 438 4262 terra
471 4206 824 4272 describitur,
868 4206 926 4259 iu
954 4202 1200 4273 ejusdem
1234 4204 1398 4274 primi
1431 4203 1667 4259 hominis
1697 4203 1881 4258 condi-

293 4299 439 4355 tione
458 4301 747 4370 deputatur
767 4299 792 4353 ἲ
1562 4348 1569 4353 .

365 4390 432 4447 0.
467 4389 621 4445 Nulla
674 4406 856 4447 rerum
889 4390 1147 4461 qualitas,
1179 4391 1284 4446 nisi
1316 4405 1413 4462 per
1454 4391 1795 4454 anticimena,
1825 4388 1879 4446 id

291 4493 378 4539 est
396 4482 699 4548 contraria,
728 4482 875 4537 valet
900 4483 1143 4554 agnosci.
1174 4481 1406 4551 Ideoque
1448 4481 1494 4536 si
1522 4481 1752 4552 gratiam
1782 4481 1877 4534 Dei

291 4574 445 4643 cupis
472 4587 790 4644 agnoscere,
818 4569 1060 4640 ejusdem
1081 4571 1271 4643 gratiae
1292 4571 1616 4641 oppositum,
1645 4569 1732 4624 vel
1753 4584 1881 4623 conn

299 4665 523 4718 trarium
548 4663 677 4733 quid
707 4662 780 4719 sit
811 4664 962 4733 prius
988 4665 1154 4718 debes
1203 4663 1506 4717 attendere.
1534 4659 1767 4715 Necesse
1798 4668 1881 4714 est

294 4756 439 4809 enim
492 4754 784 4825 cujuslibet
816 4754 893 4808 rei
918 4754 1250 4823 agnitionem
1281 4766 1423 4805 esse.
1454 4750 1672 4820 Agnitio
1699 4757 1881 4804 autem

302 4844 605 4915 huiusmodi
626 4859 749 4900 esse
770 4844 982 4898 videtur
1005 4841 1291 4905 distantia,
1318 4840 1403 4895 vel
1429 4839 1741 4907 diversitas,
1763 4854 1884 4910 quae

300 4933 439 4991 inter
460 4934 718 5006 quaslibet
769 4934 1015 5006 opposita
1062 4945 1118 4990 et
1168 4931 1445 4989 contraria
1495 4931 1789 5002 reperitur,
1827 4938 1885 4985 ut

306 5029 439 5084 inter
477 5030 659 5085 album
696 5037 757 5084 et
809 5028 1043 5097 nigrum.
1082 5028 1282 5083 Album
1328 5025 1474 5081 enim
1518 5024 1572 5078 iu
1623 5025 1766 5089 albo,
1798 5022 1883 5076 vel

306 5119 511 5154 πίση-σιω
536 5122 589 5154 in
638 5120 802 5154 nini-ia
846 5119 1043 5154 uitulum
1075 5119 1237 5154 fat-ila
1268 5115 1482 5154 συνηθερῖ
1526 5116 1711 5154 nuntii!
1742 5132 1754 5144 ⁸
1789 5114 1884 5154 ξοδ

1974 3211 2170 3275 salute,
2205 3210 2348 3263 sicut
2372 3215 2428 3262 et
2449 3207 2595 3262 salus
2621 3205 2861 3276 gentium
2889 3197 3440 3258 damnationeevenit
3467 3195 3561 3251 Ju-

1976 3304 2234 3358 tkeorum.
2269 3299 2406 3354 Nam
2438 3305 2599 3352 tantae
2622 3295 2822 3352 scholae
2847 3293 3127 3364 disciplina
3160 3304 3267 3346 non
3294 3288 3416 3344 sine
3452 3286 3560 3341 aiio

1975 3406 2206 3461 quorum
2237 3390 2351 3443 fieri
2378 3396 2558 3459 potest
2590 3388 2769 3451 ruina,
2796 3386 2936 3439 sicut
2966 3399 3064 3439 nec
3092 3396 3323 3454 granum
3350 3379 3560 3448 absque

1982 3480 2262 3551 palearum
2288 3478 2560 3533 excutitur
2589 3476 2806 3539 tritura,
2828 3473 3078 3543 quamvis
3105 3472 3393 3540 quosdam,
3420 3482 3564 3538 quos

1976 3571 2034 3627 in
2063 3570 2165 3624 hac
2193 3569 2302 3622 vita
2327 3568 2614 3622 damnatos
2652 3565 2921 3628 videmus,
2950 3564 3003 3618 in
3048 3561 3231 3616 futura
3277 3559 3568 3616 salvandds

1978 3678 2098 3720 esse
2126 3675 2426 3732 speremus.

2051 3752 2127 3808 Η.
2180 3752 2300 3822 Jam
2345 3751 2478 3807 satis
2507 3749 2797 3806 declarain
2826 3747 2953 3819 quia
2994 3744 3203 3816 ﬂagella
3234 3742 3414 3799 divina
3456 3741 3569 3797 sint

1980 3846 2287 3902 necessaria
2318 3842 2569 3914 quodque
2598 3842 2787 3913 gratiae
2825 3840 2998 3910 magis
3034 3852 3197 3907 quam
3222 3836 3335 3890 sint
3362 3832 3568 3904 suppli-

1981 3939 2066 3994 cio
2091 3937 2417 4007 deputanda.
2450 3934 2558 3990 Sed
2586 3943 2643 3990 et
2666 3933 2825 4005 primi
2858 3931 3094 3987 hominis
3133 3929 3365 3999 lapsum,
3404 3941 3566 3995 quem

1982 4030 2359 4101 imperitorum
2412 4027 2604 4098 vulgus
2638 4026 2809 4083 refert
2850 4027 2918 4079 ad
2947 4023 3319 4085 Conditorem,
3353 4029 3410 4074 tu
3448 4019 3570 4087 qui-

1981 4124 2104 4178 dem
2136 4121 2478 4192 apertissime
2512 4120 2745 4175 docuisti
2772 4118 2840 4172 ad
2878 4116 3118 4186 ejusdem
3160 4113 3398 4169 hominis
3425 4110 3569 4167 refe-

1983 4215 2208 4270 rendum
2237 4228 2359 4269 esse
2385 4212 2826 4267 inobedieutiam.

2598 4319 2827 4377 CAPUT
2857 4317 2945 4373 IV.
2978 4326 2981 4327 ⁷

1914 4451 1958 4507 D
1988 4416 2434 4507 [propugnatione
2461 4412 2763 4495 angelorum
2810 4406 3419 4507 apostatamtmtjjtstnm
3472 4402 3570 4493 Dei

2047 4487 2341 4557 judicium;
2377 4487 2428 4539 in
2460 4478 2790 4554 reparatione
2815 4481 3042 4535 hominis
3068 4479 3207 4549 lapsi
3233 4478 3411 4532 divina
3451 4478 3564 4547 pie‘4

2057 4569 2138 4612 tas
2177 4564 2415 4626 apparet.

2057 4666 2249 4722 Heinr.
2282 4665 2438 4723 Nunc
2464 4680 2594 4737 ergo
2619 4679 2815 4736 precor
2843 4672 2922 4728 ut,
2966 4661 3095 4731 quia
3133 4658 3294 4729 paulo
3323 4657 3575 4729 superius

1987 4758 2280 4814 maximam
2312 4757 2532 4828 pietatis
2580 4756 2780 4813 divina:
2828 4751 3285 4822 dispensationem
3334 4750 3575 4804 humano

1989 4848 2172 4921 generi
2223 4848 2520 4905 exhibitam
2571 4844 2925 4919 in-angelica:
2973 4850 3029 4896 et
3078 4842 3325 4896 humanae
3369 4846 3577 4894 natura:

1986 4938 2274 4996 collatione
2301 4938 2491 4995 sentiri
2517 4951 2679 5007 posse
2709 4933 2919 4999 dixisti,
2949 4932 3017 4986 de
3065 4931 3147 4986 his
3172 4928 3338 4984 etiam
3369 4927 3575 4996 aliquid

1988 5031 2200 5103 planius
2233 5031 2515 5102 disputare
2538 5032 2779 5090 coneris.

2061 5120 2105 5154 η
2173 5121 2419 5154 mum.--
2451 5127 2573 5154 mm!
2616 5123 2775 5154 ι-ηΙΑ-
2799 5131 2920 5154 nam
2952 5110 3149 5154 (lunaria
3175 5118 3230 5154 et
3266 5121 3332 5154 eo
3361 5106 3427 5154 ad
3456 5118 3579 5154 oro-
