3998 5450
449 168 517 222 67
1436 157 1736 216 OTHLONI
1779 152 2085 212 MONACHI
2233 148 2653 206 ΕΜΜΕΙΗΜΜΙ
2732 196 2739 201 .
3646 146 3713 203 68

450 250 888 350 possitarguere,
917 276 961 332 si
986 276 1114 349 qttid
1144 275 1323 344 inepte
1348 271 1659 326 velincerte
1697 267 1838 340 [ratL
1871 265 2028 319 (ἐι-ιη’.
2066 268 2106 324 Α
2141 276 2245 314 uou
2275 276 2393 331 qua-
2440 260 2509 313 sit
2548 273 2746 323 massa,
2778 257 2887 350 sed
2937 257 3113 350 qualis
3156 258 3225 313 sit
3264 257 3480 350 artifex,
3536 272 3603 350 ex
3644 273 3714 313 ea

449 370 686 445 inrecte]
717 370 1066 443 proferimus,
1093 367 1237 422 omni
1280 364 1484 420 homini
1526 361 1748 418 meliora
1776 357 2031 414 sentienti

457 462 525 518 ad
553 461 949 518 emendandum
1006 475 1104 514 nos
1151 456 1488 526 suiijieimus.
1536 453 1763 509 Videtur
1805 462 2037 518 namque

464 554 662 611 divina:
689 555 876 625 gratia:
918 551 1113 606 merito
1155 548 1498 604 referendum
1533 542 1794 616 quidquid
1821 541 2037 610 pietatis

457 644 750 716 excogitari
766 650 942 712 potest
970 649 1147 693 actum
1177 655 1300 708 erga
1331 652 1496 708 genus
1527 638 1842 689 humanum.
1867 631 2036 699 Quid-

456 734 585 804 quid
625 744 804 787 autem
834 728 1134 783 severitatis
1167 737 1219 781 et
1256 724 1611 779 districtionis
1652 721 1859 791 judicio
1897 721 2038 773 Deus

457 808 746 889 in'muudo
775 813 1044 877 statuerit,
1078 828 1180 867 non
1225 821 1282 867 ut
1325 813 1377 865 in
1431 811 1532 865 hoc
1558 809 1854 864 delec:etur
1882 806 2035 877 quasi

448 908 713 973 crudelis,
767 905 860 961 sed
907 916 968 959 ut
1000 904 1116 975 ejus
1169 903 1340 973 gratia
1371 910 1427 957 et
1479 901 1720 972 putentia
1758 905 2034 968 appareat,

460 1005 719 1053 statutum
751 994 942 1060 credo,
973 994 1098 1064 quia
1125 993 1312 1064 judieii
1341 992 1458 1047 sine
1483 990 1842 1060 oppositione,
1872 995 1930 1041 ιιι
1951 1002 2040 1041 su-

451 1101 555 1157 pra
580 1086 778 1141 dictum
803 1094 905 1150 est,
937 1083 1083 1139 nulla
1123 1084 1301 1152 gratia
1340 1081 1480 1135 valet
1515 1094 1794 1149 apparere.

372 1172 381 1177 ’
440 1188 447 1195 '
533 1176 604 1233 Ut
636 1185 849 1245 ergoet
895 1189 994 1229 nos
1037 1175 1265 1245 gratiam
1314 1172 1685 1242 judiciumque
1739 1170 1830 1224 Dei
1861 1168 2035 1239 possi-

451 1287 583 1327 'mus
617 1271 961 1340 aliquatenus
1000 1269 1304 1332 attendere,
1359 1265 1703 1321 conferamus
1749 1272 2039 1332 utrumque

450 1361 514 1415 in
548 1360 789 1432 angelica
812 1368 876 1414 et
922 1360 1156 1413 humana
1186 1357 1517 1411 conditione.
1553 1355 1614 1410 Si
1660 1354 1824 1425 igitur
1854 1353 1917 1407 ad
1945 1370 2041 1406 an-

446 1450 694 1521 gelicam
723 1450 1004 1519 respicias,
1031 1449 1160 1519 quid
1191 1463 1253 1502 ea
1294 1448 1345 1501 in
1383 1456 1632 1501 creatura
1683 1445 2039 1514 pnuelarius?

449 1548 517 1595 et
546 1549 722 1595 tamen
756 1548 876 1610 post
903 1539 1410 1608 transgressionem,
1458 1554 1557 1592 nec
1588 1537 1801 1592 veniam
1834 1535 2037 1590 habere

2137 350 2265 419 quid
2298 349 2561 413 facturus,
2602 349 2943 425 attendentes
2969 349 3177 404 credite
3200 349 3327 420 quia
3356 348 3578 420 majoris
3619 364 3718 418 po-

2139 442 2317 517 tentia:
2344 452 2428 498 est
2459 461 2525 499 ex
2550 445 2711 499 rebus
2752 444 2951 500 inlimis
3006 445 3240 499 maxima
3293 426 3453 514 quam
3490 459 3556 499 ex
3602 460 3720 499 ma-

2139 536 2257 607 gnis
2293 535 2474 591 facere
2523 552 2736 607 magna.
2791 535 2881 591 Sic
2915 546 2970 593 ct
3025 538 3244 609 majoris
3285 524 3370 592 est
3415 523 3720 595 clementiae

2141 640 2390 694 magnam
2434 642 2596 695 quam
2644 642 2866 696 parvam
2929 626 3078 696 lapso
3133 616 3433 682 dimittere
3479 626 3719 697 culpam.

2139 715 2220 770 Ad
2256 717 2369 769 luce
2411 717 2574 769 etiam
2616 703 2928 786 perpendite
2969 718 3094 788 quia
3138 733 3358 773 necesse
3406 717 3572 772 estin
3616 716 3720 771 ali-

2139 824 2246 878 quo
2295 809 2510 879 probari
2557 821 2875 880 argumento
2928 811 3056 880 quid
3118 811 3184 865 tie
3228 810 3344 866 suis
3405 810 3615 867 meritis
3648 809 3724 865 sit

2139 901 2301 955 homo
2343 890 2399 956 et
2432 900 2560 970 quid
2591 901 2657 955 de
2697 900 2883 972 gratiae
2918 901 3111 955 divinae
3136 901 3295 956 thltO.

2744 1014 2973 1071 CAPUT
3018 1014 3079 1069 ν.

2141 1102 2208 1158 1η
2241 1115 2451 1174 peccato
2500 1106 2744 1176 originali
2792 1106 2931 1176 facta
2979 1108 3205 1162 hominis
3238 1110 3515 1173 meritum;
3557 1109 3613 1163 in
3640 1109 3731 1163 di-

2364 1178 2523 1230 misso
2550 1177 2737 1231 divina:
2774 1180 2981 1247 pietatis
3016 1181 3210 1232 donum
3241 1180 3513 1249 probatur.

2214 1264 2606 1336 Argumentum
2632 1275 2811 1320 autem
2843 1266 2948 1322 tale
2989 1276 3267 1337 peceatum
3295 1277 3506 1322 constat
3524 1266 3592 1340 [ι’.
3621 1268 3727 1337 leg.

2145 1355 2433 1427 monstrat]
2464 1357 2747 1427 originale,
2778 1348 3039 1426 quoniam
3070 1359 3122 1411 in
3151 1358 3251 1412 hoe
3279 1374 3386 1412 uno
3417 1358 3727 1429 eodemque

2143 1436 2407 1517 probatur
2434 1455 2722 1517 utrumque
2753 1464 2767 1500 :
2805 1447 2855 1500 in
2886 1447 3029 1501 facto
3056 1446 3272 1517 quidem
3306 1447 3538 1502 hominis
3563 1448 3733 1503 meri-

2140 1547 2293 1600 tum;
2337 1537 2388 1590 in
2418 1537 2642 1591 dimisso
2673 1546 2850 1591 autem
2886 1553 2984 1606 per
3015 1524 3581 1606 b:‘tpllSﬂllliil,tllVlﬂ:B
3612 1539 3734 1607 pie-

444 1630 659 1684 'meruit
696 1643 797 1683 nec
857 1628 1154 1698 quidquam
1207 1627 1353 1694 boni,
1394 1629 1479 1681 vel
1514 1627 1646 1680 velle
1668 1628 1869 1696 potuit,
1906 1635 2039 1680 attc-
2072 1611 2120 1669 Β
2152 1630 2276 1684 tatis
2302 1631 2521 1683 donum.
2577 1628 2700 1684 Ihee
2724 1639 2808 1685 est
2855 1630 3015 1701 igitur
3044 1644 3204 1685 causa
3253 1630 3531 1700 originalis
3558 1632 3735 1700 culpa:

444 1731 642 1776 stante
672 1730 861 1776 saneto
894 1721 1195 1790 Augustino
1216 1721 1330 1790 qui,
1360 1720 1413 1773 in
1446 1719 1584 1773 libro
1614 1733 1705 1772 xiv
1740 1717 1815 1772 De
1837 1718 2044 1771 civitate

454 1810 585 1878 Dei,
619 1813 690 1867 ita
743 1809 1221 1879 scribit:-Propter
1275 1810 1548 1873 meritum,
1605 1808 1798 1878 inquit,
1858 1808 2045 1877 prima:

462 1902 620 1959 mala:
644 1903 936 1957 voluntatis
987 1916 1098 1957 sum
1128 1902 1201 1956 ita
1232 1901 1522 1956 damnatus
1553 1909 1717 1970 atque
1746 1899 2046 1953 obduratus

448 2004 550 2050 est
572 1994 794 2066 angelus
816 1994 988 2048 malus
1010 2001 1070 2047 ut
1094 1992 1206 2063 jam
1228 1993 1560 2047 voluntatem
1592 1990 1786 2044 bonam
1822 1989 2049 2043 ulterius

465 2100 573 2140 non
609 2087 854 2139 haberet.
908 2085 1139 2139 Rursum
1186 2085 1230 2139 si
1273 2086 1520 2138 humana:
1557 2081 1884 2137 conditionis
1923 2080 2045 2150 jura

459 2183 589 2244 post
647 2175 1131 2243 transgressionem
1188 2174 1437 2245 imposita
1488 2174 1756 2236 attendas,
1810 2171 1939 2241 quid
1985 2186 2047 2224 ea

466 2264 628 2319 vilius
664 2265 973 2335 excogitare
1009 2264 1201 2334 putes?
1246 2252 1629 2318 Verumtamen
1664 2261 2047 2332 po‘st‘culpam,

460 2365 525 2410 et
557 2356 768 2411 veniam
789 2366 846 2411 et
880 2356 1108 2425 eligendi
1142 2356 1266 2411 boni
1290 2354 1574 2410 arbitrium
1606 2353 1805 2407 habere
1834 2352 2047 2406 meruit.

460 2446 601 2515 Qum
628 2447 910 2517 utriusque
946 2457 1152 2501 natura:
1190 2447 1432 2502 conditio
1460 2446 1503 2500 si
1535 2432 1878 2513 summupere
1918 2458 2053 2497 con-

463 2536 700 2602 leratur,
730 2538 899 2592 altera
936 2538 1011 2591 ab
1047 2538 1216 2592 altera
1245 2536 1572 2591 declaratur.
1612 2533 1745 2587 Nam
1765 2534 1823 2587 in
1848 2532 2054 2603 angelis

464 2626 840 2695 peccantibus,
872 2640 1035 2694 quam
1062 2626 1402 2698 tremendum
1434 2624 1871 2692 horrendumque
1906 2621 2055 2691 judi-

468 2715 617 2771 cium
656 2715 748 2770 Dei
778 2716 851 2769 sit
878 2714 1018 2769 valet
1074 2714 1314 2784 agnosci.
1358 2714 1419 2769 in
1453 2713 1688 2770 hominis
1718 2727 1846 2766 vero
1873 2711 2052 2781 culpa,

475 2804 724 2873 quamvis
751 2818 908 2872 poena
954 2806 1136 2874 gravis
1182 2812 1245 2858 et
1289 2804 1572 2859 metuenda
1625 2804 1908 2867 sentiatur,
1942 2819 2056 2856 ma-

456 2895 623 2950 «xima
661 2902 839 2949 tamen
869 2896 1058 2965 gratia:
1095 2905 1431 2967 argumenta,
1462 2896 1507 2950 si
1548 2893 1753 2965 judicio
1798 2893 2056 2966 angelicae

466 2992 693 3039 natura
740 2982 1113 3051 conferantur,
1162 2987 1341 3041 inesse
1376 2976 1645 3039 videntur.
1701 2976 1868 3039 Multo
1911 2987 2056 3039 enim

464 3077 797 3133 aclemcutius
827 3086 910 3132 est
940 3079 1010 3132 ab
1040 3077 1261 3144 inlimis,
1292 3079 1381 3133 tibi
1407 3093 1531 3147 spes
1550 3078 1728 3132 omnis
1757 3086 1842 3132 est
1870 3077 2057 3141 veniat,

478 3168 545 3223 ad
572 3183 780 3223 summa
809 3168 1105 3238 quemlibet
1142 3169 1361 3238 provehi
1388 3185 1549 3239 quam
1575 3171 1626 3222 in
1663 3170 1892 3223 summis
1933 3184 2065 3222 con-

470 3259 750 3327 stitutum,
776 3259 867 3315 ubi
899 3258 1049 3317 locus
1083 3259 1261 3316 nullus
1296 3268 1376 3316 est
1405 3260 1755 3330 paenitentiae,
1784 3261 1849 3315 ad
1877 3260 2061 3315 iulima

472 3348 667 3418 ~dejici.

468 3472 475 3489 τ
551 3438 683 3497 Haec
709 3440 874 3511 igitur
904 3448 1135 3512 utraque
1163 3440 1398 3495 maxima
1438 3441 1590 3496 nobis
1638 3440 1911 3512 pensanda
1937 3449 2064 3496 sunt

484 3531 790 3587 humilitate
819 3542 884 3586 .et
926 3548 1025 3602 pro
1067 3533 1329 3587 continua
1382 3533 1576 3587 divina:
1621 3532 1837 3601 pietatis
1876 3531 2062 3587 confe-

495 3624 664 3678 renda
714 3624 1106 3688 admonitione,
1154 3638 1216 3676 ac
1254 3623 1297 3675 si
1341 3623 1472 3691 ipsis
1503 3624 1667 3676 rebus
1693 3623 1901 3677 collatis
1926 3623 2066 3677 Deus

474 3715 754 3771 homines
781 3713 1080 3770 admonens
1136 3709 1464 3782 loqueretur,
1513 3715 1746 3769 dicens:
1794 3716 2066 3769 Attendite

483 3823 608 3878 quae
636 3807 911 3877 peccando
939 3806 1211 3860 meruistis
1239 3815 1294 3859 ct
1321 3815 1581 3874 quantum
1620 3794 1805 3877 postea
1830 3809 2062 3877 gratiam

476 3901 706 3975 exhibui
733 3898 924 3963 vobis;
954 3907 1009 3952 et
1032 3899 1075 3953 si
1111 3899 1224 3952 haec
1264 3897 1397 3952 alias
1430 3913 1660 3967 pensare
1693 3899 1946 3969 nequitis,
1972 3914 2069 3951 an-

486 3990 642 4063 gelici
685 4000 866 4045 reatus
904 3989 1162 4044 ultionem
1213 3990 1760 4059 rocordamiui,'quia
1807 3989 2067 4059 quidquid

488 4084 620 4140 huic
677 4082 938 4138 dissimile
995 4097 1092 4151 pro
1151 4080 1390 4151 peccatis
1449 4083 1647 4136 vestris
1693 4090 1777 4135 est
1829 4083 2066 4144 factum,

488 4175 680 4247 gratite
709 4174 1048 4229 solummodo
1091 4187 1224 4226 metr
1263 4181 1485 4227 constat
1536 4172 1917 4242 deputandum.
1960 4170 2071 4224 Illis

2144 1719 2340 1773 merito
2362 1720 2653 1789 reputanda
2681 1735 2777 1789 pro
2810 1720 3052 1776 antidoto
3081 1728 3267 1774 contra
3295 1735 3482 1774 omnes
3510 1721 3736 1776 morbos

2136 1814 2405 1896 sipcrhize
2431 1829 2568 1884 quze,
2596 1814 2678 1869 vel
2696 1829 2760 1869 ex
2793 1824 2994 1871 natura:
3028 1817 3363 1881 excellentia,
3392 1817 3534 1893 sicut
3561 1825 3617 1870 et
3635 1833 3738 1870 au-

2147 1902 2280 1974 gelis
2310 1904 2560 1974 contigit,
2600 1904 2684 1958 vel
2725 1919 2787 1959 ex
2845 1914 3088 1960 natorum
3130 1906 3381 1976 profectu
3420 1906 3738 1962 hominibus

2153 1997 2289 2052 oriri
2352 2005 2560 2067 posset,
2599 1997 2724 2067 quia
2777 1998 3084 2067 superbiam
3134 1998 3387 2054 latentem
3430 1998 3503 2054 nil
3558 1999 3739 2069 magis

2150 2086 2460 2156 comprimit
2498 2102 2660 2156 quam
2687 2086 2840 2157 culpa
2873 2098 3080 2158 patens.

2217 2177 2374 2245 Quod
2406 2179 2455 2232 si
2486 2166 2759 2247 superbia,
2807 2179 2887 2232 vel
2928 2179 3245 2255 infidelitate
3278 2178 3457 2249 aliqua
3489 2180 3741 2235 obcaeca-

2152 2269 2224 2325 tis
2256 2270 2435 2323 minus
2482 2262 2628 2338 patet
2661 2285 2729 2322 ex
2778 2252 3090 2339 supradicto
3127 2252 3444 2345 argumento
3472 2269 3743 2337 ,velutob.

2153 2376 2332 2435 scuro,
2360 2360 2484 2429 quia
2517 2361 2571 2413 in
2603 2375 2707 2413 una
2732 2361 3026 2431 eademque
3062 2375 3143 2427 re,
3170 2372 3229 2415 et
3256 2375 3415 2432 pinna
3450 2362 3740 2431 probatur,

2152 2463 2204 2506 et
2232 2453 2402 2523 gratia
2432 2452 2627 2517 inesse,
2669 2453 2860 2506 addam
2894 2453 3038 2507 aliud
3083 2436 3458 2525 argumentum
3501 2453 3739 2524 planius.

2154 2543 2304 2599 Multi
2338 2544 2591 2614 denique
2637 2553 2900 2612 vestrum,
2933 2545 3057 2599 dum
3108 2560 3311 2609 servos,
3353 2544 3438 2600 vel
3468 2545 3746 2616 quoslibet

2155 2637 2256 2693 sibi
2289 2626 2606 2695 commissus
2632 2652 2660 2691 a
2695 2639 2951 2715 nequitiis
2982 2638 3095 2693 suis
3118 2637 3262 2692 nullo
3302 2636 3520 2706 pietatis
3552 2638 3743 2703 mode-

2155 2731 2364 2784 ram’nc
2387 2730 2640 2784 cohibere
2678 2739 2924 2799 pissunt,
2957 2728 3198 2784 dolentes
3237 2743 3330 2783 eos
3360 2728 3536 2797 perire
3578 2728 3742 2798 peni-

2159 2832 2263 2887 tus,
2301 2829 2392 2874 aut
2416 2821 2680 2882 cmeitatc,
2708 2828 2802 2874 aut
2830 2818 3054 2891 alicujus
3079 2819 3303 2894 membri
3330 2819 3747 2874 detruncatione

2165 2915 2233 2969 ab
2279 2913 2535 2982 inemptis
2593 2913 2916 2981 reprimunt.
2968 2913 3212 2983 Ctunque
3261 2913 3376 2968 hcce
3420 2912 3746 2967 iecerint.a

2165 2996 2378 3059 eunetis
2408 3004 2744 3072 sapientibus
2774 3002 2892 3073 plus
2919 3018 3107 3057 eorum
3139 3003 3331 3058 salutis
3362 2984 3748 3073 quamperdi-

2169 3095 2330 3151 tionis
2360 3110 2523 3150 causa
2575 3094 2769 3150 fecisse
2798 3097 3095 3150 creduntur
3130 3094 3552 3158 attendentibus,
3590 3093 3748 3163 quia,

2159 3188 2313 3259 juxta
2343 3186 2653 3257 evangelica
2684 3182 2867 3251 verba,
2920 3186 3102 3239 melius
3136 3195 3212 3239 est
3256 3186 3326 3239 ad
3356 3187 3511 3239 vitam
3538 3184 3750 3254 ingredi

2164 3278 2386 3333 debilem
2409 3278 2482 3332 rel
2505 3277 2778 3344 claudum,
2798 3294 2952 3348 quam
2975 3277 3107 3331 duas
3127 3293 3316 3332 manus
3341 3278 3415 3331 uel
3433 3277 3565 3331 duos
3582 3277 3752 3344 pedes

2165 3372 2436 3427 habentem
2465 3371 2602 3425 mitti
2637 3356 2691 3425 in
2726 3371 2896 3441 ignem
2924 3382 3175 3426 (elei-nunt
3209 3370 3423 3438 (Matth.
3450 3384 3630 3441 mw).
3687 3369 3750 3425 Si

2165 3478 2294 3532 ergo
2327 3463 2453 3518 talia
2487 3462 2644 3516 unius
2670 3461 2901 3516 forsitan
2947 3462 3182 3515 hominis
3211 3461 3428 3514 utilitati
3450 3462 3753 3518 consulens

2165 3555 2329 3611 homo
2360 3555 2508 3608 novit
2535 3568 2719 3624 agere,
2745 3568 2910 3620 quare
2959 3553 3120 3606 etiam
3164 3567 3277 3605 non
3313 3567 3397 3607 me
3424 3553 3476 3605 in
3529 3554 3755 3611 homine

2166 3646 2364 3715 primo,
2395 3628 2659 3711 sapientia
2709 3641 3017 3695 omnimoda
3045 3656 3075 3693 a
3119 3655 3205 3694 me
3233 3641 3439 3695 imbuto
3464 3650 3519 3696 et
3544 3643 3615 3697 ob
3641 3644 3754 3702 hoc

2169 3737 2235 3789 ad
2265 3722 2642 3789 inohedientim
2662 3732 3139 3802 prmsutuptioncm
3167 3743 3357 3789 contra
3399 3748 3483 3787 me
3511 3732 3749 3798 elevato.

2171 3823 2337 3878 totius
2383 3821 2602 3875 humani
2636 3821 2854 3892 generis
2900 3820 3127 3875 salutem
3159 3822 3479 3892 portendere
3514 3825 3755 3884 arbitra.

2168 3914 2328 3979 mini,
2360 3914 2486 3968 dum
2514 3910 2631 3980 ejus
2655 3912 2930 3996 dignitatis
2972 3921 3177 3983 partem
3207 3915 3498 3984 quamdam
3546 3915 3603 3977 in
3634 3916 3755 3985 ipso

2171 4020 2293 4058 mox
2316 3996 2470 4059 initio
2495 4002 3035 4075 elationistantopere
3060 4006 3481 4061 abscindendum
3505 4008 3757 4064 decrevi?

2172 4093 2242 4150 Ut
2267 4096 2411 4150 enim
2445 4095 2680 4151 hominis
2730 4105 2816 4150 est
2855 4094 3050 4151 delicta
3106 4096 3442 4167 solummodo
3468 4099 3752 4166 praeterita

2171 4188 2385 4258 punire,
2406 4189 2486 4243 sic
2518 4188 2608 4242 Dei
2636 4174 3018 4258 omnipotentis
3042 4180 3128 4243 est
3158 4187 3357 4261 futura,
3401 4204 3470 4245 ne
3497 4189 3756 4247 eveniant

494 4283 727 4336 namque
755 4275 876 4337 post
909 4266 1141 4336 lapsum;
1181 4280 1283 4320 nec
1328 4264 1508 4329 venia,
1550 4278 1650 4318 nec
1686 4263 1809 4317 boni
1842 4262 2069 4332 eligendi
2106 4302 2152 4360 Β
2180 4281 2339 4347 mala,
2371 4282 2659 4339 occasione
2692 4282 3001 4353 σωτήρων
3033 4296 3359 4350 primum.

490 4358 727 4412 facultas
757 4358 862 4411 ulla
913 4358 1099 4412 relicta
1141 4366 1244 4411 est.
1308 4355 1473 4411 Vobis
1510 4365 1692 4411 autem
1743 4370 1849 4408 non
1900 4354 2073 4409 solum

495 4449 615 4505 hinc
651 4448 878 4518 reliqui;
905 4449 999 4503 sed
1013 4460 1097 4514 et,
1131 4458 1188 4501 ut
1234 4464 1326 4503 vos
1352 4450 1420 4505 de
1459 4449 1686 4505 terrenis
1712 4449 1783 4503 ad
1810 4448 2074 4514 coelestia,

496 4542 641 4596 unde
680 4541 842 4595 iidem
890 4539 1108 4609 maligni
1154 4540 1329 4611 angeli
1370 4542 1577 4612 depulsi
1630 4551 1778 4608 sunt,
1825 4532 2081 4597 transier-

496 4649 638 4698 rem,
680 4628 1031 4689 humanitatis
1059 4642 1251 4689 vestrae
1277 4649 1499 4689 carnem
1532 4638 1824 4707 assumpsi.
1864 4638 1929 4693 ‘ln
1972 4654 2075 4708 qua

493 4726 690 4788 etiam,
718 4734 778 4779 ut
800 4726 1142 4780 ostenderem
1185 4735 1387 4795 quanta
1428 4726 1558 4780 mihi
1580 4728 1875 4784 ‘ohcdicnta
1912 4730 2077 4785 debe-

502 4822 591 4867 ret
630 4815 792 4867 homo
847 4814 1495 4882 subdi,'ego‘homiuihus
1537 4812 1850 4871 Omnimodo
1900 4818 2084 4889 subje-

496 4913 626 4960 ctus
649 4903 893 4974 exempla
931 4904 1155 4974 praebui.
1189 4902 1315 4958 Scio
1339 4906 1570 4975 denique
1605 4908 1730 4976 quia
1761 4910 1968 4963 cunctis
1989 4910 2084 4964 ho-

501 4993 741 5050 minibus
769 5004 911 5049 esset
954 4995 1266 5051 incredibile
1292 4999 1425 5067 quid
1461 5000 1620 5054 homo
1670 5002 1893 5058 deberet
1950 5003 2081 5070 Deo,

501 5086 615 5141 nisi
664 5085 777 5154 ipse
817 5084 906 5139 tali
953 5078 1235 5154 probarem
1283 5089 1551 5159 exemplo.
1599 5088 1835 5147 Proinde
1867 5093 1910 5147 si
1952 5094 2083 5165 quid

500 5189 608 5235 vos
633 5187 844 5233 moveat
871 5180 1011 5247 quod
1036 5195 1101 5234 ex
1126 5189 1232 5234 tam
1258 5180 1428 5251 fragili
1473 5198 1646 5238 massa
1677 5186 1828 5255 origo
1852 5188 2081 5242 humana

502 5271 789 5340 procedat,
822 5270 1158 5325 considerate
1197 5272 1248 5326 in
1285 5272 1475 5340 primis
1505 5275 1605 5328 hoc
1639 5277 1799 5331 modo
1832 5294 1955 5334 esse
1977 5296 2080 5350 pu-

506 5362 681 5417 stitam
715 5363 1031 5434 protoplasti
1088 5364 1540 5434 inobedientiam;
1585 5368 1711 5423 dum
1753 5373 1897 5427 enim
1956 5391 2087 5446 prte-

2249 4372 2376 4428 lizec
2425 4371 2610 4443 igitur,
2641 4372 2963 4437 omortales,
2998 4372 3062 4427 de
3109 4372 3359 4445 originali
3390 4372 3596 4427 macula
3615 4387 3755 4442 per»

2178 4473 2386 4530 santes,
2419 4464 2621 4529 sentite,
2652 4472 2713 4518 ut
2742 4464 2999 4533 scriptum
3030 4474 3135 4529 est,
3157 4463 3222 4518 de
3264 4463 3487 4519 Domino
3515 4468 3570 4518 in
3607 4464 3759 4520 boni-

2180 4566 2284 4611 tate
2310 4554 2466 4628 (Sap.
2490 4558 2558 4623 ι).
2614 4554 2994 4610 liceordamini
3038 4570 3251 4623 quoque
3273 4554 3416 4625 quod
3472 4553 3759 4611 Psaluiista

2181 4646 2326 4702 dicat
2362 4664 2373 4698 :
2419 4646 2693 4712 Quomodo
2725 4646 3000 4699 miseretur
3026 4656 3175 4714 pater
3208 4644 3474 4713 ﬁliorum,
3516 4648 3760 4699 misertu

2182 4746 2257 4790 est
2293 4737 2547 4790 Dominus
2575 4736 2873 4789 timentibus
2898 4751 2972 4800 se,
3005 4736 3251 4806 quoniam
3301 4737 3408 4804 ipse
3437 4734 3761 4805 cognouit/i-

2182 4832 2449 4900 gniculum
2474 4812 2881 4898 nostrum(Psal.
2909 4825 3031 4896 cu);
3063 4836 3117 4881 et
3144 4826 3336 4881 iterum
3371 4845 3383 4881 :
3420 4826 3622 4883 Fidelis
3650 4827 3760 4882 Do-

2180 4908 2362 4973 minus
2388 4920 2441 4973 in
2467 4919 2904 4974 omnibus‘t‘erbis
2933 4919 3040 4972 suis
3064 4916 3237 4989 (Psal.
3276 4921 3478 4989 cum).
3526 4976 3530 4985 ,
3560 4902 3563 4905 Α

2258 5004 2326 5064 Et
2352 5017 2408 5065 ut
2440 5024 2599 5064 nemo
2626 5010 2932 5079 suspicetur
2959 5026 2992 5080 q
3017 5011 3082 5064 tia
3112 5026 3211 5080 pro
3239 5012 3763 5085 ετίιιιθῧιλεο-διίίιυιι

2185 5100 2460 5167 diabolum
2489 5101 2824 5169 permiserim
2868 5102 2920 5154 in
2954 5101 3136 5155 multis
3183 5102 3474 5166 dominari,
3503 5103 3764 5159 attendite

2190 5193 2333 5264 quod
2380 5193 2446 5247 ad
2499 5190 2601 5247 Joh
2629 5207 2714 5247 me
2747 5174 2946 5248 dixisse
3002 5193 3263 5261 scriptum
3288 5201 3410 5247 cSt:
3456 5189 3580 5248 Non
3606 5193 3766 5264 quasi

2192 5286 2418 5345 crudelis
2443 5286 2705 5341 suscitabo
2735 5303 2854 5341 eum
2900 5284 3022 5355 (Job
3051 5284 3183 5355 xu),
3209 5282 3549 5353 subintellige
3567 5284 3764 5339 diabov

2192 5378 2324 5434 ium.
2351 5378 2496 5434 later
2520 5379 2636 5433 haec
2666 5378 2828 5432 etiam
2876 5376 3009 5430 libet
3034 5388 3334 5429 memorare
3359 5374 3482 5444 quia
3511 5374 3577 5430 de
3622 5374 3767 5442 judi-
