3998 5450
257 318 326 405 ιτὶ
942 416 951 425 θ
1188 304 1490 419 animo.
1529 339 1618 396 DE
1653 337 1908 395 TRIBUS
1948 330 2525 408 ouesrloxusus.’
3470 339 3538 394 70

255 456 320 495 ει
362 440 469 494 hoc
502 437 739 492 maxime
785 436 1014 507 probare
1067 435 1293 506 potestis
1321 434 1469 504 quia,
1524 448 1647 487 cum
1676 431 1845 501 pluri-
1879 453 1920 508 Α
1951 437 2283 506 raudamquc
2312 437 2746 505 promissionem.
2790 426 3305 504 Sicquc'ronfercns
3331 444 3381 489 cl
3412 452 3537 506 per-

258 545 398 594 mos,
428 538 490 583 ut
518 539 573 583 ct
597 528 697 600 ipsi
720 528 1012 598 perpessis,
1040 535 1095 581 et
1116 525 1206 580 alii
1233 525 1436 579 auditis
1467 523 1691 595 ﬂagellis
1718 539 1849 578 cou-

255 630 561 684 vertantur,
605 618 866 690 al'ﬂigam,
902 616 1255 671 nihilominus
1282 624 1461 669 tamen
1500 616 1552 669 in
1606 612 1847 684 nequitia

253 729 349 770 sua
377 721 760 783 perseverant.
814 711 969 778 Quod
1008 710 1051 765 si
1082 710 1272 764 eadem
1312 707 1642 777 imliciorum
1701 694 1853 759 meo-1

253 818 371 859 rum
426 803 728 859 austeritas
773 802 989 874 penitus
1044 810 1308 864 cessaret,
1357 809 1585 870 quanta,
1622 797 1849 868 putatis,

251 897 614 968 praesumptio
662 906 1007 968 quantusque
1064 895 1360 950 exitiabilis
1402 892 1685 948 conﬂictus
1713 892 1854 945 inter

254 987 509 1042 homines
535 988 805 1043 saeviret?
834 986 947 1042 Hoc
986 995 1167 1040 autem
1196 986 1435 1039 habeant
1467 991 1848 1055 argumentum

252 1079 342 1148 qui
370 1078 709 1134 districtioni
735 1093 867 1133 mea:
896 1078 1157 1149 derogare
1188 1085 1477 1131 conantur.

889 1187 1115 1244 CAPUT
1145 1187 1231 1242 Vl.

252 1279 442 1336 Divina
463 1274 636 1352 pietas
661 1290 711 1335 et
739 1281 985 1352 severitas
1025 1289 1145 1352 sunt
1189 1278 1295 1332 duo
1338 1248 1468 1332 retia
1496 1276 1684 1352 quibus
1717 1273 1854 1329 Deus

542 1352 828 1405 salvandos
852 1351 920 1403 ad
946 1367 1000 1404 se
1026 1351 1236 1427 trahere
1265 1351 1548 1402 consuevit.

278 1448 281 1457 '
323 1434 653 1509 Huiusmodi
700 1441 866 1512 igitur
923 1440 1088 1504 dicta,
1138 1447 1415 1507 utcunque
1461 1438 1694 1509 prolata,
1733 1436 1857 1492 ideo

251 1543 507 1598 persona!
527 1528 732 1585 divina:
755 1530 947 1585 rationi
964 1529 1311 1585 assimilanda
1333 1530 1519 1595 statui,
1548 1529 1673 1598 quia
1697 1542 1859 1598 super

258 1621 342 1675 bis
374 1619 621 1690 plurima
649 1620 1025 1693 imperitorum
1076 1621 1254 1685 turba,
1289 1620 1673 1691 indignatione
1715 1634 1858 1675 nunc

256 1713 448 1778 tacita,
493 1728 643 1769 nunc
685 1713 854 1770 etiam
903 1713 1115 1783 prolata
1166 1728 1289 1768 eum
1350 1713 1601 1768 incusare
1652 1712 1855 1767 studet.

1954 527 2187 582 misceas
2216 537 2444 597 utraque
2477 528 2670 582 timere
2697 524 2858 581 simul
2891 535 2945 583 ct
2975 543 3196 597 sperare
3225 527 3277 582 iu
3310 528 3541 585 Domino

1952 614 2184 673 duceris.

1962 710 1969 715 ’
2026 709 2227 763 Deinde
2255 708 2607 764 considerans
2634 708 2852 773 famem,
2878 725 3038 781 quam
3069 710 3311 780 praedixit
3343 709 3540 780 Ioseph

1956 801 2008 855 in
2040 799 2297 870 Afgypto,
2331 815 2753 870 pressuramque
2786 802 3017 855 ﬁliorum
3061 801 3223 857 Israel
3269 805 3337 856 ab
3374 802 3545 876 {Egy-

1955 893 2081 962 pliis
2110 891 2333 959 illatam,
2364 907 2463 946 nec
2502 908 2605 945 non
2648 893 2833 962 plagas
2870 889 3249 965 Egypliorum
3277 904 3330 949 et
3352 906 3540 950 eorum

1957 982 2350 1036 demersionem
2401 983 2452 1036 iu
2486 984 2623 1037 mari
2681 984 2863 1038 Rubro
2915 984 3136 1051 factam,
3191 986 3308 1041 lucc
3359 989 3542 1041 omnia

1955 1074 2212 1145 polentia:
2242 1074 2437 1129 divina:
2485 1076 2637 1146 signa
2677 1075 2792 1130 fore
2839 1075 3010 1141 St'ilo;
3056 1068 3353 1133 attestanle
3396 1076 3544 1133 Seri-

1957 1175 2140 1236 ptura,
2169 1180 2289 1235 qua:
2317 1166 2482 1220 Deum
2511 1174 2694 1219 narrat
2722 1166 2787 1219 ad
2818 1165 3156 1220 Pharaonem
3181 1167 3384 1222 dixisse
3416 1168 3542 1237 quia

1959 1256 2030 1309 ad
2072 1257 2169 1309 hoc
2204 1257 2373 1327 ipsum
2412 1255 2634 1309 excitavi
2659 1266 2725 1317 te,
2760 1266 2815 1309 ut
2855 1257 3123 1310 ostendant
3155 1258 3206 1311 in
3233 1267 3281 1314 te
3303 1259 3546 1312 virtutem

1959 1362 2147 1409 meum,
2170 1340 2217 1399 et
2257 1338 2599 1400 anuuntt’etur
2623 1363 2808 1401 nomen
2840 1344 3008 1400 meum
3046 1346 3099 1400 in
3142 1347 3381 1402 universa
3404 1359 3548 1402 terra

1960 1435 2158 1510 (Exod.
2189 1454 2275 1502 Ix;
2306 1436 2457 1491 lieni.
2490 1439 2591 1508 Ix).
2626 1437 2777 1493 Licet
2803 1438 2946 1493 enim
2979 1438 3046 1491 de
3070 1432 3389 1508 quibusdam
3431 1438 3551 1495 haec

1961 1528 2056 1584 Dei
2090 1530 2252 1583 verba
2296 1526 2598 1594 taceantur,
2625 1528 2898 1583 credenda
2930 1541 3057 1583 Sunt
3099 1538 3300 1598 tamen.
3341 1528 3552 1595 Quibus

1959 1623 2217 1692 polentia:
2268 1631 2321 1677 et
2356 1621 2545 1690 indicii
2598 1622 2771 1690 signis
2814 1622 2857 1675 si
2910 1637 3032 1675 mox
3085 1620 3336 1676 conferas
3385 1619 3551 1674 tritici

1961 1713 2194 1780 copiam,
2222 1726 2342 1782 quae
2366 1710 2506 1765 facta
2533 1721 2618 1765 est
2646 1720 2771 1767 ante
2803 1709 2997 1766 famem
3025 1712 3362 1781 prtediclam,
3381 1709 3554 1764 Israe-

255 1799 392 1857 Sunt
417 1811 695 1873 praeterea
716 1801 823 1856 alia
849 1802 1264 1857 innumerabilia
1293 1811 1402 1856 tam
1428 1801 1783 1858 districtionis
1802 1809 1856 1857 et
1891 1829 1933 1887 η
1963 1804 2093 1859 litici
2124 1804 2303 1875 populi
2341 1802 2699 1874 ereptionem,
2730 1802 3204 1871 Ninivitarumque
3234 1803 3554 1858 conversio-

254 1893 519 1961 potentia:
548 1908 714 1963 quam
746 1895 934 1963 gratia:
953 1892 1071 1961 eius
1107 1894 1327 1959 indicia,
1353 1909 1583 1965 quorum
1607 1895 1854 1965 qumdam

257 1985 307 2037 in
346 1999 530 2040 sacra:
569 1984 871 2053 Scriptura:
906 1984 1084 2050 libris,
1124 1986 1372 2056 quaedam
1421 1986 1475 2039 in
1525 1985 1858 2056 quotidianis

257 2073 619 2128 inveniuntur
642 2073 1055 2145 experimentis.
1094 2075 1173 2129 Ex
1208 2079 1440 2145 quorum
1474 2075 1717 2130 omnium
1747 2072 1859 2129 col-

256 2161 461 2219 latione
488 2163 838 2235 aliquatenus
867 2165 1059 2235 inspici
1100 2165 1241 2221 valct
1277 2167 1426 2236 quia,
1465 2165 1618 2236 quasi
1643 2166 1861 2235 quibus-

256 2252 383 2307 dam
430 2254 674 2319 retibus,
714 2267 811 2308 eos
870 2269 1009 2325 quos
1056 2254 1199 2309 Deus
1249 2254 1539 2309 salvandos
1579 2268 1703 2309 esse
1725 2269 1864 2324 pra:-

255 2343 435 2408 videt,
472 2346 542 2399 ad
578 2358 641 2399 sc
689 2345 910 2400 trahere
945 2344 1107 2401 solet.
1178 2343 1333 2400 Unde
1376 2353 1432 2398 et
1457 2345 1511 2400 in
1570 2344 1863 2414 Erangelio

257 2444 398 2486 voce
448 2432 665 2488 Domini
696 2436 869 2489 nostri
905 2435 1149 2490 dicitur:
1191 2433 1362 2489 Nemo
1408 2444 1577 2505 potest
1602 2436 1773 2490 renire
1794 2434 1864 2487 ad

258 2538 359 2588 με,
406 2522 517 2579 nisi
552 2522 718 2577 Pater
739 2539 884 2579 meus
909 2524 1129 2579 traxerit
1168 2540 1286 2579 eum
1312 2524 1493 2596 (Joan.
1527 2524 1627 2594 vr).
1658 2522 1716 2579 Si
1737 2538 1867 2594 ergo

261 2614 470 2684 quatis
502 2618 778 2685 quomodo
812 2616 879 2671 ad
909 2616 1141 2672 salutem
1167 2616 1427 2681 traharis,
1453 2615 1688 2678 intuere,
1709 2614 1865 2684 iuxta

261 2705 626 2776 Apostolum,
698 2707 957 2778 pietatem
1016 2706 1181 2762 simul
1244 2714 1302 2762 et
1343 2705 1696 2762 severitatem
1770 2703 1867 2760 Dei

261 2809 472 2866 easque
507 2794 698 2866 procul
745 2796 911 2852 dubio
954 2797 1093 2852 retia
1128 2796 1322 2853 salutis
1377 2806 1482 2852 tua:
1532 2811 1656 2852 esse
1699 2795 1864 2851 seito.

262 2882 465 2940 Namsi
492 2884 835 2943 solummodo
856 2886 1205 2943 severitatem
1233 2887 1328 2943 Dei
1356 2887 1676 2953 attenderis,
1705 2886 1779 2941 nil
1801 2887 1869 2940 ab

264 2988 332 3030 eo
358 2975 574 3045 praemii
598 2991 700 3047 pro
726 2976 914 3032 labore
934 2988 1023 3033 tuo
1049 2991 1280 3047 sperans
1300 2986 1679 3049 accepturum.
1710 2977 1867 3048 pavi-

265 3063 395 3131 dus,
427 3065 584 3121 velut
610 3081 643 3121 a
671 3065 813 3123 facie
840 3068 981 3139 ignis
1026 3082 1179 3135 cera,
1210 3067 1488 3138 liquescis.
1529 3068 1588 3124 Si
1629 3083 1763 3124 vero
1800 3069 1868 3124 de

1963 1909 2111 1960 nem,
2150 1884 2517 1950 necessariam
2549 1894 2743 1948 iterum
2777 1892 2916 1949 facis
2943 1894 3311 1959 collationem,
3345 1909 3465 1963 qua:
3502 1904 3555 1947 te

1961 1986 2119 2041 docet
2143 1982 2334 2041 timere
2357 1985 2563 2057 pariter
2593 1993 2648 2040 et
2670 2000 2894 2056 sperare
2917 1986 2968 2040 in
2998 1987 3245 2040 Domino.
3328 2058 3331 2059 ν

2031 2076 2232 2131 lterum
2257 2076 2300 2132 si
2330 2076 2578 2131 attendas
2608 2076 2749 2131 Esau
2798 2084 2853 2130 et
2894 2076 3076 2131 Saulis
3113 2077 3255 2148 regis
3294 2076 3557 2147 abiectio-

1961 2180 2109 2230 nem,
2137 2166 2299 2232 Core,
2348 2166 2558 2220 Datban
2599 2175 2654 2221 et
2692 2167 2923 2232 Abiron,
2954 2166 3263 2222 llolul‘ernis
3301 2178 3357 2222 et
3383 2168 3553 2221 Aman

1963 2256 2137 2312 hostis
2162 2256 2471 2311 Judzeorum
2516 2257 2819 2312 mirabilem
2861 2256 3306 2321 cxstinct‘ionem.
3331 2266 3387 2313 et
3419 2273 3556 2328 gen-

1966 2351 2098 2404 tium
2149 2348 2381 2411 illarum,
2413 2363 2549 2419 quas
2585 2349 2680 2402 hlii
2727 2349 2891 2404 Israel
2925 2348 3262 2414 deleverunt,
3310 2350 3554 2404 interne-

1965 2441 2198 2505 cionem,
2237 2448 2291 2494 ct
2319 2440 2435 2495 haec
2481 2439 2663 2494 omnia
2711 2440 2908 2494 divinae
2954 2449 3166 2494 tantum
3196 2440 3557 2495 districtionis

1959 2530 2165 2602 iudicia
2195 2545 2314 2586 esse
2342 2530 2595 2595 credens,
2640 2545 2763 2584 mox
2793 2529 3021 2586 adhibes
3043 2529 3145 2583 Job
3184 2540 3239 2585 et
3267 2528 3395 2584 Elite
3426 2544 3555 2584 san-

1967 2623 2233 2688 ctitatem,
2262 2621 2432 2677 David
2461 2622 2608 2690 regis
2639 2622 2980 2687 electionem,
3011 2619 3232 2694 Moysis,
3278 2629 3335 2677 et
3371 2621 3556 2676 Aaron

1966 2723 2023 2770 et
2050 2713 2211 2769 Josue
2238 2715 2577 2786 dignitatem.
2608 2714 2839 2770 ﬁliorum
2874 2714 3041 2769 Israel
3084 2716 3135 2769 in
3181 2724 3387 2769 terram
3426 2727 3557 2784 pro-

1969 2807 2242 2863 missionis
2267 2807 2744 2872 introductionem,
2771 2806 2910 2872 Aod,
2947 2806 3167 2864 cheon
3214 2815 3271 2861 et
3299 2804 3559 2866 Samson.

1967 2896 2152 2954 Judith
2174 2913 2389 2971 quoque
2404 2897 2709 2963 victoriam,
2738 2897 2934 2952 Esther
2949 2898 3146 2969 regina:
3161 2888 3354 2953 contra
3378 2896 3563 2952 hostes

1968 2989 2278 3047 Iudaeorum
2303 2990 2703 3053 defensionem,
2723 3004 2974 3061 magnam
3001 2987 3561 3058 nihilominusiudieii

1972 3084 2267 3156 gratimque
2296 3083 2491 3138 divinae
2532 3080 2667 3135 lacis
2695 3080 3066 3144 collationem,
3097 3094 3200 3149 qua
3244 3078 3313 3133 ad
3351 3076 3565 3133 timorls

266 3156 388 3212 sola
425 3158 634 3228 pietate
660 3156 777 3227 ejus
814 3158 889 3213 ita
944 3159 1383 3229 praesumpseris,
1438 3167 1501 3213 ut
1545 3173 1645 3229 pro
1706 3158 1864 3214 nullis

1972 3175 2285 3244 amorisque
2330 3173 2499 3227 divini
2534 3172 2850 3227 accenderis
2892 3171 3332 3233 delectationem,
3379 3170 3566 3225 dicens

265 3248 574 3305 sceleribus
590 3248 919 3320 perpetratis
950 3248 1197 3305 districts
1216 3246 1575 3317 iudicandum
1602 3260 1655 3305 te
1682 3264 1868 3306 verea-

267 3336 372 3402 ris,
406 3338 606 3393 eodem
634 3337 796 3393 modo
823 3339 1088 3393 remissus
1114 3337 1329 3393 delicis.
1353 3384 1357 3389 .

343 3427 473 3486 Hac
503 3429 671 3499 igitur
714 3437 947 3500 utraque
975 3428 1307 3485 conferenda
1342 3430 1508 3486 simul
1560 3438 1618 3484 et
1666 3430 1870 3501 ample-

276 3522 470 3576 ctenda
496 3534 622 3576 esse
648 3519 936 3578 Psalmista
954 3521 1308 3577 considerans
1335 3519 1620 3591 psallebat,
1644 3522 1868 3577 dicens:

180 3688 183 3689 ν
282 3604 702 3664 Ηὲκήοοναὶαηὶ
764 3620 814 3664 et
866 3610 1138 3681 judicium
1184 3612 1410 3665 cantabo
1466 3611 1596 3676 tibi,
1652 3611 1874 3666 Domine
1964 3624 1971 3629 ·

281 3702 453 3774 (Psal.
482 3706 561 3775 c).
592 3702 729 3759 Hinc
763 3704 965 3759 iterum
1004 3703 1137 3760 dicit
1170 3720 1185 3758 :
1232 3702 1392 3774 Virga
1446 3713 1540 3757 tua
1578 3714 1626 3757 et
1654 3703 1872 3758 baculus

281 3805 399 3850 tuus
438 3796 558 3867 ipsa
586 3810 668 3850 me
706 3794 982 3849 cumulata
1008 3802 1131 3849 sunt
1180 3793 1356 3865 (Psal.
1384 3796 1545 3863 xm).
1590 3793 1698 3848 Sed
1747 3794 1871 3863 quia
1966 3806 1975 3811 ‘

281 3903 401 3943 cum
430 3888 585 3959 virga
609 3885 895 3957 ﬂagellari,
927 3885 1120 3941 baculo
1155 3892 1336 3940 autem
1376 3884 1535 3939 inniti
1572 3892 1627 3939 et
1659 3893 1875 3938 sustcu-
1960 3890 1965 3895 ‘

283 3978 383 4032 tari
412 3976 680 4041 εοΙθιιιιιε,
712 3990 961 4048 congrue
978 3991 1073 4045 per
1096 3977 1304 4046 virgam
1334 3974 1585 4040 Domini,
1623 3975 1739 4043 eius
1784 3989 1872 4029 se-

280 4070 600 4133 veritatem;
629 4083 728 4140 per
749 4066 1001 4123 baculum
1030 4082 1160 4123 vero
1181 4068 1420 4123 divinam
1448 4068 1705 4138 pietatem
1732 4066 1875 4121 desi-

278 4163 486 4231 gnavit,
512 4176 689 4231 eaque
718 4162 1075 4232 coniungens,
1123 4169 1375 4216 neutrum
1402 4161 1522 4216 sine
1550 4160 1724 4214 altero
1772 4159 1875 4214 sibi

278 4251 533 4310 suﬂicere
570 4251 955 4318 consideravit,
989 4267 1055 4306 ac
1104 4252 1151 4308 si
1203 4260 1392 4322 aperte
1436 4252 1682 4308 diceret:
1715 4249 1877 4307 Seve-

281 4341 419 4398 ritas
440 4350 501 4398 et
527 4342 704 4414 pietas
745 4351 860 4409 tua,
891 4342 1056 4398 simul
1099 4341 1337 4408 collatae,
1364 4342 1558 4399 salutis
1599 4358 1733 4399 mem
1762 4344 1877 4398 esi-

288 4443 442 4490 stunt
468 4448 655 4491 causa.
1084 4507 1096 4518 _

823 4568 827 4575 .
884 4520 1115 4584 CAPUT
1162 4525 1272 4582 VII.

288 4619 601 4690 Aﬂ'eruutur
635 4636 703 4676 ea:
744 4618 919 4674 Veteri
937 4618 1282 4675 Testamento
1316 4618 1512 4673 divinat
1553 4610 1783 4688 pietatis,
1824 4628 1875 4672 et

784 4694 1076 4746 severitatis
1115 4690 1371 4760 exempla.

280 4824 287 4831 ο
358 4798 471 4857 Sed
506 4800 814 4870 huiusmodi
870 4800 1221 4857 collationem
1276 4802 1380 4855 hoc
1434 4800 1597 4855 modo
1635 4799 1876 4855 inlibris

292 4893 521 4962 sparsim
540 4901 811 4950 scrutare.
828 4891 1131 4949 Memorare
1156 4894 1209 4948 in
1240 4893 1430 4964 primis
1450 4891 1608 4962 primi
1634 4892 1876 4962 parentis

294 4983 717 5041 maledi'ctionem
757 4996 818 5040 et
846 4983 1030 5040 diluvii
1063 4984 1337 5055 generalis
1361 4983 1687 5039 horrendam
1720 4982 1876 5037 inun-

294 5071 579 5140 dationem,
614 5089 717 5131 nec
747 5089 859 5130 non
903 5074 1118 5131 urbium
1153 5072 1405 5131 Sodomae
1449 5082 1506 5130 et
1552 5073 1873 5129 Gomorrhae

296 5168 620 5224 tresuendam
648 5167 1085 5234 subversionem,
1115 5167 1315 5239 illaque
1343 5166 1530 5222 omnia
1552 5163 1767 5235 iudicii,
1791 5162 1877 5217 vel

298 5256 633 5284 JI-l-i-a:-_:-
901 5259 1049 5284 ΑΞ-..-
1091 5258 1206 5284 Ἀαᾳ
1234 5257 1393 5284 -..Λιιιι

1459 5257 1589 5284 nu...
1624 5255 1748 5284 ιιι-ἶ-
1781 5269 1877 5284 nulla
1952 5282 1957 5283 γ
1981 5270 1996 5284 ι

1970 3279 2091 3319 cum
2122 3262 2412 3317 Psalmista
2444 3279 2458 3317 :
2491 3261 2558 3316 In
2597 3264 2680 3316 uia
2707 3262 3127 3316 testimoniorum
3159 3271 3405 3326 tuorum,
3451 3259 3562 3314 υυη

1961 3345 2132 3418 ~mine,
2159 3355 2444 3408 delectatus
2468 3368 2604 3415 sum,
2633 3346 2766 3407 sicut
2794 3352 2847 3404 in
2880 3351 3119 3405 omnibus
3154 3350 3352 3405 divitiis
3385 3347 3562 3422 (Paul.

1964 3437 2182 3517 'cxvut).
2226 3443 2509 3512 Oransque
2535 3443 2699 3497 simul
2732 3459 2858 3498 cum
2890 3458 2956 3497 eo
2984 3461 2997 3497 :
3031 3442 3245 3512 Con/Ege
3266 3443 3453 3496 timore
3475 3452 3567 3497 tuo

1972 3552 2155 3590 carnes
2180 3552 2345 3599 meas,
2363 3552 2394 3586 a
2409 3534 2633 3603 iudiciis
2661 3535 2798 3587 enim
2829 3535 2931 3587 tuis
2961 3534 3117 3589 timui
3136 3533 3351 3603 (lbid.).

2494 3642 2497 3645 ’
2567 3641 2798 3698 CAPUT
2842 3643 2974 3697 \‘lll.

1976 3732 2041 3789 In
2080 3732 2253 3789 Ve'eri
2283 3731 2606 3788 Testamento
2639 3732 2734 3804 Dei
2767 3732 3058 3803 judicium.
3088 3732 3143 3788 iu
3179 3712 3329 3787 N‘oeo
3369 3731 3566 3804 gratia,

2045 3805 2279 3874 ejusdem
2296 3806 2458 3874 pietas
2487 3802 2700 3873 speciali
2721 3802 2950 3873 quodam
2984 3804 3139 3857 ntodo
3163 3802 3493 3874 intelligitur.

2048 3894 2174 3948 ιιωε
2201 3892 2417 3963 quidem
2441 3893 2749 3963 supradicta
2777 3892 2830 3946 in
2858 3891 3035 3947 Veteri
3067 3888 3419 3948 Testamento
3440 3905 3571 3949 con-

1979 3987 2238 4041 tinentur.
2274 3971 2331 4039 In
2370 3984 2520 4040 Novo
2570 3994 2751 4039 autem
2798 3984 2844 4039 si
2889 3984 3040 4040 Iuda:
3087 3995 3351 4055 apostatae
3383 3987 3570 4051 Simo-

1980 4077 2171 4145 nisque
2219 4074 2359 4145 Magi
2400 4074 2712 4141 interitum;
2742 4075 2857 4129 Arii
2889 4090 3107 4145 quoque
3139 4084 3571 4145 ceterorumque

1978 4168 2359 4224 haereticorum
2409 4167 2715 4238 perﬁdiam,
2770 4167 3010 4224 Judaicaa
3056 4169 3251 4238 plebis,
3307 4183 3411 4224 nec
3461 4185 3570 4223 non

1978 4260 2220 4328 gentium
2269 4258 2507 4325 illarum,
2562 4274 2684 4329 qua:
2715 4259 2892 4314 adhuc
2926 4258 3229 4328 paganismi
3273 4258 3381 4312 ritu
3427 4259 3570 4313 deti-

1979 4357 2197 4413 nentur,
2229 4349 2610 4405 inﬂdelitatem
2638 4348 2888 4404 conferas
2922 4350 2989 4402 ad
3027 4347 3257 4402 latronis
3283 4358 3338 4403 et
3374 4358 3568 4404 centu-

1979 4440 2149 4496 rionis
2175 4441 2473 4512 evangelici
2504 4440 2663 4495 ﬁdem
2691 4446 2747 4494 et
2791 4447 3105 4494 sanctorum
3138 4436 3427 4494 infantium
3472 4455 3574 4510 pro

1905 4532 2180 4597 DChristi
2218 4547 2353 4588 nece
2389 4531 2698 4588 occisorum
2742 4529 3060 4601 dignitatem
3108 4538 3164 4583 et
3206 4528 3274 4583 ad
3328 4531 3571 4601 gentium

1982 4621 2340 4692 plurimarum
2395 4621 2713 4692 religionem
2762 4634 3036 4691 magnam,
3090 4620 3336 4690 profecto
3377 4636 3442 4674 es
3489 4620 3577 4675 eis

1980 4714 2256 4784 concipies
2283 4712 2497 4769 timoris
2521 4721 2578 4766 et
2608 4711 2815 4766 amoris
2844 4712 3012 4766 divini
3036 4712 3533 4781 compunctioncm.

2053 4804 2159 4860 Sed
2188 4814 2247 4860 ut
2294 4805 2668 4861 brevissimam
2714 4803 3257 4871 eﬂieacissimamque
3303 4803 3577 4867 omnium,

1978 4910 2100 4965 quae
2156 4896 2208 4950 in
2270 4911 2428 4951 sacra
2478 4894 2759 4965 Scriptura
2811 4894 3182 4956 continentur,
3228 4890 3577 4945 collationem

1980 4986 2170 5053 facias,
2198 4988 2609 5043 Testamentum
2639 4986 2807 5042 Vetus
2833 4984 3021 5041 confer
3047 4985 3113 5039 ad
3128 4981 3365 5046 Novum,
3392 4982 3444 5035 in
3475 4980 3578 5035 Ve-

1950 5088 1955 5091 ‘
1981 5078 2082 5133 teri
2115 5078 2335 5149 quidem
2355 5076 2645 5147 iudicium,
2682 5078 2735 5131 in
2765 5074 2919 5130 Novo
2939 5083 3121 5128 autem
3150 5070 3382 5141 gratiam
3414 5069 3580 5122 tutel-

1979 5169 2172 5241 lig‘en‘s.
2200 5169 2461 5236 Quamvis
2486 5169 2634 5223 enim
2664 5168 2717 5222 in
2753 5177 2991 5235 utroque
3036 5173 3268 5228 utraque
3297 5155 3583 5210 invenian-

2005 5277 2067 5282 ν-..
2123 5260 2433 5282 ---ΙΙ-ι-.-...,
2494 5267 2673 5282 ε-...-..
2696 5264 2701 5269 “
2734 5256 3000 5280 --.ιιι-....-2
3036 5255 3252 5280 ...Ακαηιιι
3316 5245 3459 5278 ἠοιῖη
3527 5248 3538 5278 ἶ

2734 5256 3000 5280 --M-...._2
3036 5255 3252 5280 ...ηδε-ιιι.
3316 5255 3405 5278 ἐιη

2123 5267 2433 5282 ---ΙΙΑι-.-.-.ι-
2494 5267 2673 5282 σιω.-.-
