3998 5450
408 277 471 330 7'1

407 504 514 560 qua
545 485 798 557 nimirum
813 479 1096 536 collatione
1119 476 1170 528 in
1193 470 1417 526 Joannis
1436 467 1724 537 Evangelio
1739 465 1934 520 dicitur
1961 481 1974 516 :

409 557 516 634 ica:
536 595 626 645 per
649 576 860 647 Moysen
881 573 1005 626 data
1035 578 1130 632 est,
1161 566 1329 636 gratia
1357 573 1403 616 et
1439 563 1626 616 veritas
1667 576 1760 629 per
1797 557 1977 611 Jesum

402 649 672 724 Christum
701 667 840 736 facta
876 672 947 716 est
977 661 1156 731 (Joan.
1184 658 1244 726 ι).
1287 654 1420 709 Cum
1471 652 1634 722 igitur
1675 649 1830 704 audis
1859 663 1983 715 gra-

410 761 538 814 tiam
569 770 625 814 et
653 757 841 826 legem,
877 753 1011 805 scito
1058 749 1186 819 quia
1243 746 1326 800 lex
1383 743 1570 815 gratiae
1621 748 1705 796 est
1737 737 1979 808 opposita

409 850 636 919 ideoque
662 862 758 917 pro
788 843 992 914 judicio
1020 841 1215 912 posita.

480 939 615 992 llinc
657 945 711 991 et
739 932 1026 1003 Apostolus
1067 929 1197 983 dicit
1218 945 1238 981 ':
1274 924 1554 980 Peccatum
1599 924 1652 977 in
1688 922 1830 976 vobis
1879 937 1981 974 non

406 1029 794 1091 dominabitur;
826 1040 930 1079 non
961 1024 1095 1078 enim
1137 1021 1262 1076 estis
1300 1020 1392 1073 sub
1425 1018 1553 1087 lege,
1579 1016 1669 1070 sed
1697 1014 1791 1068 sub
1812 1011 1983 1082 gratia

413 1121 588 1188 (Rom.
620 1117 864 1186 \‘I).llinr
894 1123 948 1168 et
974 1112 1223 1168 Ezechiel
1254 1111 1512 1180 propheta
1528 1123 1596 1162 ex
1626 1105 1833 1160 Domini
1865 1118 1986 1173 per-

410 1229 539 1266 sona
568 1210 736 1264 dicit:
773 1207 918 1260 Dab;
944 1206 1017 1258 eis
1047 1212 1300 1274 pramepta
1339 1217 1440 1254 non
1489 1199 1655 1261 bona;
1698 1207 1743 1249 et
1778 1194 1985 1264 judicia

406 1322 545 1367 mea,
571 1320 673 1356 non
699 1303 752 1354 iu
785 1301 972 1368 quibus
995 1298 1154 1352 virent
1187 1293 1402 1364 (Ezech.
1436 1292 1552 1360 xx),
1574 1291 1708 1361 legis
1732 1288 1986 1343 videlicet

409 1406 674 1468 praecepta
704 1393 888 1447 volens
936 1389 1182 1458 intelligi,
1230 1402 1349 1456 quae
1397 1386 1646 1454 quamvis
1697 1391 1883 1437 sancta
1931 1389 1986 1433 et

411 1489 723 1544 mandatum
777 1493 1021 1560 sanctum
1073 1491 1127 1534 el
1177 1479 1376 1534 bonum
1407 1518 1423 1542 ,
1474 1477 1526 1529 in
1583 1472 1986 1542 comparatione

413 1591 590 1634 tmnen
636 1577 822 1648 gratiae
880 1591 982 1628 non
1033 1573 1191 1635 born,
1244 1576 1535 1624 attestante
1583 1563 1860 1636 Apostolo,
1893 1561 1984 1630 qui

413 1673 546 1740 legis
586 1681 640 1724 et
671 1670 854 1740 gratia:
885 1667 1109 1737 gloriam
1153 1662 1446 1718 conferens
1498 1660 1664 1714 dicit:
1708 1657 1846 1710 Nam
1896 1671 1986 1707 nec

1400 260 1699 319 OTilLONl
1738 259 2045 316 MONACIII
2087 259 2144 314 S.
2185 259 2605 314 EMMERAMMI
2679 314 2699 324 _.

406 394 685 452 etonerati
722 389 866 452 estis,
909 395 956 441 ct
988 400 1081 456 ego
1119 381 1349 450 reﬁciant
1391 395 1478 431 vos
1528 375 1742 446 (Matth.
1773 373 1874 445 ιιι).
1902 373 1977 426 De
2004 374 2051 432 Δ
2081 371 2223 425 diam
2247 381 2302 426 et
2342 373 2688 441 multiplicem
2732 373 2784 426 in
2814 376 3190 431 venationibus
3216 381 3436 442 solertia

3597 268 3663 324 73'

3547 393 3663 437 cat-

2082 469 2258 515 tarum
2286 462 2428 516 circa
2460 478 2641 517 mures
2672 464 2960 532 capiendos
3003 470 3281 538 peritiam...
3315 475 3425 529 vari
3536 477 3663 532 ani-

2082 552 2298 607 malium
2335 561 2391 606 et
2413 553 2705 607 bestiarum
2733 555 3010 622 utilitates,
3040 559 3250 616 dulcem
3277 561 3453 616 mellis
3484 563 3662 633 liquo-

2082 642 2705 710 rem,incomparahilem
2731 645 2836 698 vini
2861 662 3130 715 saporem,
3147 650 3359 721 aliaque
3377 657 3658 721 potionum

2082 732 2449 788 coniectorum
2506 751 2725 803 genera,
2783 739 2972 793 miram
3027 755 3328 797 aromatum
3384 749 3657 803 variorum

2083 822 2462 894 fragrantiam,
2494 825 2608 878 auri
2664 835 2719 880 et
2761 829 2966 898 argenti
3005 845 3446 903 gemmarumque
3499 836 3664 891 deco-

2084 923 2537 984 rem,c:rteraqne
2563 917 2755 970 metalli
2780 920 3147 988 supplementa
3172 927 3661 992 necessaria,stru—

2080 1017 2251 1060 eturie
2281 1007 2501 1076 lapidem
2539 1009 2868 1063 Inunimenta
2899 1012 3108 1080 aliaque
3131 1016 3388 1084 perplura
3430 1029 3670 1078 terreras

2086 1098 2358 1152 felicitatis
2385 1103 2687 1153 commoda.
2735 1101 2930 1170 Sicque
2956 1119 3023 1157 ex
3066 1107 3328 1176 utrisque,
3370 1111 3659 1169 collatione

2089 1190 2248 1253 facta,
2283 1190 2580 1260 intelligere
2625 1201 2777 1261 potes
2815 1194 2940 1262 quid
2982 1197 3262 1262 severitas,
3308 1201 3544 1270 quidq-Ie
3589 1204 3662 1259 sit

2087 1287 2258 1357 pietas
2283 1285 2484 1340 divina.

2159 1379 2377 1447 Agenda
2423 1388 2509 1432 est
2537 1378 2701 1432 etiam
2741 1379 3026 1448 unicuique
3074 1381 3288 1435 collatio
3324 1383 3464 1436 inter
3506 1399 3564 1439 se
3603 1393 3662 1439 et

2088 1470 2350 1540 quoslibet
2378 1469 2534 1534 alios,
2559 1469 2885 1523 attende-udo
2911 1469 3374 1540 videlicetjngiter
3393 1484 3658 1542 quantum

2089 1562 2382 1632 spiritualis
2412 1577 2504 1615 seu
2555 1562 2850 1630 corporalis
2898 1563 3083 1631 gratia:
3114 1567 3319 1628 minus,
3353 1565 3434 1619 vel
3487 1567 3664 1636 majus

2094 1657 2220 1720 illis,
2248 1673 2276 1710 a
2312 1656 2536 1708 Domino
2567 1657 2857 1725 acceperit.
2891 1656 3076 1710 Nullus
3115 1659 3258 1712 enim
3302 1661 3665 1730 semetipsum

409 1762 759 1832 ςιίονὶβείιιηηι
793 1769 864 1813 εει
897 1759 1033 1829 quod
1064 1757 1249 1810 «Ἰαΐαῐῑ
1281 1763 1487 1824 propter
1509 1749 1842 1806 excellentem
1879 1746 1987 1815 910·
2023 1729 2062 1784 Β
2095 1753 2226 1806 satis
2254 1749 2433 1804 metiri
2484 1749 2761 1818 praevalet,
2815 1749 2919 1803 nisi
2972 1751 3202 1804 alterum
3255 1729 3584 1818 consideret,
3611 1761 3670 1806 et

411 1857 548 1920 riam
580 1853 664 1924 (II
699 1853 819 1906 Cor.
850 1853 953 1920 In).
981 1848 1170 1903 Omnis
1198 1847 1340 1899 cnim
1373 1844 1562 1913 gloria,
1593 1852 1649 1896 et
1691 1839 1906 1897 bonitas
1933 1847 1987 1889 et

413 1946 583 1999 virtus
615 1944 668 1996 in
717 1941 1115 2012 comparatione
1157 1935 1375 2004 majoris
1403 1934 1579 1986 minus
1615 1930 1803 1984 claret.
1837 1925 1988 1981 Unde

413 2036 576 2088 etiam
616 2035 666 2087 in
701 2031 1103 2100 comparatione
1130 2028 1226 2080 Dei
1263 2041 1423 2080 nemo
1451 2025 1646 2082 bonus.
1675 2020 1818 2074 sicut
1850 2016 1986 2070 scri-

412 2137 562 2198 ptum
590 2138 674 2182 est
702 2144 713 2179 :
745 2122 911 2176 Nemo
942 2123 1124 2181 bonus,
1151 2119 1249 2171 nisi
1276 2115 1416 2170 solus
1449 2114 1586 2167 Deus
1633 2109 1783 2179 (Luc.
1811 2105 1988 2175 XVIII).

415 2196 577 2273 Multa
607 2232 819 2286 quoque
843 2214 928 2268 his
956 2211 1152 2267 similia
1200 2206 1425 2262 inveniri
1459 2210 1683 2273 possunt
1723 2199 1788 2253 de
1823 2196 1990 2251 colla-

413 2312 563 2368 tione
590 2307 800 2364 Veleris
828 2304 1069 2373 Novique
1099 2295 1453 2355 Testamenti.
1481 2293 1610 2360 Qum
1640 2291 1683 2344 si
1709 2288 1992 2356 diligenter

406 2405 483 2458 :ad
515 2418 579 2458 se
618 2401 844 2455 invicem
892 2396 1266 2458 conferantur,
1296 2405 1455 2461 quam
1490 2382 1882 2442 inrcstimabilis
1923 2379 1994 2434 sit

413 2491 587 2559 gratia
617 2490 712 2546 Dei
734 2489 878 2544 circa
908 2487 1154 2542 homines
1173 2483 1566 2538 consideratur.

1027 2590 1257 2649 CAPUT
1295 2588 1388 2643 IX.

525 2689 834 2760 quotidiana
857 2685 1014 2760 etiam
1042 2684 1148 2735 vita
1166 2678 1460 2760 ostenditur
1495 2673 1628 2760 miri:
1653 2669 1842 2749 diuina:
1863 2681 1999 2760 sepe.

489 2737 999 2828 riiuiisﬂpietutisque
1056 2748 1386 2820 conjunctio,
1434 2761 1537 2816 qua
1591 2739 1816 2794 hominis
1853 2737 1996 2791 salus

488 2829 741 2883 consistit.

486 2943 588 2997 His
614 2941 776 3011 igitur
801 2938 866 2992 de
897 2934 1178 3004 Scriptura
1204 2928 1519 3002 pr:elibatis,
1557 2926 1687 2980 libet
1715 2924 1875 2979 etiam
1898 2920 1998 2975 ali-

2093 1842 2146 1896 in
2174 1843 2291 1911 ejus
2318 1842 2577 1912 qualitate
2607 1842 2782 1895 discat
2813 1841 2940 1910 quid
2995 1843 3073 1896 vel
3103 1843 3205 1897 sibi
3236 1843 3406 1907 desit,
3429 1845 3518 1898 vel
3547 1861 3670 1913 qua:

2093 1935 2232 1988 dona
2255 1933 2366 2000 jam
2397 1933 2730 1986 sufﬁcienter
2754 1932 2970 1986 habeat.
3002 1929 3152 1988 Unde
3198 1949 3422 1989 necesse
3461 1944 3546 1988 est
3588 1945 3668 2000 ut,

2094 2037 2214 2076 cum
2249 2022 2490 2077 videmur
2519 2023 2671 2076 nobis
2704 2032 2810 2075 tam
2859 2032 3038 2076 mente
3061 2039 3222 2091 quam
3264 2039 3492 2091 corpore
3531 2041 3669 2094 pau-

2095 2131 2251 2185 peres
2295 2125 2350 2169 et
2377 2115 2606 2178 infirmi,
2641 2115 2863 2168 servitio
2909 2115 3076 2169 nimio
3106 2117 3367 2184 depressi,
3402 2115 3484 2169 vel
3528 2132 3672 2184 qna-

2095 2221 2306 2276 cunque
2348 2206 2562 2260 miseria
2605 2204 2900 2274 implicati,
2928 2219 3051 2258 mox
3094 2220 3411 2261 revoccmus
3460 2208 3527 2259 ad
3557 2222 3674 2260 me-

2096 2301 2322 2356 moriam
2357 2298 2624 2367 plurimos
2675 2299 2725 2351 in
2777 2307 3006 2366 utroque
3040 2298 3257 2352 homine
3296 2299 3671 2369 pauperiores,

2093 2391 2450 2453 inﬁrmiores,
2471 2390 2734 2443 servitute
2764 2397 2818 2441 et
2845 2388 3062 2442 miseria
3090 2389 3279 2458 majori
3311 2400 3583 2458 gravatos.
3656 2398 3676 2423 -'

2168 2480 2413 2548 Cumque
2457 2479 2530 2532 ita
2589 2478 2836 2532 miserias
2880 2478 3101 2541 alienas,
3158 2480 3384 2535 collatas
3430 2483 3674 2547 nostris,

2091 2571 2332 2639 majores
2360 2571 2711 2634 senserimus,
2740 2569 2898 2624 facile
2927 2571 3050 2640 quia
3083 2573 3365 2627 uobiscum
3394 2575 3465 2629 sit
3500 2580 3676 2643 grata

2096 2664 2194 2719 Dei
2223 2664 2396 2734 major
2416 2678 2727 2733 qnam-cum
2750 2662 2864 2717 illis
2889 2663 3033 2718 scire
3059 2665 3354 2733 poterimus
3533 2695 3539 2700 -
3649 2680 3652 2683 ·

2171 2752 2441 2808 Similiter
2470 2768 2593 2807 cum
2626 2752 2879 2821 superbia
2907 2762 3093 2807 nostra
3124 2753 3226 2808 hoc
3253 2755 3585 2824 suggesserit
3621 2764 3681 2810 ιη

2097 2846 2390 2904 credamus
2417 2860 2516 2900 nos
2543 2853 2783 2909 sanctos,
2808 2845 3102 2914 sapientes,
3143 2845 3444 2915 perfectos,
3496 2862 3682 2902 recor-

2103 2939 2295 2993 demur
2345 2954 2471 2994 mox
2523 2939 2814 2995 multorum
2863 2939 3087 2994 Patrum
3151 2948 3259 2994 tam
3327 2942 3680 3010 prmsentinul

414 3035 740 3106 quantisper
767 3029 1045 3086 declarare
1087 3023 1355 3094 quomodo
1410 3021 1462 3073 in
1509 3016 1838 3088 quotidianis
1879 3013 2000 3066 vita:

2106 3045 2268 3099 quam
2298 3031 2642 3095 absentium;
2685 3031 2744 3084 in
2795 3045 3028 3100 quorum
3077 3032 3483 3100 comparatione
3529 3033 3684 3086 inve-

416 3103 584 3194 ‘liujus
607 3119 992 3194 experimentis
1011 3117 1236 3187 justitia:
1257 3114 1578 3184 pietatisque
1609 3107 1802 3161 divinze
1831 3103 1996 3158 colla-

427 3219 626 3273 tionem
671 3214 852 3268 valeas
891 3211 1095 3273 facere,
1127 3215 1184 3260 ut
1221 3220 1318 3276 per
1358 3205 1473 3259 haec
1503 3201 1651 3256 dicas
1681 3198 1806 3267 quia
1838 3194 2000 3248 Mise-

419 3307 654 3362 ricordia
687 3301 901 3358 Domini
937 3299 1088 3370 plena
1120 3307 1192 3351 est
1237 3305 1375 3349 terra
1406 3289 1579 3364 (Psal.
1612 3286 1808 3351 xxx"),
1833 3299 2006 3353 quan-

420 3398 715 3468 doquidem
749 3404 857 3448 tam
889 3389 1228 3447 districtione
1258 3401 1418 3458 quam
1453 3383 1661 3454 pietate
1700 3377 1845 3433 salus
1873 3390 2003 3431 con-

420 3491 572 3545 sistit
601 3489 858 3542 lnnnana.
922 3559 924 3561 ὶ
1240 3486 1247 3494 ’

499 3580 731 3635 Attende
760 3595 887 3650 ergo
910 3576 1052 3631 acris
1073 3572 1476 3644 intemperiem,
1499 3568 1715 3630 famem,
1749 3563 2006 3635 pestilen-

424 3675 581 3740 tiam,
607 3671 994 3728 mortalitatem
1028 3677 1135 3721 tam
1165 3663 1477 3718 animalium
1506 3676 1668 3730 quam
1708 3656 2007 3716 hominum,

433 3765 798 3820 incursionem
825 3759 1085 3820 hostium,
1112 3767 1409 3808 venenosas
1440 3750 1851 3813 mortiferasqne
1888 3745 2012 3796 her-

429 3856 623 3909 barum
665 3852 838 3914 vires»,
888 3848 1234 3916 rapacitatem
1287 3842 1534 3909 lnpormu
1587 3846 2013 3900 czeterarnmque

430 3945 752 4006 bestiarum,
796 3956 1017 3994 morsus
1045 3944 1381 4005 serpentum,
1425 3933 1747 3994 draconum,
1773 3928 2015 3996 scorpio-

437 4024 588 4098 num,
621 4048 946 4094 muscarum,
982 4043 1327 4092 aranearum,
1376 4027 1700 4081 edacitatem
1751 4024 2014 4078 vermium

437 4128 794 4192 minutorum,
813 4123 976 4176 nobis
989 4120 1196 4191 iugiter
1218 4117 1627 4181 adhrcrentium,
1660 4131 1754 4170 seu
1778 4131 1841 4170 ex
1868 4114 2020 4168 nobis

434 4218 800 4287 nasccntimn,
827 4216 1084 4270 incertam
1109 4221 1160 4266 et
1181 4211 1449 4266 difﬁcilem
1467 4209 1692 4279 piscium
1720 4217 2016 4277 capturum,

435 4309 680 4379 locorum
698 4305 1014 4376 prmcipitia,
1047 4303 1336 4357 multarum
1360 4301 1753 4357 demersioncm
1779 4298 2016 4362 navium,

441 4399 584 4470 ignis
611 4398 970 4458 exustionem,
1013 4409 1284 4462 aquarum
1339 4390 1713 4445 inumlantium
1763 4389 2019 4456 irruptio-

441 4509 592 4556 nem,
612 4490 819 4544 inﬁnita
843 4488 1196 4556 paupertatis,
1219 4485 1621 4540 etinlirmi-tatis
1643 4481 2023 4550 etl‘ragilitatis

446 4587 699 4640 humana:
747 4582 966 4644 damna,
1017 4593 1116 4632 nec
1168 4594 1271 4630 non
1321 4577 1622 4646 principum
1657 4575 2021 4644 pravitatem;

446 4678 587 4740 iure,
616 4677 855 4746 inquam,
884 4673 1064 4726 omnia
1091 4670 1330 4733 attende,
1369 4679 1423 4722 et
1451 4669 1503 4721 in
1534 4669 1616 4721 his
1638 4666 1826 4734 judicii
1859 4648 2025 4718 divini

415 4835 420 4838 _
444 4767 794 4822 severitatem
810 4763 877 4818 ob
899 4769 1237 4833 peccatorum
1258 4770 1566 4814 nostrorum
1592 4758 1779 4811 mer-ita
1808 4757 2027 4812 deumn-

447 4857 672 4912 stranda
703 4864 758 4910 ct
783 4851 1172 4923 compescenda
1198 4851 1554 4914 intonantem,
1581 4863 1868 4919 cognosce,
1889 4848 2031 4901 sicut

449 4949 718 5020 scriptum
743 4955 824 5000 est
852 4964 864 4997 :
897 4943 1158 5014 Pugnabit
1187 4943 1324 4995 orbis
1353 4953 1612 4995 terrarum
1639 4949 1820 4993 contra
1856 4942 2031 4992 insen—

450 5050 598 5094 satos
631 5038 782 5108 (Sap.
810 5038 886 5107 v).
918 5036 984 5089 Et
1024 5050 1236 5089 rursum
1263 5049 1276 5087 :
1314 5031 1596 5087 Revelatur
1626 5031 1706 5084 ira
1735 5029 1832 5082 Dei
1878 5044 2033 5098 super

452 5146 659 5164 mmorant
683 5129 992 5164 ἶΜνὶῖοΙηΙυηι
1025 5135 1068 5164 nl
1096 5124 1412 5164 ὅυὶιηιὶιὸιηη
1440 5122 1706 5164 hominum
1737 5119 1904 5164 (Πηηι-
1931 5119 1997 5164 1‘-

2029 3083 2074 3142 δ
2107 3123 2318 3175 niemur
2345 3119 2700 3174 stolidissimi.
2727 3083 2924 3189 Sicque
2951 3119 3011 3174 ﬁt
3039 3128 3098 3173 nt
3130 3083 3685 3188 abiliujusmodico‘l-

2054 4438 2098 4493 ι)

2098 3214 2307 3269 latione
2326 3213 2705 3276 humiliemur,
2738 3223 2794 3266 ct
2823 3213 2890 3266 de
2911 3212 3102 3281 judicii
3135 3213 3462 3283 pietatisque
3487 3213 3686 3268 divina:

2107 3305 2331 3359 consilio
2361 3304 2538 3358 minus
2567 3318 2872 3358 censemur.
2902 3301 3034 3356 Nam
3061 3303 3204 3371 quod
3249 3319 3352 3356 non
3401 3303 3686 3371 habemus,

2104 3397 2251 3466 justo
2275 3394 2482 3464 judicio
2525 3395 2652 3460 Dei;
2688 3395 2830 3463 quod
2875 3409 3006 3448 vero
3056 3395 3337 3460 habemus,
3367 3394 3556 3464 pietati
3595 3409 3686 3450 so-

2104 3487 2386 3542 lummodo
2409 3486 2607 3540 divinae
2637 3485 2974 3539 referendum
3005 3494 3105 3539 est.

2731 3594 2956 3651 CAPUT
2995 3595 3062 3649 Χ.

2115 3689 2181 3745 In
2245 3691 2453 3744 mter-nis
2527 3691 2898 3742 damnatorum
2963 3688 3229 3759 suppliciis
3298 3697 3345 3742 et
3422 3689 3694 3743 beatorum

2207 3761 2415 3829 gaudiis
2446 3760 2626 3813 eadem
2657 3759 2754 3812 Dei
2789 3761 3033 3812 severitas
3073 3770 3120 3812 et
3166 3759 3331 3827 pictus
3381 3759 3591 3812 relucet.

2182 3851 2376 3906 Potest
2425 3849 2604 3903 adhuc
2651 3849 2735 3919 agi
2781 3863 2974 3918 magna
3018 3847 3276 3912 collatio,
3321 3863 3442 3917 quae
3479 3847 3695 3902 videtur

2116 3944 2282 4000 etiam
2314 3941 2554 3996 omnium
2581 3939 2874 4002 conclusio,
2910 3940 2953 3994 si
3002 3938 3193 3993 inlerni
3241 3939 3447 3994 scilicet
3493 3947 3694 3994 asterna

2118 4033 2402 4104 supplicia,
2445 4040 2501 4085 et
2552 4031 2701 4100 regni
2749 4031 2988 4086 caelestis
3041 4031 3318 4084 beatitudo
3370 4030 3694 4098 sempiterna

2119 4123 2489 4180 conferantur.
2522 4122 2653 4187 Quae
2685 4128 2914 4190 utraque
2961 4120 3076 4174 sine
3114 4120 3218 4174 line
3254 4121 3454 4174 idcirco
3498 4118 3700 4188 pariter

2111 4221 2474 4283 permansura
2523 4224 2644 4267 esse
2691 4210 2886 4275 credo,
2933 4219 3016 4273 ut,
3066 4211 3205 4263 sicut
3250 4209 3528 4279 praesentis
3577 4208 3700 4261 vita:

2123 4303 2286 4366 dona,
2313 4301 2599 4357 collatione
2627 4300 2970 4370 praesentium
3001 4299 3331 4368 iudiciorum
3375 4307 3697 4366 iensantur,

2124 4396 2202 4451 sic
2229 4395 2392 4450 etiam
2441 4392 2634 4448 futura:
2667 4394 3030 4462 perennisqne
3066 4392 3191 4445 vitae
3225 4391 3449 4461 gaudia,
3471 4390 3703 4442 .da-mn‘a-

2131 4489 2289 4544 tionis
2319 4495 2536 4541 teterme
2566 4484 2770 4553 judicio
2800 4483 2993 4538 collata
3020 4524 3034 4546 ,
3082 4497 3200 4552 qua:
3229 4491 3284 4538 et
3311 4491 3511 4550 quanta
3558 4479 3701 4544 sint,

2131 4571 2500 4634 attenduntur.
2547 4576 2754 4643 Quibus
2806 4575 2986 4629 verbis
3025 4574 3241 4628 'beatus
3297 4571 3610 4642 Gregorius"
3647 4568 3700 4622 in

2121 4671 2269 4725 libro
2298 4669 2640 4737 Dialogorum
2677 4675 2872 4735 quarto
2902 4665 3215 4728 concordat,
3256 4664 3486 4718 dicens:
3532 4659 3702 4731 Iniqui

2131 4777 2320 4818 omnes
2359 4769 2562 4814 interno
2603 4758 2864 4828 supplicio
2909 4772 3004 4810 sua
3043 4755 3334 4823 iniquitate
3364 4749 3701 4822 puniuntur:

2132 4855 2225 4910 sed
2265 4861 2443 4906 tamen
2499 4851 2564 4904 ad
2611 4849 2815 4918 aliquid
2861 4847 3152 4909 ardebtmt,
3205 4844 3538 4907 scil'cet,»nt
3576 4839 3705 4909 iuri

2133 4957 2322 4998 omnes
2352 4950 2408 4994 et
2443 4940 2495 4992 in
2528 4938 2636 4992 Deo
2662 4938 2882 4990 videant
2905 4935 3121 5004 gaudia,
3149 4949 3268 5002 quae
3290 4932 3626 5001 percipiunt,
3650 4941 3709 4982 et

2125 5037 2189 5090 in
2217 5034 2323 5088 illis
2345 5031 2640 5102 respiciant
2665 5028 2948 5097 supplicia,
2974 5041 3092 5095 qua:
3125 5034 3433 5080 evaserunt.

2207 5125 2466 5164 Νριιιι-ιηη
2509 5123 2674 5164 anim.
2729 5119 2781 5164 id
2960 5132 3062 5164 nec
3108 5116 3306 5164 nalum
3358 5129 3460 5164 nec
3511 5116 3705 5164 bonum
