3998 5450
225 386 286 441 τε
1175 380 1453 439 DIALOG.
1495 377 1583 434 DE
1621 369 1874 431 TRIBUS
1916 368 2466 440 QUJESTIONIBUS.
3394 390 3473 447 τι

204 505 363 559 dixit:
394 500 598 567 Quanti
640 497 944 554 mercenarii
980 497 1035 551 in
1075 496 1232 550 domo
1271 495 1435 566 patris
1472 492 1574 548 mei
1618 490 1787 545 abuu-
1816 487 1864 546 Α
1894 487 2160 554 strnxisti,
2190 503 2284 558 spe
2331 504 2526 560 magna
2569 492 2838 549 accendor
2879 504 2933 551 ct
2981 494 3111 553 illud
3140 512 3172 554 a
3204 507 3256 556 te
3284 507 3472 574 exqui-

203 599 323 651 dant
348 596 599 664 panibus,
628 609 722 663 ego
762 603 936 646 autem
985 591 1069 644 hic
1111 591 1250 659 {ante
1295 587 1494 657 pereo?
1538 584 1786 656 Surgam,

205 703 248 746 et
269 691 349 742 ibo
379 688 452 741 ad
481 698 690 757 patrem
731 701 897 738 meum
925 682 1078 755 (Luc.
1113 683 1227 753 xv).
1259 680 1361 747 Qui
1397 679 1653 733 nimirum
1673 718 1688 741 ,
1722 691 1789 731 ne

206 786 618 835 consumeretur
648 776 833 841 malis,
866 783 1144 843 respectus
1173 784 1257 827 est
1280 785 1375 841 spe
1409 779 1648 841 paterna:
1674 769 1788 838 pie-

206 873 343 927 tatis.
399 870 644 925 Econtra
700 884 827 923 vero
878 867 1077 921 malum
1133 866 1276 920 bono
1332 864 1385 918 in
1435 864 1594 916 beato
1623 861 1787 915 Paulo

204 961 479 1031 apostolo,
530 962 627 1031 qui
688 959 859 1014 dicit:
914 956 997 1012 Ne
1060 954 1365 1027 magnitudo
1416 953 1786 1007 rerclationum

215 1056 421 1109 extollat
453 1071 560 1113 me,
590 1054 749 1106 datus
788 1066 860 1105 est
888 1050 1016 1105 mihi
1041 1048 1282 1103 stimulus
1317 1047 1492 1100 carnis
1518 1060 1664 1107 meat,
1689 1061 1784 1096 auo

201 1145 334 1215 gelu:
361 1141 618 1205 Satanae,
661 1153 714 1195 ut
760 1157 840 1194 me
869 1139 1158 1204 colapltizet
1191 1136 1292 1207 (II
1327 1134 1451 1191 Cor.
1511 1152 1585 1189 xu
1610 1136 1650 1202 ).
1685 1132 1785 1200 Qui

201 1237 551 1292 nihilominus
582 1251 654 1289 ne
689 1233 1041 1289 extollerctur
1070 1232 1122 1285 in
1152 1230 1327 1290 bonis.
1368 1230 1656 1300 depressus
1703 1237 1789 1281 est

199 1329 415 1385 stimulo
495 1327 811 1399 pravitatis.
886 1324 1191 1394 Utrumque
1257 1337 1394 1389 ergo
1461 1319 1784 1375 lamulamen

202 1421 466 1491 quoddam
498 1419 648 1479 dico,
676 1426 732 1470 et
761 1417 886 1480 hoc,
934 1430 1043 1484 quo
1088 1427 1252 1483 egens
1300 1410 1534 1466 refectus
1575 1425 1685 1473 εει,
1718 1425 1787 1463 ne

206 1510 549 1577 deSpcrarct;
577 1515 634 1561 et
655 1505 804 1570 illud,
833 1518 940 1574 quo
966 1502 1249 1557 abundans
1271 1501 1557 1571 depressus
1586 1509 1688 1565 est,
1719 1514 1788 1554 ne

198 1616 250 1655 se
270 1598 586 1654 extolleret.

257 1692 504 1761 Cumque
527 1692 649 1745 lucc
669 1698 723 1743 et
744 1689 831 1745 his
853 1687 1052 1744 similia
1073 1687 1131 1742 in
1149 1696 1239 1743 tuo
1261 1686 1558 1742 contuleris
1580 1686 1781 1748 animo,

196 1782 534 1853 perpendens
577 1779 833 1835 videlicet
877 1795 1039 1850 quant
1082 1788 1276 1849 potens
1317 1787 1373 1833 et
1401 1777 1679 1832 districtus
1712 1776 1783 1831 sit

1892 592 2055 633 rere:
2098 580 2333 649 qualiter
2387 596 2493 635 uno
2537 582 2754 640 homine
2798 599 3056 656 peccante
3098 604 3268 661 genus
3311 609 3473 651 omne

1890 670 2182 724 htunanmn
2234 672 2597 730 damnationis
2645 679 2964 734 sententiam
2999 685 3281 750 meruerit,
3323 688 3464 743 sicut

1890 760 2186 829 stupissitne
2211 777 2361 817 sacra
2395 762 2674 834 Scriptura
2710 770 2908 836 prodit,
2936 783 2993 824 ut
3023 781 3107 827 est
3136 773 3265 830 illud
3314 778 3457 847 Apo-

1887 850 2009 905 stoli
2038 869 2051 905 :
2082 852 2229 907 Sicut
2286 872 2378 926 per
2427 858 2584 911 unius
2621 858 2867 915 delictum
2910 879 3089 920 omnes
3133 867 3367 923 homines
3411 871 3467 925 in

1888 943 2406 1013 condemnationem,
2448 956 2554 1004 etc.
2575 942 2765 1020 '(Rom.
2789 954 2863 1021 v).
2899 952 3012 1009 Non
3060 957 3203 1011 enim
3251 959 3468 1033 ambigo

1887 1035 1954 1089 de
1973 1033 2121 1103 justo
2145 1036 2239 1091 Dei
2272 1036 2476 1105 judicio
2503 1041 2555 1096 in
2586 1043 2742 1098 nobis
2778 1045 2947 1111 facto,
2991 1049 3084 1102 sed
3113 1050 3267 1105 valde
3299 1052 3471 1106 miror

1886 1128 2157 1196 quomodo
2193 1145 2290 1199 per
2317 1147 2480 1186 unum
2524 1146 2837 1203 peccantem
2877 1156 3065 1195 omnes
3113 1145 3471 1198 meruerimus

1886 1222 2312 1278 damnationem.
2381 1224 2531 1281 Unde
2592 1241 2785 1297 precor
2854 1242 2943 1297 ut,
3014 1233 3154 1291 sicut
3222 1235 3472 1306 superius

1882 1312 2117 1366 obscura
2163 1317 2424 1371 reserasti
2471 1332 2566 1387 per
2603 1333 2923 1389 argumenta
2972 1323 3156 1393 plura,
3188 1326 3259 1380 ita
3299 1326 3465 1382 etiam

1885 1405 2200 1475 quaestionis
2228 1406 2384 1479 hujus
2416 1412 2755 1479 mysterium,
2787 1414 2832 1469 si
2864 1430 2974 1470 non
3002 1417 3137 1471 alias
3162 1418 3337 1474 valeat
3375 1420 3474 1475 de-

1886 1494 2100 1558 nudari,
2132 1508 2450 1567 argumento
2478 1499 2659 1571 aliquo
2688 1504 2906 1559 studeas
2935 1520 3200 1563 reserare.

1958 1588 2024 1645 Ο.
2066 1589 2218 1658 Quod
2246 1592 2465 1662 quaeris,
2495 1601 2604 1648 tam
2631 1609 2885 1666 magnum
2905 1637 2921 1661 ,
2953 1605 3007 1651 et
3046 1596 3336 1653 obscurum
3384 1616 3470 1652 ar-

1886 1684 2158 1753 duumque
2203 1692 2374 1739 estut
2409 1700 2602 1741 verear
2650 1688 2704 1741 in
2749 1703 2816 1743 eo
2846 1688 3140 1759 quidquam
3170 1690 3253 1743 vel
3306 1691 3472 1745 medi-

1897 1774 2060 1828 tando
2087 1773 2387 1830 immorari.
2444 1775 2718 1846 Scriptum
2768 1787 2852 1833 est
2890 1780 3033 1832 enim
3058 1797 3071 1833 :
3101 1779 3302 1833 Altiora
3333 1790 3381 1833 te
3403 1796 3473 1833 ne

197 1838 325 1928 lictis
352 1876 404 1928 in
434 1873 770 1928 exercendis
788 1872 1031 1942 judiciis,
1056 1888 1176 1941 qua:
1209 1871 1331 1925 ideo
1358 1870 1497 1925 mala
1529 1870 1781 1924 videnlur
1812 1838 1857 1898 Β
1888 1876 2151 1921 scrutatus
2203 1866 2409 1937 fueris;
2443 1869 2533 1923 sed
2572 1885 2692 1941 qua:
2733 1871 2975 1941 pra’cepil
3026 1870 3119 1923 tibi
3170 1869 3341 1930 Deus,
3377 1869 3471 1923 illa

192 1967 414 2030 Stolidis,
446 1966 578 2035 quia
615 1980 807 2035 aspera
838 1967 1146 2018 sentiuntur
1167 1972 1221 2017 et
1250 1977 1456 2025 amara,
1484 1960 1618 2016 nihil
1644 1962 1789 2015 enim
1818 1994 1825 2001 ι

195 2068 271 2111 est
298 2057 532 2119 malum,
559 2054 655 2109 sed
680 2053 902 2108 abusive
932 2068 1031 2122 pro
1059 2067 1220 2121 pana
1254 2051 1475 2113 dicitur,
1502 2066 1570 2105 eo
1600 2051 1790 2121 utique

197 2161 387 2213 genere
433 2144 695 2215 loquendi
738 2158 848 2213 quo
894 2141 1106 2211 ﬂagella
1160 2142 1335 2197 solent
1376 2140 1520 2195 tnala
1560 2140 1784 2207 vocari;

195 2251 464 2306 quamque
496 2235 769 2305 benignus
793 2243 846 2289 et
875 2244 1157 2305 promptus
1182 2235 1235 2289 in
1261 2232 1563 2287 exhibenda
1589 2234 1783 2305 gratia,

194 2324 328 2378 nulla
364 2324 777 2397 prwteritorutn
823 2322 1149 2388 criminum,
1185 2338 1305 2393 qua:
1348 2322 1689 2378 confessione
1731 2330 1787 2379 et

190 2416 511 2487 pmoitentia
540 2414 855 2478 diluuntur,
884 2413 1251 2486 indignatione
1300 2426 1569 2470 retractus
1592 2455 1608 2478 .
1641 2413 1783 2469 nulla

197 2496 591 2574 persuasurum
660 2490 983 2575 acceptione
1047 2504 1374 2575 impeditus.
1438 2505 1787 2561 conﬁteberis

196 2602 375 2670 procul
414 2599 783 2670 dubio,juxta
813 2598 1182 2663 Psalmistant,
1212 2601 1338 2671 quia
1369 2599 1579 2653 Domini
1602 2608 1676 2653 est
1699 2614 1786 2652 sa-

195 2694 269 2747 lus
296 2691 479 2763 (Psal.
508 2692 615 2757 tu);
648 2700 705 2746 et
724 2691 881 2763 juxta
912 2692 1253 2762 Apostolum,
1283 2692 1409 2762 quia
1433 2708 1536 2745 non
1568 2690 1784 2746 volentis

197 2801 352 2853 neque
410 2785 712 2845 currentis,
765 2781 857 2835 sed
904 2783 1195 2837 miserantis
1244 2793 1318 2836 est
1348 2782 1470 2845 Dei;
1532 2779 1786 2850 cuiusque

196 2880 293 2927 rati
315 2918 330 2936 ,
362 2876 685 2937 miseretur;
712 2885 759 2927 et
782 2889 931 2944 queat
959 2873 1088 2935 vult.
1117 2874 1329 2927 indurat
1358 2872 1527 2941 (llam.
1557 2874 1654 2938 ιι).

259 2964 365 3021 Ubi
397 2966 697 3019 notandum
749 2973 834 3029 est
885 2965 1011 3036 quia
1071 2966 1173 3019 hoc
1220 2976 1307 3019 est
1357 2966 1450 3019 Dei
1506 2964 1783 3029 misereri,

193 3057 489 3125 queudibet
535 3056 917 3127 castigatione,
978 3055 1060 3109 vel
1117 3054 1469 3125 inspiratione
1516 3054 1695 3125 aliqua
1752 3070 1784 3110 a

197 3148 350 3202 malis
371 3148 629 3217 operibus
653 3157 974 3203 convertere
998 3164 1014 3213 ;
1049 3148 1152 3203 hoc
1172 3159 1352 3202 autem
1380 3146 1783 3215 ejusjudicare,

196 3239 487 3306 quemlibet
512 3240 567 3293 in
591 3239 849 3309 nequitiis
874 3240 986 3294 suis
1010 3240 1403 3311 derelinquere.
1427 3239 1615 3295 Omnis
1636 3241 1784 3296 enim

194 3330 379 3393 homo,
414 3340 524 3384 tam
556 3330 749 3385 doctus
779 3346 940 3400 quant
966 3330 1234 3395 indoctus,
1272 3330 1456 3385 tandiu
1485 3331 1537 3386 in
1564 3331 1783 3397 inlimis,

197 3422 349 3490 quasi
377 3421 598 3491 quidam
624 3432 863 3492 aegrotus
909 3422 1078 3492 jacet,
1108 3422 1281 3478 donec
1308 3437 1432 3478 eum
1473 3424 1646 3493 gratia
1693 3440 1785 3479 su-

199 3528 360 3583 perna
387 3513 589 3567 exinde
617 3512 796 3582 aliqua
818 3514 1105 3569 occasione
1126 3514 1318 3570 elevet.
1344 3516 1450 3570 Sed
1471 3528 1593 3584 quae
1623 3515 1782 3580 ratio,

190 3604 283 3675 vel
314 3603 493 3676 lingua
528 3605 595 3659 de
634 3606 839 3674 pietate
867 3612 923 3660 et
965 3606 1255 3662 severitate
1296 3606 1478 3660 divina
1514 3605 1785 3676 explicare

199 3710 372 3771 potest
417 3698 730 3766 condigna?
776 3714 1000 3769 prorsus
1049 3698 1212 3755 nulla.
1264 3696 1422 3753 Unde
1463 3705 1517 3753 et
1559 3712 1624 3753 ea
1664 3712 1785 3768 qua:

199 3806 323 3850 sunt
350 3797 520 3860 dicta,
552 3797 728 3852 habeo
757 3814 856 3869 pro
884 3798 1080 3856 debitae
1104 3798 1332 3853 rationis
1361 3799 1616 3854 scintilla.

269 3885 341 3943 Η.
380 3888 518 3944 Cum
570 3892 732 3944 audio
779 3891 940 3954 talia,
977 3904 1034 3946 et
1069 3906 1370 3959 expavesco
1394 3932 1409 3957 ,
1444 3902 1500 3946 et
1552 3891 1780 3962 gaudeo.

202 3976 516 4047 Expavesco
542 3981 793 4050 quidem,
824 3981 950 4052 quia
992 3983 1061 4038 de
1107 3982 1367 4037 immensa
1410 3982 1504 4037 Dei
1545 3982 1782 4051 potentia

204 4068 319 4124 vilia
350 4080 403 4124 et
426 4068 701 4153 supej'ﬂua
732 4087 970 4140 unquam
1028 4073 1259 4143 cogitavi
1285 4090 1300 4140 ;
1348 4074 1556 4144 gaudeo
1577 4081 1780 4138 autem,

205 4159 321 4228 quia
354 4169 504 4214 tanta
536 4161 755 4229 pietatis
780 4163 977 4217 divina:
1018 4163 1283 4219 beneﬁcia
1314 4179 1413 4219 nos
1433 4161 1639 4235 iugiter
1676 4163 1787 4218 circ

203 4249 455 4306 Clnlldal'e
486 4266 743 4322 agnosco.
777 4251 833 4306 Si
863 4252 1009 4307 enim
1035 4252 1239 4318 euntis,
1269 4269 1389 4323 qua:
1419 4263 1473 4308 tu
1510 4251 1783 4326 protulisti

207 4334 268 4390 de
287 4337 380 4391 Dei
406 4342 601 4409 gratia,
638 4340 839 4395 rationi
868 4342 1062 4397 debita:
1092 4353 1429 4413 comparata,
1456 4353 1583 4398 sunt
1625 4344 1781 4414 quasi

205 4430 458 4495 scintilla,
491 4432 624 4500 quid
649 4441 812 4502 putas
839 4434 1078 4503 perfecta
1104 4436 1209 4489 erit
1236 4435 1503 4491 scientia?

1888 1959 2057 2029 cogita
2082 1976 2318 2029 semper;
2346 1970 2394 2015 et
2422 1960 2473 2016 in
2498 1961 2736 2033 pluribus
2782 1963 3021 2032 aperibus
3059 1960 3172 2031 ejus
3217 1976 3281 2013 rte
3307 1959 3472 2029 [uelis

1887 2049 2126 2103 curiosus
2155 2050 2346 2121 (Eccli.
2384 2056 2488 2120 tu).

1958 2136 2031 2192 II.
2072 2139 2271 2196 Fateor
2305 2140 2375 2196 ita
2408 2157 2527 2197 esse
2566 2151 2625 2197 ut
2657 2143 2813 2198 dicis.
2861 2143 2968 2198 Sed
3014 2143 3138 2214 quia
3180 2160 3210 2200 e
3252 2151 3470 2197 contra-

1889 2233 1971 2289 rio
2014 2236 2275 2304 scriptum
2328 2246 2463 2293 est:
2521 2239 2713 2293 Omnia
2761 2239 3029 2309 possibilia
3076 2248 3197 2293 sunt
3242 2238 3472 2292 credenti

1886 2328 2081 2400 (Marc.
2116 2328 2231 2399 nt);
2263 2340 2318 2384 et
2368 2345 2618 2384 rursum:
2682 2327 2859 2384 Virtus
2896 2328 2993 2384 Dei
3037 2339 3112 2384 est
3159 2331 3214 2383 in
3248 2328 3473 2384 εαιηιρηι

1888 2419 2028 2474 omni
2052 2420 2285 2473 credenti
2325 2417 2501 2488 (Rom.
2551 2420 2613 2486 ι),
2655 2434 2861 2491 egoque
2887 2419 3051 2474 credo
3083 2428 3136 2475 te
3180 2434 3335 2488 posse
3374 2435 3471 2487 per

1884 2509 2296 2578 inspirationem
2320 2510 2556 2565 divinam
2590 2510 2820 2565 animari
2866 2510 2933 2564 ad
2970 2507 3278 2578 huiusmodi
3321 2522 3470 2578 quie-

1886 2601 2119 2655 stionem
2173 2599 2519 2656 solvendam:
2568 2614 2763 2671 precor
2804 2608 2863 2654 ut
2915 2616 2979 2654 ea
3032 2614 3151 2670 quae
3198 2598 3460 2668 exquiro,

1886 2700 2151 2761 quantum
2181 2692 2377 2762 possis,
2408 2690 2664 2746 intimare
2686 2690 2922 2745 coneris.

1959 2779 2025 2835 Ο.
2053 2778 2386 2850 Quacunque
2426 2779 2530 2835 title
2570 2794 2809 2851 quaeras,
2839 2795 3029 2850 magna
3066 2787 3193 2833 sunt
3232 2778 3468 2848 mihique

1887 2869 2127 2927 diﬂicilia
2159 2872 2440 2927 absolvere
2465 2887 2586 2942 qua:
2633 2886 2811 2942 rogas.
2850 2871 2963 2925 Sed
3003 2871 3152 2926 verbi
3179 2869 3326 2925 illius
3350 2884 3470 2923 me,

1889 2980 2029 3031 mor,
2057 2968 2201 3036 quod
2230 2966 2428 3021 dicitur
2457 2981 2486 3020 a
2528 2965 2757 3020 Domino
2787 2964 3002 3020 cuidam
3045 2963 3320 3019 credenti:
3353 2960 3472 3017 Ha-

1887 3073 1989 3128 gna
2014 3066 2089 3111 est
2112 3058 2244 3127 ﬁdes
2272 3070 2403 3123 tua;
2431 3057 2525 3128 ﬁat
2548 3058 2673 3124 tibi;
2707 3057 2841 3112 sicut
2872 3058 2943 3112 vis
2969 3055 3186 3129 (Matth.
3218 3056 3331 3126 xv),
3373 3066 3493 3111 ac-'

1895 3159 2049 3221 cepta
2082 3151 2206 3206 hinc
2236 3149 2429 3205 ﬁducia
2456 3149 2741 3221 aggredior
2777 3148 3081 3219 exquisita,
3126 3148 3302 3220 magis
3340 3147 3472 3203 ﬁdei

1899 3251 2001 3296 tuae
2031 3257 2192 3311 quam
2223 3241 2463 3295 scientia:
2506 3255 2639 3295 metr
2666 3239 2873 3294 viribus
2913 3240 3219 3295 roboratus.
3273 3237 3340 3292 Et
3370 3239 3473 3293 hoc

1888 3334 2138 3403 inprimis
2174 3334 2296 3389 dico
2322 3334 2446 3403 quia
2474 3334 2626 3403 prius
2647 3347 2784 3402 Opus
2806 3342 2889 3389 est
2915 3332 3011 3387 tibi
3049 3331 3232 3386 multis
3272 3332 3469 3385 verbo-

1885 3441 2008 3479 rum
2062 3425 2455 3491 instrumentis,
2486 3434 2544 3479 ut
2563 3442 2670 3496 per
2697 3428 2812 3481 haec
2844 3425 2910 3480 ad
2950 3433 3114 3480 tant-.e
3154 3424 3471 3495 qumstionis

1888 3519 2273 3574 sublimitatem
2345 3519 2744 3589 agnoscendum
2801 3518 3071 3589 gradatim
3134 3516 3464 3580 ascendens,

1882 3618 2038 3665 tanto
2065 3611 2246 3681 aptior
2289 3609 2530 3676 detnum,
2592 3617 2796 3680 quanto
2845 3609 3016 3679 magis
3046 3609 3343 3664 instructus
3388 3608 3472 3664 in-

1889 3702 2113 3758 troduca
2124 3699 2216 3755 ris.

2477 3790 2707 3849 CAPUT
2765 3790 2880 3847 XII.

1891 3904 2030 3959 Deus
2068 3904 2337 3959 severitate
2374 3902 2638 3973 improbos
2673 3912 2722 3957 et
2743 3903 2992 3973 superbos
3025 3905 3345 3973 compescit;
3397 3902 3471 3956 le-

1956 3976 2118 4028 nitate
2143 3973 2364 4045 humiles
2408 3971 2464 4027 iu
2505 3990 2647 4043 spem
2689 3974 2862 4045 erigit.
2896 3971 3206 4032 Ostenditur
3251 3973 3305 4027 id
3350 3974 3470 4044 plu-

1950 4044 2101 4099 ribus
2130 4044 2402 4115 exentplis.

1956 4156 2126 4214 Judex
2154 4157 2319 4229 igitur
2338 4165 2394 4213 et
2418 4166 2597 4213 rector
2631 4157 2885 4228 providus
2933 4158 3293 4231 quodcunque
3337 4166 3467 4230 agit,

1884 4249 2133 4304 doctrina
2165 4249 2292 4304 erit.
2325 4247 2460 4303 Nam
2492 4263 2559 4304 ne
2587 4248 2855 4319 aliquibus
2878 4249 3313 4320 prinsumpt‘ionis
3333 4290 3348 4315 ,
3382 4251 3473 4304 vel

1884 4345 2151 4416 superbiae
2177 4345 2521 4401 occasionem
2552 4343 2747 4399 lenitas
2786 4343 2955 4412 ipsius
2996 4344 3212 4413 pariat,
3245 4358 3470 4399 severus

1883 4448 1939 4493 et
1963 4439 2242 4494 districtus
2286 4438 2557 4492 interdum
2603 4437 2655 4491 in
2708 4435 2917 4507 judicio
2969 4451 3068 4492 suo
3110 4444 3308 4501 exstat,
3359 4451 3467 4491 non

272 4519 339 4575 0.
377 4520 544 4592 Cujus
570 4523 648 4577 rei
677 4524 929 4578 notitiam
978 4535 1036 4581 ut
1062 4524 1404 4596 apertissime
1436 4532 1491 4577 et
1519 4523 1780 4578 citissime
1809 4527 2077 4614 Dutique
2136 4527 2436 4582 delectatus
2483 4527 2535 4581 in
2591 4526 2927 4581 districtione
2982 4526 3116 4590 tali,
3161 4528 3256 4581 sed
3307 4526 3495 4593 saluti,

205 4612 628 4681 eotnprehendas
651 4653 667 4677 ,
704 4615 999 4669 recordare
1041 4616 1168 4684 quid
1203 4612 1495 4683 Apostolus
1523 4614 1697 4668 dicat:
1739 4612 1784 4667 0

206 4699 420 4754 altitudo
448 4702 756 4757 divitiarum
804 4703 1074 4771 sapientia:
1094 4712 1142 4757 et
1172 4703 1403 4757 scientia:
1434 4702 1565 4757 Dei!
1615 4702 1786 4771 Quam

208 4793 744 4864 iucotuprelmisibilia
776 4806 826 4847 et
852 4793 1254 4848 innumerabilia
1274 4805 1395 4867 sunt
1415 4792 1623 4864 judicia
1649 4794 1786 4864 ejus,

209 4896 253 4938 ct
276 4886 651 4958 inves:igabiles
678 4887 780 4942 vite
802 4884 947 4939 illius
966 4886 986 4938 .'
1007 4884 1182 4948 (Rom.
1216 4888 1321 4957 xl.)

816 4999 1045 5056 CAPUT
1084 4999 1174 5056 XI.

215 5087 468 5156 Quomodo
494 5095 658 5174 unius
680 5091 923 5174 {remittis
943 5090 1096 5174 culpa
1116 5101 1281 5147 totum
1311 5106 1469 5174 genus
1498 5094 1791 5149 humanum

507 5164 754 5234 perierit.
807 5161 1094 5230 Difﬁcultas
1135 5161 1464 5233 questions.

279 5251 433 5284 ΠΛ..-
477 5254 611 5284 Mula
645 5264 702 5284 In
729 5254 783 5284 ἷι.
814 5251 899 5284 llic
926 5252 1150 5284 annuli-us
1177 5255 1188 5284 ἶ

858 5252 899 5284 in:
926 5252 1150 5284 annuli-us
1177 5255 1452 5284 ἶ.ηηιΛικι-ζ
1510 5255 1632 5284 ιιι-ἶσ-
1659 5249 1793 5284 calin

1894 4616 2228 4688 prospiciens
2259 4618 2532 4671 communi
2559 4658 2574 4682 ,
2607 4631 2727 4688 quae
2765 4616 2884 4674 sine
2913 4616 3254 4671 districtione
3288 4616 3470 4687 aliqua

1893 4712 2086 4781 nequit
2121 4710 2412 4779 provideri.
2450 4708 2703 4773 Rursmn,
2732 4725 2801 4764 ne
2828 4710 2993 4781 aliqui
3024 4711 3330 4766 severitatis
3355 4710 3472 4780 ejus

1894 4801 2230 4856 nimietatem
2270 4799 2391 4870 plus
2430 4798 2579 4867 juSto
2622 4799 2911 4856 formident
2946 4816 3174 4872 seseque
3213 4803 3315 4857 sub
3353 4803 3473 4873 ejus

1893 4894 2133 4963 potentia
2160 4893 2359 4948 salvari
2392 4908 2551 4964 posse
2577 4894 2887 4963 desperent,
2941 4895 3309 4952 misericordia
3357 4898 3467 4953 ino-

1890 4987 2079 5056 pinata
2120 4985 2327 5040 refovet
2381 4996 2436 5043 et
2471 4984 2811 5051 consolatur,
2862 5002 2967 5041 non
3010 4996 3215 5042 tantum
3258 4988 3501 5061 illorum
3542 4993 3546 5001 '

1896 5076 2186 5145 specialem
2219 5085 2482 5145 quantum
2512 5074 2936 5133 consolationem
2980 5076 3267 5133 attendens
3311 5091 3481 5146 gene-

1898 5167 2088 5224 ralem.

1973 5259 2102 5284 Ρκ--ιι
2134 5272 2259 5284 Ακκιι
2301 5258 2415 5284 ’.ι-ιιι
2451 5258 2601 5284 ..ι-.-112
2651 5260 2909 5284 manln‘n-
2968 5257 3211 5284 ..λεια-εηο
3260 5262 3310 5284 Α.
3351 5267 3454 5284 ann
