3998 5450
478 222 548 279 τὲδ
1473 220 1769 297 ρίιιιλιλι
1816 210 2046 271 nouat.

2161 220 2216 273 ὃ.
2261 213 2549 273 ΕΜΜΕἸΗ.
2563 218 2681 275 lilii
3442 225 3455 231 ’
3670 228 3742 284 76

476 338 604 401 dos,
641 339 696 391 et
721 333 1073 390 nihilominus
1108 320 1168 386 in
1203 330 1367 386 David
1402 330 1543 401 regis
1586 330 1803 385 humilis
1852 330 2058 384 exalta-
2088 335 2128 392 Α
2164 332 2396 386 maxime
2424 348 2545 388 cum
2592 343 2647 388 et
2689 334 2740 388 in
2801 333 3170 391 Pentateucho
3221 338 3522 409 negentibus
3575 342 3739 413 plana

474 430 641 494 tione,
690 442 878 482 omnes
910 424 1137 480 humiles
1179 422 1392 476 nuntiat
1438 420 1826 487 sublevandos;
1876 431 1966 483 ut,
2000 420 2052 475 in

475 518 931 576 murmurantium
959 513 1435 583 acimpatientium
1458 513 1690 567 liliorum
1721 512 1883 566 Israel
1925 528 2068 590 cou-~

440 611 728 674 itritione,
778 621 968 662 omnes
1014 604 1354 674 impatientes
1403 602 1606 656 indicat
1654 601 2050 667 coutcrendos;

474 716 531 762 ενι
559 708 753 762 iterum
782 703 835 757 in
865 700 1034 756 sancti
1060 699 1159 753 Job
1182 709 1233 753 et
1259 697 1456 768 Ioseph
1482 696 1800 767 patientium
1825 711 2049 761 corona,

474 811 665 855 omnes
690 795 958 867 patientes
988 791 1275 847 denuntiat
1311 788 1680 853 coronandus;
1733 797 1811 850 ut,
1863 789 1917 842 in
1948 787 2049 842 So-

473 890 797 947 domitarum
829 896 884 942 et
905 884 1376 941 Gomorrbamrum
1408 881 1798 936 lascivientium
1828 881 2055 935 subver-

471 982 642 1047 sione,
672 993 862 1034 omnes
888 977 938 1030 in
968 976 1155 1029 eodem
1186 974 1417 1030 crimine
1437 974 1816 1042 perdurantes,
1840 972 1967 1026 licet
1996 971 2049 1026 in

470 1076 573 1129 hoc
592 1071 792 1127 saeculo
836 1069 1088 1134 minimc,
1142 1067 1194 1120 in
1245 1066 1424 1121 futuro
1479 1072 1656 1119 tamen
1681 1065 1917 1119 ostendit
1961 1080 2053 1134 [ιιι.

465 1164 713 1218 niendos.

539 1255 803 1313 Similiter
827 1254 881 1309 in
917 1252 1032 1306 Ileli
1061 1250 1359 1306 sacerdotis
1402 1247 1725 1319 negligentis
1768 1262 1927 1314 casu,
1957 1246 2050 1316 qui

468 1349 613 1404 ﬁlios
659 1354 948 1417 peccantes
982 1358 1088 1397 non
1128 1349 1325 1410 quanta
1357 1339 1542 1394 debuit
1599 1338 1901 1393 invectione
1932 1351 2051 1392 cor-

467 1440 660 1511 ripuit,
693 1450 883 1492 omnes
917 1434 1074 1491 simul
1109 1442 1354 1502 pastores
1383 1431 1715 1501 negligentes
1745 1431 1940 1501 arguit.
1983 1430 2050 1484 Et

466 1543 687 1590 econtra
715 1545 902 1587 omnes
930 1527 1046 1583 zelo
1074 1528 1253 1581 divino
1293 1525 1564 1581 ferventes
1591 1524 1644 1578 in
1677 1523 1893 1578 laudato
1921 1523 2049 1577 Phi-

462 1637 594 1679 nees
622 1621 759 1685 zelo,
786 1635 968 1690 quem,
1000 1626 1057 1671 ut
1085 1616 1137 1671 in
1160 1616 1297 1670 libro
1324 1614 1544 1670 Numeri
1576 1613 1796 1684 legitur,
1823 1614 1877 1668 in
1903 1615 2047 1669 caede

2158 420 2287 483 sint,
2318 423 2537 491 pietatis
2567 424 2903 479 solummodo
2932 424 3047 495 ejus
3081 427 3258 497 aliqua
3291 429 3379 484 hic
3414 431 3737 488 documenta

2156 526 2384 581 ponens.
2418 512 2541 568 Hinc
2569 514 2734 585 igitur
2755 524 2956 584 quanta
2982 516 3035 569 in
3066 517 3158 570 illo
3182 517 3359 580 fuerit,
3397 519 3468 575 ibi
3492 521 3739 593 dignosci

2157 605 2377 674 poterit,
2409 622 2531 661 cum
2563 608 2663 661 sibi
2695 609 2747 662 in
2781 617 2963 663 monte
2988 611 3284 665 constituto
3311 612 3569 668 Dominus
3595 614 3741 671 tilio-

2158 711 2279 749 rum
2328 697 2491 751 Israel
2544 698 2740 753 delicta
2793 701 3101 762 nuntiaret,
3156 702 3387 757 dicens:
3438 702 3740 772 Descende;

2153 789 2383 849 peccavit
2412 790 2636 859 populus
2663 802 2804 858 tuus,
2833 800 2937 846 etc.
2971 789 3165 863 (Exod.
3188 795 3381 866 xxx"),
3411 795 3519 849 illic
3542 797 3740 869 quippe

2154 890 2213 929 se
2244 877 2563 932 districtioni
2591 879 2784 935 divinae
2814 883 2985 951 primo
3013 880 3305 952 objiciens,
3335 886 3487 955 quasi
3512 887 3735 956 quidam

2155 967 2411 1022 defensor
2437 972 2730 1039 respondit,
2758 973 2944 1029 dicens
2971 992 2984 1027 ε
3028 972 3155 1039 Cur,
3209 975 3455 1041 Domine,
3489 979 3739 1032 irascitur

2153 1057 2303 1127 furor
2358 1070 2479 1114 tuus
2525 1071 2709 1115 contra
2756 1063 3006 1133 populum
3057 1075 3202 1118 tuum
3229 1083 3379 1136 quem
3418 1062 3739 1123 eduxistide

2153 1147 2383 1222 Egi/pta
2429 1154 2483 1206 in
2530 1154 2840 1223 fortitudine
2874 1173 3064 1227 magna
3108 1169 3157 1211 ct
3197 1161 3249 1212 in
3293 1176 3453 1213 manu
3482 1159 3741 1216 robusta?

2152 1240 2259 1307 Ne,
2294 1261 2491 1313 quiusa,
2525 1246 2704 1300 dicant
2738 1247 2976 1318 Egyptii
3008 1263 3025 1300 :
3054 1249 3256 1305 Cailide
3280 1252 3459 1305 eduxit
3488 1269 3594 1316 eos,
3627 1262 3737 1311 etc.

2154 1332 2368 1403 (lbid.).
2401 1336 2603 1391 Deinde
2630 1336 2790 1405 paulo
2818 1348 2937 1408 post
2962 1339 3148 1393 eadem
3194 1339 3343 1394 fecit.
3384 1341 3568 1413 Tertio
3603 1357 3739 1413 quo-

2153 1438 2260 1492 que
2287 1464 2300 1488 ,
2339 1441 2461 1479 cum
2516 1426 2676 1481 iidem
2720 1427 2813 1481 lilii
2854 1428 3018 1483 Israel
3068 1412 3737 1488 murmurassent‘contra

2153 1516 2327 1583 ipsum
2358 1527 2410 1569 et
2435 1515 2614 1571 Aaron
2649 1518 2890 1573 dicentes
2918 1537 2931 1573 :
2968 1518 3179 1575 Utinam
3208 1518 3401 1576 mortui
3424 1539 3652 1578 essemus
3679 1525 3739 1579 in

2160 1605 2415 1676 lEgypto,
2440 1617 2487 1661 et
2516 1624 2619 1661 non
2666 1609 2719 1662 in
2772 1611 2870 1662 bar
2891 1620 3034 1664 vasta
3061 1610 3341 1665 solitudine
3362 1653 3376 1677 ,
3404 1623 3507 1669 etc.
3541 1613 3736 1683 (Nam.

462 1711 700 1783 explevit
742 1688 1153 1770 ίόίιηῖοειῃιῑιηῃ,
1188 1703 1478 1759 collaudat.
1510 1688 1725 1757 Eodem
1793 1703 1953 1758 modo
1994 1703 2047 1757 in
2078 1697 2125 1755 B
2155 1696 2286 1763 xw).
2317 1696 2415 1752 Ubi
2446 1698 2694 1753 videlicet
2727 1701 2972 1771 apparuit
3000 1701 3165 1773 gloria
3196 1701 3405 1757 Domini
3431 1704 3743 1759 videntibus

463 1800 770 1856 Salomonis
800 1798 941 1868 regis
985 1795 1363 1866 sapientissimi
1399 1794 1668 1863 apostasia
1698 1794 1948 1849 admonet
1978 1809 2046 1849 ne

428 1895 583 1964 *quis
613 1890 912 1963 prudentiae
942 1903 1052 1943 sum
1080 1886 1361 1941 conlidens
1392 1886 1674 1951 innitatur,
1713 1886 1805 1940 sed
1833 1899 2046 1955 semper

459 1992 746 2053 suspectus
778 1981 869 2046 sit,
895 1995 963 2033 ne
990 1978 1044 2032 in
1075 1992 1318 2033 errorem
1341 1976 1575 2047 aliquem
1602 1976 1795 2031 cadere
1818 1976 2043 2046 permits

459 2083 630 2129 tatur.

458 2254 763 2310 Susannam
786 2251 978 2307 falsum
1008 2249 1375 2305 testimonium
1402 2246 1790 2317 proferentium
1822 2246 2039 2302 damna-

457 2347 629 2410 tione,
658 2357 845 2399 omnes
870 2342 1007 2396 ﬁlios
1030 2350 1081 2396 et
1106 2339 1319 2410 judiccs
1344 2337 1660 2393 terribiliter
1690 2337 1928 2391 instruit.
1957 2336 2046 2389 Fi-

457 2437 562 2493 lios
594 2437 834 2507 quidem,
859 2450 927 2490 ne
956 2449 1118 2502 quam
1149 2431 1444 2494 malitiam,
1475 2428 1556 2483 vel
1579 2426 1828 2495 injuriam
1859 2428 1910 2480 in
1944 2426 2065 2496 pa-'

455 2540 648 2585 rentes
670 2532 988 2599 perpetrare
1013 2516 1369 2593 prmsumaut;
1394 2519 1605 2588 iudices
1629 2535 1775 2584 vero,
1806 2532 1873 2572 ne
1901 2519 2043 2587 quod

455 2618 717 2674 falsitatis
746 2615 952 2670 crimen
986 2612 1297 2682 excogitare
1327 2610 1380 2663 in
1409 2610 1654 2664 subditos
1693 2610 1910 2679 impune
1940 2608 2042 2663 sibi

455 2708 624 2765 licere
648 2706 893 2762 credant.
926 2703 1030 2758 Sed
1076 2711 1131 2757 et
1180 2702 1234 2754 in
1278 2701 1465 2755 eadem
1511 2698 1756 2754 Susanna
1804 2699 2045 2753 divinum

459 2799 720 2854 auxilium
754 2796 1039 2850 invocante
1069 2793 1336 2863 citiusque
1361 2792 1666 2857 obtinente,
1694 2800 1747 2846 et
1775 2791 2043 2861 generali-

459 2900 546 2945 ter
573 2888 827 2945 omnihus
856 2885 1233 2941 invocantibus
1261 2899 1385 2939 eum
1414 2883 1464 2938 in
1489 2882 1720 2937 veritate
1740 2897 1860 2937 sese
1888 2880 2045 2935 adfu-

460 2990 642 3035 turum
669 2970 970 3049 promittit,
1021 2984 1075 3030 et
1121 2973 1429 3045 specialiter
1468 2973 1789 3044 conjugibns
1833 2974 2044 3027 cunctis

459 3070 621 3126 ﬁdem
671 3070 1086 3138 castitatemque
1124 3064 1373 3122 debitam
1420 3063 1653 3135 conjugii
1701 3064 2043 3120 servantibus
2071 3054 2114 3114 C

456 3175 712 3233 magnam
743 3173 891 3228 spem
919 3158 1091 3213 beatae
1116 3154 1571 3211 remunerationis
1596 3154 1808 3225 ingerit.

527 3250 585 3304 In
619 3258 849 3319 utroque
893 3247 1057 3302 etiam
1099 3245 1267 3301 Tobia
1293 3285 1308 3310 ,
1349 3254 1504 3316 patre
1546 3243 1754 3299 scilicet
1789 3251 1846 3298 et
1893 3241 2001 3297 tilio
2026 3284 2041 3308 ,

454 3355 653 3410 magna
686 3341 1009 3394 documenta
1052 3335 1403 3391 saecularibus
1452 3334 1665 3388 cunctis
1711 3333 1764 3387 in
1796 3330 2043 3404 conjugio

452 3431 647 3501 positis
674 3428 919 3483 exhibet.
965 3426 1021 3481 In
1065 3434 1219 3498 patre
1268 3424 1487 3496 quidem
1537 3423 1737 3478 docens
1784 3431 1873 3487 ut,
1905 3423 2043 3477 sicut

452 3526 573 3595 ipse
630 3521 797 3578 lilium
863 3536 1020 3575 suum
1097 3532 1442 3587 summopere
1497 3516 1782 3586 praeceptis
1845 3515 2040 3569 divinis

444 3612 748 3677 instruxit,
773 3611 850 3665 ita
873 3622 1064 3663 omnes
1094 3617 1274 3678 patres
1305 3608 1443 3660 ﬁlios
1472 3621 1602 3661 suos
1626 3606 1898 3659 instruere
1924 3615 2043 3658 stu-

455 3704 646 3769 deant;
677 3701 733 3755 in
776 3699 889 3753 tilio
934 3705 1112 3751 autem
1163 3695 1486 3765 promittens
1530 3694 1687 3762 quia,
1738 3693 1877 3748 sicut
1927 3695 2059 3762 ipse

422 3793 628 3865 epatris
653 3791 734 3845 sui
770 3788 972 3842 monita
999 3793 1187 3840 sancta
1220 3783 1444 3853 implere
1483 3793 1768 3851 satagens,
1798 3784 2043 3852 angelico

456 3883 740 3947 comitatu,
784 3894 900 3935 non
944 3878 1117 3934 solum
1160 3876 1229 3930 ad
1276 3876 1600 3930 destinatam
1653 3876 2039 3946 profectionem

457 3976 618 4039 duci,
647 3973 741 4035 sed
768 3970 930 4026 etiam
973 3968 1042 4024 ad
1087 3968 1256 4038 ipsius
1289 3965 1522 4035 conjugii
1563 3964 1685 4034 jura
1740 3958 2040 4037 peragenda

428 4064 673 4122 'edoceri
708 4088 745 4129 ,-
777 4071 1054 4132 postremo
1101 4074 1317 4128 quoque
1369 4073 1492 4111 cum
1538 4057 1787 4127 plurimis
1841 4056 2041 4112 divitiis

457 4156 791 4228 nuptialibus
829 4154 1032 4210 ditatus
1055 4191 1069 4217 ,
1102 4152 1168 4207 ad
1207 4161 1416 4221 patrem
1472 4151 1671 4204 meruit
1713 4164 1902 4219 sospes
1950 4164 2039 4205 re-

457 4248 713 4315 duci,'ita
748 4243 1065 4303 omneslilii
1102 4242 1264 4314 justis
1293 4251 1576 4312 parentum
1614 4257 1834 4297 suorum
1863 4241 2041 4297 adma.

456 4338 756 4394 nitionihus
782 4335 1118 4400 obedientes,
1158 4342 1214 4390 et
1240 4333 1523 4404 praesentis
1554 4331 1676 4386 vita:
1702 4330 1958 4398 subsidia,
1984 4339 2039 4386 et

430 4431 659 4487 'aetérna
693 4427 886 4501 gaudia
913 4426 1155 4498 angelico
1181 4426 1346 4480 ductu
1374 4433 1685 4479 mereantur
1713 4422 1956 4492 adipisci.
1978 4422 2035 4477 In
2069 4411 2116 4473 D

458 4536 566 4591 quo
599 4519 760 4576 simul
787 4526 842 4572 et
894 4515 1025 4571 illud
1061 4514 1344 4570 intimatur
1380 4529 1446 4569 ne
1486 4515 1607 4584 quis
1645 4512 1901 4583 legitimis
1934 4529 2038 4567 nu-

458 4611 584 4683 ptiis
611 4609 881 4675 detrahat,
909 4622 1044 4678 quas
1071 4606 1150 4662 sic
1175 4597 1421 4677 angelico
1442 4605 1667 4660 consilio
1692 4605 1874 4674 peragi
1905 4620 2035 4659 con-

448 4703 682 4758 siderat.
710 4700 896 4771 Neque
944 4700 1088 4754 euim
1138 4708 1359 4769 propter
1397 4695 1699 4767 superﬂuos
1723 4707 1779 4751 ct
1824 4696 2039 4752 illicitos

460 4794 740 4850 hominum
775 4791 1047 4864 appetitus
1074 4790 1345 4845 institutio
1391 4789 1569 4843 divina
1600 4788 2036 4859 reprehendenda

459 4892 561 4940 est.

489 4981 495 4985 “
532 4977 588 5030 In
615 4975 797 5046 Moyse
826 4989 1041 5044 quoque
1070 4973 1298 5044 plurima
1323 4973 1539 5028 exhibet
1563 4973 1908 5035 docmnenta,
1939 4971 2038 5025 lau-

460 5068 706 5123 militatis
733 5067 942 5122 scilicet
966 5075 1020 5121 ct
1051 5066 1360 5134 sapientiae,
1392 5065 1521 5136 justi
1546 5065 1643 5119 zeli
1674 5073 1727 5117 et
1751 5062 2052 5133 providen-r

461 5157 935 5229 tim,pietatisque
982 5156 1281 5211 immensas.
1325 5156 1552 5211 lltnnilis
1596 5170 1830 5226 namque
1881 5155 2041 5210 nimis

463 5247 702 5313 exstitit,
727 5247 942 5318 quando
973 5244 1161 5300 Jethro
1190 5245 1468 5300 consilium
1501 5246 1662 5300 dante
1691 5260 1852 5315 super
1882 5245 2041 5299 rebus

463 5338 784 5410 quibusdam
855 5340 970 5412 ipse
993 5338 1241 5410 quamvis
1269 5353 1388 5394 cum
1422 5339 1530 5393 Deo
1565 5338 1767 5408 jugiter
1792 5337 2039 5405 loquere-

531 2163 588 2218 lu
614 2162 882 2219 Absalone
904 2159 1259 2216 nihilominus
1276 2167 1330 2213 et
1346 2154 1571 2212 duorum
1595 2155 1833 2225 judicum
1856 2141 2065 2212 contra,

2150 1787 2360 1841 cunctis
2393 1786 2517 1842 ﬁliis
2555 1788 2755 1853 Israel,
2801 1799 2854 1845 et
2884 1792 3019 1846 dixit
3066 1792 3322 1846 Dominus
3366 1795 3431 1848 ad
3485 1795 3737 1851 eumdem

2147 1868 2367 1947 Moysen
2397 1895 2408 1930 :
2437 1875 2711 1947 Usquequo
2733 1880 2965 1935 detrahet
2990 1883 3117 1934 mihi
3135 1883 3358 1952 populus
3379 1884 3511 1938 iste?
3540 1885 3736 1958 (lbid.)

2147 1967 2280 2020 Mira
2315 1983 2378 2022 ac
2422 1968 2670 2039 placabili
2712 1971 2954 2026 oratiOne
3000 1972 3135 2025 iram
3185 1971 3394 2027 Domini
3447 1975 3733 2048 mitigavit.

2149 2058 2280 2127 Qum
2311 2062 2523 2128 omnia,
2561 2063 2690 2119 licet
2722 2066 2962 2119 exterius
2990 2065 3214 2133 etjuxta
3249 2066 3483 2120 litteram
3510 2111 3523 2131 ,
3561 2067 3736 2140 Moysi

2147 2157 2473 2226 deputentur
2497 2158 2830 2224 clementiae,
2864 2158 3050 2213 intima
3080 2168 3257 2213 tamen
3288 2159 3391 2214 ﬁde
3417 2161 3484 2213 ad
3514 2161 3738 2231 pietatis

2147 2247 2344 2301 divina:
2402 2240 2862 2317 dispensationem
2911 2249 3190 2303 referenda
3236 2258 3399 2315 sunt,
3431 2258 3488 2303 nt
3544 2251 3595 2304 in
3647 2251 3735 2307 his

2148 2332 2396 2410 pastores
2417 2339 2621 2393 discant
2639 2332 2898 2409 quantum
2922 2337 3151 2393 subditis
3205 2339 3449 2393 misereri
3478 2339 3734 2395 debeant.

2216 2432 2408 2487 Adhuc
2436 2431 2597 2486 etiam
2639 2446 2726 2486 res
2754 2431 2888 2485 alias
2918 2432 3050 2485 satis
3090 2432 3437 2484 memoranda
3472 2432 3521 2484 in
3550 2430 3736 2503 Moyse

2154 2526 2366 2581 videtur
2394 2527 2688 2596 pensanda.
2716 2526 2849 2581 Nam
2873 2528 3118 2597 quamvis
3141 2542 3261 2582 eum
3286 2527 3543 2582 Dominus
3571 2528 3738 2583 mira-

2145 2621 2281 2676 culis
2310 2630 2364 2676 et
2389 2621 2559 2692 signis
2591 2636 2703 2691 pra:
2737 2620 3055 2675 mortalibus
3084 2621 3293 2675 cunctis
3334 2604 3730 2691 magnilicaret,

2146 2712 2359 2782 ipsique
2404 2712 2546 2765 inter
2592 2720 2786 2767 caetera
2836 2710 3222 2766 familiaritatis
3252 2712 3414 2765 verba
3457 2711 3679 2766 dixisset
3716 2729 3731 2763 :

2147 2801 2399 2857 Invenisti
2423 2803 2652 2871 gratiam
2676 2817 2851 2855 coram
2878 2798 2997 2866 me,
3029 2810 3075 2854 et
3110 2811 3158 2855 te
3200 2801 3368 2870 ipsum
3401 2801 3517 2854 uori
3546 2816 3610 2854 ea:
3637 2818 3735 2853 uo-

2145 2897 2303 2962 mine,
2332 2907 2379 2952 et
2412 2912 2561 2950 omne
2592 2896 2782 2950 bonum
2827 2897 3097 2951 ostendam
3146 2897 3239 2950 tibi
3264 2897 3464 2967 (Exod.
3497 2897 3731 2968 XXXIII);

2148 2989 2424 3058 multaque
2473 2986 2815 3056 huiusmodi,
2874 2998 3055 3043 tamen
3104 2989 3308 3059 absque
3354 2998 3578 3060 peccato
3622 3003 3732 3041 non

2145 3088 2228 3134 est
2264 3080 2513 3133 inventus
2539 3094 2720 3134 coram
2766 3094 2855 3146 eo,
2897 3088 2956 3133 ut
2986 3078 3263 3150 Scriptura
3295 3088 3521 3134 testatur
3546 3079 3610 3131 de
3640 3078 3734 3133 illo

2144 3176 2198 3223 et
2224 3169 2424 3221 Aaron.
2459 3166 2628 3233 Quia,
2654 3168 2861 3238 inquit,
2893 3185 2994 3222 non
3019 3169 3313 3222 credidistis
3337 3155 3483 3231 mihi,
3519 3178 3570 3220 ιιι
3600 3183 3726 3223 sau-

2144 3258 2445 3327 ctiﬁcaretis
2493 3274 2572 3312 me
2617 3275 2792 3312 coram
2834 3256 2963 3327 ﬁliis
3014 3256 3214 3321 Israel,
3255 3275 3357 3313 non
3390 3258 3732 3313 iutrorlucetis

2142 3352 2236 3405 Iros
2264 3349 2481 3421 populos
2517 3351 2571 3404 in
2618 3360 2810 3403 terram
2844 3367 3002 3417 quam
3034 3348 3169 3402 dabo
3196 3350 3268 3403 eis
3294 3348 3481 3418 (Num.
3515 3348 3636 3411 xx),
3669 3355 3733 3401 ut.

2143 3441 2456 3511 impleretur
2486 3442 2625 3510 quod
2679 3441 2938 3508 scriptum
2968 3448 3099 3494 est:
3142 3439 3279 3504 Quia
3317 3454 3419 3492 non
3456 3438 3732 3509 justi/ica-

2143 3533 2281 3585 bitur
2309 3532 2361 3584 in
2402 3540 2676 3599 conspectu
2701 3514 2814 3598 ejus
2846 3529 3014 3582 omnis
3044 3528 3211 3582 vivens
3238 3526 3407 3597 (Psal.
3443 3529 3642 3599 CXLII);
3675 3535 3735 3583 ct

2144 3623 2336 3676 iterum
2364 3639 2377 3673 ε
2408 3620 2530 3673 Νοη
2559 3627 2635 3673 est
2659 3621 2812 3671 homo
2831 3618 3011 3688 justus
3033 3633 3189 3685 super
3208 3626 3421 3680 terram,
3447 3619 3536 3686 qui
3560 3618 3730 3685 [ιςεξασ

2143 3710 2329 3763 bonum
2356 3719 2401 3762 et
2432 3723 2531 3761 non
2553 3716 2720 3778 peccet
2746 3704 2942 3778 (Eccte.
2962 3705 3088 3777 vit);
3119 3704 3331 3776 Deoque
3351 3705 3446 3760 soli
3467 3720 3729 3764 anamar-

2144 3807 2317 3863 teton,
2346 3799 2397 3852 id
2424 3807 2530 3863 est,
2561 3797 2902 3866 impeccantia
2943 3805 3238 3867 aptaretur,
3265 3804 3321 3849 ut
3369 3796 3437 3852 de
3485 3812 3551 3853 eo
3595 3799 3729 3872 legi-

2142 3899 2260 3944 tur:
2296 3872 2401 3955 Qui
2430 3898 2696 3959 peccatum
2735 3903 2837 3941 non
2869 3886 3028 3956 fecit,
3062 3904 3153 3942 nec
3194 3889 3429 3945 inventus
3468 3901 3542 3946 est
3571 3892 3728 3949 dolus

2139 3981 2197 4033 in
2223 3995 2312 4033 ore
2333 3979 2448 4049 ejus
2467 3976 2520 4049 (I
2549 3976 2690 4031 Petr.
2723 3976 2804 4048 tt).
2829 3975 2995 4030 Nemo
3020 3986 3195 4033 autem
3228 3979 3279 4033 in
3308 3980 3394 4034 his
3419 3988 3727 4049 moveatur,

2142 4084 2265 4123 cum
2299 4054 2561 4139 scriptum
2586 4069 2658 4122 sit
2688 4082 2701 4121 :
2733 4066 2870 4132 Quia
2894 4067 3007 4121 caeli
3039 4084 3141 4122 non
3165 4078 3284 4123 sunt
3313 4069 3498 4123 mundi
3525 4070 3579 4124 in
3606 4086 3730 4125 can.

2141 4171 2315 4233 specta
2366 4160 2480 4228 eius
2512 4158 2633 4229 (Job
2658 4160 2783 4229 xv);
2837 4158 2929 4213 sed
2959 4158 3202 4213 attendat
3247 4158 3482 4228 aliquam
3528 4158 3751 4233 merito

2141 4265 2261 4308 esse
2288 4249 2644 4307 diﬁ‘erentiam
2673 4248 2814 4304 inter
2838 4248 3004 4302 Deum
3025 4256 3081 4302 et
3107 4248 3401 4303 hominem.

2735 4358 2965 4439 CAPUT
3002 4359 3138 4415 xm.

2137 4457 2337 4516 Eadem
2378 4460 2619 4515 doctrina
2646 4457 2785 4514 Novi
2810 4458 3125 4515 Testamenti
3164 4456 3411 4524 exemplis
3432 4456 3717 4524 conﬁrma-

2207 4538 2315 4586 tur.
2371 4529 2645 4597 Quomodo
2695 4530 2995 4585 dwmouum
3042 4527 3415 4585 tentationibus
3474 4529 3718 4582 resisten-

2210 4607 2356 4666 dum,
2386 4609 2493 4656 etc.
2670 4620 2671 4623 η
2745 4619 2749 4622 ν
2852 4618 2855 4621 ·
3740 4620 3741 4623 η

2213 4691 2527 4762 Bujusmodi
2559 4694 2743 4765 itaque
2769 4692 3034 4763 exemplis
3063 4689 3130 4747 de
3157 4689 3339 4747 Veteri
3374 4688 3723 4744 Testamento

2147 4786 2391 4859 prolatis,
2430 4784 2543 4856 jam
2579 4802 2710 4843 vero
2739 4788 2805 4841 de
2854 4786 3003 4843 Novo
3033 4786 3371 4855 proferamus
3394 4783 3599 4852 aliqua,
3634 4780 3725 4833 ubi

2054 4904 2057 4913 ι
2143 4878 2412 4950 imprimis
2443 4895 2538 4936 eos
2566 4881 2656 4949 qui
2701 4880 2865 4935 etiam
2899 4879 3151 4949 primitias
3177 4886 3490 4932 sanctorum
3522 4888 3725 4927 vocan-

2143 4976 2257 5035 tur,
2285 4968 2540 5026 videlicet
2571 4977 2786 5025 sanctos
2810 4969 3044 5025 infantes
3070 4969 3139 5024 ab
3163 4967 3375 5023 Herode
3407 4964 3726 5035 trucidatos,

2146 5073 2349 5131 ponere
2386 5060 2678 5126 volumus;
2730 5060 2785 5114 in
2832 5060 3028 5130 quibus
3075 5059 3330 5113 nimirum
3369 5056 3472 5110 hoc
3519 5054 3730 5109 videtur

2143 5162 2394 5217 Christus
2454 5171 2550 5209 nos
2586 5156 2812 5214 docere,
2844 5160 2901 5203 ut
2937 5147 3223 5202 credamus
3252 5147 3550 5216 quoniam,
3580 5144 3721 5198 sicut

2143 5255 2301 5309 iidem
2330 5248 2699 5308 infantes,‘nec
2722 5241 2947 5297 scientia
2977 5254 3075 5293 nec
3110 5239 3320 5293 meritis
3343 5237 3465 5291 ullis
3492 5235 3718 5301 snﬂ‘ulti,

2142 5344 2234 5398 sed
2270 5339 2381 5396 sola
2414 5337 2507 5392 Dei
2557 5334 2728 5407 gratia
2778 5331 2923 5402 digni
2974 5327 3149 5384 effecti
3201 5337 3327 5384 sunt
3359 5343 3455 5398 pro
3481 5326 3602 5398 ejus
3628 5342 3725 5381 no-

2584 5438 2765 5450 ,ι-ιι-ιηα
2818 5422 2905 5450 nn:
2936 5422 2987 5450 :n
3025 5421 3137 5450 ἶιιιιΛ
3166 5419 3516 5450 -ηηιιηηηηπιη
3564 5427 3685 5450 ann!
