3998 5450
281 304 343 356 ’Π
1234 288 1503 349 DIALOG.
1540 286 1630 343 DE
1664 282 1915 345 TllIBUS
1949 281 2493 353 QUASSTIONIDUS.
3474 281 3540 339 75

282 422 366 469 est
393 407 625 466 humiles
671 419 794 462 esse
834 404 1084 470 student,
1131 403 1275 475 quod
1321 412 1406 459 est
1449 401 1693 473 pueritia:
1723 413 1861 454 verae
1890 401 1935 461 Α
1967 397 2221 462 instruit,
2264 407 2322 452 ut
2351 396 2423 451 nil
2453 396 2554 453 nisi
2578 394 2785 465 justum
2822 396 3067 454 videatur
3089 396 3350 471 quidquid
3376 401 3442 456 ab
3464 402 3546 457 eis

280 502 570 565 indicium,
630 498 811 554 divina
868 496 1039 569 gratia
1091 494 1396 551 elliciantur
1441 492 1611 562 digni,
1669 490 1753 547 vel
1804 490 1855 546 in

281 607 429 663 pace,
459 590 545 646 vel
604 587 850 659 martyrii
889 586 1070 658 palma
1102 585 1310 640 ctelesti
1364 599 1529 653 regno
1577 581 1856 637 associari.

282 683 409 747 Quia
454 696 586 751 ergo
643 679 696 734 in
730 678 814 732 his
846 675 1148 732 infantibus
1177 689 1371 730 onmes
1403 675 1456 729 in
1492 688 1549 728 se
1577 672 1859 727 credentes

280 772 552 844 piissimus
578 769 799 824 Arbiter
830 768 933 830 ita,
969 776 1027 821 ut
1064 767 1268 821 dictum
1301 774 1419 830 est,
1443 762 1712 819 consolari
1741 777 1861 816 crc—

280 862 442 926 ditur,
475 860 780 916 referamus
815 857 1031 928 aliquod
1086 857 1140 912 in
1163 871 1273 925 quo
1292 854 1644 910 nihilominus
1671 866 1862 907 omnes

278 954 510 1026 perﬁdos
532 967 765 1023 arguere
793 951 1060 1007 videatur.

342 1044 446 1099 Sed
472 1044 607 1112 quid
630 1042 873 1113 apertius
900 1042 966 1095 ad
996 1041 1098 1094 hoc
1126 1038 1368 1109 reperire
1396 1037 1674 1092 valeamus
1696 1051 1859 1107 quam

280 1136 413 1207 quod
439 1137 509 1191 de
535 1135 750 1191 Herode
770 1149 930 1205 super
942 1132 1159 1188 Christo
1175 1130 1863 1200 fraudulenterinquirente

279 1236 330 1281 et
353 1223 555 1280 Iud-eis
584 1224 1044 1295 respondentibus
1070 1222 1329 1293 legimus?
1355 1221 1427 1276 illi
1455 1237 1709 1290 namque,
1736 1221 1862 1289 quia

278 1314 456 1370 dolose
481 1315 763 1369 Christum
797 1313 1124 1383 investigare
1156 1313 1507 1375 stmluerunt,
1553 1327 1659 1365 non
1689 1310 1862 1365 solum

277 1421 392 1461 eum
426 1407 656 1461 minime
688 1407 1034 1468 invenerunt,
1067 1404 1162 1459 sed
1189 1404 1351 1458 etiam
1381 1406 1449 1457 ad
1475 1412 1679 1458 tantam
1701 1443 1715 1465 ,
1744 1418 1864 1472 per-

277 1497 411 1553 ﬁdiae
432 1513 548 1552 suae
569 1513 760 1561 causa,
805 1496 1097 1566 nequitiam
1127 1495 1372 1564 perducti
1414 1504 1544 1549 sunt
1569 1503 1627 1549 ut
1660 1504 1715 1549 et
1746 1494 1861 1563 ipse

279 1585 539 1650 Herodes,
568 1602 668 1656 pro
693 1586 914 1641 Christo
942 1584 1244 1654 plectendu,
1268 1583 1553 1638 infantium
1584 1584 1866 1653 prmdicto-

277 1695 388 1733 rum
436 1678 864 1733 innumerabilia
913 1677 1126 1747 agmina
1180 1684 1436 1741 necaret,
1479 1684 1534 1730 et
1585 1674 1755 1730 Judari
1810 1674 1861 1727 in

1964 491 2151 561 iniqua
2194 488 2489 545 intentione
2525 489 2816 559 profertur,
2854 507 2959 546 non
2990 492 3393 569 attendentibus
3421 492 3545 550 ideo

1960 597 2020 637 se
2051 582 2152 637 hac
2177 580 2414 634 falsitate
2447 581 2649 644 deludi,
2680 581 2805 651 quia
2850 597 3078 651 nequam
3110 582 3256 637 illum
3285 583 3499 639 oculum
3524 622 3544 651 ,

1961 677 2028 732 de
2056 692 2166 747 quo
2202 675 2461 730 Dominus
2489 676 2543 730 iu
2573 675 2864 747 Evangelia
2889 676 3021 733 dicit
3053 696 3067 731 :
3101 676 3164 733 Si
3200 676 3382 733 oculus
3421 686 3546 734 tuus

1962 783 2183 839 mquam
2220 767 2399 837 fuerit,
2445 776 2610 821 totum
2656 783 2842 839 corpus
2884 778 3035 825 tuum
3081 770 3407 826 tenebrosum
3444 770 3547 827 erit

1964 856 2180 928 (Matth.
2209 859 2308 929 vr),
2344 857 2595 913 retinent.

2035 948 2272 1019 Nequam
2305 944 2548 1019 proleCto
2584 956 2668 1004 est
2713 949 2902 1005 oculus
2952 950 3041 1006 illa
3084 965 3253 1022 prava
3293 951 3548 1020 intentio,

1963 1055 2071 1110 qua
2113 1038 2344 1108 quilibet
2400 1038 2574 1094 aliena
2623 1048 2881 1109 appetens
2928 1041 3075 1095 omni
3123 1041 3283 1096 modo
3332 1041 3549 1098 laborat

1968 1139 2078 1184 tam
2137 1129 2355 1199 scriptis
2406 1144 2567 1198 quam
2619 1129 2933 1199 vulgaribus
2994 1128 3235 1201 iudiciis,
3313 1132 3549 1203 qualiter

1964 1236 2236 1294 pauperes
2264 1229 2319 1276 et
2348 1219 2623 1291 simplices
2651 1221 3029 1291 supplantans.
3060 1222 3282 1292 antiqua
3332 1232 3551 1278 sancto-

1968 1330 2087 1368 rum
2136 1313 2360 1368 Patrum
2392 1313 2609 1368 decreta
2639 1313 2913 1384 dissipans
2937 1314 3243 1368 desiderata
3270 1313 3548 1376 obtineat,

1967 1412 2076 1460 non
2106 1404 2394 1459 attendens
2431 1405 2575 1474 quod
2634 1404 2892 1460 Dominus
2918 1420 3015 1475 per
3044 1406 3361 1475 prophetam
3396 1422 3550 1461 coma

1967 1495 2230 1559 minatur,
2284 1494 2472 1549 dicens
2516 1512 2528 1547 :
2603 1491 2694 1549 Va:
2738 1495 2829 1564 qui
2873 1495 3105 1549 condunt
3156 1494 3291 1566 leges
3344 1497 3551 1568 iniquas

1968 1584 2124 1655 (lsai.
2161 1584 2237 1654 κ).
2265 1584 2329 1638 Et
2360 1585 2554 1639 iterum
2591 1602 2604 1638 :
2657 1582 2745 1639 Va:
2772 1586 2863 1655 qui
2900 1585 3079 1639 dicunt
3115 1585 3305 1640 bonum
3329 1586 3550 1651 malum,

1968 1685 2014 1730 et
2046 1675 2242 1729 malum
2292 1676 2506 1740 bonum,
2555 1684 2803 1744 ponentes
2851 1675 3087 1730 tenebras
3115 1676 3171 1730 in
3202 1676 3370 1732 lucem
3391 1687 3440 1732 et
3465 1676 3553 1732 lu-

275 1769 477 1824 Christi
518 1768 847 1839 quandoque
893 1783 1080 1823 necem
1126 1767 1524 1836 conspirarent.
1570 1765 1688 1833 Quo
1734 1778 1864 1818 sane
1896 1749 1940 1808 Β
1968 1784 2078 1822 cem
2102 1769 2160 1821 in
2185 1766 2423 1822 tenebras
2477 1766 2632 1836 (lsai.
2662 1768 2737 1837 ν).
2771 1767 2969 1822 Lucem
3002 1767 3054 1821 in
3103 1770 3355 1824 tenebras
3401 1768 3557 1840 ponit

274 1868 393 1912 actu
424 1874 640 1922 omnes,
684 1858 778 1929 qui
805 1857 1083 1912 Christum
1110 1855 1310 1925 duplici
1355 1855 1518 1910 corde
1545 1864 1866 1923 sequuntur,

276 1947 548 2018 increpari
575 1947 857 2000 videntur.

339 2038 598 2106 Qualiter
637 2037 806 2092 etiam
860 2036 1255 2091 tcntationibus
1282 2034 1567 2090 diabolieis
1613 2033 1870 2089 resistere

274 2130 602 2194 debeamus,
624 2128 878 2184 Christus
903 2143 1002 2182 nos
1023 2127 1240 2192 edocet,
1264 2127 1355 2197 qui
1384 2128 1661 2191 tentatori,
1687 2141 1871 2195 quam-

272 2219 354 2273 vis
383 2219 489 2274 sibi
519 2218 706 2274 omnia
739 2217 882 2272 nuda
924 2225 979 2271 et
1006 2229 1192 2287 aperta
1226 2225 1410 2289 essent
1441 2213 1627 2284 (Hebr.
1655 2219 1729 2285 iv)
1748 2255 1762 2279 ,
1791 2221 1874 2267 ta-

272 2329 399 2370 men
428 2312 616 2379 nullis,
646 2300 750 2367 nisi
780 2326 950 2366 saeue
981 2308 1277 2379 Scriptura:
1298 2309 1498 2373 verbis,
1544 2311 1874 2377 reSpoudere

273 2405 451 2461 voluit
475 2404 667 2459 dicens
702 2421 716 2456 :
750 2402 1013 2473 Scriptum
1046 2412 1119 2456 est
1152 2415 1169 2452 :
1206 2400 1327 2454 Non
1355 2400 1409 2453 in
1443 2398 1555 2453 solo
1580 2414 1715 2467 pune
1741 2398 1871 2451 rit-et

277 2496 463 2559 homo,
495 2493 589 2549 sed
639 2492 693 2547 in
722 2495 862 2545 omni
917 2491 1068 2546 verba
1112 2490 1251 2558 quod
1275 2490 1506 2557 procedit
1544 2487 1608 2541 de
1654 2503 1744 2541 ore
1779 2484 1872 2540 Dei

275 2583 499 2643 (Blattio.
534 2582 633 2653 tv).
658 2582 728 2637 Et
752 2582 946 2637 iterum
976 2597 992 2635 :
1026 2581 1294 2650 Scriptum
1330 2591 1449 2635 est:
1481 2579 1604 2634 Non
1648 2579 1887 2633 teutabis'

280 2671 569 2728 Dominum
619 2673 792 2727 Deum
845 2682 1012 2726 tuum.
1046 2673 1114 2728 Et
1152 2688 1366 2728 rursum
1400 2690 1413 2726 :
1448 2671 1715 2742 Scriptum
1740 2680 1818 2725 est
1852 2685 1872 2724 :

278 2761 568 2815 Dominum
629 2762 794 2817 Deum
850 2772 999 2817 tuum
1058 2762 1304 2816 adorabis
1345 2771 1394 2815 et
1433 2760 1511 2814 illi
1549 2759 1651 2814 soli
1684 2760 1873 2814 servies

278 2853 493 2926 (lbid.).
525 2855 735 2924 Quibus
763 2855 946 2910 verbis
973 2868 1161 2909 omnes
1190 2853 1374 2908 ﬁdeles
1404 2853 1763 2917 instruuntur,
1815 2859 1875 2905 ut

280 2944 333 2999 in
361 2946 665 3000 tentatione
704 2945 866 3015 positi
912 2960 1124 2999 sacram
1164 2958 1379 3013 semper
1416 2942 1665 3014 paginam
1710 2942 1874 3011 inspi-

279 3037 448 3101 ciunt,
506 3054 681 3093 sacra:
743 3037 1042 3109 Scriptura:
1090 3037 1253 3092 verba
1296 3051 1513 3107 semper
1567 3036 1869 3107 attendant.

282 3130 691 3186 Demonstravit
712 3132 874 3186 etiam
904 3131 1061 3186 nobis
1082 3130 1344 3186 Dominus
1370 3129 1422 3184 in
1448 3144 1545 3184 sua
1577 3128 1872 3185 tentatione

281 3231 487 3290 quanta
519 3222 819 3277 calliditate
866 3221 1114 3277 diabolus
1160 3236 1372 3277 sacram
1423 3218 1758 3290 Scripturam
1802 3219 1871 3273 ad

279 3317 570 3385 pravitatis
596 3332 708 3373 sum
761 3316 1116 3372 intentionem
1170 3315 1389 3370 ﬂectere
1434 3326 1681 3369 conetur.
1737 3311 1871 3368 Cum

281 3406 424 3460 enim
457 3405 536 3460 iili
573 3422 736 3478 supra
769 3407 1119 3476 pinnaculum
1147 3406 1329 3475 templi
1372 3413 1576 3460 statuto
1618 3416 1874 3475 suggere-

280 3507 383 3559 ret,
410 3496 636 3551 dicens:
667 3495 819 3550 Mitte
839 3506 889 3550 te
914 3496 1155 3550 deorsum
1181 3495 1389 3566 (Ibid),
1420 3510 1543 3548 mox
1572 3492 1897 3548 Psalmistze‘

281 3590 444 3652 dicta,
476 3588 635 3659 quasi
656 3588 721 3642 ad
750 3588 803 3643 id
833 3588 975 3657 quod
1003 3588 1323 3657 suggerebat
1351 3587 1480 3642 olim
1512 3584 1872 3656 praenuntiata

285 3680 555 3745 fuissent,
608 3680 928 3750 subiunxit:
979 3677 1245 3748 Scriptum
1273 3688 1380 3742 est,
1423 3676 1700 3745 inquiens,
1749 3676 1874 3746 quia

286 3773 485 3844 angelis
508 3774 618 3825 suis
645 3770 914 3825 ntaudauit
943 3769 1006 3823 de
1031 3779 1080 3822 te
1133 3778 1187 3822 ut
1219 3768 1277 3823 in
1315 3767 1555 3822 manibus
1580 3767 1765 3820 tollant
1802 3777 1873 3832 te,

287 3878 347 3916 ne
376 3878 612 3933 unquam
639 3860 879 3929 offendas
910 3860 979 3913 ad
1012 3858 1238 3930 lapidem
1268 3858 1449 3928 pedem
1476 3868 1627 3912 tuum
1661 3857 1873 3929 (Ibid.).

287 3951 609 4025 llnjusmodi
644 3953 805 4022 igitur
828 3950 1093 4006 diabolica
1117 3951 1354 4005 versutia
1386 3965 1724 4020 nequaquam
1757 3965 1878 4006 crc-

287 4044 458 4099 denda
507 4053 595 4112 est
649 4043 847 4098 frustra
900 4041 1150 4113 prolata,
1203 4043 1298 4097 sed
1346 4041 1541 4096 exinde
1585 4040 1878 4096 edocemnr

291 4144 487 4202 quanta
517 4149 649 4188 cura
690 4133 845 4187 nobis
875 4133 948 4187 sit
977 4130 1439 4186 contraeamdem
1468 4130 1761 4185 versutiam
1794 4130 1877 4184 vi-

290 4224 583 4292 gilandum.
614 4224 739 4294 Agit
771 4224 920 4279 enim
966 4223 1019 4276 in
1065 4222 1224 4277 nobis
1252 4223 1493 4291 quotidie
1516 4262 1531 4283 ,
1560 4237 1681 4292 qua:
1710 4221 1877 4278 semel

291 4312 343 4366 iu
372 4314 601 4367 Domino
640 4312 985 4383 praesumpsit
1023 4326 1217 4382 agere,
1249 4320 1465 4367 tentans
1492 4312 1743 4367 videlicet
1780 4327 1877 4366 nos

293 4401 629 4459 fraudulenta
680 4419 855 4459 sacra:
909 4402 1211 4475 Scriptura:
1255 4401 1497 4457 illatione
1537 4402 1590 4457 in
1631 4416 1874 4458 errorem

292 4493 519 4565 aliquem
556 4494 835 4551 inducere.
931 4524 937 4531 φ

882 4629 1110 4686 CAPUT
1148 4628 1285 4684 XIV.

293 4741 488 4797 Contra
506 4759 718 4813 pravam
750 4740 948 4795 divina:
977 4738 1264 4811 Scriptum
1295 4740 1798 4813 interpretatiouettt,
1822 4746 1874 4793 et

518 4815 799 4867 avaritiam
830 4813 1274 4882 rapacitatemque
1300 4811 1630 4865 clericorum.

294 4946 331 5008 ε
360 4945 473 5002 Nec
501 4947 714 5012 tnirum,
744 4945 794 5000 si
828 4943 1060 5000 Satanas
1094 4961 1305 5001 sacram
1346 4943 1678 5016 Scripturam
1709 4945 1875 5002 simn-

296 5036 402 5092 lata
433 5030 843 5107 qualibetiiista
875 5039 1082 5093 ratione
1123 5038 1190 5092 ad
1214 5054 1376 5104 suam
1421 5041 1715 5109 nequitiam
1758 5054 1876 5092 ver-

297 5134 410 5180 tere
436 5127 624 5192 valeat,
653 5129 751 5199 qni
783 5141 846 5182 se
869 5126 919 5180 iu
943 5129 1191 5197 angelum
1216 5129 1351 5182 lucis
1376 5132 1742 5202 transﬁgurat.
1770 5127 1878 5183 Sed

283 5210 501 5266 lunatam
546 5219 731 5266 Inainri
790 5219 1086 5266 calliditate
1143 5237 1299 5266 sitam
1356 5225 1645 5266 nanuitiam
1691 5230 1880 5266 ('nnlﬂ-

1905 4453 1952 4513 D
2032 4448 2038 4453 .

1970 1857 2061 1927 qui
2095 1872 2265 1912 saeta:
2312 1857 2610 1928 Scriptura:
2656 1856 2820 1912 verba
2862 1872 3113 1927 perverse
3142 1858 3449 1929 intelligens
3498 1858 3553 1913 in

1872 1966 1875 1971 ‘
1969 1955 2174 2011 erroris
2194 1955 2276 2011 sui
2304 1953 2735 2024 supplementum
2758 1955 2948 2022 stunit,
2974 1954 3115 2011 sicut
3135 1954 3373 2011 haeretici
3400 1929 3556 2011 multi

1974 2045 2174 2100 fecisse
2206 2040 2477 2115 leguntur.

2041 2135 2166 2190 [late
2197 2146 2379 2189 autem
2421 2135 2543 2190 ideo
2596 2136 2801 2207 aliquid
2859 2136 3016 2192 solito
3075 2138 3341 2209 prolixius
3387 2138 3554 2205 edidi,

1970 2227 2117 2297 quia,
2151 2242 2251 2296 pro
2275 2226 2453 2281 dolor!
2490 2242 2726 2297 agnosco
2749 2244 2890 2283 ltlltlc
2911 2244 3048 2298 pene
3075 2245 3267 2285 omnes
3293 2237 3557 2294 rectores,

1973 2327 2084 2373 tam
2125 2317 2355 2373 clericos
2388 2333 2550 2387 quam
2582 2318 2773 2384 laicos,
2812 2321 2888 2374 nil
2938 2321 3111 2391 magis
3146 2322 3363 2376 studere
3391 2335 3556 2391 quam

1972 2415 2151 2469 aliena
2201 2427 2419 2483 rapere.
2451 2414 2833 2469 Verumtamen
2863 2414 3096 2470 clericos
3124 2410 3192 2471 ab
3239 2414 3553 2483 huiusmodi

1975 2504 2165 2559 morbo
2198 2503 2342 2558 nulla
2371 2510 2507 2559 cura
2531 2504 2650 2574 plus
2678 2520 2841 2575 quam
2871 2505 3167 2575 Scriptum
3196 2521 3366 2561 sacrm
3395 2507 3557 2561 lectio

1976 2601 2224 2656 sanaret,
2262 2594 2308 2648 si
2336 2608 2459 2648 eam
2483 2594 2663 2649 studio
2705 2601 2913 2649 tantum
2944 2597 3302 2665 agnoscenda:
3349 2598 3556 2653 verita-

1974 2684 2044 2739 tis
2071 2699 2292 2754 sumque
2336 2685 2733 2742 emendationis
2785 2701 2949 2741 causa
3004 2703 3215 2743 stmnna
3254 2688 3559 2744 humilitate

1975 2776 2404 2846 frequentarent,
2438 2780 2603 2834 Deum
2627 2777 2834 2849 iugiter
2861 2794 2965 2849 pro
2989 2780 3267 2836 intellectu
3300 2798 3434 2851 puro
3455 2797 3556 2836 ex-

1974 2878 2216 2925 orantes.
2264 2869 2401 2924 Nam
2432 2872 2522 2942 qui
2555 2870 2658 2924 alia
2689 2872 2989 2926 intentione
3019 2871 3196 2943 legere
3221 2871 3397 2928 solent
3438 2874 3581 2927 nul-'

1977 2961 2085 3016 lam
2118 2961 2532 3018 aediﬁcationem
2575 2965 2771 3019 exinde
2820 2965 3103 3035 percipere
3130 2976 3429 3031 merentur,
3462 2964 3581 3021 sed

1978 3052 2040 3108 lit
2100 3053 2152 3107 in
2208 3053 2289 3109 eis
2340 3055 2483 3124 quod
2531 3055 2795 3124 scriptum
2844 3064 2971 3110 est:
3015 3055 3210 3110 Oculos
3263 3057 3475 3122 habent,
3507 3066 3556 3111 et

1977 3159 2083 3198 non
2111 3143 2389 3211 ridebunt;
2431 3161 2588 3199 aures
2636 3145 2850 3211 habent,
2897 3155 2946 3199 et
2995 3162 3097 3200 non
3125 3147 3341 3201 audient
3368 3145 3553 3217 (Psal.

1975 3235 2155 3306 cun).
2222 3262 2223 3267 η

2049 3326 2248 3381 Eadem
2300 3340 2429 3383 vero
2471 3328 2730 3393 accitas,
2778 3345 2899 3394 qum
2954 3327 3169 3383 clericis
3216 3344 3283 3385 ex
3346 3328 3558 3385 lihralis

1979 3415 2078 3488 [sic
2109 3426 2324 3488 uterque
2349 3419 2468 3472 cod.
2496 3435 2516 3483 ;
2560 3418 2695 3487 forte
2738 3418 2837 3488 leg.
2871 3418 3132 3490 liberalis]
3163 3419 3404 3476 scientia:
3436 3435 3561 3475 cre-

1977 3507 2062 3562 nit
2109 3508 2409 3576 abusione,
2441 3510 2597 3565 laieis
2636 3512 2878 3565 nascitur
2904 3525 2971 3564 ex
3020 3500 3298 3565 saecularis
3343 3508 3558 3580 sapien-

1976 3599 2068 3653 tia!
2097 3600 2536 3670 praesumptione.
2561 3600 2696 3655 Cum
2735 3600 2881 3653 enim
2933 3608 3138 3653 tantam
3179 3599 3429 3670 peritiam
3480 3598 3563 3655 di-

1977 3690 2135 3745 ceudi
2167 3690 2422 3761 quaelibet
2464 3700 2516 3745 et
2565 3690 2887 3746 defendendi
2939 3676 3196 3751 habeant,
3261 3697 3321 3743 ut
3371 3688 3427 3744 in
3475 3689 3561 3745 eis

1978 3781 2155 3849 ipsum
2186 3779 2420 3835 Tullium
2451 3781 2822 3855 disputantem
2859 3790 3101 3851 putares,
3143 3789 3415 3848 tantaeque
3471 3793 3562 3835 sa-

1978 3872 2196 3943 pientiae
2242 3872 2505 3927 talentum
2555 3888 2622 3928 ex
2656 3873 2766 3928 Deo
2804 3865 3116 3942 acciperent
3163 3886 3324 3925 causa
3373 3869 3564 3924 delen-

1979 3964 2140 4018 dendi
2186 3964 2461 4034 simplices
2484 3974 2539 4025 et
2586 3978 2873 4035 pauperes,
2920 3964 2995 4018 illi
3035 3970 3280 4029 econtra,
3306 3978 3338 4017 ο
3368 3963 3558 4016 nefas!

1979 4057 2223 4112 avaritia:
2253 4055 2463 4113 facibus
2494 4056 2839 4121 inﬂammati,
2868 4066 2925 4111 et
2970 4057 3042 4111 ob
3076 4057 3180 4111 hoc
3211 4070 3436 4125 prorsus
3458 4056 3556 4108 oh-

1980 4148 2188 4212 etecati,
2217 4164 2558 4218 quorumque
2586 4149 2725 4205 bona
2755 4152 3282 4218 possuntdevorant,
3315 4157 3561 4201 ventrem

1979 4256 2081 4312 pro
2135 4240 2279 4305 Deo,
2327 4240 2646 4312 temporalia
2686 4251 2835 4295 tncra
2894 4255 2995 4310 pro
3045 4250 3250 4295 teterna
3306 4238 3565 4294 feliCitate

1981 4339 2250 4387 amantes.

2586 4438 2814 4497 CAPUT
2852 4440 2970 4496 XV.

1986 4571 2188 4627 Divina:
2234 4572 2438 4643 pietatis
2483 4584 2557 4628 est
2615 4574 2864 4674 virtutum
2927 4586 2975 4628 et
3032 4576 3272 4631 vitiorum
3317 4572 3601 4643 exemplis

2579 4656 2718 4700 recta
2761 4656 2965 4699 docere.

2052 4774 2185 4831 ltem
2239 4791 2308 4832 ne
2356 4777 2424 4832 de
2467 4779 2924 4848 promissiouibus
2969 4780 3084 4835 suis
3110 4795 3347 4848 unquam
3378 4781 3565 4849 despe-

1992 4881 2194 4929 remus,
2227 4867 2496 4938 exemplis
2543 4870 2869 4940 quihusdam
2907 4869 3092 4926 docuit
3138 4884 3238 4924 nos
3286 4872 3568 4926 Dominus.

1986 4957 2523 5030 Promisitdeniquc
2576 4960 2858 5032 iiscipulis
2895 4962 3011 5017 suis
3049 4960 3319 5030 simulque
3360 4963 3571 5018 cunctis

1985 5049 2039 5104 in
2083 5063 2143 5105 se
2171 5049 2543 5115 credentibus,
2589 5055 2820 5109 dicens:
2858 5049 2962 5105 Ubi
3000 5061 3121 5108 sunt
3169 5052 3296 5117 duo,
3342 5052 3420 5106 uel
3465 5039 3584 5107 tres

1983 5155 2209 5209 rongreg
2252 5158 2258 5179 π
2314 5141 2369 5194 iu
2402 5142 2615 5198 nomine
2642 5136 2782 5207 meo,
2815 5140 2885 5195 ibi
2924 5160 3043 5197 sum
3083 5145 3140 5197 in
3188 5142 3359 5196 medio
3385 5156 3567 5197 eorum

1986 5229 2180 5266 ΙΜηΗΙ»

2239 5233 2390 5266 ευιηὶ
2448 5231 2760 5266 ιὶιιη.1η..ισι
2815 5235 3032 5266 cncinnu-
3086 5230 3302 5266 Smnlnv‘n
3351 5230 3572 5266 enin-ha-
