3998 5450
396 293 508 356 ’τμθ

398 446 413 459 "
434 451 541 499 non
588 442 732 492 esset
769 433 1004 507 agnitus,
1052 435 1325 504 omnibus,
1373 450 1496 509 qua:
1543 439 1610 495 de
1666 439 1784 511 ipso
1828 450 2004 508 erant,
2038 419 2084 479 Α

435 529 734 600 Scripturis
781 530 1056 586 instruxit.
1484 572 1489 575 .

501 619 699 677 Docuit
750 621 916 684 etiam
953 621 1204 694 praelatos
1231 622 1464 693 quodam
1508 625 1755 696 exemplo
1783 641 1888 681 non
1912 627 2012 682 de-

409 712 560 770 ‘here
586 713 892 786 praecipites
920 728 1043 769 esse
1070 714 1123 769 in
1146 714 1372 785 judicio.
1402 714 1536 771 Nam
1572 732 1694 772 cum
1721 717 2012 784 quamdam

432 805 720 862 mulierem
783 804 837 860 in
889 804 1156 861 adulterio
1230 805 1621 876 deprehensam
1666 805 1835 865 Judzci
1885 816 2014 864 ante

431 897 582 952 illum
620 896 973 962 deducerent,
1005 906 1061 953 et
1109 913 1209 969 pro
1243 896 1551 966 huiusmodi
1603 900 1832 956 crimine
1870 900 2015 971 judi-

429 989 572 1044 cium
611 988 779 1059 ipsius
822 988 1203 1059 exquirerent,
1244 1005 1353 1046 non
1382 990 1566 1046 statim
1598 1008 1698 1062 pro
1738 992 2012 1061 exquisito

427 1079 706 1152 respondit
727 1079 955 1149 judicio,
1005 1081 1100 1138 sed
1148 1081 1415 1137 inclinans
1469 1098 1529 1138 se
1577 1082 1890 1153 aliquandiu
1952 1083 2010 1138 in

414 1181 599 1240 terra,
630 1174 903 1249 scribebat
931 1175 1099 1244 digito
1128 1174 1312 1246 (Joan.
1357 1175 1497 1247 rm),
1529 1177 1829 1232 admonens
1863 1176 2013 1232 vide-

414 1266 555 1323 licet
601 1282 795 1324 omnes
844 1268 1033 1324 fideles
1092 1269 1198 1325 hoc
1244 1270 1386 1324 facta
1435 1278 1527 1338 ut,
1579 1285 1701 1324 eum
1754 1268 2011 1339 quaalibet

424 1359 557 1429 vitia
605 1361 977 1432 proximorum
1024 1362 1408 1432 conspiciunt.
1465 1361 1549 1418 vel
1589 1364 1840 1429 audiunt,
1900 1379 2008 1420 non

425 1461 553 1507 ante
598 1452 716 1507 haec
780 1452 1228 1522 reprehendendo
1277 1452 1526 1524 judicent
1584 1453 1835 1525 [uterque
1886 1453 2007 1509 cod.

420 1539 688 1613 judicare]
738 1557 900 1613 quam
951 1544 1019 1599 ad
1065 1544 1461 1600 conscientiam
1525 1560 1677 1602 suam
1728 1545 2010 1602 humiliter

406 1631 632 1687 rreversi
663 1631 1012 1689 discretionis
1037 1634 1207 1705 digito
1250 1651 1373 1692 eam
1420 1634 1710 1708 diligenter
1758 1637 2008 1707 sculpant

398 1721 555 1777 -etin
585 1736 649 1777 ea
700 1723 832 1793 quid
864 1721 1144 1779 Conditori
1194 1725 1430 1794 placeat,
1473 1727 1673 1796 quidve
1719 1727 2005 1797 displiceat

1430 301 1732 385 OTHLONI
1771 303 2077 359 MONACHI
2118 303 2176 359 S.
2218 304 2640 363 EMMERAMMI
3630 322 3700 378 80

2705 423 2932 482 CAPUT
2969 426 3109 482 XVI.

2120 530 2427 611 Ostenditur
2452 535 2694 611 campie
2727 534 2926 595 Christi
2957 532 3053 609 per
3076 538 3325 609 faciliora
3371 550 3420 595 ct
3451 542 3700 611 planiora

2187 605 2257 656 ad
2302 605 2659 686 difﬁciliorum
2693 619 2739 664 et
2783 605 3142 665 obscuriorum
3193 605 3541 682 cognitionem
3580 631 3700 686 pro-

2185 673 2526 755 grediendum
2562 695 2693 734 esse.

2187 787 2376 846 Heinr.
2426 792 2685 860 Quamvis
2735 796 2848 852 sint
2888 805 3076 854 sancta
3106 806 3163 854 et
3210 802 3520 857 necessaria
3549 802 3692 866 vitm,

2114 895 2237 951 qua:
2280 882 2393 953 jam
2419 885 2715 955 protulisti.
2752 888 3103 956 documenta,
3151 891 3349 947 ardore
3388 901 3566 949 tamen
3610 908 3696 947 so-

2113 972 2354 1040 lutionis,
2395 993 2557 1048 quam
2588 980 2836 1049 exquiro,
2888 982 3142 1039 videntur
3170 985 3411 1039 tmtliosa.
3464 984 3616 1041 Unde
3641 992 3696 1041 ct

2114 1065 2218 1121 hoc
2271 1068 2402 1124 mihi
2458 1085 2645 1140 quaeso
2695 1073 2930 1127 reserari
2989 1089 3089 1128 cur
3138 1073 3193 1130 in
3259 1075 3346 1131 his
3391 1075 3526 1131 velis
3583 1085 3694 1131 tam

2112 1157 2201 1213 diu
2233 1158 2534 1226 immorari,
2566 1162 2720 1230 quasi
2752 1163 2863 1227 illa,
2902 1180 3023 1234 quae
3047 1166 3200 1234 petii,
3227 1168 3544 1237 qumstiouis
3571 1182 3674 1239 pro

2109 1251 2300 1321 posita:
2322 1252 2462 1307 dicta
2513 1269 2736 1322 prorsus
2772 1258 3070 1324 omittensf

2183 1344 2249 1396 0.
2289 1341 2460 1414 ipsius
2512 1345 2727 1402 Domini
2783 1349 2950 1404 nostri
2995 1348 3121 1407 Jesu
3170 1351 3372 1409 Christi
3396 1351 3579 1410 verbis
3607 1370 3699 1410 re-

2110 1436 2350 1506 spondeo
2398 1455 2411 1492 :
2447 1436 2601 1505 Quod
2634 1440 2796 1510 facio,
2827 1451 2885 1497 tu
2930 1446 3096 1500 nescis
3142 1447 3322 1515 modo,
3352 1448 3484 1503 scies
3516 1459 3701 1503 autem

2108 1538 2287 1599 postea
2311 1527 2492 1597 (Joan.
2518 1532 2666 1604 xm).

2182 1617 2255 1673 ll.
2307 1617 2664 1678 Sanctissimis
2709 1624 2930 1694 quidem
2975 1628 3140 1683 verba
3187 1628 3390 1697 audio;
3438 1631 3533 1688 sed
3584 1647 3697 1703 quo

2109 1713 2354 1777 tendant,
2384 1713 2596 1783 ignoro.

398 1812 607 1870 "sedula
637 1778 1037 1870 examinatione
1085 1778 1402 1872 disc'utiant.
1439 1778 1544 1874 Per
1592 1778 2004 1874 inclinationem
2038 1778 2081 1838 Β
2181 1802 2249 1859 ο·
2283 1803 2488 1859 Dicm“.
2523 1805 2844 1878 Ubim'ml‘le
2869 1807 3038 1881 ῖὲῖῑαν
3062 1811 3319 1878 Obscura»
3366 1814 3453 1869 νει
3483 1814 3695 1884 igniti-1p

422 1901 655 1975 denique
701 1903 828 1961 Jesu
883 1906 1186 1971 humilitas,
1237 1924 1336 1979 per
1377 1907 1606 1979 digitum
1662 1910 2009 1967 discretionis

423 1994 726 2062 subtilitas,
755 2010 856 2068 per
891 2006 1093 2052 terram
1127 2012 1258 2053 vero
1283 2013 1381 2054 cor
1410 2000 1728 2066 humanum,
1756 2000 1903 2071 quod
1922 1998 2007 2056 rel

423 2086 709 2153 bonarum,
740 2085 826 2141 vel
856 2086 1122 2141 malarum
1149 2087 1430 2144 actionum
1458 2087 1596 2146 solet
1623 2090 1849 2147 reddere
1893 2090 2007 2147 fru-

406 2189 563 2244 ctus,
591 2179 930 2249 exprimitur.

491 2272 754 2330 Similiter
803 2287 1020 2344 quoque
1065 2289 1193 2331 vere
1232 2274 1620 2346 pmnitentibus
1647 2284 1703 2332 et
1741 2274 2007 2331 instanter

416 2366 707 2422 orantibus
734 2365 986 2422 Christus
1033 2367 1281 2436 exempla
1322 2368 1503 2435 dedit;
1533 2368 1859 2439 pmuitentes
1884 2369 2005 2438 qui-

410 2459 543 2515 dem
590 2459 643 2513 in
695 2458 854 2513 beata
902 2456 1073 2513 Maria
1121 2457 1456 2531 Magdalena,
1519 2460 1786 2518 instanter
1821 2469 2005 2515 autem

416 2557 636 2605 orantes
685 2548 740 2604 in
775 2547 1007 2604 muliere
1053 2548 1367 2611 Chananaea
1394 2551 1692 2607 instruens.
1741 2551 1869 2607 Ilaec
1902 2551 2010 2621 igi-

417 2649 506 2694 tur
550 2646 782 2709 utraque
847 2638 1096 2709 exempla
1163 2640 1378 2696 cunctis
1447 2641 1663 2696 noviter
1720 2642 2003 2698 conversis

400 2732 657 2787 maxime
685 2732 1011 2788 attendenda
1066 2740 1216 2798 sunt,
1247 2734 1375 2804 quia
1405 2733 1651 2804 nequitia
1705 2733 1997 2800 diabolica,

395 2825 668 2893 ~quamvis
711 2824 765 2880 in
825 2839 1016 2881 omnes
1063 2824 1252 2884 fideles
1308 2825 1673 2898 impugnanda
1722 2826 1998 2894 desaeviat,

404 2914 651 2986 amplius
698 2924 877 2972 tamen
926 2929 1043 2982 eos,
1072 2930 1212 2986 quos
1261 2932 1361 2988 per
1410 2933 1598 2973 veram
1650 2927 1998 2988 peccatorum

416 3020 639 3061 suorum
701 3006 1081 3076 paenitentiam
1129 3016 1184 3065 et
1244 3010 1513 3066 orationis
1559 3011 1871 3066 instantiam
1930 3010 1999 3065 ad

416 3098 705 3153 Dominum
731 3096 1024 3170 confugere
1071 3099 1355 3170 perspicit,
1405 3101 1701 3173 impugnat.
1743 3102 1895 3157 Unde
1943 3111 1997 3158 ct
2026 3132 2072 3196 Ο

402 3190 602 3261 plures
652 3193 903 3248 conversi
941 3201 1105 3248 tautae
1136 3193 1559 3264 impugnationis
1590 3193 1838 3250 molestia
1870 3209 1996 3264 gra-

415 3283 548 3348 vati,
580 3282 1044 3355 desperantesque
1072 3285 1213 3339 hanc
1260 3285 1313 3340 in
1357 3285 1587 3340 Domino
1632 3301 1792 3355 posse
1839 3299 1998 3355 supe-

416 3373 554 3436 rari,
600 3373 668 3427 ad
712 3373 968 3428 vitiorum
999 3374 1450 3430 consuetudinem
1478 3415 1493 3439 ,
1528 3374 1703 3445 quasi.
1737 3375 1883 3429 canis
1922 3392 2003 3430 re-

414 3479 598 3521 uersus
650 3466 719 3520 ad
765 3467 1017 3522 ventitant
1056 3483 1211 3521 suum
1246 3465 1348 3539 (11
1390 3464 1534 3522 Petr.
1566 3469 1664 3537 ιι),
1698 3467 1999 3523 redierunt.

484 3552 544 3609 In
590 3553 810 3625 Simone
852 3557 1019 3613 etiam
1068 3555 1249 3627 Mago,
1296 3557 1388 3627 qui
1442 3573 1540 3627 pro
1594 3573 1660 3613 eo
1696 3558 1841 3628 quod
1884 3559 1999 3629 spi-

414 3645 603 3705 ritalia
660 3646 801 3706 dona
848 3663 972 3704 cum
1032 3649 1262 3718 pecunia
1317 3664 1638 3719 comparare
1704 3650 1855 3705 nisus
1918 3658 2003 3705 est

416 3734 559 3804 (Act.
590 3735 736 3807 vui),
768 3754 896 3795 nam
945 3737 1146 3809 legitur
1178 3738 1231 3792 id
1259 3754 1367 3794 non
1397 3736 1695 3808 perfecisse
1742 3741 1837 3795 sed
1884 3749 2002 3793 tan-

415 3828 700 3884 tummodo
728 3829 850 3894 niti,
898 3844 1008 3883 non
1054 3828 1229 3884 solum
1259 3831 1477 3885 veniam
1530 3830 1731 3885 nullam
1770 3845 1869 3900 pro
1910 3832 2004 3884 hu-

414 3916 649 3986 iusmodi
681 3918 838 3987 culpa
881 3918 1139 3983 obtinuit,
1182 3918 1277 3974 sed
1303 3900 1467 3974 etiam
1500 3919 1708 3974 malitia
1763 3918 1998 3973 maxima

414 4010 722 4065 obcaecatus
754 4019 1067 4081 :eternaque
1096 4009 1477 4067 maledictioue
1515 4027 1809 4081 percussus
1832 4012 1999 4066 inter-

414 4096 502 4155 iit.
565 4098 623 4155 In
682 4101 806 4168 hoc,
861 4101 1103 4171 inquam,
1161 4100 1383 4158 Simone
1412 4102 1554 4158 Deus
1594 4118 1789 4159 omnes
1824 4104 2001 4160 cccle-

414 4193 619 4251 siastici
646 4195 854 4251 ordinis
888 4197 1035 4250 viros
1093 4195 1315 4250 instruit
1360 4210 1448 4261 ne,
1481 4194 1744 4266 spiritalis
1778 4196 1999 4266 regimi.

413 4286 507 4346 nis
535 4287 907 4342 monarchiam
946 4286 1126 4358 pretio
1160 4296 1376 4343 terreno
1428 4302 1747 4357 comparare
1796 4304 2005 4359 prtesu-

414 4387 645 4441 mentes,
675 4377 872 4433 similia
902 4379 1199 4447 patiantur.
1250 4377 1423 4433 Semel
1451 4379 1616 4441 enim,
1652 4386 1712 4432 ut
1736 4379 1998 4449 scriptum

415 4480 520 4534 cst,
569 4470 802 4541 loquitur
840 4470 980 4526 Deus
1023 4482 1071 4526 et
1124 4471 1354 4527 secundo
1404 4487 1510 4525 non
1553 4471 1733 4540 repetit
1768 4471 1998 4537 idipsum

415 4558 542 4630 (Job
594 4561 814 4632 xxxnt).
845 4560 1094 4631 Ideoque.
1128 4577 1249 4630 qua:
1296 4561 1465 4616 semel
1495 4577 1591 4631 per
1638 4562 1860 4617 beatum
1894 4560 1995 4616 Pe-

424 4659 568 4705 trum
618 4652 918 4721 apostolum
968 4652 1021 4706 in
1079 4652 1301 4707 Simone
1353 4653 1653 4716 damnavit,
1700 4652 1754 4707 in
1787 4652 1998 4708 cunctis

414 4742 577 4797 simul
620 4753 886 4812 perpetuo
914 4742 1160 4811 damnat,
1213 4742 1401 4798 dicens
1445 4744 1513 4798 ad
1552 4758 1767 4798 omnem
1818 4743 1991 4798 homi-

415 4848 544 4888 nem
589 4831 829 4889 Simonis
857 4832 1100 4902 ejusdem
1126 4843 1453 4890 sectatorem
1490 4851 1503 4888 :
1536 4831 1772 4888 Pecunia
1795 4844 1887 4887 tua
1921 4844 1997 4887 te-

416 4938 535 4977 cum
579 4922 646 4977 sit
676 4924 731 4976 in
757 4923 1047 4993 perditione
1071 4924 1214 4993 (Act.
1238 4924 1378 4996 vni).

489 5010 615 5060 "me
661 5014 826 5060 igitur
873 5014 1052 5060 nrnnin
1081 5014 1294 5060 aliarum
1324 5015 1408 5060 hic
1438 5014 1654 5060 similia-
1700 5028 1820 5060 «tam
1846 5029 1999 5060 rene-

2108 1896 2191 1951 rel
2220 1895 2459 1953 difﬁcilia
2506 1898 2929 1970 simplicioribus
2952 1908 3007 1957 et
3033 1903 3217 1957 idiotis
3251 1913 3377 1959 sunt
3408 1906 3693 1969 tradenda,

2106 1987 2255 2058 prius
2282 1988 2460 2058 aliqua
2514 1986 2674 2060 plana
2721 2000 2777 2046 et
2820 1994 3036 2062 cognita
3089 2003 3340 2050 constant
3392 1997 3693 2059 edocendo,

2107 2088 2187 2144 ut,
2231 2078 2284 2134 in
2332 2079 2419 2134 his
2449 2078 2763 2148 assuefacti,
2811 2083 2879 2138 ad
2914 2083 3185 2154 incognita
3217 2094 3274 2140 et
3300 2085 3529 2141 obscura
3559 2086 3695 2141 faci-

2105 2169 2211 2227 lius
2274 2173 2605 2243 capessenda
2675 2176 3006 2248 quandoque
3086 2176 3459 2232 instituantur.
3536 2177 3693 2234 llunc

2105 2277 2342 2332 namque
2395 2278 2601 2319 morem
2651 2263 2913 2321 Dominus
2964 2276 3070 2322 tam
3119 2266 3173 2322 in
3222 2268 3478 2338 operibus
3527 2284 3692 2339 quam

2104 2354 2288 2409 verbis
2310 2356 2423 2410 suis
2452 2356 2752 2413 observans
2775 2366 2831 2411 et
2858 2373 2945 2422 ea,
2979 2373 3101 2429 quae
3131 2360 3439 2430 nuperrime
3466 2360 3691 2431 protuli,

2104 2455 2156 2500 et
2183 2445 2286 2500 alia
2318 2446 2527 2500 infinita
2559 2448 2729 2503 edidit
2759 2449 2921 2504 dicta.

2178 2537 2246 2591 Et
2288 2546 2349 2591 ut
2381 2537 2452 2592 ita
2483 2552 2605 2593 esse
2640 2538 3010 2610 perspicacius
3055 2539 3254 2598 intueri
3306 2542 3509 2605 valeas,
3539 2542 3691 2597 verbi

2104 2627 2369 2698 propositi
2419 2630 2744 2685 sententiam
2776 2630 2831 2685 in
2861 2633 3096 2687 medium
3128 2631 3489 2702 proferamus.
3518 2633 3690 2690 Petro

2103 2720 2287 2791 itaque
2335 2721 2703 2791 interrogante
2741 2730 2797 2778 et
2846 2724 3059 2780 dicente
3104 2722 3323 2780 Christo
3367 2743 3383 2780 :
3430 2724 3508 2780 Tu
3562 2727 3693 2781 mihi

2103 2810 2249 2866 (aras
2304 2813 2501 2882 pedes?
2541 2814 2821 2883 respondit
2859 2815 2973 2885 ipse
3022 2824 3077 2871 et
3127 2816 3266 2872 dixit
3319 2835 3333 2871 :
3392 2815 3548 2882 Quod
3597 2835 3694 2889 ego

2103 2900 2264 2972 facio,
2319 2913 2375 2957 tu
2436 2904 2601 2958 nescis
2641 2904 2820 2971 modo,
2871 2906 3003 2960 scies
3053 2914 3229 2961 autem
3284 2918 3463 2975 postea
3505 2907 3689 2979 (Joan.

2103 2995 2248 3064 xm).
2296 2994 2544 3064 Cumque
2592 2996 2665 3050 nil
2705 2996 2825 3067 plus
2890 2998 2955 3053 de
3002 2998 3162 3069 hujus
3210 2999 3483 3055 solutione
3536 3000 3691 3055 verbi

2102 3088 2348 3153 adderet,
2377 3089 2473 3150 sed
2505 3088 2693 3145 lavans
2725 3089 3112 3161 discipulorum
3141 3093 3307 3161 pedes
3333 3107 3500 3162 opere
3529 3091 3692 3148 verba

2105 3179 2377 3251 incognita
2449 3181 2824 3248 exposuisset,
2874 3190 3002 3237 tunc
3051 3184 3267 3237 demum
3318 3185 3448 3254 quid
3503 3185 3691 3250 verba,

2102 3272 2230 3342 quid
2281 3285 2442 3342 opera
2495 3272 2620 3328 talia
2678 3272 3052 3344 signiﬁcarent
3103 3276 3395 3341 intimarit,
3449 3278 3637 3333 dicens
3672 3291 3693 3332 :

2105 3361 2268 3419 Scitis
2296 3363 2423 3434 quid
2459 3362 2670 3433 fecerim
2703 3364 2887 3419 robis?
2924 3364 3031 3420 Vos
3058 3369 3259 3421 vocatis
3302 3385 3403 3431 me,
3439 3366 3697 3439 Magister

2102 3461 2150 3507 et
2197 3451 2440 3519 Domine,
2469 3461 2517 3505 ct
2545 3452 2671 3507 bene
2699 3452 2877 3509 dicitis
2897 3494 2914 3520 ,
2954 3472 3070 3509 sunt
3115 3450 3323 3510 etenim.
3359 3456 3421 3512 Si
3447 3473 3568 3527 ergo
3598 3474 3695 3525 ego

2102 3541 2209 3596 lavi
2257 3551 2451 3599 vestros
2484 3543 2638 3613 pedes
2676 3541 2934 3599 Dominus
2983 3556 3031 3600 et
3070 3545 3342 3617 Magister,
3375 3557 3424 3601 et
3448 3564 3539 3602 eos
3592 3549 3684 3603 dc-

2107 3632 2241 3686 betis
2309 3631 2447 3685 alter
2475 3631 2695 3688 alteri-us
2746 3634 2924 3689 (arare
2966 3636 3141 3704 pedes.
3193 3635 3505 3704 Exemplum
3552 3637 3698 3691 enim

2105 3721 2225 3775 dedi
2278 3722 2440 3782 vobis,
2496 3731 2553 3775 at
2598 3725 3036 3793 quemadmodum
3072 3742 3164 3793 ego
3208 3725 3308 3793 feci
3336 3725 3498 3786 vobis.
3539 3727 3614 3780 ita
3643 3738 3694 3782 et

2104 3826 2195 3865 vos
2239 3810 2448 3879 faciatis
2475 3811 2685 3884 (lbid.).
2727 3814 2937 3882 Quibus
2988 3816 3243 3870 nimirum
3292 3817 3475 3872 verbis
3503 3827 3695 3886 aperte

2105 3900 2505 3955 demonstratur
2531 3903 2657 3973 quia
2702 3905 2747 3958 si
2796 3905 2975 3974 ignota
3025 3914 3290 3973 praecepta
3340 3905 3547 3976 absque
3595 3923 3692 3962 ex-

2106 3992 2299 4062 emplis
2342 3992 2633 4059 factorum,
2666 3996 2751 4051 vel
2781 3997 3066 4051 verborum
3095 3997 3386 4068 proferret,
3425 3998 3699 4072 fragilitas

2105 4084 2337 4138 humana
2368 4099 2711 4157 nequaquam
2742 4096 2991 4157 caperet.

2176 4176 2329 4234 Sicut
2347 4178 2511 4250 igitur
2529 4181 2618 4235 hic
2635 4181 2960 4235 docttmenta
2981 4197 3077 4236 sua
3106 4185 3401 4253 praemissis
3421 4184 3691 4242 factorum

2104 4256 2439 4340 argumentis
2461 4271 2722 4326 Dominus
2748 4280 2931 4327 noster
2951 4271 3109 4328 Jesus
3123 4272 3375 4331 Christus
3396 4279 3691 4346 expressit,

2104 4361 2176 4416 ita
2207 4361 2369 4416 etiam
2402 4363 2530 4417 alibi
2557 4363 2855 4432 sepissime
2878 4366 3058 4420 verhis
3083 4370 3486 4435 argumentosis
3508 4379 3691 4424 osten-

2102 4451 2201 4506 dit.
2242 4452 2422 4518 Sicut,
2454 4468 2579 4508 cum
2618 4452 2928 4510 Judteorum
2955 4457 3253 4512 novissima
3295 4459 3570 4528 prioribus
3597 4475 3693 4530 pe-

2097 4543 2218 4616 jora
2248 4545 2723 4600 demonstraturus
2771 4554 2956 4614 esset,
3010 4549 3163 4617 prius
3190 4550 3257 4604 de
3278 4550 3555 4603 immundo
3584 4551 3694 4619 spi-

2113 4633 2221 4688 ritu
2252 4634 2318 4688 ab
2346 4633 2565 4688 homine
2587 4642 2819 4711 exeunte
2854 4644 2910 4689 et
2965 4636 3157 4690 iterum
3186 4653 3310 4692 cum
3364 4637 3484 4692 aliis
3526 4641 3687 4707 spiri-

2111 4724 2257 4780 tibus
2289 4725 2642 4794 nequioribus
2667 4735 2999 4795 revertente,
3018 4730 3288 4797 quoddam
3321 4728 3693 4785 similitudinis

2102 4824 2479 4883 argumentum
2505 4812 2771 4885 sumpsit;
2801 4816 2989 4887 sicque
3014 4828 3200 4886 postea
3234 4818 3436 4882 intulit,
3464 4820 3685 4873 dicens:

2103 4903 2194 4960 Sic
2225 4904 2319 4957 erit
2345 4914 2390 4958 et
2418 4907 2743 4973 generationi
2757 4908 2879 4960 huic
2898 4910 3138 4978 pessima:
3160 4908 3375 4978 (Matth.
3399 4910 3515 4978 ιιι).
3534 4909 3690 4973 Item,

2100 4995 2316 5060 quando
2344 4995 2597 5051 intimare
2634 4998 2801 5052 voluit
2827 5000 3099 5060 quomodo
3133 5001 3505 5060 unusquisque
3536 5000 3692 5056 fratri
