3998 5450
338 414 400 472 8|
1333 415 1603 472 DL-XLOG.
1647 411 1734 466 DE
1771 405 2023 464 'rtnses
2059 404 2615 472 eumsnonmus.
3515 420 3605 478 η

323 543 542 601 agente,
571 532 977 588 similitudinem
1010 532 1301 600 quamdam
1346 533 1411 588 de
1451 549 1551 589 ove
1592 531 1801 605 perdita
1859 543 1906 590 et

2017 541 2137 595 qua:
2177 526 2504 597 generaliter
2547 528 2724 584 omnia
2771 526 2913 598 justa
2972 540 3025 587 et
3072 547 3375 591 necessaria
3432 546 3593 604 sunt,

286 622 541 677 'inveuta
583 620 874 692 prmmisit;
903 620 1087 690 sicque
1126 629 1315 690 postea
1346 621 1527 678 intulit
1557 626 1743 681 dicens
1778 640 1790 676 :
1827 617 1913 675 Ita

324 697 583 785 gnat-nn.
628 712 802 765 critiu
830 709 956 765 melo
1001 727 1158 781 super
1204 704 1309 766 uno
1356 724 1625 783 peccatore
1667 718 1918 785 pwuiten-

321 816 443 855 nam
478 812 668 871 agente
696 800 847 870 (Luc.
876 800 983 872 xv).

386 890 522 943 Cum
568 905 702 959 ergo
749 889 1034 945 Dominum
1080 898 1356 957 nostrum,
1394 892 1486 964 qui
1525 892 1580 948 in
1629 894 1913 962 omnibus,

317 992 478 1055 prout
516 983 855 1052 possibilitas
885 984 1181 1054 permittit,
1221 985 1516 1041 imitandus
1563 997 1679 1053 est,
1727 989 1915 1044 audias

316 1074 568 1128 obscuris
594 1073 840 1145 piarﬁora
873 1075 1029 1130 toties
1060 1076 1405 1147 praemisisse,
1436 1094 1505 1133 ne
1526 1080 1764 1145 mireris,
1789 1096 1912 1136 eum

318 1179 404 1219 me
447 1165 699 1221 audieris
749 1167 1063 1235 quaestionis
1139 1168 1539 1227 obscurissima:
1588 1170 1912 1230 minutionem

314 1254 690 1323 diﬂ‘ereutem,
745 1258 1078 1319 facilioribus
1130 1272 1182 1318 te
1224 1262 1375 1335 prius
1425 1263 1697 1322 instruere
1742 1268 1912 1323 docu-

313 1353 534 1429 ruentis.
576 1353 660 1407 Ad
699 1355 815 1409 [nec
841 1356 1003 1425 etiam
1029 1356 1288 1413 denuntio
1316 1358 1460 1429 quia,
1496 1360 1596 1415 nisi
1628 1359 1717 1415 illa
1749 1361 1912 1416 verba

311 1423 626 1512 iudiciaque
665 1441 899 1510 Domini,
934 1459 1054 1501 aure
1101 1458 1375 1518 utcunque
1412 1449 1604 1504 sentiri
1648 1460 1704 1505 et
1735 1450 1911 1521 promi

310 1545 581 1601 possunt,
635 1532 923 1603 diligenter
965 1539 1274 1603 auscultas,
1329 1540 1617 1596 attendens
1664 1540 1914 1598 videlicet

312 1638 478 1693 quam
517 1623 665 1692 justa
707 1634 763 1680 et
790 1642 937 1688 vera.
981 1644 1253 1699 quamque
1298 1634 1604 1688 necessaria
1651 1635 1909 1702 existant,

312 1713 572 1771 facillime
616 1718 673 1771 iu
726 1718 813 1774 bis
851 1735 971 1789 qua:
1007 1720 1359 1777 obscuritatis
1403 1733 1769 1796 conteguntur
1812 1740 1909 1781 ne-

309 1802 461 1869 bula,
494 1806 835 1874 inﬁdelitate,
882 1810 965 1864 vel
1003 1811 1340 1867 dubitatione
1381 1809 1662 1883 delinques
1700 1814 1903 1885 aliqua.

2021 616 2332 688 Specialiter
2360 628 2541 674 tamen
2572 620 2815 690 quaedam
2854 621 3023 691 justa,
3051 625 3295 694 quredam
3336 640 3466 681 vero
3502 645 3598 682 uc-

2015 709 2272 772 eessaria,
2302 711 2545 779 quaedam
2563 710 2708 779 justa
2735 713 2892 768 simul
2913 723 2966 769 et
2992 716 3317 781 necessaria,
3342 720 3586 788 qmedam

2014 798 2178 851 etiam
2229 798 2438 853 occulta
2487 799 2755 856 dicantur.
2805 802 2987 874 anue
3033 806 3211 860 omnia
3263 804 3315 860 in
3362 817 3595 877 quatuor

2014 888 2223 956 species
2270 889 2680 960 distinguentes,
2732 893 2799 949 de
2843 894 3086 964 singulis,
3134 905 3394 965 quantum
3442 895 3627 951 Dens

2014 975 2195 1049 largiri
2225 978 2494 1048 dignatur,
2535 979 2799 1044 dicamus,
2828 992 3087 1052 ponentes
3115 984 3166 1037 in
3203 985 3375 1053 prima
3412 986 3595 1054 specie

2007 1067 2177 1139 justa,
2210 1069 2261 1123 in
2293 1071 2530 1125 secunda
2558 1073 2882 1139 necessaria,
2916 1074 2969 1128 in
2997 1074 3155 1129 tertia
3180 1074 3326 1146 justa
3351 1074 3510 1130 simul
3538 1084 3595 1130 et

2013 1162 2341 1226 necessaria,
2372 1176 2493 1231 qua:
2522 1162 2684 1216 etiam
2714 1163 2893 1216 omnia
2928 1164 3163 1218 existunt
3198 1163 3508 1228 manifesta,
3538 1164 3593 1221 in
3620 1196 3629 1203 -

2011 1259 2203 1319 quarta
2228 1262 2405 1306 autem
2431 1252 2628 1322 specie,
2659 1253 2890 1309 occulta.
2919 1253 3123 1309 Caetera
3159 1270 3243 1319 ea,
3279 1269 3399 1326 qua!
3422 1241 3593 1311 maui-

1974 1340 2146 1396 d’esta
2201 1343 2430 1398 dicimus
2486 1342 2723 1414 judicia,
2776 1342 2992 1413 judiciis
3037 1346 3358 1416 quibusdam
3408 1347 3592 1406 valent

2011 1433 2229 1500 agnosci
2255 1451 2269 1499 ;
2296 1432 2439 1502 justa
2469 1434 2687 1504 quidem
2715 1450 2779 1489 ex
2807 1434 3256 1505 praecedentibus,
3286 1436 3595 1492 necessaria

2011 1532 2188 1577 autem
2219 1539 2285 1579 ex
2323 1524 2794 1594 subsequentibus.
2828 1525 2920 1581 Illa
2947 1540 3077 1581 vero
3102 1526 3333 1582 dicimus
3359 1529 3590 1594 occulta,

2010 1628 2129 1683 quae
2176 1631 2276 1671 nec
2320 1630 2388 1671 ex
2433 1617 2860 1687 praecedentibus
2900 1633 3002 1673 nec
3032 1632 3101 1673 ex
3143 1617 3633 1689 subsequentibus-

2010 1708 2195 1762 causis
2229 1708 2461 1778 probare
2492 1709 2671 1765 valent
2698 1726 2816 1781 qua:
2841 1711 2949 1766 sint
2972 1719 3026 1766 et
3052 1713 3319 1781 quomodo
3340 1713 3471 1776 sint,
3501 1712 3596 1767 sed

2013 1801 2383 1855 lantunnuodo
2438 1801 2700 1856 credenda
2756 1813 2882 1857 sunt
2937 1801 3119 1872 justa,
3174 1803 3296 1860 ideo
3348 1802 3625 1861 videlicet--

310 1892 503 1962 Neque
547 1896 695 1949 enim
732 1898 873 1952 sicut
903 1899 1225 1968 corporalia,
1272 1914 1392 1971 quae
1426 1901 1539 1956 solo
1584 1901 1779 1957 intuitu
1827 1904 1906 1958 di-

2016 1891 2160 1959 quia,
2211 1906 2334 1945 cum
2386 1891 2497 1946 Deo
2546 1890 2725 1947 futura
2771 1893 2926 1963 quasi
2975 1894 3249 1964 pmterita
3291 1894 3401 1951 sint
3446 1903 3596 1962 nota,

309 1995 677 2053 gnoscuntur,
722 1997 781 2041 ut
822 1987 925 2052 sol,
975 1991 1132 2061 ignis,
1172 1999 1338 2053 terra,
1386 2006 1524 2061 aqua
1576 1992 1790 2063 aliaque
1826 1994 1909 2051 his

311 2076 535 2138 similia,
579 2077 653 2130 ita
695 2078 994 2147 spiritualia
1024 2089 1187 2143 atque
1228 2082 1408 2137 divina
1438 2086 1908 2154 comprehendun-

310 2174 421 2220 tur.
456 2166 566 2221 Sed
598 2178 655 2223 et
682 2168 1011 2240 hocjugiter
1041 2174 1429 2227 attendendum
1462 2174 1761 2246 intimaque
1805 2175 1913 2233 llde

310 2254 658 2311 retinendum
686 2259 810 2327 quia
846 2260 1016 2329 gratia
1046 2261 1226 2317 divina
1247 2262 1431 2319 omnia
1456 2266 1687 2321 excedat
1714 2268 1906 2322 merita

311 2343 683 2401 humanarum
714 2347 994 2404 virtutum.

888 2461 1118 2521 CAPUT
1178 2461 1339 2520 XVII.

350 2550 675 2624 Proponitur
699 2555 919 2626 quwstio
942 2558 1005 2629 de
1028 2566 1261 2629 quatuor
1288 2559 1553 2629 speciebus
1578 2559 1871 2615 divinorum

938 2626 1286 2695 judiciorum.

387 2711 577 2767 Heinr.
607 2712 740 2768 Mira
772 2723 899 2770 sunt
936 2729 1058 2785 quae
1090 2717 1268 2784 audio,
1301 2717 1447 2789 quia,
1481 2717 1625 2774 velut
1663 2720 1903 2777 incanta-

316 2806 558 2860 tionibus
580 2807 928 2876 quibusdam,
971 2810 1043 2863 ita
1089 2825 1176 2866 me
1204 2810 1504 2866 attonitum
1543 2811 1782 2869 cniciunt
1823 2823 1903 2879 ut,

315 2913 439 2952 cum
491 2899 645 2968 prius
690 2899 873 2953 animo
918 2899 1219 2971 impatienti
1267 2903 1581 2974 quaestionis
1625 2902 1903 2973 cujusdam

317 2988 643 3043 solutionem
684 3004 714 3044 a
755 2998 809 3045 te
847 2989 1143 3061 exigerem,
1186 3007 1332 3047 nunc
1379 3008 1544 3064 cogar
1577 3008 1697 3048 eam
1738 2995 1902 3049 relin-

315 3094 485 3151 qucre
516 3089 572 3133 et
613 3079 716 3133 alia
754 3095 996 3149 quiteaam
1028 3081 1260 3137 obscura
1292 3084 1563 3153 proposita
1600 3084 1794 3139 ardore
1833 3085 1907 3139 si-

321 3167 431 3223 tnili
462 3169 809 3239 investigare.
840 3170 1015 3240 Atque
1048 3171 1257 3226 utinam
1296 3187 1365 3227 ex
1403 3172 1703 3243 hujusmodi
1751 3173 1903 3227 inve-

316 3259 607 3326 stigatione
654 3260 722 3314 ad
772 3260 1051 3323 superiora
1097 3262 1357 3333 priusque
1403 3264 1669 3332 exquisita
1724 3263 1903 3321 induci

320 3365 531 3404 merear
553 3350 567 3404 !

392 3439 538 3493 ΟιΙιι.
570 3439 693 3496 Fiet
724 3440 968 3511 profecto
996 3442 1137 3512 quod
1172 3454 1348 3513 optas,
1379 3445 1423 3499 si
1454 3453 1631 3498 tamen
1673 3443 1725 3498 in
1780 3446 1902 3500 istis

317 3544 440 3599 qua:
466 3530 616 3599 prius
650 3531 876 3587 dicenda
904 3543 1030 3588 sunt
1084 3533 1358 3589 studiosus
1387 3535 1723 3606 diligeusque
1749 3535 1904 3590 audi-

298 3660 301 3661 ν
324 3630 411 3675 tor
438 3623 664 3677 existas.

393 3708 469 3769 Η.
495 3712 693 3767 Grates
712 3713 856 3767 omni
897 3714 1054 3768 modo
1090 3712 1183 3770 tibi
1213 3726 1434 3786 propter
1467 3723 1613 3771 tanta
1649 3717 1904 3787 rependo.

322 3797 473 3854 Nune
504 3800 687 3870 igitur,
716 3816 837 3856 eum
863 3810 1065 3858 tantam
1092 3819 1278 3859 curam
1307 3806 1509 3861 habeas
1538 3805 1731 3869 nostri,
1759 3806 1909 3862 solve

323 3903 443 3958 quae
469 3890 777 3958 nuperrime
801 3892 1152 3962 proposuisti;
1169 3906 1288 3964 qua:
1308 3894 1419 3948 sint
1438 3894 1681 3950 videlicet
1707 3894 1908 3966 judicia

323 3976 417 4031 Dei
459 3976 627 4045 justa,
664 3994 785 4048 quae
822 3966 1157 4044 necessaria,
1186 3996 1306 4051 qua:
1345 3982 1511 4037 etiam
1556 3983 1630 4038 ita
1666 3985 1776 4039 sint
1818 3999 1911 4043 oe-

321 4067 484 4133 eulta,
518 4077 577 4123 ut
611 4068 758 4124 nullo
785 4071 943 4125 modo
971 4072 1190 4142 agnosci
1216 4071 1444 4128 \aleant.

392 4156 461 4215 0.
493 4150 712 4216 Faciam
742 4176 874 4234 ergo
932 4173 1198 4232 quantum
1230 4163 1347 4235 ipse
1379 4165 1569 4221 annuit
1606 4166 1698 4245 qui
1729 4169 1910 4225 Omnia

278 4260 282 4264 ‘
324 4252 460 4307 bona
493 4253 702 4308 tribuit.

389 4340 522 4396 Cum
553 4343 738 4412 itaque
771 4342 1031 4407 audieris,
1062 4343 1146 4398 vel
1185 4345 1385 4415 legeris
1412 4349 1538 4418 quia
1578 4348 1780 4419 judicia
1814 4350 1915 4407 Dei

318 4431 480 4501 iusta,
518 4442 572 4487 et
610 4447 736 4489 vera
784 4434 1198 4505 necessariaque
1225 4436 1351 4499 sint,
1382 4440 1600 4494 attende
1646 4439 1910 4509 imprimis

2004 1978 2146 2047 juste
2177 1979 2244 2034 de
2279 1980 2520 2049 utrisque
2549 1989 2727 2052 potest
2750 1982 3007 2051 judicari.

2077 2071 2223 2126 inter
2242 2072 2358 2127 haec
2382 2088 2599 2143 quoque
2626 2087 2973 2144 summopere
2993 2075 3307 2131 intuendum
3341 2083 3422 2131 est
3449 2075 3625 2146 quod"

2010 2177 2160 2218 more
2192 2163 2426 2219 humano
2452 2163 2677 2231 justum,
2709 2164 2792 2219 vel
2824 2167 3192 2221 necessarium
3233 2167 3463 2221 dicatur.
3494 2164 3599 2219 Ne-

2008 2271 2115 2326 que
2139 2256 2282 2312 enim
2314 2257 2425 2311 Deo
2451 2257 2594 2312 aliud
2618 2274 2786 2329 genus
2812 2258 3036 2327 loquelae
3062 2259 3309 2313 novimus
3334 2257 3599 2328 prmbcrc,

2009 2346 2108 2401 nisi
2139 2349 2283 2417 quod
2312 2348 2537 2403 scientia
2568 2349 2800 2404 humana
2833 2349 2968 2405 solet
2998 2350 3217 2417 habere,
3244 2350 3365 2418 quia
3397 2358 3449 2403 et
3481 2348 3596 2411 ille,

2004 2440 2221 2508 quoties
2271 2441 2429 2496 nobis
2476 2440 2679 2511 aliquid
2724 2440 2921 2506 innuit,
2972 2439 3171 2511 eloquii
3224 2441 3393 2496 nostri
3443 2453 3604 2499 more.

2008 2530 2223 2598 promit.

2079 2618 2152 2672 Η.
2203 2619 2351 2675 Licet
2385 2620 2493 2675 sint
2529 2621 2759 2676 obscura
2809 2635 2930 2693 quae
2976 2620 3144 2688 dicis,
3190 2618 3367 2676 dulcia
3417 2629 3602 2676 tamen

2006 2709 2340 2782 moraliaque
2377 2711 2630 2767 videntur
2669 2711 3046 2768 convenientia
3094 2712 3378 2768 sermonis.
3420 2710 3574 2769 Unde

2005 2804 2149 2877 quod
2177 2804 2412 2876 cmpisti,
2435 2820 2784 2877 prosequere,
2810 2807 2987 2879 quoad
3011 2821 3178 2877 usque
3207 2806 3413 2862 valeam
3439 2806 3599 2863 intel-

2003 2897 2195 2968 ligere.

2076 2986 2145 3043 O.
2172 2986 2293 3042 Jam
2314 2986 2549 3043 diximus
2577 2988 2720 3058 quod
2745 3004 2909 3044 omne
2930 2987 3159 3058 justum,
3188 2989 3354 3044 etiam
3384 3002 3615 3052 verum,~

2005 3092 2272 3147 omneque
2300 3092 2489 3132 verum
2513 3077 2719 3149 justum
2754 3080 2849 3145 sit,
2875 3088 2929 3134 et
2965 3080 3106 3149 quod
3135 3092 3295 3133 omne
3326 3093 3514 3133 verum
3544 3088 3612 3132 et

2003 3168 2210 3237 justum
2264 3167 2627 3223 necessarium
2670 3166 2759 3229 sit,
2804 3177 2880 3233 et,
2918 3177 3050 3238 quot
3097 3168 3383 3239 speciebus
3411 3168 3592 3223 omnia

2001 3256 2205 3328 judicia
2244 3256 2337 3311 Dei
2377 3257 2644 3321 diﬂ'et‘ant,
2678 3274 2892 3331 quoque
2926 3259 3085 3316 modo
3118 3260 3327 3330 singula
3362 3259 3603 3332 proben-~

2010 3361 2116 3406 tur.
2143 3351 2208 3406 Et
2240 3351 2363 3420 quia
2400 3366 2505 3406 non
2539 3352 2640 3405 nisi
2676 3352 2909 3407 humana
2942 3353 3152 3423 loquela
3188 3353 3265 3410 de
3301 3352 3416 3409 Deo
3448 3352 3594 3422 lqui

2006 3443 2275 3507 novimus,
2306 3456 2451 3497 nunc
2476 3444 2752 3498 videamus
2778 3444 2905 3513 quid
2929 3445 3069 3516 apud
3097 3444 3342 3500 homines
3364 3444 3592 3515 justum,

1970 3547 1977 3550 '
2007 3532 2089 3586 vel
2122 3532 2485 3587 necessarium
2520 3532 2752 3598 dicatur,
2788 3540 2848 3587 ut
2877 3547 2972 3603 per
2997 3532 3266 3603 justitiam
3296 3534 3588 3588 humanam

1992 3622 2201 3703 judicia
2238 3621 2418 3677 divina
2463 3637 2761 3692 agnoscere
2805 3623 3086 3679 valeamus
3129 3626 3314 3695 sicque
3355 3616 3594 3696 singulas

2001 3711 2332 3782 judiciorum
2374 3709 2682 3767 divinorum
2736 3713 2946 3783 species
2992 3716 3294 3788 propositas
3333 3714 3611 3788 exemplis

1972 3820 1979 3827 ·
2005 3803 2206 3861 additis
2244 3804 2626 3877 approbemus.

2573 3913 2801 3971 CAPUT
2839 3914 3022 3972 XVIII.

2051 4006 2176 4073 Qua:
2208 4006 2341 4061 inter
2370 4007 2728 4084 hominessinl
2742 4007 2893 4075 justa
2921 4018 2968 4084 et
2991 4010 3302 4084 necessaria,
3330 4009 3576 4084 aconita,~

2343 4077 2419 4131 cel
2446 4077 2745 4146 manifesta,
2776 4084 2883 4132 etc.
2917 4077 3049 4142 Qua:
3071 4079 3125 4132 iu
3148 4078 3277 4134 Deo.
3542 4077 3549 4115 ῖ

2078 4166 2297 4223 Justitia
2321 4181 2554 4238 namque
2577 4167 2807 4222 humana
2832 4176 2915 4222 est
2938 4175 2996 4222 ut
3016 4169 3386 4239 unusquisque
3402 4166 3591 4237 judex,

2008 4257 2092 4313 vel
2121 4267 2300 4314 rector
2332 4271 2400 4312 ea
2430 4272 2551 4327 qua:
2580 4257 2763 4327 iniqua
2798 4267 2925 4311 sunt
2954 4256 3055 4311 sub
3084 4255 3209 4324 jure
3236 4272 3354 4324 suo,
3390 4260 3592 4330 aliquo,

2006 4342 2277 4422 quatenus
2302 4351 2677 4412 emendentur,
2711 4349 2998 4404 manifesto
3023 4360 3349 4420 praemoueat
3367 4351 3591 4420 judicio,

2009 4451 2088 4508 ut,
2121 4444 2167 4498 si
2204 4442 2342 4497 forte
2362 4439 2723 4511 transgressio
2745 4438 2997 4510 quaelibet
3023 4448 3209 4511 postea
3240 4438 3379 4495 facta
3407 4441 3593 4507 fuerit,

324 4524 447 4595 quid
478 4524 680 4592 justum
723 4540 1021 4596 verumque
1056 4543 1117 4583 ac
1162 4531 1526 4585 necessarium
1560 4531 1747 4587 usibus
1804 4534 1904 4587 hu-
1937 4570 1983 4629 ι)
2009 4535 2184 4589 nullus
2226 4549 2285 4589 se
2335 4532 2403 4588 de
2437 4533 2739 4604 ignorantia
2791 4531 2967 4587 valeat
2997 4547 3262 4588 excusare
3303 4534 3358 4589 in
3405 4536 3621 4592 subs‘e--

326 4618 492 4672 manis
521 4620 812 4673 sentiatur.
847 4618 1033 4690 Neque
1059 4622 1204 4676 enim
1237 4623 1377 4677 Deus
1408 4624 1701 4688 hominem,
1740 4637 1902 4694 quem

324 4707 387 4762 ad
427 4709 715 4781 imaginem
765 4725 917 4765 suam
962 4712 1268 4782 plasmavit,
1303 4714 1374 4768 ita
1408 4714 1773 4770 insensibilem
1814 4731 1903 4771 re—

324 4796 473 4869 liquit
494 4813 549 4856 ut
580 4804 697 4858 luce
729 4800 1123 4871 aliquantulum
1157 4803 1488 4871 investigare
1513 4813 1566 4861 et
1604 4804 1903 4878 intelligere

326 4908 426 4947 non
451 4896 639 4964 possit.
665 4893 915 4964 Cumque
942 4896 1149 4966 singula
1179 4895 1499 4953 discusseris
1529 4908 1586 4971 et
1614 4899 1902 4961 inveneris.

330 4982 431 5036 Deo
471 4987 538 5040 ita
585 4986 684 5043 red
710 4988 761 5039 te
804 4994 863 5039 ut
910 4987 1247 5055 potissimum
1287 4988 1529 5044 inventio
1560 4989 1719 5043 docet
1763 5004 1904 5046 esse.

328 5072 452 5128 Nam
478 5092 637 5147 supra
670 5089 839 5130 nosse
869 5075 1001 5130 nihil
1026 5077 1195 5148 exigit
1225 5078 1431 5132 arbiter
1459 5092 1488 5132 a
1520 5088 1590 5133 te.
1621 5078 1727 5136 Sed
1757 5089 1815 5132 ut
1842 5080 1908 5133 de

367 5166 410 5219 is
452 5166 606 5221 latius
637 5166 854 5236 aliquid
897 5166 1247 5234 disseramus,
1292 5183 1453 5223 omne
1493 5168 1697 5240 justum
1743 5170 1906 5224 etiam

331 5267 500 5310 vermu
530 5267 616 5312 est
658 5268 940 5324 omneque
974 5272 1158 5314 verum
1187 5258 1415 5330 justum.
1446 5257 1658 5318 Iustum
1693 5274 1909 5332 quoque

333 5353 384 5400 et
407 5362 554 5404 omne
591 5363 794 5402 verum
835 5351 1194 5407 necessarium
1231 5361 1464 5429 constat.
1508 5355 1562 5408 In
1595 5358 1697 5412 hoc
1728 5363 1906 5410 tamen

2006 4623 2192 4691 quenti
2220 4623 2448 4693 judicio,
2494 4637 2667 4693 eoque
2705 4621 2956 4677 licentius
3003 4630 3058 4678 et
3092 4620 3292 4691 justius
3336 4624 3592 4694 puniendi

2011 4715 2205 4770 habeat
2232 4723 2572 4786 potestatem,
2606 4729 2713 4784 quo
2750 4714 3016 4783 punienda
3045 4721 3099 4769 et
3136 4714 3420 4769 devitanda
3456 4730 3619 4785 ικαὶ-μ

2011 4807 2282 4863 monebat.
2326 4804 2539 4863 Iustitia
2577 4821 2791 4876 quoque
2849 4808 3080 4861 humana
3126 4814 3211 4861 est
3254 4816 3314 4860 ut
3356 4806 3594 4863 dominis

2012 4899 2176 4961 servi,
2203 4896 2519 4967 parentibus
2549 4898 2640 4953 ﬁlii
2677 4897 2993 4953 obedientes
3019 4897 3129 4951 sint
3157 4906 3210 4952 et
3237 4896 3460 4962 subditi,
3487 4912 3595 4952 ece-

2012 5001 2236 5061 teraque
2267 4991 2457 5052 multa,
2479 5006 2598 5060 quae
2626 4991 2915 5046 memorari
2943 4998 3233 5059 nequeunt.
3257 4988 3387 5056 Quae
3412 4997 3593 5044 tamen

2010 5083 2192 5140 omnia
2240 5078 2361 5138 ideo
2405 5083 2705 5152 probantur
2741 5080 2908 5152 justa,
2953 5081 3077 5153 quia
3128 5090 3239 5136 tam
3287 5079 3601 5135 humanitus

2010 5192 2173 5246 quam
2201 5173 2458 5230 divinitus
2479 5173 2722 5231 instituta
2754 5183 2878 5229 sunt
2904 5182 3069 5243 atque
3091 5176 3374 5242 praecepta.

2084 5261 2398 5319 Necessaria
2423 5271 2604 5319 autem
2644 5265 2896 5320 dicuntur
2928 5260 3218 5317 Dominica'.
3260 5256 3609 5313 incarnatim

2012 5354 2119 5422 nis,
2148 5352 2439 5426 passionis,
2471 5355 2888 5413 resurrectionis
2905 5362 2958 5409 et
2984 5349 3244 5410 omnium.
3267 5343 3470 5450 quae‘in
3495 5349 3599 5405 hoc
