3998 5450
429 380 498 436 ss
1443 366 1745 443 orttL‘ost
1783 384 2088 442 MONAClll
2127 386 2185 443 s.
2229 386 2648 447 EMMERAMMI
3630 407 3704 466 ει

374 562 383 572 ν
427 493 735 562 inﬁrmitas,
774 495 858 551 vel
889 490 1154 567 fragilitas
1181 497 1415 553 humana
1443 500 1607 571 exigit
1632 517 1646 565 ;
1684 502 1779 556 sed
1808 510 1863 557 et
1891 516 2014 571 per-
2049 506 2094 564 Α
2121 505 2307 563 cordia
2334 523 2442 566 non
2471 510 2727 568 convenit
2756 509 2937 569 dicere
2954 513 3102 585 juste
3124 528 3187 571 se
3216 517 3462 574 eamdem
3492 519 3704 578 miscri-

385 585 399 661 ί
425 586 757 652 secutiones,
795 587 1123 642 tentationes
1156 587 1379 659 ipsaque
1417 591 1673 645 scandala
1708 593 2016 647 necessaria

424 686 572 742 sunt,
604 677 829 732 Domino
856 677 1107 732 dicente:
1152 676 1377 733 Necesse
1416 688 1489 733 est
1530 691 1583 734 ut
1622 680 1828 737 veniant
1861 698 2017 736 scau-

425 768 551 823 dala
580 768 790 842 (Matth.
837 762 1011 839 ivtu).
1062 769 1203 826 Inter
1237 786 1358 841 qua:
1395 773 1577 828 omnia
1625 773 1859 829 maxime
1888 788 2017 828 con-

424 870 572 919 stant
602 861 909 918 necessaria
946 861 1331 931 contemplatio
1362 863 1567 929 divina,
1607 879 1726 933 qua:
1763 865 1835 919 ita
1886 882 2016 935 pro-

424 956 645 1026 ponitur
667 954 880 1009 cunctis
908 962 969 1009 ut
1005 954 1072 1009 de
1106 969 1191 1020 ea,
1218 955 1372 1024 quasi
1418 956 1534 1026 ipsa
1566 955 1678 1011 sola
1730 956 1803 1010 sit
1830 970 2019 1012 neces-

424 1046 588 1112 saria,
613 1046 824 1100 dicatur
849 1060 880 1099 a
905 1044 1159 1099 Domino:
1193 1042 1365 1100 Porro
1387 1062 1546 1100 unum
1569 1056 1642 1101 est
1666 1046 2016 1101 necessarium
2076 1038 2077 1041 “

424 1136 577 1208 (Luc.
604 1137 661 1209 ι)

494 1232 624 1300 Quae
657 1234 913 1289 nimirum
945 1240 1159 1299 cuncta,
1187 1232 1311 1303 quia
1350 1247 1460 1287 non
1499 1232 1629 1298 Deo,
1658 1232 1752 1288 sed
1782 1230 2017 1288 homini-

422 1325 523 1381 bus
558 1325 669 1383 sint
713 1326 1046 1390 necessaria,
1078 1323 1199 1379 luce
1228 1323 1430 1379 clarius
1463 1332 1568 1378 est.
1606 1322 2016 1387 Verumtamen,

421 1415 547 1484 quia
589 1415 769 1470 omnia
809 1431 840 1468 a
880 1415 989 1469 Deo
1036 1430 1135 1483 pro
1181 1412 1338 1468 nobis
1385 1412 1632 1467 ordinata
1672 1412 1819 1482 justa
1868 1420 2013 1475 sunt,

398 1507 564 1581 .justa
610 1516 736 1562 sunt
783 1522 914 1578 ergo
951 1507 1133 1560 omnia
1165 1506 1427 1576 praedicta
1471 1504 1801 1560 necessaria.
1837 1504 1912 1559 Ex
1950 1520 2017 1560 eo

421 1599 638 1669 quidem
660 1597 829 1668 jnsta,
859 1599 987 1665 quia
1018 1613 1049 1652 a
1080 1598 1190 1652 Deo
1217 1597 1464 1651 ordinata
1491 1612 1506 1662 ;
1538 1610 1601 1651 ex
1634 1587 1737 1651 hoc
1767 1610 1895 1650 vero
1924 1609 2020 1649 ne-

422 1689 687 1753 cessaria,
724 1688 851 1762 quia
896 1688 1014 1742 sine
1067 1688 1154 1744 his
1196 1685 1494 1743 subsistere
1541 1685 1730 1756 nequit
1775 1685 2017 1741 conditio

420 1779 678 1839 humana.

2118 599 2361 656 cordiam
2392 602 2723 671 percepisse,
2753 602 2847 659 sed
2875 605 3207 670 necessario,
3242 606 3324 661 vet
3354 611 3591 679 gratuito
3612 610 3705 681 ju-

2076 754 2077 757 η
2118 690 2254 746 dicis
2270 690 2430 747 dono.
2458 692 2537 748 Ne
2563 691 2723 760 forte,
2738 694 2783 749 si
2812 695 3241 753 misericordiam
3271 699 3705 773 adeptamjusti-

2120 781 2207 837 tiae
2233 783 2533 853 meritoque
2560 800 2662 840 suo
2691 785 3064 857 deputavcrit,
3104 787 3305 858 judicis
3329 792 3516 861 pietati
3544 793 3705 851 dero-

2117 889 2248 947 gare
2275 876 2522 931 videatur
2878 922 2897 925 η

2187 967 2332 1023 Idem
2360 968 2427 1024 de
2451 966 2544 1023 Dei
2574 969 2746 1039 gratia
2776 971 3114 1027 sentiendum
3129 982 3233 1028 cst.
3255 974 3390 1042 Quia
3404 976 3548 1031 enim
3571 976 3708 1032 scri-

2117 1066 2268 1129 ptum
2295 1068 2379 1115 est
2410 1076 2424 1115 ε
2461 1060 2652 1115 Omnes
2687 1073 3050 1131 peccaverunt,
3094 1075 3141 1118 et
3179 1074 3325 1134 egent
3363 1065 3533 1136 gloria
3581 1065 3700 1132 Dei,

2109 1153 2395 1224 justi/icati
2418 1154 2583 1223 gratis
2607 1170 2701 1224 per
2721 1155 2948 1225 gratiam
2978 1156 3142 1226 ipsius
3184 1155 3365 1228 (Rom.
3410 1157 3528 1229 tu).
3579 1158 3705 1214 Ideo

2117 1245 2297 1300 nullus
2320 1246 2479 1302 debet
2507 1244 2712 1306 dicere.
2733 1245 2816 1301 vel
2837 1248 3059 1303 credere
3081 1251 3327 1303 eamdem
3350 1250 3580 1319 gratiam
3605 1249 3701 1304 Dei

2117 1352 2176 1393 se
2203 1338 2592 1407 promeruisse.
2641 1336 2897 1408 Alioquin
2947 1354 3055 1394 non
3106 1349 3252 1396 esset
3301 1340 3499 1411 gratia,
3531 1340 3578 1395 si
3608 1340 3703 1395 ltili

2118 1425 2309 1482 fuisset
2334 1427 2540 1483 debita.

2188 1518 2324 1586 Quia
2368 1519 2533 1590 igitur
2561 1521 2694 1577 satis
2737 1530 2823 1577 est
2869 1522 3072 1578 dictum
3098 1524 3231 1594 quid
3257 1524 3463 1595 justum
3496 1525 3587 1590 sit,
3617 1525 3703 1581 vel

2118 1611 2484 1666 necessarium
2513 1626 2578 1665 ex
2602 1609 2813 1679 iustitia
2846 1613 3101 1675 humana,
3129 1630 3272 1669 nunc
3295 1615 3706 1671 consideremus

2115 1717 2237 1772 quae
2261 1702 2333 1757 sit
2353 1701 2555 1757 divina.
2584 1701 2718 1757 Nam
2741 1704 2806 1759 de
2835 1706 3252 1760 necessitatibus
3278 1706 3530 1760 humanis
3559 1705 3704 1760 nulla

2117 1794 2222 1850 erit
2275 1794 2572 1850 similitudo
2618 1797 2683 1850 ad
2730 1795 2933 1850 divina.
2969 1796 3188 1852 Justitia
3236 1804 3417 1852 autem
3465 1797 3703 1851 humana

392 1938 399 1949 '
495 1869 842 1939 Quaecunque
864 1869 1029 1925 etiam
1060 1868 1276 1934 solatia,
1308 1868 1387 1924 vel
1409 1867 1660 1939 prtesidia
1691 1865 1892 1922 mundo
1919 1882 2013 1938 per

2123 1887 2367 1956 superius
2407 1896 2493 1942 est
2524 1887 2867 1957 aliquatenus
2896 1900 3217 1954 memorata,
3247 1890 3343 1944 sed
3371 1890 3472 1944 hoc
3502 1889 3704 1944 iterum

416 1961 619 2032 judicia
652 1963 833 2018 divina
867 1963 1212 2028 exhibentur,
1249 1960 1370 2017 ideo
1398 1961 1623 2016 dicendo
1660 1969 1788 2016 sunt
1830 1974 2016 2015 neces-

421 2053 728 2124 Saria,quia
760 2069 865 2109 non
899 2054 970 2108 ita
1004 2070 1099 2124 per
1122 2053 1356 2108 humana
1380 2051 1701 2122 contingunt
1731 2052 1923 2105 merita
1955 2057 2015 2105 ut

428 2144 639 2212 possint
669 2153 852 2198 nostra
885 2158 915 2196 a
947 2152 1100 2213 parte
1127 2143 1231 2197 dici
1249 2140 1393 2210 justa
1423 2139 1587 2214 [ϐοά.
1617 2140 1774 2196 Cruc.
1808 2151 1866 2196 ut
1891 2155 2015 2212 pos-

423 2234 531 2292 sint
559 2249 663 2289 non
710 2244 833 2305 apte
861 2234 965 2288 dici
993 2232 1137 2302 justa
1161 2233 1180 2307 ]
1203 2274 1220 2300 ,
1259 2234 1312 2289 id
1341 2242 1446 2299 est,
1476 2232 1620 2303 juste
1647 2241 1702 2288 et
1737 2248 1803 2290 ex
1831 2233 2014 2289 debito

423 2326 582 2380 nobis
613 2340 872 2381 concessa
897 2342 911 2386 ;
941 2326 1032 2378 sed
1062 2325 1176 2380 sola
1214 2326 1307 2380 Dei
1342 2326 1682 2396 providentia
1708 2334 1871 2391 atque
1907 2324 2016 2382 cic-

424 2417 627 2475 mentia
666 2417 978 2473 necessitati
1018 2417 1267 2474 humana:
1315 2418 1682 2489 prrevideutur
1710 2417 2011 2488 profutura.

420 2506 594 2562 Omne
632 2509 778 2563 enim
812 2508 1016 2580 justum
1047 2524 1111 2564 ex
1149 2510 1255 2564 Deo
1291 2523 1457 2579 super
1487 2510 1736 2565 homines
1788 2511 2011 2575 factum,

417 2615 485 2655 ex
519 2598 700 2670 aliquo
730 2603 945 2668 merito,
983 2600 1069 2656 vel
1105 2601 1288 2656 debito
1321 2616 1510 2656 eorum
1548 2602 1872 2671 prmcedenti
1917 2615 2011 2657 ac-

416 2691 571 2748 cidit.
626 2690 1003 2747 Necessarium
1045 2706 1174 2746 vero
1217 2691 1506 2746 dicendum
1545 2702 1631 2745 est
1675 2690 1819 2760 quod
1851 2690 2013 2746 nullis

422 2781 851 2860 praecedentibus
873 2780 1099 2843 meritis,
1128 2782 1222 2836 sed
1252 2779 1366 2837 sola
1391 2781 1487 2836 Dei
1512 2780 1688 2851 gratia
1710 2781 2008 2837 obtinetur.

492 2870 705 2926 Justum
735 2887 949 2944 quoque
978 2887 1161 2938 omne,
1192 2887 1291 2942 pro
1316 2888 1381 2928 eo
1407 2874 1551 2942 quod
1585 2873 1725 2928 Deus
1750 2882 1805 2927 et
1831 2872 2013 2942 justus

418 2977 474 3025 et
504 2970 677 3024 bonus
707 2978 810 3032 est,
855 2968 1099 3035 bonum;
1140 2968 1509 3024 necessarium
1547 2983 1696 3033 vero,
1734 2967 1860 3039 quia
1901 2975 2010 3021 tam

418 3076 485 3115 ex
514 3058 655 3115 malo
685 3075 847 3129 quam
887 3060 1028 3115 bono
1056 3060 1286 3124 accedit,
1314 3076 1417 3114 non
1448 3059 1621 3114 solum
1650 3059 1870 3125 bonum,
1916 3058 2011 3113 sed

417 3153 582 3211 etiam
623 3150 823 3206 malum
864 3150 968 3205 dici
1019 3158 1219 3222 potest.
1267 3150 1401 3204 Nam
1451 3151 1813 3215 mendacium,
1864 3150 2009 3221 quod

2117 1994 2548 2035 commemorare
2594 1980 2739 2034 volui
2791 1980 2950 2052 [cod.
2988 1980 3048 2036 S.
3078 1981 3260 2047 Cruc.,
3305 1982 3394 2037 hic
3442 1982 3503 2036 it.
3555 1997 3701 2037 com.

2115 2070 2285 2143 volo].
2334 2069 2576 2141 Denique
2606 2072 2977 2141 supradictum
3007 2081 3091 2127 est
3113 2070 3378 2141 justitiam
3410 2073 3705 2128 humanam

2116 2159 2425 2228 hujusmodi
2452 2176 2574 2218 esse
2600 2170 2657 2215 ut
2682 2162 2859 2218 omnis
2883 2162 3051 2233 judex
3074 2171 3129 2217 et
3157 2146 3338 2218 rector
3357 2177 3420 2218 ea
3446 2164 3704 2230 crimina,

2115 2267 2237 2322 qua:
2285 2252 2401 2324 lege
2447 2253 2629 2323 aliqua
2678 2253 3004 2324 praemonuit
3050 2271 3119 2309 ne
3149 2253 3359 2318 tierent,
3390 2262 3704 2324 perpetrata

2116 2344 2344 2399 licenter
2368 2343 2560 2416 punire
2586 2339 2776 2413 possit.
2808 2343 2939 2410 Quae
2968 2344 3175 2405 scilicet
3215 2342 3426 2413 justitia
3455 2344 3501 2399 si
3532 2343 3706 2400 subti-

2115 2434 2242 2489 liter
2281 2443 2561 2504 pensatur,
2608 2435 2663 2488 in
2712 2435 2952 2489 ontnium
2993 2435 3316 2507 sapientium
3368 2434 3705 2491 conscientia

2116 2525 2408 2596 reperitur.
2458 2524 2820 2591 Quamobrem
2868 2542 2991 2581 cum
3026 2527 3226 2582 nullius
3265 2527 3527 2598 sapientis
3573 2541 3707 2582 eou-

2115 2610 2345 2676 scientia
2372 2618 2439 2674 de
2464 2620 2564 2674 hac
2599 2620 2809 2675 dubitet
2827 2618 3060 2695 iustitia,
3095 2636 3317 2676 necesse
3342 2628 3425 2676 est
3454 2620 3703 2676 eamdem

2114 2728 2215 2769 nos
2243 2714 2388 2769 scire
2416 2713 2601 2767 divino
2646 2713 2974 2769 reddendam
3018 2729 3139 2769 esse
3183 2713 3411 2781 judicio,
3446 2724 3529 2779 ut,
3558 2714 3703 2769 sicut

2114 2805 2277 2861 homo
2316 2816 2627 2876 praepotens
2658 2805 3000 2874 iniquitatem
3046 2816 3236 2861 contra
3285 2813 3552 2876 praecepta
3601 2819 3702 2859 sua

2112 2904 2481 2967 perpetratam
2527 2896 2769 2965 quolibet
2805 2894 3013 2964 judicio
3062 2895 3204 2951 solet
3244 2896 3471 2966 punire.
3521 2896 3595 2950 ita
3646 2907 3705 2949 et

2113 2982 2473 3054 Omnipotens
2504 2999 2720 3037 omnem
2750 2983 3050 3052 nequitiam
3084 2993 3276 3039 contra
3308 2985 3479 3056 legem
3515 2999 3695 3045 suam,

2073 3120 2080 3125 .
2113 3090 2257 3145 qum,
2280 3074 2366 3130 vel
2386 3090 2454 3129 ex
2481 3074 2715 3130 naturali
2740 3074 2978 3144 ingenio,
3004 3075 3088 3131 vel
3113 3077 3476 3146 qualicunque
3502 3075 3703 3130 indicio

2114 3165 2288 3220 indita
2339 3172 2426 3220 est
2475 3164 2721 3230 homini,
2771 3163 3017 3220 effectam
3059 3164 3209 3235 justo
3250 3165 3489 3236 judicio,
3543 3173 3702 3234 prout

417 3243 621 3314 absque
648 3243 812 3297 dubio
838 3242 1035 3298 malum
1066 3251 1168 3308 est,
1202 3241 1473 3298 invenitur
1493 3242 1791 3313 saepissime
1821 3255 2005 3298 neces-
2035 3217 2083 3278 ο
2113 3255 2247 3319 vutg,
2275 3254 2452 3310 valeat
2479 3217 2790 3312 emenda'm,

417 3335 647 3391 sarium.
673 3332 866 3416 omnis
894 3349 1113 3405 quoque
1150 3332 1304 3404 culpa
1334 3348 1429 3405 per
1471 3349 1530 3390 se
1577 3341 1792 3390 constat
1819 3334 2002 3407 mala;

390 3426 512 3495 ,sed
535 3428 605 3483 ad
635 3427 835 3483 bonum
861 3426 914 3481 in
946 3416 1164 3482 homine
1193 3425 1498 3482 faciendum
1533 3434 1661 3481 tunc
1682 3426 1787 3481 erit
1815 3440 2005 3482 neces-

415 3518 584 3584 saria,
615 3532 738 3575 cum
768 3518 890 3588 quis
919 3517 1117 3583 elatus,
1144 3516 1229 3573 vel
1258 3517 1489 3588 propriae
1519 3516 1829 3588 fragilitatis
1859 3517 2010 3588 igna-

415 3621 510 3665 rus
549 3607 601 3661 in
649 3622 768 3663 eam
814 3622 1098 3671 corruens,
1139 3616 1195 3662 et
1235 3607 1359 3663 inde
1405 3607 1533 3678 qttid
1579 3609 1650 3663 sit
1693 3608 1907 3663 discens
1940 3608 2009 3663 ad

417 3699 640 3754 meliora
667 3715 963 3756 conversus
992 3699 1176 3761 fuerit.
1203 3699 1355 3757 Sicut
1380 3698 1447 3754 de
1474 3710 1667 3755 sancto
1689 3699 1851 3755 Petro
1874 3699 2004 3775 mul-

416 3791 594 3859 tisqne
626 3789 748 3845 aliis
781 3778 999 3860 legitur,
1030 3790 1271 3859 qnijdeo
1292 3789 1650 3858 dispositione
1678 3790 1858 3846 divina
1886 3805 2011 3860 per-

422 3879 577 3936 missi
606 3890 732 3934 sunt
762 3881 999 3952 graviter
1029 3880 1360 3953 delinquere,
1380 3889 1435 3935 ut
1465 3890 1518 3936 et
1546 3881 1645 3953 ipsi
1679 3898 1778 3953 per
1804 3883 2011 3955 fragili-

418 3972 548 4031 tatis
583 3988 695 4031 sua:
722 3972 1092 4042 experimenta
1123 3970 1396 4027 discerent
1421 3972 1551 4041 quid
1585 3983 1768 4031 essent
1800 3983 1855 4031 et
1887 3975 2011 4031 aliis

418 4061 767 4132 peccantibus
789 4060 1027 4131 compati
1051 4061 1279 4120 scirent.
1305 4060 1418 4116 Hoc
1439 4061 1605 4134 igitur
1627 4057 1789 4137 mede
1809 4064 2011 4119 malum

421 4160 635 4207 constat
664 4166 794 4221 esse
817 4150 1207 4207 necessarium.

498 4240 883 4298 Verumtamen
913 4257 1075 4297 omne
1105 4241 1303 4297 malum
1336 4243 1495 4300 nobis
1524 4245 1911 4313 necessarium,
1944 4261 2013 4302 ex

428 4349 495 4389 eo
521 4333 741 4405 quidem
770 4335 913 4405 quod
941 4344 1027 4391 est
1054 4335 1274 4402 malum,
1313 4335 1438 4391 inde
1469 4336 1718 4393 humanae
1760 4339 2015 4408 prazvari-

420 4425 652 4482 cationis
684 4427 921 4482 insinuat
954 4428 1206 4482 meritum
1231 4444 1246 4494 ;
1276 4443 1341 4483 ex
1370 4443 1477 4498 quo
1507 4436 1689 4485 autent
1719 4431 1791 4485 sit
1825 4446 2015 4487 neces-

424 4514 654 4580 sarium,
695 4515 819 4571 inde
866 4516 1062 4572 divinae
1113 4516 1331 4586 pietatis
1368 4527 1583 4573 constat
1610 4528 2012 4590 argumentum.

426 4605 582 4662 Unde
606 4617 661 4661 et
695 4606 878 4661 omnia
911 4606 1099 4673 gratiae
1129 4606 1323 4661 divina:
1348 4607 1512 4674 dona,
1541 4624 1661 4679 qua:
1701 4619 1850 4665 tanta
1885 4620 2012 4666 sunt

422 4706 483 4751 nt
517 4712 580 4752 ea
626 4698 803 4752 nullus
840 4696 1018 4752 valeat
1055 4698 1375 4768 promereri,
1406 4700 1654 4768 quamvis
1686 4701 1740 4755 in
1781 4700 2009 4771 disposi-

418 4789 568 4843 tione
612 4789 794 4843 divina
838 4788 1091 4844 dicantur
1125 4787 1294 4861 justa,
1337 4790 1427 4845 ubi
1477 4790 1683 4858 justum
1723 4801 1808 4847 est
1848 4808 2010 4849 omne

419 4880 592 4951 pium,
611 4880 867 4948 piumque
885 4894 1045 4935 onme
1060 4878 1291 4948 justum,
1317 4881 1621 4936 necessaria
1647 4884 1824 4952 potius
1846 4899 2010 4952 quam

415 4971 563 5042 iusta
591 4986 622 5029 a
643 4970 796 5025 nobis
824 4979 950 5026 sunt
975 4972 1220 5029 dicenda.

495 5065 601 5120 Sed
630 5074 689 5122 ut
720 5066 823 5127 hoc
850 5067 1092 5137 apertius
1119 5066 1407 5134 clarescat,
1432 5070 1756 5147 assumenda
1785 5078 2005 5126 suntex

419 5156 636 5198 ἱιιιιίρὶἰς
667 5156 919 5198 hnmanie
954 5158 1196 5198 ntpmnla
1260 5157 1700 5198 “notitiam-nano
1731 5162 1897 5198 initur-
1924 5161 2008 5198 ἷηρ

2179 3347 2251 3401 ιι.
2294 3346 2433 3403 Hinc
2470 3348 2689 3418 sapiens
2728 3349 3014 3422 quisquam
3060 3352 3308 3408 dubitare
3338 3351 3516 3406 minus
3560 3347 3706 3405 valet

2108 3452 2366 3508 Inquam.
2950 3510 2953 3513 Α
3052 3465 3055 3468 ν

2704 3534 2935 3592 CAPUT
2971 3535 3113 3592 XIX.

2111 3623 2368 3695 Exempla
2411 3624 2598 3695 prima:
2638 3625 2829 3697 speciei
2868 3625 3166 3697 divinorum
3196 3623 3546 3692 judiciarum,
3585 3641 3705 3697 qua:

2685 3694 2934 3747 dicuntur
2958 3693 3129 3761 justa.

2184 3786 2329 3841 Othl.
2371 3785 2504 3841 Cum
2526 3783 2830 3856 ergojuxta
2856 3783 3120 3838 rationem
3145 3784 3460 3854 praedictam
3486 3783 3702 3855 jnstitia

2112 3877 2206 3933 Dei
2246 3878 2588 3947 aliquatenus
2635 3883 2800 3945 queat
2848 3876 3067 3944 inspici,
3115 3874 3248 3930 libet
3293 3876 3491 3943 modo,
3540 3889 3707 3947 prout

2111 3983 2356 4041 possum,
2386 3982 2448 4021 ea
2478 3982 2599 4037 qua:
2646 3975 2698 4021 te
2738 3965 3029 4036 instigante
3068 3966 3341 4037 pollicitus
3371 3981 3491 4022 sum
3522 3968 3589 4023 de
3608 3968 3701 4039 ju-

2111 4063 2271 4119 diciis
2315 4060 2515 4117 divinis
2562 4060 2883 4127 declarare,
2928 4077 3049 4131 quae
3098 4058 3349 4116 videlicet
3392 4061 3706 4131 specialiter

2106 4152 2277 4224 justa,
2304 4166 2425 4222 quae
2454 4150 2765 4222 specialiter
2812 4150 3117 4206 necessaria
3139 4191 3155 4216 ,
3205 4165 3327 4220 quae
3357 4148 3502 4219 justa
3540 4151 3704 4206 simul

2112 4254 2168 4301 et
2191 4232 2519 4309 necessaria,
2546 4258 2668 4313 qnze
2689 4243 2898 4299 occulta
2925 4242 3089 4298 etiam
3120 4243 3373 4298 dicantur
3396 4242 3704 4312 quibusque

2116 4333 2328 4389 indiciis
2353 4333 2470 4389 haec
2497 4332 2709 4404 singula
2739 4341 3124 4402 agnoscantur.
3178 4331 3284 4387 Sed
3310 4333 3568 4402 quoniam
3604 4344 3701 4385 ea-

2117 4425 2235 4480 dem
2260 4422 2466 4494 judicia
2501 4425 2553 4479 in
2584 4432 2818 4493 quatuor
2842 4424 3051 4492 species
3075 4422 3328 4477 distincta
3354 4423 3703 4493 promisimus

2116 4516 2376 4588 exemplis
2412 4518 2643 4586 probare
2669 4514 2900 4582 singula,
2932 4515 2984 4568 in
3034 4513 3225 4583 primis
3261 4514 3449 4582 prima:
3490 4526 3704 4583 quoque

2116 4607 2318 4677 speciei
2344 4607 2589 4662 dicamus
2614 4604 2880 4675 exempla.
2915 4602 3188 4674 Scriptum
3219 4603 3385 4675 igitur
3412 4603 3552 4658 nosti
3575 4602 3701 4672 quia

2120 4696 2480 4754 Sodomorqu
2508 4704 2563 4751 et
2589 4694 3066 4751 Gomorrhazorum
3094 4693 3254 4748 urbes
3277 4693 3551 4751 subversa:
3574 4703 3703 4746 sunt

2112 4788 2316 4860 judicio
2344 4785 2561 4844 divino?

2190 4877 2265 4934 II.
2305 4877 2578 4947 Scriptum
2631 4874 2874 4946 profecto
2924 4874 3047 4928 novi
3092 4873 3217 4943 quia
3261 4873 3536 4928 subversa‘
3575 4878 3702 4926 sunt

2112 4965 2316 5037 judicio
2344 4964 2459 5020 Dei.
3101 4975 3106 4981 ‘

2190 5055 2256 5112 0.
2296 5055 2460 5113 Potes
2508 5061 2689 5109 autem
2736 5053 2878 5110 scire
2938 5050 3211 5121 quomodo
3254 5050 3395 5106 idem
3438 5048 3701 5120 judicium

2116 5152 2279 5198 fuerit
2305 5151 2540 5198 iustum?
