3998 5450
269 400 339 460 es
973 391 1089 428 κ’
1249 398 1519 459 nuLoc.
1560 401 1648 456 DE
1684 399 1935 456 rtunus
1970 362 2518 469 ovassrtoa'mns.
3088 466 3089 469 γ
3132 462 3139 469 ,
3440 400 3509 456 86
3544 436 3551 447 .

200 584 203 589 ί
345 513 421 570 Η.
462 511 832 587 Nequaquam,
854 522 911 569 ut
952 526 1094 569 reor.
1125 510 1259 567 Nam
1287 512 1465 568 nullus
1490 512 1685 566 divina:
1712 509 1845 581 legis
1876 518 1918 573 Α
1950 515 2122 572 audis.
2168 516 2303 572 Nam
2330 535 2465 588 quos
2497 516 2764 580 praescivit
2808 516 3297 586 incorrigibilwriu
3327 503 3512 587 paucis

276 607 556 675 monitor,
606 608 689 663 vel
736 608 1088 679 praedicator,
1143 605 1269 661 illuc
1317 605 1630 675 pt‘atntissus
1680 602 1844 657 fuisse
1943 611 2423 679 probamomues,
2996 646 3001 651 .
3516 668 3523 671 _

276 700 498 771 legitur,
527 700 621 755 sed
648 700 818 770 pridie
847 712 1008 770 quam
1045 697 1505 761 subverterentur,
1532 694 1639 747 duo
1667 691 1840 763 angeli
2016 698 2088 753 II.
2130 699 2397 769 Quidquid
2425 700 2554 755 mibi
2591 700 2880 756 dubietatis
2924 714 3082 770 super
3112 699 3213 756 hac
3244 700 3512 755 sententia

273 790 493 845 venisse
518 790 789 854 dicuntur,
808 790 881 844 ita
907 788 1172 844 referente
1195 785 1474 855 Scriptura
1508 803 1520 838 :
1562 781 1843 849 Venerunt,

1967 790 2180 855 ultatsit,
2211 797 2397 858 aperta
2429 791 2565 845 ratio
2608 790 2869 845 dissolvit.
2926 788 3181 845 Videntur
3209 774 3353 844 enim
3379 790 3512 846 mihi
3590 808 3593 817 ν

273 879 474 950 inquit,
500 879 605 934 duo
633 879 802 951 angeli
830 879 1115 934 Sodomam
1148 892 1353 946 vespere
1404 875 1611 930 sedente
1636 872 1765 928 Loth
1790 874 1844 928 in
1945 882 2104 935 modo
2127 882 2327 946 omnia,
2358 896 2477 949 qua:
2511 880 2575 935 de
2597 878 2742 948 justo
2771 880 2862 936 Dei
2899 878 3104 948 judicio
3142 882 3196 935 in
3226 881 3511 951 prmdicta-

273 969 479 1040 foribus
504 974 730 1028 civitatis
768 971 920 1043 (Gen.
952 970 1087 1041 xix).
1946 987 2063 1026 rum
2092 971 2301 1026 urbium
2329 970 2679 1026 subversione
2707 970 2850 1025 facto
2879 971 3082 1037 dixisti,
3115 979 3222 1025 tam
3252 970 3427 1025 lucida
3455 979 3517 1027 ut

341 1062 411 1117 0.
452 1062 597 1134 Lege
626 1073 841 1128 cetera,
867 1078 987 1132 quae
1016 1068 1334 1130 sequuntur,
1366 1067 1421 1114 et
1462 1057 1703 1113 invenies
1738 1056 1848 1111 lor-

272 1156 410 1212 sitan
431 1154 637 1225 judicia
667 1156 783 1220 Dei,
805 1171 924 1224 quae
949 1156 1143 1211 ibident
1167 1155 1430 1224 completa
1452 1160 1599 1216 sunt,
1622 1166 1851 1222 praemo—

273 1248 476 1301 nitione
521 1246 703 1317 aliqua
750 1247 1058 1302 denuntiata
1085 1288 1102 1312 ,
1153 1246 1377 1316 ideoque
1419 1259 1546 1299 vera
1585 1252 1637 1298 ct
1677 1244 1845 1313 jnsta.

274 1334 457 1405 Neque
489 1337 638 1389 enim
665 1351 695 1389 a
744 1336 1000 1389 memoria
1031 1345 1120 1389 tua
1152 1336 1312 1390 debet
1343 1333 1498 1390 evelli
1531 1332 1658 1402 quid
1678 1322 1849 1400 'supra

272 1425 476 1477 dictum
505 1426 578 1478 sit
608 1438 731 1477 csse
753 1422 956 1491 justum
985 1438 1255 1492 causaque
1292 1422 1447 1492 justi.
1486 1420 1847 1487 Quamobrem

272 1516 584 1586 diligentius
620 1515 918 1586 Scriptura:
942 1524 1257 1569 ntemoratze
1301 1512 1578 1583 sequentia
1614 1511 1849 1572 intuere,

270 1616 322 1661 et
358 1608 601 1677 reperies
625 1607 938 1676 cognitione
971 1606 1146 1674 aliqua
1175 1609 1335 1673 quam
1362 1604 1508 1674 jnsta
1538 1601 1738 1657 fuerint
1758 1601 1851 1672 ju-

270 1701 409 1756 dicia
440 1700 535 1754 Dei
576 1701 629 1754 in
661 1699 883 1754 urbibus
907 1698 1230 1768 supradictis
1259 1696 1426 1752 facta.

340 1787 416 1842 ll.
459 1787 591 1854 Quae
638 1802 724 1841 me
763 1787 918 1855 jubes
959 1786 1194 1857 reperire
1240 1799 1485 1856 nequeo:
1533 1783 1762 1853 ideoque
1795 1792 1851 1838 ιιι

271 1876 479 1947 profer,
510 1892 713 1946 quasso.

338 1966 409 2021 0.
468 1965 677 2032 Nonne,
742 1975 864 2037 post
897 1982 961 2020 ea
1021 1981 1141 2036 qua:
1192 1965 1502 2037 praemisisti
1556 1963 1852 2034 Scriptura:

272 2056 461 2121 verba,
492 2051 756 2127 scriptum
788 2064 869 2110 est
891 2071 905 2108 :
926 2055 1177 2125 Egressus
1199 2057 1373 2125 itaque
1395 2053 1526 2108 Loth
1552 2053 1756 2109 locutus
1778 2065 1853 2119 est

273 2149 340 2203 ad
383 2164 599 2217 generos
638 2165 785 2211 sttos,
823 2147 913 2217 qui
960 2132 1222 2217 accepturi
1268 2155 1416 2199 erant
1455 2144 1599 2216 ﬁlias
1638 2146 1773 2217 ejus,
1804 2156 1851 2200 et

274 2240 412 2294 diJit
450 2254 468 2292 .'
505 2238 740 2310 Surgite,
768 2238 1069 2310 egredimini
1098 2238 1162 2292 de
1204 2237 1317 2292 loco
1352 2238 1475 2304 ista,
1513 2239 1638 2309 quia
1667 2237 1853 2292 delebit

272 2331 537 2387 Dominus
557 2332 816 2386 civitatem
841 2331 996 2385 Itane.
1023 2329 1097 2385 Et
1113 2331 1253 2385 visus
1277 2340 1352 2386 est
1375 2332 1469 2398 eis,
1495 2331 1645 2402 quasi
1670 2328 1854 2384 ludens

284 2424 470 2495 loqui?
496 2423 687 2494 (Ιῦῑά.)
890 2474 895 2477 _
1494 2464 1497 2469 .

346 2511 425 2565 Π.
499 2511 777 2581 Scriptum
847 2510 1092 2581 profecto
1162 2514 1235 2566 ita
1297 2525 1418 2566 esse
1478 2510 1694 2577 recolo;
1761 2510 1854 2566 sed

274 2602 552 2671 quomodo
580 2616 676 2672 per
700 2603 818 2657 btec
845 2602 1008 2657 verba
1044 2600 1241 2657 iudicia
1290 2600 1469 2657 divina
1516 2599 1731 2673 probari
1759 2615 1853 2654 va-

273 2692 599 2760 lenkjusta?
740 2746 743 2749 .

351 2784 417 2838 0.
442 2784 863 2856 Possuntplane.
893 2782 963 2838 Η.
994 2782 1306 2851 Quomodo?
1329 2781 1394 2837 0.
1424 2783 1502 2837 Ex
1540 2782 1641 2838 hoc
1668 2782 1853 2852 utique

276 2859 407 2949 quia
444 2890 567 2929 cum
596 2875 694 2931 Lot
719 2875 978 2946 quosdam
998 2873 1179 2944 egredi
1209 2873 1276 2928 de
1327 2872 1445 2927 loco
1495 2871 1585 2926 illo
1624 2887 1855 2943 prterito-

283 2969 488 3023 nuisset
518 2976 572 3022 et
600 2967 879 3023 delendam
914 2966 1188 3021 civitatem
1228 2978 1348 3019 esse
1380 2964 1551 3033 ipsam
1577 2963 1858 3034 praedixis-

284 3069 388 3125 set,
430 3075 640 3131 omnes,
672 3060 764 3127 qui
796 3059 905 3112 hare
932 3057 1072 3111 dicta
1100 3055 1203 3110 Lot
1269 3055 1575 3121 audierunt,
1600 3054 1859 3109 admoniti

288 3159 413 3207 sunt
439 3158 494 3204 ut
512 3148 727 3219 judicia~
742 3147 833 3202 Dei
859 3147 1102 3202 intimam
1127 3145 1434 3201 evaderent.
1471 3144 1576 3199 Sed
1604 3145 1857 3215 quoniam
1889 3186 1929 3227 Α

285 3244 597 3316 praedictam
627 3243 1105 3312 imminentemque
1133 3241 1534 3295 subversiouem
1574 3238 1861 3293 uoluerunt

289 3334 530 3397 credere,
559 3340 706 3401 patet
733 3330 973 3400 profecto
999 3346 1092 3385 eos
1120 3328 1318 3399 ﬂagitia
1351 3343 1444 3383 sua
1476 3341 1574 3380 nec
1598 3325 1863 3396 pceuitere

287 3423 444 3478 velle.
471 3422 588 3490 Qua
610 3422 677 3478 de
704 3437 761 3477 re
785 3422 1050 3492 colligitur
1070 3429 1125 3475 et
1149 3418 1623 3490 probaturjustum
1654 3432 1864 3469 verum-

290 3527 392 3583 que
437 3527 562 3567 esse
609 3511 704 3567 Dei
749 3510 1007 3580 judicium
1033 3551 1051 3576 ,
1097 3511 1239 3580 quod
1269 3524 1374 3563 non
1406 3516 1565 3573 ante,
1613 3504 1706 3561 sed
1745 3513 1866 3575 post

290 3604 497 3658 monita
527 3602 771 3673 neglecta
812 3601 1008 3655 delevit
1046 3600 1161 3655 loca
1193 3600 1471 3670 praedicta.
1824 3642 1831 3649 ς

363 3691 437 3745 ll.
477 3689 598 3748 Jam
628 3690 836 3760 plenius
865 3704 1097 3760 agnosco
1130 3688 1260 3758 quid
1302 3687 1639 3742 sentiendum
1682 3688 1754 3740 sit
1798 3686 1829 3740 d

284 3784 432 3853 justo
474 3782 696 3850 judicio.
758 3781 1141 3836 Verumtamen
1188 3778 1314 3832 huic
1360 3777 1569 3831 videtur
1611 3775 1863 3846 quiddam

294 3875 559 3930 obsistere
604 3873 657 3927 in
706 3872 891 3926 eadem
944 3868 1315 3926 subversioue.
1374 3866 1507 3921 Nam
1559 3880 1746 3921 onmes
1790 3866 1864 3941 ibi

295 3978 635 4035 nequaquam
690 3971 815 4018 sunt
858 3961 1199 4033 prtemoniti;
1256 3974 1444 4015 omnes
1491 3973 1658 4023 vero,
1707 3972 1866 4013 exce-

292 4055 401 4124 ptis
457 4055 543 4109 bis
590 4053 681 4123 qui
723 4068 844 4107 eum
906 4051 1006 4106 Lot
1062 4052 1322 4116 exibant,
1372 4047 1621 4117 leguntur
1702 4045 1868 4103 fuisse

296 4145 556 4199 damnati.
724 4148 729 4151 “
1059 4191 1062 4194 .
1816 4198 1819 4199 ν

365 4235 435 4291 0.
469 4232 740 4291 Judicium
767 4236 1006 4290 divinum
1057 4250 1189 4299 non,
1218 4241 1276 4289 ut
1307 4234 1599 4288 humanum
1633 4232 1869 4304 plerum-

294 4341 422 4399 que,
448 4336 617 4382 errat.
645 4327 903 4394 Quamvis
951 4326 1095 4380 enim
1130 4324 1290 4392 Dens,
1340 4326 1650 4395 priusquam
1680 4340 1870 4394 quem-

295 4417 427 4472 libet
475 4427 726 4480 moneat,
777 4417 822 4471 si
870 4415 987 4484 ejus
1032 4416 1252 4470 monitis
1295 4415 1765 4483 obtemperaturus
1798 4415 1868 4470 sit

296 4507 567 4578 przesciat,
614 4507 871 4575 quosdam
919 4517 1098 4560 tamen
1131 4506 1398 4575 perituros
1428 4505 1549 4560 ideo
1595 4506 1660 4561 ad
1695 4506 1870 4575 pceni-

298 4600 520 4655 tentiam
548 4608 861 4669 prmmonet,
886 4599 1029 4655 velut
1057 4601 1297 4672 ignarus,
1323 4608 1378 4654 ut
1405 4600 1458 4654 in
1481 4600 1597 4671 ipsa
1625 4601 1869 4656 admoni-

300 4692 445 4746 tione
485 4698 701 4747 cassata
749 4691 1059 4747 hominibus
1106 4692 1358 4746 ostendat
1399 4693 1526 4763 quia
1575 4692 1626 4746 in
1660 4693 1872 4748 caeteris

297 4783 543 4853 iudiciis.
594 4797 715 4852 qua:
749 4798 854 4837 non
883 4782 1139 4848 ostendit,
1169 4784 1388 4838 minime
1418 4791 1587 4839 errat.
1617 4784 1874 4840 Probavit

301 4889 533 4943 namque
563 4864 618 4927 in
664 4873 749 4928 bis
772 4912 786 4936 ,
826 4873 918 4943 qui
944 4874 1133 4928 moniti
1163 4889 1270 4928 non
1299 4880 1422 4927 sunt
1451 4875 1723 4940 conversi,
1750 4875 1876 4944 quia

305 4965 405 5019 etsi
454 4978 644 5019 omnes
690 4963 1112 5019 admonerentur
1161 4964 1349 5019 eadem
1410 4974 1594 5020 essent
1649 4964 1874 5021 facturi.

305 5055 455 5120 Quod
485 5054 745 5109 nimirum
777 5053 847 5107 ita
895 5067 1012 5109 esse
1038 5055 1194 5108 aliter
1224 5053 1388 5108 etiam
1418 5056 1699 5122 probatur.
1740 5052 1874 5107 Nam

304 5146 619 5215 priusquam
669 5143 777 5196 duo
825 5144 999 5213 angeli
1053 5143 1345 5199 Sodomam
1401 5146 1699 5210 venissent,
1754 5158 1877 5201 cum

305 5234 575 5287 Abraham
613 5232 845 5301 colloqui
892 5232 1094 5303 ipsique
1138 5234 1499 5290 Sodomorum
1545 5243 1601 5291 et
1642 5236 1879 5291 Gomor-

307 5328 574 5381 rbteorum
607 5335 831 5397 peccata
859 5327 1170 5385 denuntiare
1195 5331 1469 5386 dicuntur.
1522 5331 1628 5388 Pro
1672 5331 1872 5402 quibus

1895 4550 1947 4610 D

1947 1063 2112 1118 mirer
2147 1062 2287 1132 quod
2336 1078 2440 1116 non
2484 1072 2698 1132 egomet
2739 1078 2847 1132 per.
2877 1077 2963 1117 me
3004 1078 3072 1117 ex
3104 1062 3514 1118 circumstantia

1950 1154 2241 1225 Scriptura:
2271 1156 2457 1209 eadem
2486 1153 2766 1209 sentirem.
2807 1152 2936 1209 lure
2963 1154 3122 1224 igitur
3152 1154 3366 1225 legitur,
3389 1153 3514 1223 jure

1948 1257 2197 1303 cantatur
2225 1267 2237 1301 :
2264 1247 2450 1301 Justus
2498 1264 2551 1301 es
2579 1287 2595 1310 ,
2644 1246 2894 1313 Domine,
2934 1256 2981 1301 et
3023 1256 3217 1300 rectum
3246 1246 3510 1315 judicium

1948 1348 2095 1391 tuum
2127 1334 2297 1409 (Psal.
2330 1335 2540 1406 cum).
2576 1336 2643 1390 Et
2672 1335 2800 1390 illud
2829 1350 2846 1391 :
2872 1336 3039 1391 Iusta:
3064 1344 3110 1389 et
3134 1350 3266 1390 verte
3288 1336 3381 1389 via:
3407 1343 3512 1388 tua:

1949 1426 2063 1480 Rex
2091 1425 2401 1480 sa’culorum
2436 1425 2598 1496 (Dan.
2627 1425 2729 1496 ιιι).
3472 1472 3482 1483 ,

2022 1516 2087 1571 0.
2127 1516 2380 1571 Sentisne
2425 1525 2481 1572 et
2528 1517 2649 1581 hoc,
2692 1531 2759 1569 an
2807 1529 2868 1568 es
2924 1513 3347 1583 praecedentibus
3374 1551 3388 1577 ,
3432 1509 3517 1566 vel

1951 1595 2404 1676 subsequentibus
2454 1604 2631 1661 causis
2690 1604 2901 1661 dicatur
2944 1602 3149 1674 justum
3203 1600 3517 1673 praedictum

1952 1699 2045 1754 Dei
2071 1698 2369 1771 judicium?
2494 1734 2499 1737 -
2690 1732 2695 1737 -
3199 1742 3214 1753 .

2028 1788 2101 1844 11.
2140 1787 2453 1857 Sentiojam
2475 1787 2630 1858 plane
2655 1786 2800 1858 quia,
2820 1784 2976 1856 justa
3007 1783 3325 1839 sententiam
3350 1790 3517 1844 tuam,

1881 1860 1931 1923 Β
1956 1880 2374 1949 unumquodque
2396 1876 2660 1945 judicium
2707 1876 3051 1959 manifestum
3083 1891 3148 1930 ex
3174 1871 3522 1945 praecedenti-

1953 1972 2053 2028 bus
2086 1971 2301 2043 probari
2327 1970 2468 2026 valet
2491 1968 2716 2051 justum.

2547 2086 2774 2142 CAPUT
2812 2085 2953 2141 XX..

1953 2179 2093 2237 Deus
2118 2181 2174 2234 in
2195 2180 2505 2238 quibusdam
2539 2178 2829 2245 manifestis
2854 2173 3331 2246 judicitsostendit
3363 2187 3522 2242 quam

2374 2252 2426 2303 in
2459 2250 2674 2303 occultis
2695 2248 2838 2317 justo
2858 2247 3080 2316 judicet.

2028 2337 2171 2395 0thl.
2220 2337 2386 2394 Visne
2431 2337 2574 2392 aliud
2616 2336 2918 2405 exetnplum
2964 2334 3272 2406 propalari,
3322 2347 3388 2389 ex
3418 2345 3526 2403 quo

1948 2428 2150 2498 judicia
2180 2430 2272 2484 Dei
2303 2428 2552 2484 similiter
2577 2426 2790 2482 valeant
2819 2424 3067 2495 probari?

2029 2520 2099 2575 11.
2161 2519 2289 2575 Volo
2340 2504 2771 2587 omnimodisque
2820 2517 3094 2586 deposco,
3145 2512 3270 2583 quia
3325 2517 3528 2580 quanto

1956 2610 2196 2680 apertius
2225 2607 2497 2678 prmterita
2527 2606 2832 2668 declarasti,
2858 2613 3005 2658 tanto
3032 2602 3322 2656 avidiorem
3351 2614 3434 2654 me
3461 2599 3527 2655 ad

1956 2698 2139 2757 futura
2168 2698 2498 2770 pratparasti.
2549 2695 2902 2751 Condelector
2931 2706 3161 2762 namque
3188 2692 3241 2744 in
3275 2690 3359 2744 bis
3382 2702 3529 2757 qua:-

1958 2793 2220 2848 stiouibus
2263 2806 2327 2845 ac
2370 2787 2759 2850 solutionibus,
2817 2794 2875 2841 ut
2907 2784 3073 2846 illam.
3106 2797 3267 2853 quam
3291 2796 3530 2837 summo-

1959 2900 2089 2955 pere
2135 2883 2331 2952 expetii
2360 2923 2376 2947 ,
2429 2881 2631 2944 libeas,
2680 2878 2854 2949 quoad
2885 2892 3053 2946 usque
3081 2874 3230 2936 velis,
3261 2875 3529 2943 patienter

1961 2975 2280 3048 praestolari.
2328 2973 2664 3041 Prosequere
2711 2985 2839 3040 ergo
2890 2968 3172 3032 inchoata,
3206 2966 3333 3035 quia
3377 2963 3529 3034 plura

1961 3068 2284 3139 proposuisti
2317 3066 2667 3136 explananda.

2036 3159 2100 3216 0.
2140 3160 2371 3214 Potesne
2400 3151 2676 3212 attendere
2703 3156 2830 3209 illud
2868 3154 2957 3208 Dei
2983 3152 3268 3222 judicium,
3306 3145 3446 3220 quod
3479 3146 3531 3199 in

1969 3249 2102 3303 mari
2132 3248 2313 3302 Rubro
2348 3248 2488 3317 circa
2521 3246 2853 3301 Pharaonem
2880 3258 3204 3319 omnemque
3235 3237 3350 3309 ejus
3379 3252 3536 3293 excr-

1967 3341 2133 3395 citnm
2162 3340 2356 3410 legitur
2381 3338 2607 3401 factum,
2636 3337 2905 3406 quomodo
2932 3336 3001 3391 sit
3019 3332 3263 3401 justum?
3298 3350 3319 3396 ,ν

2042 3430 2112 3483 ιι.
2149 3430 2216 3485 Ut
2242 3429 2784 3499 arbitror,possum;
2832 3426 3067 3495 alioquin
3099 3420 3372 3499 indagatio
3396 3433 3538 3491 prte-

1967 3521 2125 3575 terita
2166 3519 2437 3574 incassum
2469 3498 2740 3571 videretur
2776 3515 2937 3569 facta.
3186 3498 3191 3503 ’

2038 3611 2109 3666 Ο.
2146 3610 2317 3673 Unde,
2347 3623 2497 3679 rogo,
2530 3607 2761 3661 maxime
2786 3613 2932 3676 patet
2948 3603 3187 3673 justum?

2038 3699 2111 3753 Η.
2152 3698 2228 3753 Ex
2260 3695 2589 3752 multimodis
2636 3695 2914 3765 prodigiis,
2944 3703 2999 3747 et
3039 3693 3209 3764 signis
3256 3688 3535 3760 plagisque

1967 3787 2411 3859 praecedentibus.
2460 3784 2565 3839 Sed
2602 3795 2656 3838 et
2686 3785 2731 3839 si
2756 3784 2881 3854 quid
2908 3781 3266 3851 justissimnm
3298 3777 3418 3849 plus
3443 3790 3534 3830 va-

1968 3879 2041 3933 let
2069 3893 2229 3947 quam
2264 3875 2493 3946 justum,
2518 3872 2875 3941 iustissimum
2920 3870 3047 3926 illud
3088 3869 3209 3923 dico
3250 3864 3533 3936 judicium,

1968 3969 2108 4037 quod
2141 3977 2286 4021 tanta
2314 3973 2702 4036 prazcesserunt
2730 3963 2931 4018 monita
2966 3962 3259 4032 signorum.
3296 3978 3297 3981 η

2042 4056 2108 4111 0.
2152 4056 2368 4126 Optime
2415 4053 2621 4107 dixisti.
2662 4052 2798 4107 Nam
2825 4067 2934 4124 quo
2968 4050 3087 4121 plus
3114 4048 3290 4103 fuerat
3305 4044 3535 4115 justum,

1970 4154 2120 4202 tanto
2158 4144 2457 4201 districtius
2490 4140 2720 4213 perculit
2765 4140 3079 4212 A-ngptum.
3134 4138 3188 4192 In
3230 4131 3537 4204 hujusmodi

1969 4238 2131 4292 etiam
2156 4235 2415 4305 judicium
2445 4234 2765 4302 quandoque
2791 4245 3013 4285 casuros
3048 4229 3201 4291 scito,
3232 4228 3539 4298 quicunque

1970 4325 2302 4389 inﬁrmitate,
2330 4324 2411 4378 vel
2464 4322 2701 4392 qualibet
2745 4321 3081 4390 correptione
3109 4334 3141 4372 a
3171 4317 3280 4371 Deo
3313 4328 3541 4387 prwmo-

1969 4417 2088 4478 niti,
2125 4432 2155 4468 a
2191 4415 2337 4469 vitiis
2373 4414 2485 4469 suis
2514 4413 2702 4468 nolunt
2726 4412 2984 4466 converti.

2042 4506 2114 4560 ΙΙ.
2142 4506 2503 4561 Juslissimum
2534 4520 2754 4575 prorsus
2775 4504 3035 4572 judicium
3058 4503 3287 4566 videtur,
3317 4498 3458 4572 quod
3485 4498 3540 4553 in

1974 4614 2085 4662 eos,
2116 4600 2205 4667 qui
2237 4600 2451 4669 pietatis
2478 4600 2681 4653 monita
2713 4608 2994 4667 spernunt,
3023 4604 3328 4650 exercetur.

2046 4691 2263 4746 Duobus
2300 4691 2463 4761 igitur
2491 4689 2758 4761 exemplis
2793 4688 3018 4758 prolatis
3056 4687 3318 4742 addamus
3347 4676 3543 4759 etter-

1978 4787 2135 4858 tinm,
2180 4796 2237 4841 ut
2282 4787 2562 4841 evidenter
2604 4800 2867 4856 agnoscas
2907 4783 3178 4854 quomodo
3220 4777 3423 4851 judicia
3461 4775 3545 4830 di-

1980 4878 2103 4931 vina
2168 4878 2590 4947 comprobcntur
2647 4877 2814 4947 justa.
2864 4875 2946 4931 Ad
3011 4872 3154 4944 quod
3203 4865 3550 4940 congregatio

1981 4966 2140 5031 Core,
2176 4966 2383 5020 Dathan
2414 4976 2469 5018 et
2505 4964 2868 5029 Abiren,,sed
2904 4972 2962 5018 et
2988 4974 3177 5018 omnes
3223 4957 3317 5012 ﬁlii
3364 4952 3550 5017 Israel.

1978 5058 2068 5128 qui
2101 5056 2304 5129 egressi
2336 5054 2403 5108 de
2432 5053 2671 5126 Egypto
2711 5054 2995 5124 perierunt
3027 5054 3080 5105 in
3111 5048 3349 5109 deserto,
3389 5043 3558 5112 depu-

1982 5158 2182 5204 tentur.
2211 5148 2313 5215 Qui
2337 5146 2496 5201 simul
2528 5162 2718 5203 omnes
2742 5144 2889 5213 justo
2908 5143 3115 5215 judicio
3139 5138 3232 5192 Dei
3261 5132 3560 5205 probantur

1983 5242 2250 5306 damnati,
2308 5239 2435 5309 quia
2490 5239 2749 5310 leguntur
2796 5236 2944 5293 oumi
3003 5230 3161 5291 modo
3216 5218 3450 5290 correlll-i
3522 5230 3578 5274 ει

1984 5331 2291 5402 prannouiti
