3998 5450
360 290 365 295 -
434 266 503 327 s1
898 249 907 253 ’
1436 262 1734 323 οτιιιοΝι
1775 260 2015 319 MONACI

2115 257 2173 314 Si.
2211 256 2628 313 EMMERAMMI
2652 300 2659 307 .
3582 259 3660 316 ‘88

432 380 732 453 perierunt.
768 375 837 440 Ill
868 375 1012 434 enim
1043 390 1252 443 omnes,
1295 378 1553 449 quoniam
1600 378 1826 434 necdum
1874 393 1996 449 pro-
2024 380 2070 439 Α
2101 377 2350 432 videntur
2375 385 2453 445 ut,
2484 377 2587 432 nisi
2614 376 2716 432 hoc
2741 373 2897 431 modo
2922 373 3096 445 pietas
3127 372 3305 429 divina
3348 388 3443 444 per
3465 373 3665 442 Ioseph

433 472 539 529 lata
564 480 649 526 est
676 469 761 525 lex
793 468 923 534 ulla,
969 468 1201 523 naturali
1232 470 1607 525 tantummodo
1651 482 1715 524 ex
1769 468 2000 523 scientia

435 559 676 619 damnati
723 570 867 615 sunt.
907 556 1059 614 Unde
1095 566 1148 611 et
1185 558 1477 628 Apostolus
1510 577 1524 613 :
1566 558 1865 621 Revelatur,
1920 556 2029 615 ina

434 650 576 719 quit,
640 648 722 701 ira
771 644 870 700 Dei
911 661 1067 715 super
1113 662 1315 699 onmem
1358 645 1671 716 impietatem
1712 644 2004 707 hominum,

435 739 579 811 quia,
617 735 757 809 quod
794 747 971 790 notum
1014 745 1089 789 est
1134 734 1248 799 Dei,
1294 734 1625 804 manifestum
1670 743 1744 788 est
1786 735 1840 788 in
1876 731 2003 788 illis.

435 829 579 883 Deus
625 829 761 883 enim
810 825 916 880 illis
948 825 1319 897 manifestarit.
1354 824 1648 881 Inuisibilia
1674 826 1810 879 enim
1843 826 2003 894 ipsiut

436 918 469 973 ὰ
514 927 753 973 creatura
800 917 984 971 mundi
1013 932 1106 987 per
1150 933 1210 970 ea
1248 932 1370 988 qua:
1407 917 1549 986 facta
1591 926 1712 971 sunt
1747 915 2008 970 intellecta

440 1007 828 1076 conspiciuntur
854 1004 1039 1077 (Rom.
1070 1005 1130 1073 ι).
1172 1007 1325 1072 Quod
1364 1007 1574 1063 scilicet
1613 1007 1683 1061 ita
1716 1021 1835 1062 esse
1878 1006 2007 1062 alibi

444 1099 584 1153 idem
609 1097 902 1167 Apostolus
933 1098 1173 1167 apertius
1195 1097 1454 1163 declarat,
1488 1100 1673 1155 dicens
1694 1099 1759 1153 de
1786 1098 2010 1170 quibus-

444 1187 565 1243 dam
621 1186 942 1242 naturaliter
988 1187 1320 1258 sapientibus
1357 1206 1371 1243 :
1408 1186 1538 1243 Cum
1590 1189 1756 1252 enim,
1803 1188 2007 1260 inquit,

445 1287 640 1349 gentes,
669 1296 787 1350 qua:
817 1278 976 1349 legent
1008 1295 1108 1334 non
1133 1279 1346 1344 habent,
1393 1280 1705 1334 naturaliter
1731 1297 1847 1352 quw
1881 1279 2009 1350 legis

438 1377 560 1424 sunt
587 1367 814 1437 faciunt,
839 1366 1115 1422 ostendunt
1147 1385 1276 1438 opus
1312 1368 1438 1440 legis
1466 1369 1715 1447 scriptum
1753 1370 1808 1424 in
1837 1369 2010 1424 cordi-

442 1458 537 1512 bus
562 1457 673 1511 suis
695 1456 869 1528 (Rom.
898 1458 981 1526 ιι).

511 1546 848 1619 llujusmodi-
877 1550 1040 1604 etiam
1090 1551 1300 1606 ratione
1330 1550 1459 1607 illud
1488 1551 1735 1608 ultimum
1778 1561 2011 1608 trcmen-
2066 1540 2068 1543 V

438 1638 676 1709 dumque
710 1638 802 1695 Dei
825 1637 1085 1708 judicium
1129 1641 1388 1711 probatur
1420 1641 1646 1711 justum,
1680 1644 1804 1714 quia
1845 1646 2011 1701 variis

2102 467 2427 537 provideret,
2478 482 2583 522 non
2623 466 2795 521 solum
2839 474 2992 536 pater
3038 464 3338 535 fratresque
3388 463 3524 534 ejus,
3573 465 3667 519 sed

2102 558 2268 613 etiam
2294 557 2559 630 Egyptus
2585 567 2691 612 tota
2730 558 2948 628 periret.

2177 653 2241 706 ο.
2272 653 2398 708 llaec
2425 654 2606 708 otunia
2652 654 2838 724 igitur,
2878 668 3080 723 quaeso,
3130 669 3198 708 ex
3240 653 3674 722 przccedcntilzus

2105 760 2173 799 an
2204 744 2654 812 subsequentibus
2685 745 2898 800 indiciis
2919 746 3132 817 pensari
3158 745 3373 799 valent?

2183 833 2252 889 Η.
2303 834 2517 888 Nullum
2567 850 2698 890 Sane
2741 836 2988 889 meritum
3039 833 3234 904 Ioseph
3279 851 3342 891 ex
3392 833 3670 906 Scriptura

2098 923 2322 992 reperio
2381 924 2487 980 tale
2524 925 2668 993 quod
2720 925 3111 994 providentiam
3160 936 3364 981 tantum
3411 924 3675 995 potuisset

2106 1013 2374 1070 obtinere.
2430 1015 2505 1070 De
2559 1014 2787 1069 fratrum
2842 1031 2973 1072 vero
3023 1017 3232 1071 meritis
3282 1017 3381 1071 hoc
3427 1016 3676 1071 evenisse

2109 1101 2460 1172 incongruum
2489 1111 2571 1158 est
2600 1101 2680 1156 vel
2708 1113 3008 1169 autumare,
3037 1121 3158 1157 cum
3188 1102 3465 1174 Scriptura
3492 1114 3677 1158 narret

2108 1189 2194 1245 his
2225 1190 2376 1244 valde
2405 1191 2697 1245 contraria.
2736 1191 2919 1246 Refert
2949 1194 3092 1247 enim
3149 1194 3272 1263 quia
3299 1202 3415 1262 post
3444 1204 3673 1247 mortem

2111 1279 2280 1350 patris
2328 1281 2556 1335 uenerint
2585 1282 2655 1355 ad
2692 1281 2883 1351 Josepli
2925 1282 3114 1352 fratres
3152 1284 3288 1351 ejus,
3332 1294 3379 1336 et
3421 1284 3574 1351 proni
3622 1284 3679 1335 in

2111 1377 2304 1426 terram
2347 1368 2620 1422 dixerint:
2650 1368 2800 1427 Servi
2847 1371 2923 1443 tui
2970 1388 3170 1425 sumus.
3224 1370 3422 1437 Quibus
3474 1372 3562 1425 ille
3604 1388 3680 1425 re.

2110 1458 2357 1527 spondit:
2395 1456 2574 1511 Nolite
2613 1460 2815 1528 timere.
2848 1460 2989 1513 Num
3020 1460 3114 1514 Dei
3134 1477 3406 1529 possumus
3441 1461 3681 1515 resistere

2110 1548 2409 1602 voluntati?
2447 1545 2544 1603 Vos
2569 1549 2632 1601 de
2657 1565 2737 1603 me
2768 1551 3004 1619 cogitatis
3034 1550 3252 1617 malum,
3286 1562 3332 1604 et
3365 1551 3502 1605 Deus
3530 1551 3678 1605 rcrtit

2112 1634 2244 1687 illud
2282 1636 2336 1689 in
2384 1636 2571 1690 bonum
2614 1649 2633 1687 :
2671 1645 2724 1689 ut
2755 1636 2941 1703 salvos
2988 1619 3180 1708 faceret
3221 1639 3437 1709 populos
3488 1638 3682 1693 multos

438 1732 870 1801 eorreptionibus
907 1744 962 1787 et
990 1734 1208 1788 monitis
1250 1744 1462 1790 constat
1488 1736 1821 1806 prmdictum.
1854 1737 2005 1793 Unde
2033 1729 2080 1790 B
2109 1723 2259 1795 (σεηο
2293 1725 2368 1794 ι)-

438 1832 492 1876 et
542 1821 827 1879 Psalmista
880 1825 1012 1880 dicit
1041 1841 1055 1879 :
1084 1824 1227 1880 Deus
1288 1827 1562 1896 manifeste
1608 1829 1770 1883 ueniet
1815 1830 1835 1900 (
1858 1826 2006 1883 Psal.

440 1912 610 1982 ιιιι).
646 1913 917 1985 Quidquid
948 1923 1127 1970 autem
1156 1912 1501 1973 manifestum
1536 1916 1594 1972 tit
1633 1916 1847 1975 indiciis
1885 1933 2015 1989 pro-

441 2003 585 2062 fecto
609 2007 773 2063 variis
801 2007 1065 2078 probatur
1091 2009 1528 2077 praenuntiatum.

505 2096 695 2155 Nonne
722 2114 851 2171 ergo
878 2100 976 2171 per
1007 2101 1121 2156 haec
1145 2102 1327 2156 omnia
1363 2103 1651 2172 perpendis
1678 2104 1802 2171 quia
1862 2103 2014 2160 diffe-

441 2191 617 2247 rentia
667 2208 906 2264 congrua
948 2193 1289 2263 appellantur
1323 2194 1412 2248 illa
1452 2193 1653 2263 judicia
1679 2194 1845 2265 justa,
1892 2212 2013 2268 qua:

436 2281 692 2353 prteccdit
719 2281 1037 2349 admonitio,
1066 2282 1149 2338 vel
1181 2283 1453 2354 correptio
1477 2283 1692 2354 aliqua?

513 2368 589 2423 11.
628 2370 707 2427 Ex
735 2386 841 2440 quo
889 2385 1051 2441 super
1092 2371 1179 2426 his
1226 2371 1494 2425 disserere
1536 2371 1769 2441 coepisti,
1813 2372 2017 2443 jugiter

441 2463 685 2517 eamdem
738 2461 1127 2529 dill‘erentiam,
1181 2461 1308 2518 licet
1360 2464 1639 2533 hucusque
1689 2464 2011 2530 inauditam,

439 2561 644 2613 tantam
695 2555 941 2624 reputavi
984 2564 1045 2610 ut
1071 2569 1190 2609 cam
1223 2570 1391 2610 sacra:
1422 2554 1714 2625 Scriptura:
1759 2569 2012 2610 necessa-

438 2642 576 2698 riam
604 2658 726 2698 esse
755 2640 952 2697 dicam.
979 2643 1118 2710 Quid
1151 2643 1294 2698 enim
1325 2659 1420 2713 per
1445 2646 1549 2698 hoc
1590 2646 1806 2715 pensari
1836 2655 2016 2714 potest

438 2731 583 2801 quod
623 2732 675 2786 in
706 2730 985 2802 Scriptura
1020 2747 1172 2788 sacra
1206 2733 1364 2787 toties
1404 2732 1631 2793 dicatur,
1670 2733 1876 2803 judicia
1915 2732 2012 2788 Dei

433 2819 609 2888 justa,
637 2820 744 2875 nisi
773 2830 831 2875 ιιι
860 2820 1221 2877 subaudiatur
1257 2821 1434 2891 aliqua
1467 2821 1786 2878 dill'crentiae
1814 2824 2015 2879 causa?

447 2906 653 2965 Sensus
681 2925 786 2965 non
816 2919 900 2966 est
928 2909 1148 2966 omnino
1179 2909 1567 2982 reprobandus.

1025 3018 1253 3075 CAPUT
1302 3019 1443 3081 XXI.

548 3107 624 3162 De
650 3108 879 3163 secunda
907 3110 1074 3182 specie
1094 3110 1388 3163 divinorum
1410 3108 1758 3182 judiciorum,
1787 3127 1906 3182 quae

930 3179 1178 3233 dicuntur
1203 3180 1515 3234 necessaria.

514 3266 659 3325 Othl.
695 3267 845 3324 Talis
876 3283 1068 3324 sensus
1095 3283 1200 3325 non
1237 3277 1320 3324 est
1357 3269 1578 3326 omnino
1621 3266 2010 3340 reprobandus.

445 3358 679 3415 Proinde
736 3361 862 3430 quia
908 3360 1171 3431 exemplis
1213 3359 1600 3418 sufﬁcientibus
1638 3363 1750 3434 jam
1800 3373 2016 3420 constat

442 3450 775 3506 declaratum
841 3451 1109 3521 quomodo
1162 3460 1529 3523 agnoscantur
1581 3451 1782 3523 judicia
1840 3455 2011 3525 justa,

442 3540 757 3597 studeamus
781 3540 946 3595 etiam
973 3540 1251 3595 declarare
1280 3556 1401 3612 qua:
1426 3540 1535 3596 sint
1561 3545 1886 3606 necessaria,
1912 3542 2015 3598 sub

443 3629 626 3700 specie
654 3630 913 3697 secunda,
933 3631 1210 3687 distincta.
1241 3629 1346 3687 Sed
1376 3633 1611 3700 primum
1647 3634 1919 3702 rogandus
1952 3648 2013 3689 es

447 3722 493 3777 si
524 3722 817 3793 quidquam
843 3722 1049 3795 absque
1079 3734 1210 3779 nutu
1237 3732 1292 3780 et
1329 3725 1669 3795 providentia
1698 3725 1790 3781 Dei
1823 3724 2015 3782 credas

448 3811 563 3883 geri
576 3810 600 3864 ἓ

517 3898 590 3953 Η.
627 3897 771 3955 Nihil
792 3900 1053 3967 omnino;
1082 3902 1229 3971 quia,
1258 3900 1403 3957 sicut
1435 3915 1465 3956 a
1501 3912 1693 3958 sancto
1728 3904 2018 3960 edocemur

444 3991 777 4064 Augustino,
809 3992 943 4046 nihil
980 3991 1039 4047 fit
1081 3992 1367 4048 visi-biliter
1408 4009 1472 4050 ac
1511 3993 1835 4049 sensibiliter
1872 3996 2014 4065 quod

450 4098 563 4137 non
594 4083 659 4136 de
685 4081 939 4139 invisibili
979 4091 1140 4153 atque
1175 4083 1494 4154 intelligibili
1521 4083 1618 4157 [sic
1644 4086 2015 4160 utcrquecod.]

454 4173 650 4227 summi
683 4173 1028 4244 imperatoris
1065 4174 1187 4228 aula
1217 4183 1312 4229 aut
1348 4173 1624 4244 jubcatur,
1664 4186 1758 4232 aut
1793 4178 2019 4248 permit-

450 4272 594 4319 tatur

518 4357 589 4412 0.
616 4357 750 4414 Cum
778 4373 906 4428 ergo
931 4360 1048 4414 btec
1069 4359 1228 4420 scias,
1260 4359 1475 4415 attende
1502 4375 1564 4415 ea
1593 4375 1712 4430 quae
1735 4360 1800 4416 de
1818 4360 2013 4433 Ioseph

2186 1814 2254 1871 0.
2290 1814 2423 1870 Cum
2453 1830 2584 1886 ergo
2617 1826 2723 1872 tam
2765 1819 3069 1875 necessaria
3111 1820 3303 1875 divina:
3346 1819 3560 1891 pietatis
3593 1820 3684 1889 jn-

2113 1905 2253 1961 dicia
2292 1920 2358 1959 cx
2394 1906 2556 1961 nullis
2591 1907 3018 1976 prmcedentibus
3063 1910 3288 1974 meritis,
3336 1910 3417 1963 vel
3471 1910 3685 1965 indiciis

2110 1997 2342 2067 probare
2391 2013 2671 2067 queamus.
2722 1999 2871 2069 quid,
2925 2002 3026 2055 nisi
3069 2017 3135 2073 ex
3181 2000 3538 2071 subsequente
3596 2002 3680 2057 vel

2111 2097 2404 2159 apparente
2436 2088 2528 2143 Dei
2563 2090 2761 2159 gratia,
2785 2091 3058 2160 probanda
3082 2093 3399 2148 censemus?

2186 2176 2258 2231 Η.
2308 2177 2521 2244 Merito,
2550 2188 2611 2234 ut
2653 2180 2807 2244 dicis,
2836 2181 3056 2248 pietatis
3089 2181 3286 2236 divinae
3329 2181 3702 2252 providentia

2113 2263 2455 2321 solummodo
2501 2275 2586 2321 est
2634 2266 2997 2338 deputandum
3049 2271 3193 2339 quod
3243 2269 3386 2324 nulla
3444 2271 3687 2340 provisio

2112 2356 2386 2426 praecessit
2436 2357 2737 2414 hominum.
2788 2359 2894 2415 Sed
2943 2370 2997 2415 et
3038 2361 3140 2416 hoc
3179 2362 3335 2416 video
3385 2361 3683 2416 notandum

2111 2449 2235 2517 quia
2267 2449 2411 2504 Deus
2439 2451 2781 2518 omnipotens
2809 2462 2916 2506 tam
2955 2468 3020 2508 ex
3052 2452 3211 2508 malis
3236 2469 3396 2523 quam
3422 2469 3486 2509 ex
3526 2452 3683 2509 bonis

2111 2548 2372 2605 Operatur
2395 2553 2489 2591 sua
2519 2538 2804 2593 beneficia.

2185 2624 2256 2681 0.
2313 2625 2534 2681 Gaudeo
2589 2628 2716 2698 quia
2782 2644 3123 2699 nequaquam
3191 2631 3244 2685 in
3311 2629 3682 2702 superioribus

2114 2716 2310 2772 frustra
2343 2718 2605 2773 laboravi.
2632 2720 2811 2775 Audio
2839 2722 2982 2775 enim
3010 2722 3169 2777 citius
3196 2732 3245 2778 te
3292 2725 3450 2780 modo
3478 2725 3685 2782 sentire

2114 2806 2311 2876 qitilu‘ts
2338 2807 2552 2862 indiciis
2573 2807 2777 2875 judicia
2821 2811 3115 2880 probentur
3141 2811 3341 2867 divina.
3376 2812 3526 2871 Unde
3553 2827 3681 2884 pro-

2113 2896 2304 2965 positis
2326 2896 2428 2950 alia
2453 2896 2714 2954 addamus
2740 2901 3004 2970 exempla.

2186 2981 2262 3043 II.
2309 2989 2420 3043 Deo
2461 2990 2686 3058 gratias,
2719 2992 2842 3061 quia
2885 2993 2999 3048 Inec
3021 2993 3199 3048 omnia
3246 2993 3319 3048 ita
3371 2995 3544 3049 valent
3590 2993 3683 3048 de-

2039 3066 2087 3130 C
2115 3078 2405 3133 monstrari
2433 3080 2800 3150 exemplisque
2827 3082 3188 3152 comprobari.

2186 3166 2252 3222 0.
2284 3167 2340 3222 ln
2386 3168 2607 3225 Daniele
2635 3170 2797 3242 igitur
2837 3171 2963 3225 huic
2991 3172 3167 3226 simile
3196 3172 3515 3227 invenimus.
3548 3171 3684 3227 Nam

2113 3273 2236 3315 cum
2263 3276 2386 3315 eum
2428 3260 2922 3317 Nabuchodonosor
2951 3278 3044 3317 rex
3081 3280 3183 3316 una
3213 3278 3335 3317 cum
3367 3264 3529 3318 sociis
3568 3265 3685 3319 suis

2113 3350 2436 3421 cunctisque
2467 3351 2802 3422 sapientibus
2848 3352 3132 3425 Babylonis
3163 3361 3382 3423 propter
3421 3353 3685 3410 indiscus-

2115 3458 2230 3498 sam
2278 3444 2473 3498 somnii
2526 3445 3026 3514 interpretationem
3070 3442 3295 3513 perdere
3331 3444 3682 3509 decrevisset,

2115 3541 2245 3589 tunc
2282 3533 2395 3602 ipse
2440 3535 2684 3605 sociique
2728 3534 2865 3604 ejus,
2915 3533 3150 3588 Ananias
3190 3531 3456 3597 videlicet,
3499 3532 3686 3589 Misacl

2115 3632 2280 3695 atque
2306 3627 2529 3681 Azarias
2557 3629 2786 3699 gratiam
2832 3626 3064 3681 divinam
3106 3625 3446 3688 invocabant,
3493 3637 3553 3679 ut
3599 3643 3686 3681 sa-

2115 3725 2397 3772 cramento
2443 3720 2638 3773 somnii
2674 3716 2908 3773 revelato
2946 3730 3052 3769 non
3091 3714 3345 3784 perirent.
3390 3713 3687 3793 Orantibus

2115 3821 2247 3880 ergo
2275 3806 2458 3872 simul,
2504 3808 2734 3873 Danicli,
2782 3807 2872 3878 qui
2918 3806 3059 3860 inter
3105 3805 3252 3874 ipsos
3297 3804 3406 3858 Deo
3449 3806 3686 3859 maxime

2113 3897 2384 3970 placebat,
2416 3901 2709 3955 revelatum
2735 3908 2820 3955 est
2847 3897 3040 3954 somnii
3080 3895 3412 3967 mysterium.
3441 3895 3561 3964 Quo
3589 3912 3684 3966 pa-

2118 3989 2341 4055 tefacto,
2379 4007 2484 4046 non
2523 3992 2695 4047 solum
2733 3990 2846 4060 ipse
2889 4003 3010 4042 cum
3055 3986 3235 4050 sociis,
3263 3986 3356 4041 sed
3386 3996 3441 4039 et
3469 4001 3681 4052 omnes,

2116 4081 2205 4151 qui
2231 4097 2328 4150 pro
2350 4084 2535 4136 cadem
2560 4097 2617 4136 re
2644 4080 2867 4135 interfici
2885 4078 3233 4147 jubebantur,
3255 4076 3444 4133 mortis
3466 4078 3683 4132 decreta

2115 4182 2428 4228 evaserunt.
2452 4171 2557 4228 Per
2584 4171 2830 4227 eumdem
2860 4185 3071 4240 quoque
3099 4168 3372 4224 Danielem
3404 4169 3572 4222 nmlta
3602 4168 3685 4223 his

2117 4263 2314 4317 similia
2361 4272 2614 4333 operatus
2644 4269 2726 4315 est
2762 4260 2901 4314 Deus
2926 4257 3148 4326 judicia,
3196 4257 3528 4312 constituens
3558 4273 3681 4311 cum

2117 4353 2271 4421 quasi
2298 4367 2509 4405 murum
2538 4351 2651 4405 suis
2673 4356 2726 4403 et
2753 4359 3010 4402 terrorem
3041 4343 3254 4400 alienis.

448 4444 757 4514 patriarcha
783 4426 1056 4514 leguntur,
1081 4447 1314 4516 qualiter
1334 4446 1540 4503 scilicet
1566 4426 1784 4503 suorum
1816 4426 2015 4505 malitia
2047 4430 2093 4491 ί)
2188 4448 2318 4514 Qua:
2343 4446 2594 4501 nimirum
2639 4442 2838 4506 omnia,
2865 4442 2989 4512 quia
3038 4440 3182 4495 nulla
3216 4426 3558 4510 providentia
3584 4440 3688 4494 hu-

448 4528 682 4589 fratrum
729 4534 800 4588 ita
837 4544 1027 4589 contra
1069 4550 1191 4589 eum
1223 4535 1509 4590 invaluerit
1550 4544 1630 4600 ttt,
1661 4537 1751 4590 vix
1784 4553 1813 4590 a
1846 4548 2017 4593 morte

450 4632 692 4694 ereptus,
725 4624 1153 4690 venundaretur,
1201 4623 1405 4693 sicque.
1435 4623 1489 4677 in
1535 4623 1827 4696 ASgyptum
1860 4628 2020 4682 duce-

456 4720 627 4768 retur.
659 4713 901 4782 Cumque
949 4714 1064 4774 haec
1108 4722 1164 4767 et
1206 4712 1332 4779 alia,
1365 4728 1485 4783 qua:
1533 4716 1599 4769 de
1638 4729 1702 4769 eo
1742 4715 2017 4784 Scriptura

457 4810 668 4867 narrat,
717 4803 897 4858 animo
935 4804 1250 4873 revolveris,
1297 4803 1615 4859 afﬂictiones
1649 4805 1901 4861 videlicet
1931 4823 2022 4861 va-

456 4891 570 4947 rias
604 4900 660 4947 et
688 4892 958 4960 quomodo
990 4900 1115 4963 post
1154 4892 1652 4965 interpretationem
1691 4894 2023 4949 somniorum

457 4981 528 5036 ob
558 4981 830 5049 praedicta:
855 4982 1012 5037 famis
1035 4993 1236 5037 metum
1262 4983 1557 5039 obtinuerit
1599 4982 1762 5038 totius
1804 4982 2023 5056 Egypti

456 5071 844 5143 principatum,
868 5080 924 5128 et
952 5073 1146 5128 deinde
1178 5073 1394 5139 fratres,
1418 5075 1486 5129 ob
1512 5074 1840 5130 innnineutis
1868 5075 2026 5129 famis

458 5161 727 5234 refugium
755 5162 820 5223 ad
854 5177 915 5220 se
938 5166 1241 5229 venientes,
1272 5164 1545 5220 frumento
1578 5166 1887 5220 consolatus
1915 5165 2026 5219 fuc-

2120 4552 2305 4600 mana,
2328 4537 2418 4590 sed
2448 4535 2558 4590 sola
2593 4536 2683 4590 Dei
2715 4533 3021 4595 clementia,
3056 4530 3467 4587 necessitatibus
3492 4530 3686 4585 buma-

2119 4628 2205 4682 nis
2239 4626 2527 4681 consulens
2566 4622 3015 4678 inmstimabiliter
3052 4621 3301 4690 providit,
3345 4620 3541 4675 merito
3578 4636 3686 4676 non

2120 4735 2185 4774 ex
2234 4717 2683 4790 prmcedentibus,
2730 4714 2823 4769 sed
2854 4712 3301 4782 subsequentibus
3344 4714 3523 4767 causis
3563 4728 3693 4785 pro—

2119 4809 2239 4864 bari
2284 4808 2557 4862 dicuntur.
2601 4804 2752 4860 Sicut
2794 4805 2936 4859 enim
2978 4818 3154 4867 nemo,
3189 4803 3292 4857 nisi
3339 4805 3486 4858 solus
3528 4805 3690 4868 Deus,

2125 4896 2428 4965 hujusmodi
2456 4893 2806 4949 necessitates
2832 4891 3097 4962 prmvidit,
3120 4890 3191 4944 ita
3214 4890 3352 4946 hanc
3380 4890 3689 4945 mortalium

2129 4985 2306 5040 nullus
2351 4981 2637 5054 providere
2675 4980 2866 5051 potuit.
2912 4977 3063 5034 Unde
3104 4993 3328 5034 necesse
3376 4988 3458 5034 est
3498 4989 3555 5032 ut
3593 4979 3694 5033 hu-

2123 5071 2580 5146 jusmodijudicia
2611 5085 2676 5124 ex
2717 5069 2831 5123 solo
2858 5066 3195 5123 necessitatis
3225 5067 3510 5137 adjutorio,
3550 5068 3693 5137 quod

2131 5179 2162 5219 a
2184 5164 2298 5220 solo
2320 5164 2429 5219 Deo
2456 5169 2798 5232 procuratur,
2832 5159 3190 5227 subsequente
3215 5158 3536 5213 clarescant.

2212 5256 2257 5274 η
2344 5256 2362 5274 Δ
2426 5270 2440 5274 -
2481 5253 2681 5274 .ε-ῴεξ-...
2730 5252 2894 5274 2-21-...
2944 5252 3056 5274 1-..-
3104 5252 3365 5274 -.--.-..2-_!
3412 5252 3694 5274 ..-.-s-..e!...
