3998 5450
212 387 273 442 89
1178 385 1449 447 DIALOG.
1489 388 1577 447 DE
1617 388 1869 447 TRIDUS
1906 390 2463 461 QUA‘ZSTlONlBUS.
3382 401 3454 467 υὸ

210 494 296 549 per
351 476 538 535 ﬁdeles
579 492 709 537 suos
757 475 1066 537 inﬁdelibus
1118 480 1468 543 misereatur,
1527 480 1768 549 nunquid
1798 491 1846 547 Α
1947 480 2014 535 Et
2043 483 2273 551 primum
2300 487 2519 555 quidem
2569 488 2637 545 tle
2677 488 2855 560 primo
2908 501 3136 563 parente
3185 509 3456 567 ponamus

209 575 371 640 potest
405 582 635 638 usquam
684 566 937 638 reperiri,
982 567 1029 623 si
1074 582 1172 638 per
1222 569 1469 625 inﬁdeles
1519 570 1769 625 ﬁdelibus

206 661 370 728 aliqua
401 658 666 715 beneficia
694 660 945 729 dignetur
967 661 1187 732 largiri?

761 753 986 809 CAPUT
1032 754 1198 810 XXII.

310 840 481 897 Labor
506 842 801 909 inﬁdelium
828 843 1072 912 ﬁdelibus
1098 846 1306 916 proﬁcit
1335 857 1383 901 et
1412 848 1642 918 prodest.

268 934 402 989 01M.
456 933 696 988 Maxima
744 936 928 1005 utique
978 936 1119 992 dona
1164 938 1256 993 Dei
1310 940 1659 995 inveniuntur
1703 941 1773 996 ab

209 1027 484 1082 inﬁdelium
532 1044 936 1098 pravorumun
968 1028 1156 1085 labore
1201 1030 1450 1087 fidelibus
1490 1049 1769 1098 concessa,

207 1122 249 1176 si
264 1121 541 1189 diligenter
569 1122 773 1177 fuerint
791 1125 1082 1193 exqmsita.
1106 1124 1295 1180 (lintris
1312 1143 1543 1197 namque
1564 1139 1770 1199 septem

208 1212 488 1266 liberalium
520 1215 726 1268 artium
772 1215 1022 1281 scientia,
1061 1232 1166 1286 qua
1213 1218 1346 1272 nihil
1389 1217 1443 1272 in
1479 1220 1641 1275 rebus
1671 1221 1773 1275 hu-

207 1308 365 1362 manis
408 1310 771 1376 priestantius
834 1320 941 1376 est,
987 1327 1085 1382 per
1130 1312 1375 1370 inﬁdeles
1421 1316 1621 1371 dicitur
1668 1317 1775 1387 pri-

208 1398 355 1455 mitus
414 1399 655 1470 prolata.
718 1400 833 1458 lloe
887 1413 1070 1458 autem
1118 1405 1241 1460 ideo
1298 1406 1495 1462 divina:
1556 1408 1773 1477 pietatis

209 1491 595 1560 dispensatione
647 1493 853 1548 factum
895 1511 1016 1553 esse
1064 1499 1232 1552 credo
1276 1509 1336 1552 ιιι
1385 1514 1483 1570 pro
1530 1501 1773 1559 scientia!

209 1580 352 1637 tanta:
397 1583 823 1655 investigatione
876 1602 983 1641 non
1031 1602 1169 1657 Opus
1216 1597 1361 1645 esset
1412 1590 1674 1653 fidelibus,
1718 1592 1771 1645 in

189 1670 369 1725 «lirino
427 1672 579 1727 cultu
655 1672 1067 1741 laborantibus,
1120 1676 1282 1732 nimis
1330 1677 1620 1743 laborare,
1679 1681 1772 1736 sed

209 1764 558 1819 tantummodo
590 1765 662 1821 de
685 1767 1032 1838 investigata,
1061 1780 1322 1837 quantum
1348 1785 1572 1827 necesse
1605 1783 1769 1837 esset,

1872 571 2200 642 exemplum.
2240 573 2344 643 Ipsi
2374 592 2607 648 namque
2629 594 2657 633 a
2687 581 2796 635 Deo
2824 597 3152 655 praeceptum
3192 587 3369 645 fuerat
3392 594 3454 647 ut

1870 676 1931 717 se
1954 677 1985 716 a
2016 662 2145 734 ligni
2174 666 2327 721 vetiti
2378 683 2475 723 esu
2510 670 2823 729 abstineret.
2857 675 2950 732 Ille
2982 693 3109 734 vero
3158 695 3280 736 cum
3327 683 3455 743 huic

1870 768 2142 828 prmeepto
2178 774 2287 814 non
2318 761 2582 828 obediret,
2637 764 2778 821 inter
2812 769 2913 822 alia
2946 770 3311 831 damnationis
3350 793 3450 849 ge-

1870 863 2024 915 nera,
2055 865 2176 921 quin
2200 867 2298 922 pro
2334 854 2465 907 tanti
2484 858 2735 926 praecepti
2766 864 3197 931 transgressione
3231 869 3447 933 meruit,

1869 951 2152 1011 peccatum
2192 942 2457 1015 originale
2486 951 2795 1017 generando
2818 954 3027 1009 cunctis
3062 956 3174 1017 suis
3218 961 3451 1027 posteris

1868 1032 2067 1087 attulit.
2097 1033 2228 1091 Tale
2250 1050 2378 1107 ergo
2406 1038 2725 1107 supplicium
2766 1047 2990 1102 sortitus
3011 1057 3093 1103 est
3114 1050 3317 1120 primus
3352 1055 3453 1110 ho-

1871 1136 1961 1176 mo
1988 1139 2084 1193 per
2100 1122 2305 1195 justqu
2338 1127 2429 1182 Dei
2449 1128 2734 1197 judicium.

1943 1212 2083 1269 Ecce
2133 1218 2329 1272 audisti
2388 1218 2594 1289 justum
2630 1223 2724 1279 Dei
2768 1221 3053 1296 judicium.
3113 1228 3265 1298 Quod
3330 1231 3452 1291 ideo

1872 1306 2132 1376 probatur
2163 1309 2386 1378 justum,
2424 1313 2551 1384 quia
2601 1330 2707 1371 non
2735 1327 2883 1385 ante,
2948 1320 3040 1373 sed
3083 1333 3204 1391 post
3251 1339 3453 1394 prince-

1871 1405 2020 1466 ptttm
2055 1398 2262 1455 Domini
2292 1402 2614 1471 neglectum,
2668 1419 2881 1464 constat
2914 1410 3137 1468 illatum.
3170 1412 3320 1472 Nunc
3350 1431 3453 1471 au-

1873 1493 1981 1541 tent
2034 1488 2323 1561 diligenter
2373 1494 2622 1551 attendas
2674 1500 2944 1568 quomodo
2997 1501 3136 1557 idem
3188 1506 3456 1573 judicium

1872 1575 2072 1632 factum
2093 1581 2165 1635 sit
2206 1585 2596 1642 necessarium.

1944 1668 2194 1738 Ejusdem
2232 1690 2465 1746 namque
2508 1680 2668 1749 primi
2712 1685 2953 1754 parentis
3009 1691 3235 1758 posteri,
3289 1693 3340 1748 id
3370 1701 3457 1750 est

1872 1774 2031 1818 omne
2053 1778 2222 1835 genus
2260 1766 2577 1837 humatmm,
2604 1776 2749 1843 quod
2778 1777 2843 1829 ad
2868 1779 3029 1833 vitam
3076 1791 3333 1838 :rternam
3373 1795 3459 1845 est

207 1851 630 1922 percipcm’au,’
653 1855 782 1923 quia
807 1856 1078 1927 superﬂua
1104 1858 1270 1912 ,ηιιιιη
1315 1868 1445 1914 sum
1469 1860 1522 1914 in
1555 1861 1766 1926 33.1.3-
1802 1844 1848 1904 Β
1876 1853 2342 1924 praedestinatum,
2379 1876 2678 1932 agnoscens
2707 1881 2766 1920 se
2815 1867 2866 1921 in
2910 1869 3287 1943 iniquitatibus
3329 1891 3459 1933 con-

204 1944 374 1999 berent
399 1947 534 2016 quid
574 1963 679 2018 pro
727 1949 819 2005 Dei
867 1965 1054 2007 amore
1099 1961 1206 2007 tam
1249 1965 1566 2025 respuerent
1609 1972 1771 2030 quam

204 2033 458 2104 eligerent.

258 2123 364 2178 Non
392 2126 572 2182 solum
607 2130 757 2183 enim
782 2129 1120 2200 philosophia
1142 2134 1586 2214 spiritualis,‘sed
1609 2141 1771 2192 etiam

203 2216 413 2271 carnalis
477 2219 637 2273 vario
687 2222 849 2276 modo
900 2224 1208 2279 necessaria
1257 2229 1527 2282 consistit.
1589 2228 1773 2283 Primo

202 2304 417 2377 quidem,
443 2319 501 2363 ut
552 2326 627 2366 ex
678 2310 921 2380 ejusdem
952 2315 1190 2372 carnalis
1238 2319 1670 2376 consideratione
1717 2331 1774 2379 et

201 2400 535 2468 oppositione,
566 2403 876 2474 spiritualis
909 2405 1114 2462 clarior
1157 2409 1444 2480 potiorque
1496 2426 1617 2466 esse
1646 2427 1772 2483 pro-

202 2488 353 2544 betur.
381 2490 670 2556 Secundo,
701 2504 757 2549 ut
787 2497 1081 2566 prudentes
1122 2500 1326 2571 quique
1354 2501 1589 2557 habeant
1629 2503 1771 2573 quod

204 2581 279 2635 llei
304 2599 395 2653 pro
418 2601 617 2640 amore
644 2599 1020 2643 contemnant.
1052 2590 1259 2657 Tertio,
1298 2602 1355 2646 ιιι
1394 2593 1542 2649 stulti
1571 2597 1772 2666 quique

202 2672 404 2729 habeant
428 2691 541 2746 quo
571 2679 707 2749 quid
735 2680 848 2735 sint
885 2684 1195 2740 ostendant.
1238 2685 1349 2743 Deo
1390 2688 1535 2743 enim
1566 2691 1771 2761 placuit

201 2762 286 2818 hoc
305 2768 628 2823 omnimodo
656 2771 943 2838 providere
971 2782 1023 2826 ut
1053 2783 1159 2828 tant
1187 2778 1336 2832 stulti
1361 2796 1521 2849 quam
1555 2783 1772 2851 sapieu~

201 2852 548 2912 tesl:aberettt
577 2858 634 2911 in
680 2876 810 2929 quo,
849 2878 1000 2916 suam
1041 2864 1360 2934 qualitatem
1399 2871 1768 2939 ostendentes,

197 2951 242 2996 et
261 2944 368 3000 aliis
389 2957 441 3001 et
463 2949 570 3003 sibi
610 2953 722 3006 noti
752 2953 969 3009 ﬁerent.

257 3032 350 3090 Sed
389 3038 475 3093 his
513 3041 747 3097 omissis
791 3045 858 3098 ad
906 3047 1178 3116 proposita
1216 3060 1556 3108 revertamur
1599 3053 1765 3121 dicta,

198 3123 379 3181 duobus
403 3131 691 3200 prmdictis
720 3133 939 3190 tertium
965 3138 1321 3209 adjungentes
1351 3145 1679 3216 exemplum,
1714 3148 1767 3202 in

199 3231 285 3282 quo
334 3218 529 3276 Esther
580 3224 830 3294 reginam
876 3233 1241 3289 venerabilem
1290 3252 1575 3292 assumere
1622 3238 1766 3296 volo.

200 3308 329 3367 Sicut
352 3313 493 3367 enim
521 3313 736 3386 Ioseph
764 3318 815 3372 in
840 3318 1134 3395 Aigyptum
1161 3336 1218 3381 et
1244 3325 1429 3382 Daniel
1463 3330 1512 3384 in
1542 3328 1771 3402 Babylo-

201 3403 322 3459 niam
344 3407 561 3472 ductus,
609 3421 839 3482 uterque
886 3430 915 3467 a
962 3417 1190 3473 Domino
1230 3422 1646 3490 prmdestinatus
1687 3432 1772 3479 est

200 3494 764 3567 snlvatornmltorum,
807 3504 881 3558 ita
908 3515 960 3560 et
987 3509 1123 3574 haec,
1163 3522 1443 3581 assumpta
1490 3513 1540 3566 in
1585 3514 1771 3567 matri-

198 3587 407 3642 monium
471 3592 631 3662 regis
674 3592 924 3661 Assueri,
984 3598 1215 3654 salutem
1267 3603 1503 3657 obtinuit
1560 3602 1769 3661 Judaici

197 3666 351 3747 pepuli
403 3692 609 3737 contra
666 3684 869 3751 Aman,
921 3690 1358 3745 crmlelissimum
1401 3695 1610 3748 hostem
1671 3693 1767 3750 Ju-

197 3766 423 3826 datorum.

258 3858 320 3915 ll.
347 3862 563 3931 Quanta
619 3870 913 3926 concordia
963 3872 1079 3929 lucc
1123 3875 1495 3945 superioribus
1543 3892 1766 3948 respou-

198 3951 352 4020 deant,
377 3965 427 4011 et
454 3974 555 4028 per
596 3959 690 4013 Dei
720 3962 975 4031 gratiam,
1003 3964 1303 4037 Scriptura:
1330 3968 1511 4023 verbis
1533 3985 1769 4041 agnosco

196 4053 238 4097 et
283 4055 365 4101 tua
409 4052 772 4107 attestatione
815 4056 1074 4124 approbo.
1126 4056 1246 4113 Jam
1292 4060 1436 4113 enim
1488 4063 1661 4132 magis
1704 4056 1769 4118 ac

200 4139 341 4208 inagis
369 4145 600 4198 attendo
621 4145 749 4213 quia
776 4144 865 4198 illa
888 4145 1090 4215 judicia
1121 4165 1315 4205 censes
1336 4151 1439 4206 diei
1463 4153 1770 4223 specialiter

201 4236 500 4300 necessaria,
550 4252 679 4306 qua:
729 4252 838 4292 non
880 4238 1076 4305 solum,
1132 4241 1297 4296 nullis
1336 4245 1770 4313 prmeedentibns

199 4323 381 4380 meritis
433 4327 717 4392 humanis,
782 4329 877 4384 sed
913 4331 1077 4386 etiam
1103 4347 1134 4386 c
1165 4336 1441 4389 contrario
1478 4351 1544 4389 ex
1611 4337 1769 4393 malis

202 4420 319 4477 orta,
351 4415 402 4470 in
446 4416 657 4471 bonum
699 4427 1100 4474 convertuntur
1144 4420 1239 4476 Dei
1272 4424 1470 4492 gratia.
1512 4425 1604 4479 Illa
1635 4441 1768 4481 vero

200 4505 669 4574 specialiterjusta,
705 4523 829 4578 qua!
861 4509 1235 4567 admonitione
1262 4513 1439 4583 aliqua
1463 4515 1765 4584 puniendos

202 4596 555 4664 praecedentia,
583 4599 680 4655 sed
724 4613 832 4654 non
858 4601 1206 4671 mdilicantia,
1239 4603 1497 4659 ultionem
1527 4606 1769 4663 inierunt

205 4682 412 4753 dignam.

260 4775 315 4831 0.
351 4780 418 4834 lta
449 4782 722 4853 profecto,
754 4794 812 4838 ut
838 4788 1056 4851 asseris,
1089 4803 1307 4844 censeo.
1344 4789 1480 4844 Nam
1512 4802 1572 4846 ut
1596 4791 1763 4847 dissi-

206 4868 375 4924 militer
398 4874 631 4931 debeant
681 4877 966 4947 appellari,
1019 4879 1343 4938 dill‘ercntian
1399 4882 1570 4953 ipsius
1628 4888 1765 4941 ratio

207 4960 380 5018 edocet.

742 5057 970 5115 CAPUT
1004 5062 1185 5119 XXlll.

209 5137 315 5203 0m
336 5161 484 5213 quam
515 5150 620 5205 sint
650 5149 752 5204 illa
787 5148 886 5202 Dei
913 5151 1148 5227 judicia,
1189 5172 1308 5226 qua
1339 5154 1488 5227 juxta
1512 5160 1671 5216 simul
1714 5173 1762 5216 et

661 5223 965 5275 necessaria
987 5223 1232 5280 dicuntur
1246 5229 1273 5282 ἰ)

247 5323 339 5374 SH,
372 5332 492 5374 nnis
527 5334 918 5374 ιΙῖΙΤηι-οηίῖειηὶ
972 5353 1090 5374 nium
1116 5340 1257 5374 inut.
1304 5353 1447 5374 ...ειη
1489 5355 1536 5374 Α.
1575 5364 1704 5374 η---

1794 4557 1846 4617 D

1874 1954 2089 2013 ceptum
2113 1955 2168 2001 et
2196 1960 2541 2018 procreatum
2578 1957 3000 2031 oninimodaque
3027 1962 3319 2035 fragilitate
3348 1970 3464 2025 cir-.

1873 2034 2212 2102 cunulatum,
2260 2038 2397 2110 fugit
2445 2043 2509 2094 ad
2562 2046 2923 2114 conditorem,
2972 2054 3250 2122 postulans
3288 2056 3357 2123 ab
3390 2071 3460 2114 co

1872 2126 2156 2181 sententiae
2179 2126 2342 2196 bnjtts
2377 2129 2792 2190 absolutionem.
2830 2140 3028 2206 Atille,
3083 2145 3261 2198 omnia
3301 2147 3458 2217 juxta

1873 2226 2508 2289 congruamtemporum
2557 2227 2753 2280 seriem
2794 2228 3178 2303 hominumque
3232 2239 3459 2307 qualita-

1875 2313 1981 2359 tem
2010 2307 2322 2379 disponens,
2353 2314 2527 2381 primo
2548 2316 2764 2384 quidem
2798 2334 2895 2388 per
2935 2320 3124 2392 legalia
3166 2339 3457 2397 praecepta,

1872 2395 2066 2452 deinde
2098 2414 2198 2470 per
2253 2402 2403 2455 varia
2455 2406 2837 2475 prophetarum
2893 2412 3215 2469 documenta
3264 2395 3459 2474 salutis

1872 2483 2119 2541 humana:
2169 2487 2293 2558 jura
2345 2491 2597 2548 instituit.
2657 2496 2902 2569 Cumque
2956 2518 3051 2571 per
3100 2504 3215 2561 hmc
3274 2512 3459 2567 multis

1874 2585 2155 2647 praestaret
2192 2580 2332 2635 dona
2373 2584 2582 2650 salutis,
2626 2589 2916 2643 novissime
2946 2592 3139 2647 Filium
3166 2612 3320 2651 suum
3350 2601 3455 2656 sibi

1873 2678 2223 2737 cozcternum,
2255 2676 2307 2728 in
2330 2678 2510 2731 carnis
2532 2683 2853 2759 peeeatricis
2880 2686 3230 2743 similitudine
3253 2708 3319 2746 ex
3338 2693 3455 2749 Vir-

1871 2760 1995 2830 gine
2022 2774 2392 2832 procreatum,
2426 2784 2524 2838 pro
2545 2773 2784 2826 omnium
2813 2780 3209 2837 restauratione
3245 2794 3454 2842 morta-

1873 2852 2001 2906 lium
2039 2855 2290 2927 dignatus
2319 2871 2399 2915 est
2432 2861 2671 2919 mittere.
2721 2865 2822 2934 Qui
2853 2870 3062 2926 scilicet
3094 2875 3315 2931 veniens
3339 2894 3457 2952 oru-

1874 2958 1971 2997 nes
2023 2945 2088 2997 ad
2147 2963 2205 3001 se
2264 2951 2642 3023 confugientes
2685 2961 2944 3029 suscepit,
3000 2962 3121 3018 vitae
3171 2945 3456 3041 praeceptis

1873 3037 2150 3109 instruxit,
2180 3052 2235 3097 et
2283 3045 2746 3120 incorruptibilem
2788 3055 3338 3131 honestissimumque
3366 3076 3455 3117 re-

1873 3132 2165 3198 generaudi
2195 3138 2412 3190 modum
2440 3148 2706 3208 statuens,
2732 3158 2836 3197 non
2865 3147 3038 3200 solum
3088 3148 3141 3202 iu
3173 3153 3456 3207 maluriori

1874 3230 2031 3277 :etate
2052 3226 2257 3294 positos
2284 3243 2502 3298 sua-que
2527 3234 2785 3291 doctrinae
2813 3253 3060 3308 capaces,
3088 3242 3181 3296 sed
3212 3244 3376 3297 etiam
3401 3246 3454 3298 in

1875 3313 2100 3369 infantia
2133 3321 2459 3377 constitutos
2489 3325 2811 3400 vivendique
2835 3346 3061 3400 prorsus
3111 3335 3330 3406 ignaros
3352 3340 3457 3397 huc

1877 3412 2283 3478 regeneratione
2333 3415 2467 3469 adeo
2511 3420 2704 3475 extulit
2732 3432 2788 3476 ut
2821 3424 2960 3481 lilios
2999 3428 3088 3482 Dei
3124 3440 3344 3499 vocaret
3376 3441 3453 3500 et,

1873 3507 1991 3566 post
2023 3504 2392 3571 temporalem,
2431 3510 2595 3563 vitam
2622 3523 2881 3568 a'ternam
2904 3521 3273 3585 promitteret.

1943 3589 2140 3663 Sicque
2175 3596 2376 3651 factum
2407 3609 2489 3655 est
2518 3613 2573 3657 ut
2597 3604 2861 3675 judicium
2889 3609 3004 3674 Dei,
3029 3615 3173 3680 quod
3205 3631 3281 3671 ex.
3311 3630 3470 3686 νηοί

1872 3683 2084 3739 cedenti
2146 3691 2585 3761 transgressione
2631 3698 2947 3769 protoplasti
3002 3683 3337 3761 iniciebatur
3367 3708 3472 3778 λιιι

1870 3788 2038 3841 sxum,
2081 3777 2450 3850 subsequente
2480 3785 2658 3852 gratia
2700 3786 2817 3854 Dei,
2872 3791 3026 3847 lieret
3059 3777 3453 3864 necessarium,

1870 3865 1993 3934 quia
2046 3867 2296 3925 videlicet
2342 3874 2581 3942 depressi
2631 3887 2685 3931 et
2731 3879 2995 3936 lmmiliati
3046 3897 3171 3939 sunt
3219 3902 3317 3956 per
3351 3889 3457 3946 hoc

1873 3958 2119 4015 homines
2168 3978 2257 4027 ne,
2314 3965 2399 4019 vel
2451 3969 2683 4026 naturali
2731 3972 3013 4044 dignitate,
3059 3977 3143 4031 vel
3190 3982 3450 4048 peccandi

1867 4045 2189 4120 impunitate
2219 4069 2337 4111 sese
2361 4058 2709 4128 extollentes,
2746 4063 2917 4118 instar
2938 4067 3194 4137 angelica:
3224 4080 3475 4135 naturae,

1872 4141 1923 4196 in
1964 4152 2227 4200 internum
2253 4150 2511 4217 perirent.
2548 4152 2806 4210 Probavit
2838 4174 3070 4228 namque
3094 4162 3235 4219 Deus
3276 4164 3331 4219 in
3355 4181 3455 4220 an-

1870 4232 2004 4302 gelis
2030 4237 2379 4304 peccantibus
2401 4242 2528 4311 quia
2568 4244 2708 4300 sicut
2737 4246 2858 4317 ipsi,
2895 4248 3086 4305 timore
3134 4253 3279 4309 nullo
3326 4271 3457 4311 cun—

1870 4324 2064 4390 stricti,
2094 4326 2500 4384 damnationem
2551 4346 2866 4405 perpetuam
2924 4340 3284 4409 superbiendo
3335 4363 3450 4401 me-

1870 4425 2114 4483 ruerunt,
2145 4420 2218 4474 ita
2251 4432 2305 4475 et
2334 4422 2514 4490 homo,
2545 4426 2587 4479 si
2623 4427 2817 4483 timore
2840 4428 3019 4499 aliquo
3058 4449 3160 4487 non
3184 4438 3455 4492 constrin-

1871 4520 2105 4580 geretur,
2138 4515 2383 4569 eamdem
2426 4529 2746 4574 mereretur.
2798 4519 2952 4577 Unde
3004 4528 3458 4600 constringendos

1875 4611 1994 4655 erat
2031 4603 2227 4660 timore
2277 4606 2368 4660 tali
2426 4624 2532 4678 quo
2587 4607 2641 4667 et
2664 4614 2839 4683 gratia
2892 4615 2986 4670 Dei
3038 4634 3253 4689 semper
3294 4637 3457 4692 egere

1874 4693 2253 4751 ostenderetur
2302 4706 2357 4752 et
2416 4701 2486 4754 ad
2529 4716 2649 4757 eam
2701 4704 2889 4775 iugere
2928 4706 3130 4778 jugiter
3165 4714 3459 4783 compelle—

1875 4790 2042 4837 retur.
3155 4842 3188 4867 ,

1944 4874 2177 4936 Timoris
2198 4892 2378 4939 autem
2423 4889 2558 4943 tanti
2589 4905 2754 4945 causa
2786 4891 2926 4947 nulla
2958 4896 3133 4964 potuit
3159 4912 3279 4952 esse
3328 4900 3454 4967 alia,

1873 4968 1971 5022 nisi
1996 4984 2154 5039 poena
2177 4973 2376 5044 aliqua.
2406 4976 2594 5048 Neque
2621 4982 2767 5037 enim
2798 4984 3092 5055 quidquam
3126 4987 3269 5041 aliud
3289 5004 3456 5060 quam

1876 5078 2034 5131 pwna
2086 5066 2336 5134 timetur;
2389 5084 2549 5140 pinna
2586 5091 2714 5132 vero
2742 5088 2828 5132 est
2863 5079 3021 5150 culpa
3048 5081 3212 5143 inlici,
3245 5080 3456 5152 fragili-

1876 5168 1984 5214 tate
2012 5157 2261 5228 deprimi.
2291 5161 2637 5234 Quapropter
2664 5169 2806 5239 quod
2848 5168 2990 5224 Deus
3030 5170 3321 5233 hominem,
3371 5171 3455 5225 vel

1872 5250 2143 5320 originali,
2187 5253 2268 5308 vel
2317 5254 2564 5322 quolibet
2592 5270 2816 5330 peccato
2861 5262 3111 5329 permisit
3166 5258 3453 5328 implicari,

2571 5361 2773 5374 Λευ-..-ο
2809 5352 2906 5374 --!.Z
2938 5364 2989 5374 --ι
3025 5367 3137 5374 .-μηδ
3175 5351 3272 5374 Ι...Α
3298 5367 3343 5374 -..
3370 5371 3377 5373 Α
3409 5356 3446 5374 Ι-

1874 5342 2002 5374 ιὶῖὶιῖι
2027 5343 2167 5374 ηιῖηιθ
2198 5345 2539 5374 ηηιιιῖι.-·ιι¹ιια.ι
