3998 5450
578 320 642 376 9i
1578 315 1877 373 OTllLONl
1915 313 2224 373 MONAClll
2265 314 2325 371 S.
2370 316 2791 373 EMMERAMMI
3783 318 3860 375 9i

485 434 493 473 ξ
575 430 758 487 dentia
795 429 1237 502 subsequendam
1261 431 1577 485 sintcausa.
1626 430 1740 485 Nisi
1792 431 1939 487 enim
1990 446 2152 501 poena
2182 442 2227 497 Α
2256 430 2457 486 sarimn
2488 449 2633 499 vero,
2672 434 2795 502 quia
2820 434 2937 487 sine
2965 431 3155 489 eodem
3187 434 3368 489 labore
3392 447 3446 489 et
3482 434 3675 491 dolore
3703 437 3853 491 nulla
3918 504 3938 523 ἦ

572 526 858 596 praecedat,
896 528 1055 582 timor
1083 539 1188 578 non
1228 524 1494 594 sequitur.
1538 523 1805 578 Similiter
1837 523 1942 577 nisi
1996 523 2157 577 timor

573 616 864 687 praecedat,
895 616 1174 671 humilitas
1230 632 1337 671 non
1388 617 1654 687 sequitur.
1698 615 1791 673 Sic
1840 617 2006 671 etiam
2054 616 2155 671 nisi

575 706 852 763 humilitas
872 708 1156 778 praecedat,
1189 708 1381 763 salutis
1408 717 1623 763 aeterna:
1650 706 1822 778 gloria
1851 723 1956 762 non
1981 707 2156 776 sequi-

574 808 681 853 tur.
708 796 860 854 Unde
881 808 934 855 et
972 797 1235 864 nonnulli,
1265 808 1468 868 quanto
1506 797 1625 868 plus
1651 798 1933 868 superbire
1956 797 2152 863 solent,

573 899 727 945 tanto
753 890 1094 962 gravioribus
1131 890 1326 959 culpis,
1364 899 1424 943 ut
1468 888 1841 953 humilientur,
1888 886 2153 960 implicari

570 982 832 1054 indigeant.
866 981 971 1036 Per
992 980 1353 1037 humilitatem
1398 996 1526 1053 ergo
1553 981 1887 1035 redeundum
1930 989 2013 1036 est
2059 981 2155 1035 ho-

567 1072 700 1129 mini
731 1073 798 1127 ad
827 1073 1085 1143 patriam,
1117 1073 1255 1126 unde
1286 1072 1534 1142 discessit
1558 1086 1655 1141 per
1677 1071 2007 1141 superbiam.

640 1162 715 1217 Η.
741 1164 913 1231 Quam
946 1163 1087 1218 ratio
1116 1163 1289 1218 dulcis
1317 1172 1371 1216 et
1393 1162 1460 1216 ad
1490 1163 1670 1216 omnia
1732 1161 1892 1215 verba
1948 1161 2148 1217 ﬁdelis!

568 1255 833 1327 Experior
883 1263 1034 1310 certe
1071 1264 1177 1309 tam
1216 1253 1478 1325 praeclara
1531 1254 1741 1307 ratione
1793 1253 1935 1323 quod
1988 1253 2151 1319 Deus,

565 1356 678 1404 tam
709 1347 849 1402 mala
880 1346 1242 1418 permittendo
1266 1361 1429 1415 quam
1475 1345 1613 1399 bona
1665 1343 1994 1413 praestando,
2044 1343 2153 1399 cle-

563 1442 905 1496 mentissima
941 1455 1158 1510 semper
1184 1454 1311 1510 erga
1337 1453 1528 1492 omnes
1558 1438 1610 1490 in
1641 1452 1701 1491 se
1722 1436 2007 1491 credentes
2034 1444 2154 1490 uta-

564 1542 657 1589 tur
686 1535 1006 1600 intentione.
1039 1533 1165 1588 Hzee
1199 1533 1383 1603 itaque
1423 1530 1706 1585 Psalmista
1736 1529 1990 1594 attendit,
2019 1545 2143 1584 cum

568 1625 731 1681 dixit:
766 1623 968 1679 Fidelis
1009 1624 1264 1678 Dominus
1325 1623 1379 1676 in
1424 1621 1660 1675 ontnibus
1704 1620 1871 1673 verbis
1916 1620 2059 1685 suis;
2102 1630 2149 1673 et

558 1728 772 1771 sanctus
798 1717 850 1769 in
876 1715 1114 1769 omnibus
1146 1713 1385 1785 operibus
1415 1713 1524 1767 suis
1548 1710 1773 1783 (Psalnt.
1803 1712 2007 1782 chtv).
2044 1709 2149 1764 Sed

2261 521 2441 590 proles
2467 523 2703 578 humana
2730 523 2927 578 nutriri
2974 524 3136 579 valet.
3172 524 3276 580 Sed
3322 541 3388 581 ne
3426 527 3608 582 omnis
3654 527 3856 583 mulier
3914 520 3922 533 ’

2260 613 2363 667 hac
2392 627 2451 667 se
2476 613 2592 685 lege
2630 615 2979 670 constrictum
3032 626 3374 685 quereretur,
3419 618 3669 688 apposita
3720 627 3853 672 sunt

2257 703 2525 771 praeconia
2554 703 2883 774 virginitatis
2924 715 2979 760 et
3025 705 3393 771 continentiae,
3440 708 3657 761 uicente
3703 707 3855 777 Apo-

2257 791 2427 846 stolo:
2462 792 2569 858 Qui
2607 794 2944 849 matrimonio
2983 795 3159 866 jungit
3209 796 3459 867 virginem
3498 800 3681 862 suam,
3721 798 3856 852 bene

2256 880 2419 950 facit;
2456 892 2503 937 et
2541 884 2630 954 qui
2658 899 2761 938 non
2781 884 2987 957 jungit,
3011 886 3197 940 melius
3217 887 3344 956 facit
3378 886 3426 955 (Ι
3452 886 3578 941 Cor.
3615 888 3741 959 vn).

2327 993 2423 1049 Est
2448 994 2612 1049 etiam
2641 976 2783 1049 aliud
2838 995 2891 1049 in
2936 995 3039 1051 hac
3086 997 3489 1066 ἀίεμειιεειιίυιιθ
3545 997 3854 1053 notandum

2256 1084 2407 1155 quia,
2434 1100 2556 1139 eum
2582 1099 2648 1140 ex
2679 1085 2920 1141 mulieris
2950 1088 3137 1158 prima:
3180 1098 3406 1158 pem-ato
3451 1099 3603 1144 tanta
3654 1090 3857 1145 fuisset

2256 1184 2375 1230 orta
2401 1175 2689 1246 subjectio,
2721 1176 2866 1231 nulla
2890 1178 3144 1249 deinceps
3172 1179 3490 1234 mulieribus
3532 1178 3722 1236 relicta
3763 1189 3856 1235 est

2254 1267 2608 1337 querimoniae
2659 1271 2894 1334 occasio,
2948 1270 3102 1339 quasi
3156 1270 3355 1341 injuste
3421 1270 3656 1327 fuissent
3706 1273 3852 1327 viris

2253 1358 2528 1427 subjecto.
2563 1360 2667 1415 Sed
2696 1376 2761 1415 ex
2808 1360 2965 1415 unius
3007 1362 3286 1430 peccantis
3316 1361 3511 1417 merito
3550 1378 3856 1433 argumen-

2256 1458 2401 1504 tatur
2416 1466 2605 1506 ouines
2625 1451 2764 1506 idem
2788 1452 3067 1506 meruisse.
3103 1449 3170 1505 Et
3196 1452 3336 1506 sicut
3363 1451 3529 1519 Deus,
3560 1454 3616 1508 in
3639 1453 3845 1507 eadem

2253 1542 2497 1596 mulieris
2521 1544 2707 1613 prima:
2730 1543 2885 1613 culpa
2912 1554 3055 1598 tanta
3101 1543 3451 1612 subjectiouis
3481 1555 3534 1599 et
3561 1545 3855 1599 humilita-

2255 1630 2323 1685 tis
2349 1631 2489 1685 bona
2519 1642 2777 1702 operatus
2831 1636 3164 1699 necessaria,
3215 1634 3422 1688 nullum
3457 1634 3728 1704 gloriandi
3764 1633 3852 1686 lo-

2253 1738 2375 1777 cum
2405 1724 2552 1778 dedit
2576 1725 2753 1779 eidem
2798 1725 3035 1791 mulieri,
3079 1729 3229 1797 quasi
3276 1728 3343 1782 de
3370 1728 3485 1782 suis
3515 1729 3731 1783 meritis
3763 1736 3856 1783 tot

557 1814 614 1861 et
641 1805 929 1875 Apostolus
983 1806 1172 1860 eadem
1238 1812 1548 1867 attestatur,
1607 1801 1827 1855 dicens:
1880 1799 2147 1854 Conclusit
2180 1807 2225 1866 Β
2253 1816 2393 1871 bona
2447 1818 2816 1886 proveniunt,
2864 1818 2940 1873 ila
2980 1819 3035 1874 in
3087 1819 3340 1874 omnibus
3375 1820 3711 1887 homiuibuﬁ’
3743 1835 3857 1889 per

559 1900 701 1958 Deus
721 1904 897 1957 omnia
935 1903 988 1955 iu
1019 1901 1408 1965 incredulitate,
1450 1909 1505 1952 ut
1535 1899 1771 1951 ontnium
1814 1897 2146 1951 misereretur

555 1994 739 2066 (ltum.
772 1997 872 2063 XI).
918 1994 1049 2061 Quis
1078 2007 1209 2064 ergo
1258 1993 1633 2061 imperitorum
1672 1999 1880 2043 tantam
1921 2004 2144 2058 sperare

556 2096 736 2155 potest
775 2085 865 2140 Dei
914 2087 1260 2139 clementiam
1304 2094 1363 2138 ut
1407 2093 1515 2138 tam
1547 2084 1600 2138 in
1632 2083 1833 2137 inlimis
1864 2096 2029 2152 quam
2088 2083 2145 2137 in

553 2177 772 2245 optimis
801 2178 959 2231 rebus
983 2176 1233 2231 ostendat
1268 2175 1447 2229 illam?

628 2270 695 2323 0.
730 2270 951 2324 Gaudeo
981 2269 1105 2338 quia
1136 2280 1243 2321 tam
1292 2267 1581 2321 ellicaciter
1616 2267 1824 2336 prolata
1877 2265 2047 2320 sentis
2087 2272 2147 2317 ut

552 2358 719 2413 etiam
768 2359 997 2413 aliorum
1033 2359 1116 2413 his
1166 2358 1423 2413 similium
1477 2357 1864 2412 reminiscaris.
1915 2356 2145 2425 Ideoque

550 2448 686 2504 nihil
723 2449 812 2505 hic
832 2450 1187 2504 immorantes
1212 2449 1350 2502 ultra
1379 2450 1815 2520 progrediamur.

1120 2539 1349 2595 CAPUT
1381 2539 1570 2593 XXIV.

749 2630 878 2684 Eme
898 2630 1135 2700 exemplo
1162 2631 1288 2682 data
1313 2632 1551 2683 doctrina
1576 2629 1941 2697 conﬁrmatur.

624 2721 905 2795 Superiori
936 2724 1117 2792 itaque
1136 2722 1421 2775 sententia:
1452 2720 1754 2791 proximam
1798 2731 1853 2774 et
1893 2736 2056 2775 sensu
2087 2729 2144 2775 et

548 2813 691 2879 loco,
718 2814 877 2867 modo
908 2814 959 2867 in
1000 2813 1306 2883 exemplum
1337 2828 1537 2883 ponere
1566 2812 1705 2877 Vult),
1739 2812 1907 2867 Evam
1933 2812 2142 2867 scilicet

549 2904 793 2958 omnium
826 2904 1133 2958 mortalium
1165 2912 1417 2957 matrem.
1473 2902 1625 2969 Qtne,
1655 2920 1776 2958 cum
1807 2904 1956 2973 prior
2005 2919 2143 2973 prte-

549 3006 705 3065 ccpta
739 2996 833 3049 Dei
862 2997 1068 3066 Sprevit
1097 3005 1149 3049 et
1182 2996 1439 3049 continuo
1492 2995 1632 3048 idem
1669 2994 1847 3049 facere
1897 2996 2013 3049 viro
2042 3010 2141 3048 suo

548 3092 837 3156 suggessit,
872 3088 1037 3156 priori
1065 3104 1278 3156 quoque
1319 3096 1374 3139 et
1397 3088 1631 3156 graviori
1681 3089 1865 3155 [,muita
1899 3099 1975 3140 est
2010 3102 2135 3154 sup-

2251 1906 2609 1977 quosjudicia
2638 1923 2736 1963 sua
2764 1908 3004 1975 exercet,
3047 1925 3207 1982 agere
3259 1911 3419 1976 solet,
3475 1912 3579 1966 hoc
3622 1927 3855 1981 semper

2247 2000 2556 2069 providens,
2590 2015 2687 2070 per
2714 2001 2855 2055 bona
2878 2016 2997 2070 quae
3028 2011 3287 2071 operatur
3328 2002 3381 2056 in
3434 2002 3558 2067 illis,
3591 2012 3653 2057 ut
3679 2017 3855 2058 nemo

2246 2090 2313 2146 de
2344 2092 2458 2146 suis
2485 2092 2695 2147 meritis
2720 2092 2942 2161 gloriari
2981 2094 3173 2163 possit.

2319 2199 2393 2254 Η.
2417 2199 2642 2267 Quanta:
2667 2203 3007 2258 auctoritatis
3052 2204 3335 2258 videantur
3365 2202 3491 2268 ista,
3522 2218 3645 2273 qua:
3671 2207 3850 2259 etiam

2246 2294 2408 2348 modo
2465 2293 2760 2362 protulisti,
2830 2294 2979 2349 nullo
3040 2310 3260 2364 possum
3320 2295 3591 2350 sermonis
3636 2296 3853 2351 indicio

2246 2383 2548 2451 prepalare.
2584 2382 2835 2451 Magnum
2865 2385 3009 2438 enim
3037 2384 3294 2454 quiddam
3334 2396 3388 2439 et
3434 2386 3643 2439 notitia:
3689 2402 3851 2439 coin-

2248 2478 2394 2528 muui
2441 2477 2809 2530 necessarium
2866 2480 3045 2532 sentio
3072 2480 3122 2532 iti
3162 2479 3246 2533 bis
3282 2480 3523 2534 latitare.
3564 2481 3847 2536 (Steterunt

2245 2581 2373 2635 quia
2385 2566 2655 2648 simillima
2677 2571 2991 2639 quaestionis
3009 2586 3139 2624 meae
3168 2572 3326 2625 verba
3348 2572 3460 2641 jam
3492 2577 3847 2639 memorasti,

2247 2656 2373 2710 dttut
2408 2659 2661 2714 videlicet
2686 2674 2754 2712 ex
2788 2662 2950 2715 uultis
3005 2662 3285 2730 peccantis
3334 2661 3581 2715 mulieris
3640 2663 3848 2716 merito

2245 2760 2433 2800 omnes
2463 2749 2644 2801 dixisti
2673 2749 2931 2803 mulieres
2970 2747 3359 2818 sulijcctionem
3385 2751 3675 2815 meruisse,
3710 2766 3844 2821 pre~

2244 2852 2340 2891 eor
2367 2849 2421 2892 ut
2444 2840 2512 2892 ad
2547 2839 2854 2907 hujusmodi
2880 2843 3233 2909 quazstioncm
3264 2843 3579 2895 solvendam
3609 2848 3846 2897 studeas

2245 2945 2557 2999 properare.

2317 3019 2382 3071 0.
2435 3019 2713 3075 l’aticuter
2751 3024 3087 3091 praestolare,
3141 3024 3267 3092 quia
3302 3024 3464 3079 citius
3506 3025 3699 3080 audies
3753 3043 3848 3082 me

2192 3162 2208 3177 κ
2247 3108 2369 3159 inde
2417 3110 2687 3163 dicturum
2740 3122 3001 3179 quantum
3067 3115 3193 3165 mihi
3246 3113 3507 3169 Dominus
3575 3110 3847 3186 dignatur

546 3177 730 3248 plicio,
756 3189 813 3232 ut
836 3192 902 3233 ex
935 3179 1036 3232 hoc
1071 3181 1235 3232 etiam
1279 3195 1441 3247 quam
1490 3179 1671 3249 justus
1693 3178 1859 3245 juilcx
1888 3181 1960 3233 sit
1994 3179 2136 3232 Deus
2168 3169 2209 3219 (3
2242 3212 2521 3267 prmum.

546 3268 823 3324 sentiatur
845 3268 1074 3339 judicio.
1105 3268 1315 3323 Dictum
1351 3284 1586 3338 namque
1613 3279 1697 3324 est
1736 3269 1817 3323 ei:
1878 3267 2140 3337 Multipli-

546 3361 681 3418 cabo
706 3378 973 3416 (erumnas
1009 3375 1128 3417 tuas
1164 3375 1211 3418 et
1234 3375 1509 3434 conceptus
1537 3375 1693 3426 tuos;
1732 3365 1785 3417 in
1817 3362 1997 3416 dolore
2044 3380 2138 3433 pa-

546 3454 648 3507 ries
676 3452 839 3521 ﬁlios,
873 3464 921 3507 et
952 3456 1047 3508 sub
1097 3456 1193 3510 viri
1229 3465 1480 3525 potestate
1520 3458 1644 3519 eris,
1672 3466 1719 3508 et
1752 3455 1860 3524 ipse
1889 3454 2135 3507 domina-

540 3548 692 3602 bitur
710 3550 787 3601 tui
815 3546 967 3619 (Gen.
1001 3549 1106 3619 ιιι).
1133 3548 1223 3605 Sic
1248 3566 1377 3620 ergo
1404 3549 1586 3619 punita
1614 3563 1698 3603 est
1725 3547 1918 3601 mulier
1940 3549 2135 3616 prima,

543 3640 800 3707 quoniam
847 3639 997 3709 prior
1046 3651 1308 3710 prwcepta
1346 3640 1674 3708 contempsit
1726 3639 1928 3691 divina.
1985 3638 2138 3704 Quod

546 3730 803 3783 nimirum
831 3745 994 3800 quam
1016 3732 1220 3799 justum
1249 3732 1411 3785 fuerit
1435 3741 1493 3783 ut
1521 3730 1731 3784 scilicet
1782 3730 2136 3799 praesumptio

541 3822 736 3889 major,
787 3840 852 3877 eo
886 3824 1030 3877 cuitu
1070 3823 1241 3889 major
1288 3840 1396 3893 quo
1455 3824 1620 3892 prior,
1678 3824 1866 3890 majori
1916 3838 2133 3893 quoque
2184 3848 2193 3849 ί

541 3914 851 3984 subjaeeret
876 3914 1141 3984 supplicio
1173 3916 1223 3967 in
1254 3915 1494 3967 omnium
1520 3916 1777 3968 cordibus
1799 3916 2131 3984 Sapientium

536 4014 752 4059 constat
780 4008 1062 4074 scriptum.
1091 4006 1321 4060 Proinde
1346 4021 1469 4060 cum
1511 4007 1581 4060 sit
1628 4020 1812 4060 notum
1864 4010 2133 4076 quomodo

539 4112 607 4149 ex
631 4096 961 4166 praecedenti
988 4097 1143 4166 culpa
1171 4097 1221 4149 in
1250 4096 1415 4149 Evam
1445 4096 1651 4150 illatum
1695 4102 1767 4151 stt
1787 4096 1996 4164 justtnn
2040 4099 2131 4152 Dei

534 4187 822 4258 judicium,
855 4188 1094 4251 attemle,
1123 4203 1332 4257 precor,
1376 4203 1441 4240 ex
1488 4189 1943 4258 subsequentibus
1995 4207 2131 4260 quu-

540 4283 701 4338 modo
726 4282 865 4336 idem
895 4281 1158 4350 judicium
1192 4282 1356 4335 fuerit
1383 4282 1775 4337 necessarium.
1821 4282 1921 4338 Ubi
1971 4300 2123 4354 rogo,

536 4374 741 4444 plures,
776 4374 859 4428 vel
886 4373 1076 4428 saltem
1106 4373 1212 4427 duo
1242 4373 1486 4428 homines
1517 4373 1676 4429 simul
1696 4384 2123 4442 comitioramtes,

538 4465 749 4536 paciﬁci
779 4474 1005 4536 possunt
1051 4479 1171 4520 esse
1201 4480 1464 4535 unquam,
1493 4465 1597 4520 nisi
1636 4466 1778 4520 alter
1818 4467 1974 4522 alteri
2004 4470 2130 4522 sub-

544 4559 701 4614 datur
727 4556 750 4611 ἓ

610 4646 684 4702 Η.
715 4646 992 4717 Nusquam
1027 4646 1279 4709 omnino.

616 4738 683 4793 0.
713 4738 866 4794 Unde
900 4748 1022 4793 erat
1065 4753 1286 4793 necesse
1327 4748 1384 4793 ut
1420 4739 1688 4805 homines,
1730 4740 1897 4794 etiam
1944 4734 2125 4810 primi,

543 4828 898 4883 redderentur
932 4826 1142 4897 pacilici
1167 4836 1221 4881 et
1245 4825 1607 4895 subjiceretur
1648 4827 1786 4883 alter
1810 4828 1986 4882 alteri.
2018 4828 2126 4883 Sed

538 4917 699 4986 hujus
722 4917 1072 4984 subjectiouis
1121 4918 1367 4982 materia,
1396 4919 1616 4989 gravior
1646 4918 1889 4973 mulieris
1917 4918 2127 4974 exstitit

540 5010 718 5080 culpa.
753 5008 844 5064 llla
884 5010 1030 5064 enim
1056 5008 1176 5079 plus
1220 5009 1408 5063 debuit
1461 5010 1639 5064 subdi.
1691 5025 1810 5079 quae
1852 5009 1971 5079 plus
2014 5011 2125 5078 egit

540 5101 771 5172 peccati.
797 5100 1158 5166 Quamobrem
1182 5100 1314 5154 satis
1335 5099 1835 5169 patetqniajustum
1857 5098 2121 5168 judicium

538 5191 633 5248 Dei
686 5191 918 5246 iit-illam
976 5191 1183 5244 illatum
1242 5203 1453 5245 constat
1500 5193 1881 5245 necessarium.
1938 5188 2124 5257 Neque

540 5287 683 5341 enim
714 5285 871 5357 primi
902 5285 1150 5339 homines
1174 5294 1267 5339 aut
1290 5286 1514 5348 soirent,
1546 5293 1639 5336 aut
1664 5284 1891 5336 toi-sitan
1924 5281 2122 5335 vellent

539 5378 643 5435 hac
670 5380 747 5432 uti
773 5377 1002 5431 invicem
1051 5376 1404 5444 subjectionis
1429 5376 1740 5440 concordia,
1794 5375 1895 5429 nisi
1937 5373 2119 5442 aliqua

2816 3292 3043 3348 CAPle
3083 3293 3246 3348 XXV.

2241 3403 2496 3474 Exemplo
2545 3405 2703 3460 Judw
2739 3408 3021 3477 proditoris
3064 3408 3200 3461 idem
3241 3408 3521 3463 roboratur
3559 3419 3611 3464 et
3653 3411 3846 3467 decla-

2937 3491 3104 3532 ratur.

2313 3586 2533 3640 Duobus
2556 3587 2698 3640 enim
2724 3587 2835 3657 jam
2869 3567 3047 3647 dictis.
3075 3588 3291 3641 tertium
3322 3599 3492 3643 restat
3517 3593 3841 3663 exemplum

2240 3677 2574 3744 dejudiciis,
2608 3695 2729 3747 qua:
2759 3680 3180 3749 dicunturjusta
3213 3681 3376 3733 sxmul
3408 3690 3462 3734 et
3493 3687 3841 3743 necessaria-

2240 3773 2351 3826 Nec
2399 3788 2540 3835 non,
2578 3788 2697 3841 qua:
2749 3773 2859 3827 sint
2900 3774 3113 3828 occulta
3162 3772 3509 3841 Deijudieia,
3561 3776 3719 3845 prius
3749 3789 3841 3832 est

2239 3864 2557 3929 dicendum;
2609 3880 2728 3933 qua:
2775 3865 3024 3934 inspecie
3063 3874 3253 3933 quarta
3298 3867 3683 3934 prapostiimus
3717 3869 3839 3923 dis-

2244 3957 2553 4027 tinguenda.
2595 3958 2698 4011 Sed
2756 3960 2897 4027 quod
2926 3958 3077 4027 prior
3104 3959 3239 4010 ordo
3274 3959 3471 4026 exigit,
3503 3957 3658 4027 prius
3686 3976 3837 4029 quo-

2238 4063 2343 4117 que
2375 4046 2640 4113 dicamus,
2688 4048 2992 4118 exemplum
3038 4047 3287 4102 videlicet
3332 4050 3715 4117 propositum;
3760 4054 3835 4105 ad

2237 4139 2381 4207 quod
2425 4140 2846 4209 esplanandum,
2900 4141 3237 4193 tremendum
3288 4143 3355 4192 de
3400 4141 3540 4194 Jutla
3572 4152 3834 4210 apostuta

2238 4247 2432 4300 ponam
2455 4231 2742 4300 judicium.
2776 4231 2887 4286 lloe
2916 4247 3148 4303 namque
3174 4232 3384 4286 duobus
3412 4234 3589 4288 modis
3607 4233 3832 4301 justum

2238 4325 2340 4378 dici
2371 4323 2532 4378 valet.
2569 4322 2687 4379 Uno
2730 4324 2975 4393 quidem,
3004 4324 3129 4393 quia
3160 4339 3281 4378 cum
3319 4325 3530 4379 caeteris
3557 4328 3833 4396 apostolis

2238 4419 2293 4472 in
2329 4419 2579 4474 oumibus
2608 4419 2765 4473 battis
2812 4419 3053 4484 edoctus,
3102 4428 3289 4487 postea
3339 4420 3389 4472 in
3424 4428 3629 4474 tantam
3666 4424 3834 4477 ntali-

2161 4513 2205 4570 ι)
2236 4509 2607 4565 ιίιιιιιέυείάὶι
2636 4519 2693 4563 ut
2720 4508 2896 4578 ipsum
2935 4520 3211 4563 auctorem
3257 4510 3379 4563 vitw
3410 4514 3571 4565 morti
3604 4515 3832 4570 tradere

2232 4611 2619 4675 pra'sumeret;
2692 4602 2830 4655 alter
2878 4616 3007 4656 vero
3067 4603 3257 4657 modus
3312 4618 3378 4655 ex
3429 4604 3560 4673 ipsis
3605 4606 3828 4662 Domini

2233 4699 2436 4763 verbis,
2472 4711 2593 4767 qua:
2631 4696 2698 4750 ad
2747 4695 3000 4750 eumdem
3026 4693 3219 4749 Judam
3250 4696 3392 4750 dicta
3420 4709 3569 4764 sunt,
3598 4706 3829 4769 pensari

2233 4790 2392 4844 valet.
2425 4791 2697 4856 Quantum
2728 4796 2908 4841 autem
2936 4787 3305 4842 necessarium
3338 4788 3502 4843 fuerit
3550 4789 3695 4846 idem
3729 4792 3828 4861 ju-

2231 4881 2431 4934 dicium
2454 4879 2763 4933 hominibus
2787 4875 3023 4943 eunetis,
3045 4891 3144 4947 pro
3166 4877 3363 4946 quibus
3385 4889 3469 4932 est
3496 4880 3831 4938 mirabiliter

2230 4973 2562 5035 ordinatum,
2590 4978 2646 5024 et
2674 4983 2832 5024 nemo
2859 4968 3041 5024 dicere
3066 4966 3235 5033 valet;
3274 4977 3330 5022 et
3359 4976 3540 5025 tamen
3563 4974 3829 5032 omnibus

2230 5082 2293 5135 pa
2302 5075 2393 5120 let.

2301 5177 2428 5242 Quae
2452 5176 2558 5230 duo
2585 5175 2862 5228 contraria
2896 5174 2962 5226 de
2993 5189 3102 5228 uno
3127 5174 3429 5244 eodemque
3451 5177 3666 5248 judicio
3695 5182 3827 5239 ideo

2229 5268 2426 5337 protuli
2458 5268 2581 5336 quia
2613 5276 2721 5320 tam
2763 5280 3017 5333 maguum
3054 5277 3139 5320 est
3164 5276 3222 5321 ut
3259 5281 3419 5322 nemo
3458 5270 3643 5326 dicere
3673 5275 3827 5329 solli-

2230 5360 2339 5415 ciat
2368 5369 2422 5413 et
2456 5369 2564 5411 tam
2604 5355 2952 5410 manifestum
2984 5363 3041 5408 ut
3078 5356 3208 5411 nulli
3242 5371 3379 5425 opus
3403 5359 3475 5413 sit
3500 5362 3822 5422 dicendum.
