3998 5450
164 412 222 469 93

160 526 250 579 hoc
273 533 503 592 repetere
528 523 668 593 quod
707 524 951 601 ﬁdelibus
984 529 1195 585 cunctis
1225 542 1696 607 praestatsemper
1725 546 1771 601 Α

166 627 339 667 Vivere.

222 703 278 757 0.
304 701 647 759 Cmaantibus
669 719 900 777 namque
921 706 1197 778 discipulis
1215 710 1293 766 ait
1314 709 1500 767 Jesus:
1530 712 1695 767 Amen

158 792 260 847 dico
274 790 403 845 m5.
418 794 548 863 quia
564 805 783 850 nstrum
808 813 944 852 unus
966 815 1047 853 me
1067 801 1359 856 traditurus
1383 814 1455 857 est
1480 803 1692 873 (Matth.

163 882 307 948 mi).
336 878 454 933 Mox
497 884 837 940 contristatis
870 885 975 940 illis
1001 896 1057 942 et
1084 888 1548 961 interrogantibus
1577 891 1698 961 quis

162 976 302 1030 esset,
332 970 606 1037 respondit
628 972 706 1026 eis
727 973 908 1029 dicens
932 992 946 1029 :
978 974 1083 1041 Qui
1120 979 1329 1049 intiugit
1358 996 1556 1033 mecum
1583 997 1697 1033 ma-

161 1072 262 1111 neat
282 1059 333 1110 in
353 1061 651 1127 paropside,
689 1063 772 1116 hic
793 1081 873 1118 nte
897 1066 1087 1132 tradet,
1109 1077 1214 1121 etc.
1245 1068 1458 1138 (ΗΜΛ.
1489 1070 1697 1136 Quibus

161 1146 368 1217 profecto
414 1150 601 1205 verbis
651 1152 703 1205 in
747 1156 935 1208 eodem
991 1150 1125 1210 Juda
1169 1156 1432 1226 judicium
1486 1158 1695 1214 Domini

156 1238 326 1308 justum
353 1240 753 1309 manifestatur,
786 1244 931 1315 quia,
964 1246 1092 1301 dum
1136 1248 1253 1315 ejus
1283 1248 1486 1303 malitia
1512 1251 1701 1319 praedi-

160 1340 290 1393 cttur,
315 1333 591 1401 arguendo
617 1347 1000 1404 prannonetur.

214 1419 274 1473 Η.
295 1420 580 1478 Praemisso
611 1426 824 1481 Domini
839 1427 997 1483 verba
1021 1427 1176 1499 longe
1193 1430 1350 1485 aliter
1373 1446 1402 1484 a
1430 1430 1699 1501 plerisque

161 1511 452 1568 sentiuntur.
487 1514 720 1570 Videtur
754 1517 921 1583 enim,
962 1518 1086 1587 quia
1117 1519 1259 1572 idem
1302 1520 1486 1573 infelix
1531 1520 1698 1577 ludas

160 1617 213 1657 ex
232 1603 542 1670 supradictis
573 1607 759 1661 verbis
788 1608 860 1661 ita
906 1609 975 1661 sit
1012 1610 1269 1664 astrictus
1294 1619 1351 1664 ut
1394 1612 1699 1668 nullatenus

161 1693 288 1747 aliter
308 1709 463 1762 quam
496 1693 718 1749 Veritas
753 1698 997 1765 praedixit
1018 1713 1177 1768 agere
1202 1712 1405 1768 posset.

214 1783 271 1836 0.
298 1784 526 1850 Qttzestio
572 1787 715 1851 tunc,
740 1787 783 1840 si
824 1804 928 1842 non
982 1789 1035 1842 in
1061 1790 1182 1844 aliis
1212 1791 1505 1861 Scriptura:
1529 1807 1698 1847 sacrae

158 1871 264 1927 locis
282 1874 443 1927 soluta
471 1874 692 1941 fuisset,
724 1891 941 1932 movere
961 1878 1172 1948 aliquos
1193 1881 1388 1935 merito
1411 1883 1693 1951 potuisset.
1726 1878 1773 1936 Β

160 1967 363 2032 Qualiter
388 1982 631 2037 namque
661 1970 775 2022 sint
808 1970 1150 2041 intelligenda
1181 1972 1483 2040 lmjusmodi
1507 1975 1694 2041 verba,

161 2055 366 2110 Ezechiel
395 2059 665 2127 propheta
705 2043 907 2113 indicat
931 2075 997 2114 ex
1028 2062 1194 2130 ipsius
1225 2061 1435 2116 Domini
1467 2079 1697 2133 persona

162 2148 340 2202 dicens:
375 2146 498 2203 Viro
537 2167 664 2221 ego,
689 2151 813 2204 dicit
843 2151 1095 2207 Dominus
1134 2154 1296 2219 Deus,
1325 2155 1445 2209 uolo
1478 2167 1694 2209 mortem

160 2242 289 2305 impii,
325 2243 411 2295 sed
439 2254 494 2296 ut
545 2255 885 2298 convertatur
910 2263 941 2298 a
982 2247 1063 2300 eia
1101 2264 1197 2301 sua
1220 2257 1268 2300 et
1295 2247 1426 2301 vivat
1459 2249 1478 2319 (
1496 2247 1689 2302 Ezeclt.

161 2334 331 2402 mm).
381 2333 447 2388 Et
487 2335 658 2405 paulo
690 2345 812 2405 post
860 2340 1098 2406 apertius
1145 2340 1425 2410 subjungit
1470 2341 1692 2396 dicens:

163 2422 300 2475 Etiam
342 2424 387 2476 si
421 2425 616 2478 dixero
662 2426 823 2495 impio
850 2440 869 2478 .'
898 2439 1062 2481 morte
1107 2430 1388 2495 morieris;
1445 2440 1493 2483 et
1536 2431 1695 2501 egerit

162 2514 492 2580 penitentiam,
528 2516 645 2568 vita
677 2518 806 2570 vivet
832 2528 878 2571 et
906 2534 1007 2571 non
1036 2522 1290 2573 morietur
1326 2520 1538 2592 (lbid.).
1569 2523 1698 2588 Quae

164 2602 369 2658 nimirum
416 2606 561 2661 dicta
614 2607 670 2662 in
716 2608 943 2663 Ezecbia
980 2625 1104 2681 rege
1141 2610 1298 2677 Juda,
1348 2615 1484 2667 etin
1514 2614 1698 2670 Achab

163 2708 258 2763 rege
279 2696 446 2763 Israel,
472 2700 824 2770 maximeque
843 2703 893 2756 in
912 2701 1159 2758 Ninivitis
1181 2706 1432 2775 leguntur
1453 2707 1689 2777 impleta,

164 2784 230 2841 ubi
282 2791 551 2844 sententia:
621 2791 819 2846 divinae
881 2804 1092 2848 constat
1146 2796 1452 2853 immutatis
1532 2799 1695 2853 facta.

166 2876 286 2932 Uade
309 2881 434 2934 satis
460 2882 785 2937 declaratur
812 2886 936 2954 quia
971 2886 1133 2942 verba
1162 2888 1342 2943 divina
1375 2903 1599 2945 mortem
1625 2893 1700 2946 iu-

163 2965 301 3023 ferant
336 2970 455 3025 nulli
488 2989 504 3037 ;
553 2974 659 3028 sed
691 2977 931 3045 nequitia
964 2978 1197 3032 humana
1249 2982 1321 3035 ita
1350 2997 1446 3052 per
1475 2983 1700 3037 inﬁdeli-

166 3067 295 3113 tatem
326 3071 558 3119 meretur
602 3065 779 3119 deludi
816 3076 871 3119 ut
916 3066 1058 3123 Deus
1108 3069 1357 3124 videatur
1403 3073 1503 3126 sibi
1556 3074 1698 3129 nolle

166 3150 386 3207 misereri.

223 3238 281 3293 ll.
316 3242 524 3301 Utiliter
564 3246 737 3316 igitur
784 3248 1090 3319 Opinionem
1131 3254 1488 3320 quorumdam
1520 3254 1694 3320 intuli,
1724 3233 1768 3288 (λ

171 3332 284 3399 quia,
306 3335 422 3389 dum
442 3352 564 3391 eam
621 3348 805 3418 aperta
837 3340 1043 3395 ratione
1073 3342 1401 3406 destruxisti,
1429 3360 1515 3400 me
1539 3345 1699 3400 simul

168 3423 369 3481 docuisti.
402 3428 551 3484 Unde
590 3443 722 3500 rogo
754 3448 822 3485 ne
854 3432 941 3488 hic
976 3434 1208 3503 amplius
1238 3436 1566 3502 immoreris,
1605 3438 1700 3491 sed

168 3513 218 3566 ad
235 3519 479 3587 proposita
535 3522 838 3576 revertaris
901 3524 1039 3589 Quia
1084 3526 1227 3579 enim
1260 3527 1532 3581 revelante
1568 3528 1698 3594 Deo,

170 3614 212 3657 ut
228 3609 384 3674 credo,
410 3613 543 3666 satis
577 3614 834 3668 reserasti
889 3629 1008 3682 qua:
1037 3615 1144 3669 sint
1166 3616 1366 3685 judicia
1405 3617 1499 3671 Dei
1528 3620 1701 3671 mani-

170 3692 275 3751 festa
298 3700 389 3753 sub
440 3704 718 3773 tripartite
766 3706 944 3773 specie
995 3706 1268 3768 distincta,
1316 3707 1370 3760 id
1400 3718 1503 3771 est,
1527 3706 1699 3775 justa,

171 3791 447 3856 necessaria,
467 3793 618 3862 justa
648 3793 808 3847 simul
847 3804 903 3847 et
931 3796 1258 3860 necessaria,
1287 3811 1458 3865 eaque
1489 3798 1698 3868 singula

173 3879 303 3947 ternis
327 3882 582 3952 exemplis
610 3883 872 3952 probasti.
892 3882 1041 3939 Nunc
1065 3893 1273 3955 tempus
1303 3887 1469 3957 exigit
1491 3897 1545 3942 et
1568 3890 1700 3942 ordo

173 3975 328 4038 utquze
355 3974 461 4029 sint
487 3974 706 4030 occulta
746 3990 968 4045 prorsus
997 3984 1052 4031 et
1086 3978 1271 4049 ignota
1314 3978 1534 4033 studeas
1562 3992 1699 4033 enu-

170 4060 325 4119 cleare.

684 4159 912 4214 CAPUT
950 4159 1136 4217 XXVI.

170 4241 230 4299 De
251 4261 418 4317 quarta
445 4255 613 4321 specie
660 4254 960 4306 divinorum
980 4254 1333 4321 judiciorum,
1373 4269 1490 4324 (μαι)
1514 4254 1700 4308 dicun-

262 4384 263 4387 η
750 4334 839 4376 tur
864 4324 1086 4378 occulta.

224 4430 342 4485 οιιιι.
380 4432 642 4492 Videntur
674 4435 859 4505 itaque
904 4436 1097 4490 merito
1122 4435 1305 4491 vocari
1334 4434 1419 4490 illa
1449 4436 1698 4504 Deijudi-

173 4518 237 4572 cia
258 4524 444 4579 occulta
470 4542 610 4595 queo,
653 4533 714 4579 ut
751 4526 999 4594 superius
1028 4526 1160 4589 dixi,
1197 4524 1357 4581 nullis
1393 4527 1696 4595 praeceden-

175 4609 302 4677 tibus,
339 4618 418 4671 vel
462 4616 921 4686 subsequentibus
966 4615 1199 4679 indiciis,
1250 4631 1351 4670 cur
1394 4618 1538 4670 facta
1589 4616 1696 4670 sint

150 4712 509 4761 monstrantur.
548 4707 639 4771 Ut,
663 4705 816 4759 verbi
835 4707 1025 4776 gratia,
1058 4705 1362 4760 immutatio
1390 4721 1696 4775 regnorum,

176 4806 270 4860 quae
312 4795 358 4849 in
385 4799 616 4855 Dauiclis
658 4809 714 4854 et
742 4798 947 4868 Regum
977 4799 1116 4855 libro
1161 4798 1527 4868 multipliciter
1555 4797 1698 4852 facta

179 4877 423 4952 legitur,et
468 4892 778 4960 reprobatio
828 4891 1206 4958 quorumdam,
1253 4889 1396 4943 velut
1437 4888 1598 4951 Esau,
1632 4891 1697 4943 dc

179 4987 262 5039 quo
297 4978 476 5032 dicitur
510 5000 523 5035 :
571 4980 720 5035 Esau
761 4981 885 5033 odio
914 4981 1071 5034 habui
1098 4980 1274 5052 (Rom.
1322 4983 1397 5051 ix)
1427 4998 1441 5046 ;
1471 4990 1521 5035 et
1558 4979 1699 5035 illius

183 5062 232 5114 de
251 5078 341 5132 quo
366 5067 414 5121 in
440 5068 727 5141 Evangelio
751 5070 1015 5138 scriptum
1037 5081 1119 5126 est
1144 5073 1271 5142 quia
1315 5073 1610 5127 accesserit
1628 5072 1697 5125 ad

182 5146 341 5219 issam,
355 5159 558 5214 dicens:
576 5160 783 5231 Sequar
796 5171 1155 5231 tequocunque
1172 5163 1292 5216 ieris
1316 5160 1395 5232 (Μ
1399 5163 1529 5217 attlt.
1556 5162 1696 5232 Vill).

185 5242 264 5299 Sed
286 5253 575 5319 reprObatns
600 5264 682 5310 est
711 5270 742 5307 a
773 5252 1001 5306 Domino
1028 5254 1236 5309 dicente
1260 5268 1275 5307 :
1296 5251 1501 5323 Vulpes
1524 5254 1699 5323 foveas

184 5331 353 5406 habent,
377 5354 420 5396 et
454 5345 677 5400 volucres
710 5342 829 5400 caeli
865 5342 1050 5409 nidos;
1075 5345 1243 5399 Filius
1281 5355 1452 5399 autem
1473 5344 1699 5400 hominis

1117 416 1385 476 DIALOG.
1428 422 1514 479 DE
1553 423 1803 482 TRIBUS
1842 427 2385 496 QUIESTIONIBUS.

3302 440 3371 494 95

1804 539 2116 607 reprobatos
2151 543 2364 610 quidem
2395 543 2613 598 indicat.
2659 543 2764 599 Sed
2792 560 2888 599 cur
2929 544 2999 600 ita
3029 546 3134 601 sint
3177 562 3367 616 parum

1794 629 2127 697 agnoscitur.
2160 630 2415 696 Quamvis
2446 632 2586 686 enim
2608 648 2674 687 ex
2728 649 2861 688 nece
2903 632 3026 688 Jcsu
3057 633 3256 689 Christi
3291 638 3370 689 in-

1797 719 2106 790 telligautur
2160 723 2417 787 damnati,
2450 733 2624 777 tamen
2656 740 2824 793 quare
2884 726 2936 779 in
2984 734 3189 779 tantum
3216 727 3371 781 eieci-

1799 819 1985 876 tatem,
2015 812 2095 869 vel
2125 814 2402 883 perfidiam
2435 815 2723 869 inciderint
2753 824 2810 870 ut
2841 816 2965 869 taﬁa
2994 825 3372 885 perpetrarent

1795 905 2054 959 nescitur.
2111 906 2375 961 Similiter
2414 924 2480 962 ex
2531 907 2743 961 occulto
2781 907 2870 961 Dei
2913 906 3117 974 judicio
3145 909 3371 978 contigit

1795 996 1933 1064 quod
1963 996 2209 1067 plurima:
2238 999 2411 1052 adhuc
2442 1006 2628 1068 gentes
2661 998 2714 1051 in
2748 997 3080 1061 infidelitate,
3110 998 3362 1053 detinen-

1799 1096 1886 1141 tur
1918 1092 2167 1158 quodque
2203 1090 2377 1154 multi,
2408 1089 2540 1160 proh
2566 1088 2747 1142 dolor!
2805 1087 3038 1142 ﬁdelium
3071 1088 3356 1143 subitanea

1797 1188 1989 1244 morte,
2040 1179 2121 1232 vel
2165 1179 2347 1249 aliquo
2378 1181 2638 1236 exitiabili
2667 1196 2793 1236 casu
2841 1189 2948 1234 tam
2977 1182 3171 1235 anima.-
3201 1196 3362 1252 quant

1797 1269 2040 1337 corporis
2062 1271 2485 1341 pratcipitantur.

1866 1359 2049 1415 Terne
2097 1377 2309 1431 quoque
2347 1372 2509 1432 atque
2566 1360 2838 1416 hominum
2881 1360 3161 1425 sterilitas,
3210 1362 3371 1415 variae

1796 1452 2079 1508 mulierum
2129 1456 2474 1524 gravidarum
2507 1456 2836 1518 abortiones,
2888 1455 3117 1510 insolitae
3166 1464 3369 1523 tempe-

1797 1550 1995 1604 states,
2048 1545 2283 1612 potentia
2336 1545 2666 1615 impiorum,
2725 1544 2977 1599 nativitas
3027 1554 3369 1599 monstruosa

1796 1632 2149 1700 quorumdam
2185 1641 2239 1685 et
2267 1633 2544 1687 hominum
2576 1644 2630 1687 et
2654 1633 2987 1699 animalium,
3034 1633 3267 1687 hostium
3294 1633 3377 1685 in-

1796 1725 1977 1780 cursio
2000 1726 2337 1794 pestilentiae,
2368 1725 2537 1781 fames
2565 1728 2811 1796 ignisque
2855 1726 3200 1796 depopulatio
3234 1725 3370 1779 alia-

1798 1830 1901 1883 que
1941 1814 2023 1869 his
2053 1816 2248 1870 similia
2279 1818 2533 1871 eveniunt
2563 1833 2628 1870 ex
2656 1816 2868 1871 occulto
2909 1817 3000 1871 Dei
3030 1815 3261 1884 judicio.

1871 1904 1946 1958 Ex
1975 1905 2169 1973 quibus
2209 1906 2459 1961 onmibus
2486 1907 2757 1978 colligitur
2807 1908 2930 1975 quia
2964 1923 3057 1975 per
3079 1905 3226 1976 justa
3254 1906 3375 1976 qui-

1798 1997 1916 2048 dum
1949 1996 2236 2049 ctoccuita
2288 1997 2378 2050 Dei
2418 1997 2619 2066 judicia
2664 1998 2826 2051 Deum
2860 1999 3071 2061 timere,
3114 2013 3175 2051 ac
3206 2013 3373 2052 vene-

1801 2087 1931 2149 rari,
1960 2089 2118 2155 eique
2159 2088 2468 2141 omnimodo
2495 2090 2647 2143 subdi
2674 2107 2687 2155 ;
2742 2105 2837 2158 per
2880 2088 3187 2142 necessaria
3220 2103 3371 2153 vero,

1796 2191 1915 2245 qum
1959 2178 2203 2230 maxima:
2251 2178 2465 2246 pietatis
2514 2179 2708 2231 divitue
2757 2178 2949 2231 indicia
3005 2187 3150 2240 sunt,
3208 2178 3373 2231 Deum

1797 2279 2005 2329 amare,
2049 2281 2307 2336 spemque
2345 2282 2562 2321 omnem
2613 2278 2668 2322 et
2715 2268 2872 2321 fidem
2915 2268 2965 2321 in
3024 2269 3141 2337 ipso
3171 2283 3375 2338 ponere

1797 2355 2134 2410 instruimur.

1870 2446 1940 2500 ΙΙ.
1969 2446 2087 2503 Jam
2113 2448 2246 2503 satis
2277 2447 2573 2504 instructus
2613 2463 2729 2502 sum
2764 2449 2827 2501 de
2868 2447 3194 2514 iudiciorum
3239 2448 3374 2502 divi-

1797 2554 1989 2593 norum
2014 2541 2273 2606 qualitate
2297 2541 2348 2593 in
2373 2539 2761 2610 quadripartito
2783 2539 3033 2593 distincta
3067 2538 3369 2603 varietate;

1799 2630 2022 2700 ideoque
2049 2647 2229 2702 perge,
2262 2646 2465 2702 quaeso,
2491 2632 2558 2685 ad
2586 2647 2646 2685 ea
2674 2647 2794 2698 qua:
2829 2630 2915 2683 diu
2944 2629 3261 2698 promisisti.

1870 2723 1935 2777 0.
1970 2724 2236 2779 lnstanter
2267 2738 2431 2794 pergo
2456 2739 2469 2789 ;
2502 2723 2595 2777 sed
2614 2730 2665 2777 tu
2695 2737 2908 2791 quoque
2934 2721 3213 2791 proximus
3233 2727 3369 2784 esto,

1799 2815 2001 2869 scilicet
2034 2815 2316 2870 attendens
2336 2814 2447 2882 jam
2476 2814 2622 2869 dicta
2667 2815 2953 2884 animoque
3002 2812 3299 2875 revolvens,
3324 2813 3372 2867 si

1800 2910 1927 2980 quid
1971 2911 2023 2964 in
2072 2910 2156 2966 his
2200 2909 2424 2965 forsitan
2455 2910 2621 2966 lateat
2653 2910 2796 2981 quod
2827 2921 2879 2966 te
2921 2909 3167 2981 ignarum
3197 2910 3375 2964 adhuc

1799 3008 2027 3054 moveat.

1870 3091 1940 3144 II.
1979 3090 2062 3144 Nil
2102 3106 2323 3160 prorsus
2364 3106 2449 3146 me
2498 3098 2677 3146 movet
2722 3091 2774 3144 in
2804 3089 2891 3143 bis
2934 3088 3193 3142 duntaxat
3254 3102 3374 3156 quae

1748 3228 1766 3246 ,
1800 3184 2138 3238 discutiendo
2167 3195 2293 3237 sunt
2339 3182 2566 3253 prolata,
2611 3183 2866 3252 quoniam
2900 3179 3234 3234 multimodis
3279 3195 3373 3233 sa-

1802 3289 1906 3327 cra:
1929 3273 2218 3341 Scriptura:
2248 3272 2573 3326 testimoniis
2594 3280 2845 3326 constant
2874 3269 3190 3339 approbata.

1873 3362 1938 3416 0.
1971 3362 2027 3416 Si
2067 3378 2196 3431 ergo
2226 3361 2345 3416 ideo
2381 3360 2673 3430 quidquam
2720 3368 2888 3413 restat
2935 3360 3196 3429 ignotum,
3244 3358 3374 3427 quia

1801 3452 1917 3505 sine
1946 3451 2279 3505 discussione
2302 3460 2383 3504 est
2406 3450 2690 3519 prolatum,
2725 3465 2821 3501 cur
2871 3464 2975 3502 non
3026 3450 3081 3502 in
3133 3449 3370 3503 medium

1800 3541 2107 3612 prompsisti
2139 3541 2203 3594 ad
2234 3540 2668 3594 discutiendum?
2691 3539 2877 3593 Profer
2908 3541 3070 3608 igitur
3115 3540 3242 3608 quid
3277 3541 3368 3613 sit,

1801 3633 1845 3688 si
1864 3632 2087 3686 forsitan
2116 3641 2240 3686 ante
2254 3631 2540 3703 proposita:
2567 3631 2878 3699 quaestionis
2904 3631 3223 3685 solutionem
3236 3629 3371 3684 solvi

1800 3724 1990 3793 possit.

2344 3809 2572 3866 CAPUT
2600 3808 2812 3864 XXVII.

1803 3903 1919 3968 Qua
1946 3905 2146 3958 ratione
2170 3915 2219 3958 et
2246 3913 2369 3974 quot
2395 3904 2561 3957 modis
2588 3906 2759 4025 Zratia
2806 3901 2900 3956 Dei
2922 3904 3150 3956 humana
3183 3900 3371 3956 merita

2441 3990 2587 4025 ,θα-(τε
2625 3982 2699 4025 at.

2441 4020 2447 4026 .
2466 3982 2699 4027 excedat.

1810 4152 1815 4155 _
1870 4081 2055 4135 Ileiur.
2111 4080 2370 4150 Superius
2402 4081 2607 4149 itaque,
2662 4095 2783 4133 cum
2815 4079 2880 4133 de
2933 4078 3129 4133 divinis
3149 4077 3373 4145 indiciis

1770 4170 2061 4227 disserere
2107 4172 2341 4240 cwpisti,
2374 4170 2476 4225 hoc
2514 4169 2673 4223 simul
2716 4169 2984 4238 protulisti
3024 4170 3146 4236 quia
3200 4168 3373 4238 gratia

1799 4262 2003 4316 scilicet
2026 4261 2231 4324 divina,
2260 4258 2440 4315 omnia
2466 4260 2692 4315 excedat
2722 4260 2977 4313 virtutum
3011 4252 3364 4328 humanarum

1798 4353 2014 4409 merita.
2038 4352 2190 4419 Quod
2223 4352 2471 4422 quamvis
2493 4350 2798 4404 certissime
2841 4349 3103 4412 noverim,
3142 4348 3265 4418 quia
3296 4356 3374 4400 ta-

1798 4459 1919 4498 men
1947 4444 2212 4498 interdum
2245 4442 2542 4498 tentatioue
2564 4442 2621 4495 et
2662 4440 2909 4495 illusione
2935 4440 3197 4493 diabolica
3237 4439 3373 4493 adeo

1800 4534 2139 4604 constriogor
2167 4542 2223 4586 ut
2253 4533 2324 4597 id,
2350 4533 2492 4603 quod
2517 4528 2723 4587 certum
2771 4543 2824 4587 et
2853 4531 3189 4585 notissimum
3239 4520 3389 4584 mihi

1799 4625 1949 4693 prius
1999 4631 2139 4685 erat,
2171 4632 2299 4677 tunc
2347 4623 2435 4677 vix
2489 4637 2793 4692 agnoscere
2835 4621 3062 4685 valeam,
3097 4635 3292 4689 precor
3314 4630 3376 4676 ut

1800 4714 1974 4783 aliqua
2003 4712 2264 4767 doctrina:
2293 4713 2455 4767 verba
2503 4727 2534 4766 a
2561 4722 2613 4768 te
2643 4713 2832 4768 audire
2873 4726 3107 4774 merear,
3143 4725 3373 4780 quorum

1801 4808 2060 4861 memoria
2088 4807 2139 4859 in
2183 4815 2423 4876 tempore
2457 4808 2774 4862 tentationis
2807 4805 3092 4861 roboratus
3136 4804 3313 4858 minus
3343 4818 3376 4858 a

1803 4915 1926 4954 vera
1963 4900 2065 4951 title
2096 4899 2396 4969 notitiaque
2428 4900 2699 4956 recedam.
3124 4940 3129 4941 ν

1871 4988 1934 5041 0.
1967 4989 2282 5057 Exquiritur
2306 4999 2360 5042 et
2383 4991 2701 5059 agnoscitur
2748 4987 2943 5044 merito
2970 4987 3110 5041 unde
3134 4983 3381 5039 subsistit

1798 5083 1978 5136 omnis
2004 5082 2187 5136 homo.
2217 5081 2402 5136 Gratia
2450 5096 2683 5152 namque
2712 5081 2805 5138 Dei
2834 5080 3045 5135 cunctis
3093 5083 3177 5130 cst
3214 5088 3379 5128 causa

1794 5171 2080 5237 manendi.
2133 5170 2283 5237 Quae,
2336 5171 2460 5224 licet
2514 5171 2861 5229 iueti'abiliter
2914 5184 3074 5225 omne
3125 5162 3377 5217 meritum

1800 5262 2029 5318 excedat
2058 5263 2377 5325 humanum,
2402 5276 2496 5315 sex
2527 5270 2709 5319 tamen
2740 5259 2911 5316 modis
2939 5255 3205 5328 prrcciplle
3236 5250 3380 5302 Vide-

1802 5364 1891 5410 tur
1921 5354 2202 5409 excedere.
2234 5354 2300 5406 Et
2327 5353 2501 5420 primo
2524 5356 2745 5423 quidem
2792 5351 3025 5411 excedit,
3052 5357 3174 5399 cum
3201 5340 3380 5393 homi-
