3998 5450
591 364 660 415 es
1588 328 1891 425 emtum
1932 363 2238 423 MONACIII
2280 363 2338 419 s.
2383 361 2802 420 summum
3562 432 3565 433 ί
3800 357 3871 417 ac

496 526 501 545 ξ
578 474 741 543 mini,
781 478 839 534 in
865 493 1193 553 quocunque
1225 477 1487 535 virtutum
1528 482 1772 554 profectu
1801 482 1998 555 posito,
2028 494 2161 551 qno-
2190 485 2234 543 Α
2264 477 2423 533 Certe
2469 477 2514 532 si
2559 491 2664 530 non
2707 476 2759 529 in
2800 471 3169 543 superioribus
3213 470 3524 528 didicissem
3568 472 3873 527 verborum

586 568 718 626 tidie
738 576 920 628 tamen
944 570 1143 626 labenti
1175 584 1232 627 et
1274 573 1560 629 caementi
1603 574 1815 629 veniam
1847 571 2115 643 promittit
2147 586 2162 633 ;

578 673 800 731 quarto,
833 681 953 718 cum
977 665 1358 727 instrumenta,
1384 673 1439 718 et
1469 664 1815 719 incitamenta
1845 677 2170 731 omnemque

579 759 923 813 occasionettt
954 757 1092 814 bene
1139 759 1333 829 agendi
1386 768 1496 814 lant
1542 760 1729 831 ignaro
1758 773 1919 827 quam
1950 755 2170 812 conscio

578 846 788 905 homini
816 849 1074 904 saivando
1117 850 1365 921 providet
1388 860 1443 906 et
1486 851 1760 923 diSpnnit;
1791 847 2003 918 quinto,
2044 861 2166 901 cum

580 937 777 994 liberat
817 956 846 994 a
886 939 1133 1010 pluribus
1181 942 1569 998 teutationibns
1617 950 1673 996 et
1719 938 1993 1011 periculis,
2049 952 2171 1006 quas

582 1029 893 1086 nullatenus
934 1032 1254 1101 praecaveri,
1289 1032 1370 1085 vel
1422 1030 1704 1102 praevideri
1756 1031 1824 1087 ab
1864 1028 2173 1084 hominibus

584 1133 851 1194 possunt;
884 1135 1061 1191 sexto,
1108 1142 1231 1181 cum
1273 1136 1383 1180 tam
1417 1142 1609 1198 magna
1648 1134 1703 1179 et
1732 1121 2007 1186 sublimia,
2063 1137 2169 1178 non

583 1215 759 1271 solum
791 1218 842 1272 in
882 1217 1088 1283 futuro,
1134 1219 1228 1273 sed
1266 1219 1427 1274 etiam
1462 1219 1649 1281 ittltoe
1687 1217 1885 1273 scecnlo
1916 1218 2055 1271 dona
2091 1217 2175 1270 di-

580 1316 787 1378 gnatur
833 1308 1041 1379 largiri,
1099 1325 1221 1379 qure
1276 1309 1588 1364 nullatenus
1647 1309 1859 1365 meritis
1920 1307 2173 1362 humanis

585 1398 805 1453 valeant
830 1399 1195 1469 compensari.
1235 1397 1518 1466 Quomodo
1548 1400 1693 1455 enim
1717 1398 1839 1469 quis
1863 1397 2033 1468 possit
2055 1410 2176 1466 pro-

588 1493 787 1547 mereri
835 1491 979 1547 illam
1041 1493 1305 1549 virtutum
1363 1492 1857 1561 tniracnlorutnqne
1902 1488 2175 1560 operatio-

588 1597 734 1644 nem,
764 1598 870 1652 qua
914 1583 1065 1639 multi
1115 1583 1191 1640 ita
1226 1593 1453 1639 utuntur
1490 1593 1548 1639 ttt
1577 1583 1738 1649 cedo,
1785 1592 1966 1650 terr-.c,
2015 1580 2173 1645 mari,

589 1672 800 1744 ipsique
826 1674 1038 1730 inferno
1069 1676 1340 1745 imperare
1373 1676 1700 1731 videantur?

659 1761 756 1819 His
780 1765 941 1826 igitur
962 1781 1058 1820 sex
1090 1766 1263 1820 tnodis
1284 1765 1556 1838 colligitur
1598 1766 1725 1837 quia
1757 1774 2177 1836 quantacunque

2272 580 2484 629 tuorum
2515 567 2830 634 utilitatem,
2863 568 3027 624 verba
3070 568 3195 626 talia
3244 585 3342 639 pro
3380 568 3551 623 nihilo
3578 580 3872 639 computa-

2271 681 2406 722 retn.
2453 665 2603 722 Unde
2641 681 2791 737 rogo,
2818 663 3001 736 profer
3044 664 3098 719 itt
3142 665 3375 720 medium
3413 665 3541 735 quid
3577 667 3874 736 portendat

2271 763 2385 819 hmc
2413 762 2802 818 circumventio
2830 761 3206 831 qnmstionnm,
3236 771 3295 815 ut
3322 761 3401 813 sic
3437 775 3545 825 me,
3586 760 3673 816 vel
3702 761 3875 826 scire,

2270 853 2355 908 vel
2386 854 2594 908 nescire
2624 852 2953 920 interrogata
2981 852 3184 920 possim
3207 849 3500 917 conj‘ccre.

2342 941 2409 997 Ο.
2433 941 2673 1010 Quaestio
2707 942 3012 997 communis
3031 942 3216 1012 judicii
3243 941 3362 1013 plus
3383 941 3524 996 valet
3553 957 3719 1012 quam
3753 957 3879 1011 spe-

2271 1034 2447 1090 cialis.
2490 1033 2644 1089 Unde
2665 1043 2717 1087 et
2742 1032 2950 1087 Natltan
2979 1033 3262 1103 propheta,
3294 1031 3461 1087 David
3495 1033 3564 1087 de
3592 1033 3877 1088 communi

2266 1125 2472 1195 judicio
2509 1125 2872 1195 interrogans,
2909 1122 3268 1193 iustissimam
3307 1125 3625 1195 quaestionis
3655 1136 3882 1179 senten-

2272 1218 2404 1273 tiam
2448 1216 2608 1273 citius
2654 1219 2724 1272 ab
2762 1233 2828 1273 eo
2874 1218 3127 1281 extorsit.
3163 1228 3222 1273 et
3250 1218 3403 1288 quasi
3437 1218 3503 1271 ad
3546 1218 3652 1272 hoc
3684 1218 3883 1271 inean-

2274 1307 2436 1363 tando
2469 1308 2666 1378 coegit,
2696 1317 2758 1362 ιιι
2790 1322 2895 1363 nec
2930 1308 3033 1363 sibi
3067 1304 3669 1378 specialinsjudicando
3689 1320 3883 1376 parce-

2274 1406 2380 1463 ret,
2407 1414 2528 1453 eum
2553 1399 2858 1454 communis
2899 1398 3087 1469 jndicii
3131 1400 3347 1455 decreta
3395 1400 3732 1470 protulisset.
3786 1396 3883 1451 Sic

2274 1497 2325 1545 et
2351 1504 2453 1559 ego
2474 1484 2703 1546 necdum
2729 1491 2851 1545 volo
2877 1491 3117 1561 pamlere
3140 1491 3268 1561 quid
3290 1490 3602 1562 specialiter
3623 1489 3883 1557 designet

2274 1580 2485 1651 prolata
2520 1583 2766 1651 quaestio,
2799 1590 2858 1634 ut
2880 1596 2946 1634 eo
2968 1580 3151 1634 verius
3178 1580 3430 1653 generale
3452 1579 3721 1649 judicium
3740 1578 3882 1648 pro.

2277 1676 2421 1730 feras
2450 1691 2558 1745 quo
2588 1676 2641 1731 in
2674 1689 2739 1730 eo
2765 1674 2899 1728 nihil
2928 1672 3162 1743 speciale
3185 1676 3363 1727 inesse
3386 1654 3532 1727 scias
3728 1686 3731 1687 '

2349 1764 2423 1821 ll.
2463 1764 2660 1821 Nescio
2708 1765 2753 1820 si
2806 1778 2992 1819 verum
3042 1779 3142 1834 par
3193 1762 3340 1826 lmic,
3394 1758 3576 1817 tamen
3626 1759 3891 1829 exprime

589 1855 664 1911 sit
690 1856 864 1911 virtus
917 1857 1175 1922 humana,
1224 1856 1276 1912 in
1304 1858 1715 1928 comparatione
1762 1866 1943 1911 tamen
1982 1855 2178 1911 divinae
2208 1840 2251 1898 Β
2282 1855 2525 1911 ve-bum.
2570 1855 2792 1911 Videtur
2836 1869 3070 1923 namque
3113 1853 3242 1908 tnihi
3281 1852 3482 1908 idcirco
3519 1849 3635 1907 fore
3660 1848 3883 1920 justum

580 1944 809 2016 iustitia:
838 1959 887 2003 et
923 1949 1140 2019 pietatis
1168 1959 1393 2020 apparet
1438 1950 1604 2004 nulla.
1640 1949 1800 2014 Nam,
1843 1948 1888 2003 si
1916 1947 2043 2017 quid
2075 1945 2181 2000 erit

588 2040 827 2097 hominis
858 2041 1053 2095 merito
1089 2040 1454 2107 tribuendum,
1507 2057 1615 2096 non
1651 2042 1724 2097 ita
1751 2048 1963 2096 constat
1987 2036 2182 2092 intelli-

587 2132 822 2203 gendum
872 2142 931 2186 nt
966 2148 1065 2201 per
1090 2148 1150 2188 se
1195 2133 1495 2204 quidquam
1540 2135 1713 2203 possit
1742 2132 1964 2194 mereri,
1988 2129 2083 2185 sed
2112 2146 2175 2184 ex

588 2221 685 2279 Dei
716 2225 890 2295 gratia
934 2224 1180 2288 evenire,
1228 2232 1286 2278 ut
1331 2225 1450 2294 ejus
1483 2224 1737 2279 meritum
1766 2222 1983 2292 aliquod
2010 2222 2182 2293 possit

590 2328 733 2370 esse.
761 2314 915 2369 Sicut
944 2314 1236 2385 Apostolus
1283 2315 1456 2370 dicit:
1490 2315 1631 2381 Quid
1666 2315 1802 2369 enim
1846 2314 2005 2369 habes
2039 2313 2181 2383 quod

591 2424 695 2463 non
737 2407 1096 2481 accepisti?(l
1145 2407 1265 2464 Cor.
1317 2408 1415 2479 tv.)
1470 2408 1704 2477 Ideoque
1748 2407 1930 2461 omnia
1998 2406 2179 2461 divina

588 2500 879 2566 beneﬁcia,
925 2518 1031 2555 non
1097 2516 1164 2555 ex
1216 2501 1425 2556 meritis
1476 2499 1766 2565 lnnnanis,
1818 2497 1912 2553 sed
1970 2512 2035 2551 ex
2088 2496 2180 2550 Dei

590 2594 762 2665 gratia
785 2594 1005 2649 evenire
1036 2592 1306 2649 credemta
1340 2601 1490 2654 sunt,
1533 2592 1791 2660 omnique
1824 2588 2026 2643 homini
2058 2602 2180 2642 enm

590 2686 848 2756 Apostolo
876 2686 1164 2741 dicendum
1199 2694 1283 2740 est
1306 2699 1320 2735 :
1349 2681 1536 2740 Gratia
1571 2683 1667 2737 Dei
1689 2698 1803 2736 sum
1827 2682 1880 2735 id
1903 2680 2044 2741 quod
2065 2696 2183 2735 sum

593 2774 645 2845 (1
678 2772 801 2830 Cor.
829 2776 942 2847 xv).

663 2865 805 2921 Ecce
837 2867 1056 2931 ethoc,
1115 2868 1257 2937 quod
1313 2867 1626 2938 nuperrime
1679 2864 1981 2935 qumrebas.
2035 2865 2183 2919 omni

592 2956 881 3012 devmione
923 2958 1376 3028 atinpleclendnm.
1420 2958 1503 3013 Nil
1537 2960 1649 3029 jam
1679 2958 1801 3028 plus
1831 2973 2062 3026 quaeras,
2090 2958 2187 3011 do-

594 3060 695 3101 nec
731 3046 932 3116 aliquid
959 3063 1121 3117 super
1150 3049 1238 3102 diu
1264 3048 1574 3105 desiderata
1624 3050 1941 3118 quaestionis
1967 3058 2071 3103 tua:
2096 3061 2185 3103 so-

591 3133 796 3194 lutione
820 3138 1179 3211 proferamus.

1129 3230 1359 3288 CAPUT
1399 3231 1636 3288 XXVIII.

594 3317 894 3377 liesot'vitur
930 3324 1150 3392 (luctatio
1193 3323 1257 3377 de
1290 3323 1576 3378 universali
1620 3322 1893 3379 hominum
1942 3323 2185 3388 interitu,

1097 3394 1267 3463 capite
1300 3394 1355 3449 ll
1394 3395 1680 3463 proposita.

667 3487 775 3543 Sed
812 3487 962 3559 prius
996 3502 1214 3542 oremus
1273 3497 1332 3540 ιιι
1369 3487 1472 3543 rite
1510 3486 1653 3557 loqui
1687 3487 1817 3543 hinc
1860 3500 2188 3542 mereamur.

593 3580 640 3635 Ο
667 3576 807 3635 Deus
841 3589 1064 3643 aeterne,
1106 3578 1261 3646 cujus
1286 3576 1369 3633 vis
1397 3588 1591 3649 regnat
1620 3577 1839 3649 ubique,
1866 3577 1933 3633 da
1959 3578 2092 3633 mihi
2121 3576 2189 3632 de

594 3682 745 3729 tanta
779 3689 834 3728 re
862 3675 1045 3728 dicere
1074 3672 1168 3737 nil,
1203 3672 1305 3727 nisi
1337 3681 1508 3727 recta.

668 3764 746 3821 Η.
796 3764 1015 3834 Impleat
1065 3763 1321 3817 Dominus
1351 3778 1528 3817 omnes
1557 3762 1828 3831 petitiones
1862 3770 1983 3815 tua:
2014 3757 2187 3831 (Paul.

596 3855 737 3924 xxx).

671 3942 741 4002 0.
781 3941 1071 4000 Certamen
1102 3942 1380 4015 singulare
1407 3957 1718 4012 unquamne
1745 3940 1948 4008 vidisti,
1983 3941 2066 3997 vel
2096 3958 2194 3997 an-

596 4037 1069 4200 mSIIII.?Nllltquam
1113 4128 1241 4193 vidi,
1271 4127 1367 4185 sed
1402 4126 1582 4183 audivi
1617 4136 1826 4183 tantum
1870 4136 1926 4183 et
1964 4127 2091 4200 legi,
2133 4127 2188 4183 in

598 4219 737 4275 libro
774 4219 983 4291 scilicet
1010 4217 1236 4289 Regum,
1272 4216 1362 4272 ubi
1392 4217 1559 4273 David
1585 4225 1643 4271 et
1665 4216 1880 4272 Goliath
1915 4218 2190 4290 congressi

599 4321 746 4367 sunt.

673 4406 738 4461 0.
783 4404 911 4459 Esto
958 4403 1178 4467 lectum,
1220 4403 1336 4458 sive
1380 4402 1646 4468 auditum,
1694 4403 1778 4460 vel
1823 4404 2033 4466 visum;
2083 4404 2192 4460 scis

566 4494 986 4562 ‘ltocjuditiunt
1016 4495 1176 4551 fore?
1224 4493 1297 4551 ll.
1326 4496 1474 4552 Scio.
1538 4493 1605 4550 0.
1646 4496 1715 4552 Et
1759 4511 1857 4552 cur
1900 4496 1972 4551 sit
2013 4504 2189 4553 statu-

599 4597 712 4645 tum
735 4588 757 4641 ?

675 4680 745 4735 Π.
790 4681 858 4738 Ut
898 4681 1155 4748 arbitror,
1204 4690 1259 4737 et
1301 4682 1402 4738 hoc
1451 4683 1594 4738 haud
1633 4684 1841 4754 ignoro.
1889 4682 1996 4738 Pro
2033 4682 2187 4738 dissi-

598 4773 840 4830 dentium
894 4790 1127 4845 namque
1180 4776 1414 4845 parlium
1470 4776 1726 4845 :eqnitate
1781 4776 2137 4832 discernenda
2168 4816 2185 4842 ,

597 4868 752 4938 quasi
807 4867 1074 4935 quoddam
1115 4881 1345 4922 examen
1386 4866 1726 4922 verissimum
1792 4876 1875 4923 est
1925 4875 2185 4923 statutum

599 4966 662 5010 ut
712 4957 919 5011 duobus
959 4956 1306 5026 singulariter
1337 4956 1800 5031 concertantibus,
1836 4958 1928 5028 qui
1971 4958 2183 5023 vicerit,

548 5084 551 5088 ›
597 5061 790 5105 omnes
815 5062 925 5102 sua:
958 5048 1129 5117 partis
1159 5049 1428 5112 victores,
1459 5048 1552 5117 qui
1580 5056 1759 5102 autem
1792 5048 1968 5102 vietus
1998 5047 2185 5114 fuerit,

596 5136 770 5209 partis
794 5151 904 5192 sua:
930 5152 1118 5193 omnes
1143 5137 1348 5207 pariter
1373 5139 1542 5194 victos
1571 5138 1841 5194 ostendat.

672 5226 738 5283 0.
778 5226 946 5283 Recte
977 5229 1195 5298 quidem
1236 5244 1399 5299 super
1431 5230 1534 5286 hoc
1578 5231 1879 5286 existimas.
1927 5228 2034 5285 Sed
2064 5245 2186 5286 cum

2274 1947 2538 2017 judicium
2571 1956 2849 2004 certamen
2874 1946 3170 2018 singulare,
3194 1945 3319 2016 quia
3343 1945 3412 2001 ab
3439 1946 3727 2015 utriusque
3755 1960 3885 2015 par-

2280 2045 2352 2099 tis
2404 2043 2744 2115 principibus
2791 2042 3154 2099 communitcr
3205 2029 3289 2097 est
3343 2040 3620 2095 decretum
3667 2049 3722 2094 et
3769 2051 3887 2094 sta-

2284 2144 2478 2190 lnhnn.
2642 2141 2646 2144 ‘

2354 2227 2420 2282 0.
2457 2226 2626 2281 Recte
2658 2225 2821 2282 etiam
2857 2227 2961 2281 hoc
2986 2222 3282 2297 protulisti.
3332 2223 3503 2280 Omne
3531 2237 3773 2292 namque
3801 2222 3893 2294 jn-

2282 2318 2482 2373 dicittnt
2515 2318 2876 2372 ideo‘constat
2896 2316 3101 2385 justnut
3129 2314 3255 2385 quia
3282 2315 3646 2368 communiter
3678 2323 3764 2367 est
3794 2315 3892 2367 de-

2285 2417 2491 2463 cretum
2518 2415 2572 2461 et
2603 2408 2910 2476 probatum.
2954 2406 3108 2463 Unde
3138 2414 3222 2460 est
3263 2405 3392 2458 illud
3440 2406 3890 2474 probatissimum

2278 2497 2586 2566 judicium:
2619 2496 2774 2562 Quod
2808 2497 2901 2550 tibi
2940 2513 3044 2551 non
3091 2497 3168 2550 vis
3205 2495 3344 2565 ﬁeri,
3386 2494 3540 2548 alteri
3583 2510 3646 2547 ne
3695 2495 3893 2565 feceris

2286 2588 2438 2658 (Teii.
2475 2589 2604 2660 tm).
2647 2589 2757 2644 lloc
2787 2589 2973 2659 igitur,
3003 2590 3127 2658 quia
3166 2587 3416 2642 omnibus
3444 2568 3729 2659 aequaliter
3767 2604 3894 2658 pros

2286 2682 2465 2748 spicit,
2496 2680 2779 2749 mqttaltter
2821 2681 3030 2741 dividit,
3087 2681 3156 2733 ab
3199 2680 3591 2750 ontttibusjure
3622 2682 3895 2752 probatur

2279 2768 2597 2839 jnstnmqne
2627 2777 2874 2825 vocatur.
2913 2768 3204 2824 Videamus
3245 2784 3374 2839 ergo
3421 2780 3476 2824 et
3521 2786 3622 2824 nos
3655 2768 3789 2839 quid
3825 2770 3894 2824 de

2287 2858 2511 2931 singulis
2536 2860 2607 2914 sit
2634 2858 2965 2923 confectum,
2995 2869 3052 2913 et
3081 2862 3159 2914 sic
3190 2862 3481 2929 probemus
3500 2859 3896 2929 jndicinnt‘re-

2288 2957 2457 3004 ctum.
2496 2950 2704 3004 Dictum
2748 2966 2985 3022 namque
3013 2960 3097 3006 est
3125 2953 3176 3005 in
3208 2952 3397 3021 primis
3428 2952 3554 3021 quia
3603 2961 3893 3007 certamen

2289 3043 2560 3114 singulare
2584 3044 2973 3115 sitjudiciutn;
3005 3043 3200 3100 deinde
3222 3061 3321 3100 cur
3355 3045 3495 3098 idem
3515 3045 3783 3115 judicium
3820 3046 3896 3098 sit

2290 3143 2552 3188 statutum
2582 3148 2680 3203 pro
2719 3134 2990 3203 :equitalis
3041 3133 3250 3187 scilicet
3295 3142 3447 3203 parte
3488 3133 3891 3200 discernenda;

2214 3205 2258 3265 (ἶ
2289 3224 2355 3277 ad
2383 3232 2685 3278 extremum
2713 3240 2861 3285 vero,
2883 3223 3147 3294 jndiciunt
3177 3224 3349 3293 ipsum
3380 3223 3499 3278 ideo
3521 3222 3893 3290 fut-ejustum,

2288 3318 2415 3389 quia
2452 3317 2727 3374 communi
2753 3331 2878 3373 veto
2903 3318 3314 3373 estdecretum.
3354 3316 3435 3370 Ex
3479 3317 3676 3387 quibus
3714 3317 3895 3372 omni-

2287 3409 2392 3465 bus
2417 3409 2689 3480 colligitur
2715 3409 2839 3480 quia
2875 3421 3097 3464 necesse
3118 3406 3420 3475 estjustum
3445 3402 3712 3475 judicium
3741 3422 3893 3470 esse,

2289 3503 2433 3572 quod
2480 3516 2578 3571 pro
2622 3501 2897 3572 aequitatis
2935 3514 3089 3570 parte
3121 3499 3478 3555 discernenda
3524 3500 3895 3556 communiter

2286 3605 2369 3651 est
2400 3603 2689 3660 statutum,
2719 3593 2803 3649 vel
2833 3594 3132 3648 decretum.
3182 3592 3263 3645 Ad
3292 3592 3407 3647 haec
3446 3592 3611 3647 etiam
3644 3591 3690 3645 si
3719 3607 3891 3646 omne

2285 3682 2546 3752 judicium
2576 3681 2718 3751 juris
2744 3681 3137 3750 estjudicinm,
3173 3689 3452 3735 certamen
3484 3690 3664 3735 autem
3701 3682 3890 3750 singu.

2293 3778 2405 3830 lare
2434 3790 2532 3846 pro
2555 3775 2697 3845 juris
2734 3774 2934 3829 indicio
2961 3772 3157 3844 agitur.
3198 3769 3409 3825 iustum
3452 3784 3583 3839 ergo
3612 3771 3721 3824 erit
3744 3770 3893 3839 judi-

2292 3864 2435 3918 cium
2484 3863 2537 3917 in
2581 3863 2882 3918 certamine
2926 3861 3186 3932 singulari
3229 3868 3512 3915 statutum.
3566 3858 3893 3928 llujusntodi

2291 3969 2471 4013 autem
2510 3955 2773 4026 judicium
2820 3955 2874 4009 in
2918 3954 3216 4009 certamine
3261 3953 3518 4025 singulari
3566 3967 3891 4023 express-utr

2294 4044 2413 4104 ideo
2446 4049 2667 4121 protuli,
2705 4047 2829 4118 quia
2865 4051 3242 4115 argumentum
3284 4042 3698 4112 videturjudicii
3748 4043 3896 4096 illius

2292 4156 2413 4196 esse
2441 4141 2583 4210 quod
2614 4138 2815 4194 factum
2843 4146 2926 4192 est
2956 4137 3009 4190 in
3036 4136 3212 4207 primo
3247 4144 3492 4205 parente.

2364 4228 2463 4286 llic
2487 4230 2654 4295 enim,
2686 4243 2806 4282 cum
2835 4226 2902 4281 ad
2934 4226 3222 4296 imaginem
3255 4224 3350 4279 Dei
3381 4224 3629 4279 conditus
3656 4233 3809 4280 esset
3841 4233 3894 4279 et

2291 4322 2532 4377 omnium
2571 4322 2829 4374 virtutum
2871 4329 3144 4372 armatura
3184 4315 3402 4371 indutus
3434 4316 3599 4370 totius
3638 4315 3896 4370 humana!

2292 4412 2626 4483 posteritatis
2665 4426 2864 4480 parens
2902 4409 3042 4464 foret
3087 4408 3525 4479 praedestinatus,
3568 4406 3781 4463 electus
3813 4418 3897 4463 est

2294 4504 2458 4559 etiam
2509 4516 2609 4573 pro
2657 4500 2897 4555 onminm
2948 4500 3226 4553 hominum
3279 4508 3433 4568 parte
3481 4497 3549 4550 ad
3608 4507 3894 4553 certamen

2221 4568 2267 4627 υ
2294 4595 2588 4667 singulare,
2620 4600 2677 4647 ut
2709 4594 2761 4648 itt
2787 4591 2876 4646 illo
2890 4606 3005 4646 uno
3032 4600 3139 4644 tam
3166 4590 3344 4643 valido
3374 4599 3594 4658 tamque
3620 4589 3894 4659 prudente

2292 4688 2470 4742 omnis
2515 4684 2776 4740 fortitudo
2818 4692 2872 4738 et
2920 4681 3205 4753 prudentia
3259 4678 3581 4751 probaretur
3628 4680 3891 4735 humana.

2293 4778 2680 4833 Verumtamen
2724 4775 2850 4844 quia
2895 4773 3128 4844 primum
3167 4770 3259 4824 Dei
3292 4770 3623 4835 mandatum,
3672 4770 3895 4826 diabolo

2292 4868 2574 4931 suadente,
2618 4863 2962 4932 contempsit,
3006 4862 3073 4916 ad
3119 4860 3349 4932 primam
3399 4859 3723 4915 certaminis
3755 4877 3893 4916 con-

2289 4936 2624 5029 gressionem
2654 4955 2830 5011 vietus
2858 4952 3073 5018 cecidit,
3107 4952 3293 5021 sicque
3327 4950 3380 5004 in
3419 4949 3511 5005 illo
3552 4966 3662 5004 uno
3710 4953 3894 5007 omnis

2291 5051 2487 5105 merito
2526 5049 2706 5118 lapsus
2739 5056 2825 5103 est
2854 5047 3052 5110 homo;
3095 5053 3260 5114 atque
3301 5043 3436 5098 satis
3472 5043 3765 5111 probatum
3804 5054 3891 5099 est

2291 5143 2347 5199 in
2377 5159 2443 5199 eo
2473 5156 2691 5198 omnem
2731 5136 3219 5207 lnnnanzejustitite
3245 5133 3750 5206 praesumptionem,
3782 5135 3894 5190 Deo

2292 5249 2663 5302 congressam,
2716 5231 2844 5287 nihil
2901 5243 3041 5294 esse,
3098 5228 3233 5283 nihil
3276 5225 3478 5280 Valere.
3538 5224 3655 5280 lloc
3705 5234 3890 5280 autem
