3998 5450
179 273 225 333 οι
1056 263 1158 319 Dl-\
1170 264 1323 319 ως.
1368 262 1454 316 DE
1495 258 1743 315 'l'lllBUS

1780 256 2333 325 quiesnomous.
3271 263 3341 314 tu

176 386 337 460 probari
361 381 503 455 possit
523 379 747 450 justum,
782 388 836 434 et
876 387 983 433 tam
1031 381 1227 434 subtile
1254 388 1309 433 ut
1340 377 1455 447 ejus
1481 377 1667 430 intima
1700 380 1743 434 Λ
1773 377 1840 427 ad
1874 373 2151 443 imaginem
2184 381 2234 427 et
2276 370 2670 427 similitudinem
2695 379 2927 425 nostram
2954 370 3109 443 (Cen.
3141 375 3203 445 ι),
3231 391 3355 432 om-

172 482 238 535 vix
259 475 421 546 aliquis
451 471 616 527 valeat
640 471 859 526 sentire.
899 470 990 525 Die
1033 479 1238 532 tamen,
1283 483 1488 538 quaeso,
1516 467 1561 520 si
1586 465 1674 536 ju-

174 572 323 627 dicium
357 568 529 636 ipsum,
563 564 704 634 quod
749 563 801 617 in
849 571 1072 634 parente
1116 562 1291 632 primo
1328 560 1527 615 factum
1567 569 1673 624 εει,

172 658 396 731 singularis
422 655 729 709 certaminis
750 653 1003 724 exprimit
1033 661 1239 722 typum,
1267 652 1391 721 quis
1418 664 1677 718 congres-

173 768 239 806 sor
267 758 335 804 est
354 746 495 816 ejus?
531 745 764 817 denique
810 753 1085 799 certamen
1132 742 1337 796 nullum
1378 748 1517 796 valet
1559 753 1677 795 esse

173 856 243 911 per
262 854 416 892 111111191-

225 929 275 984 0.
303 928 604 998 Cniigressor
650 924 833 994 igitur,
873 921 957 978 vel
997 929 1364 987 concertator,
1391 920 1529 982 sive.
1557 928 1617 975 ut
1647 936 1677 976 a

172 1018 425 1090 quibusdam
464 1015 565 1071 diei
608 1014 765 1078 solet,
810 1014 1170 1076 adversarius,
1202 1013 1268 1066 de
1301 1026 1410 1080 quo
1453 1010 1681 1065 interro-

171 1125 258 1181 gas,
288 1105 567 1160 mandatum
614 1103 824 1161 Domini
872 1104 1202 1174 intelligitur.
1251 1102 1402 1169 Quod
1430 1101 1550 1156 ideo
1587 1102 1678 1155 ad-

168 1197 341 1252 versarii
366 1194 570 1249 nomine
605 1194 948 1263 exprimitur,
972 1195 1101 1262 quia
1125 1193 1273 1248 omni
1314 1195 1530 1261 negotio
1561 1207 1681 1261 per-

170 1302 299 1349 verso,
338 1286 466 1356 quod
499 1285 667 1339 homo
704 1287 899 1349 studet,
942 1287 1278 1339 adversatur.
1331 1283 1483 1338 Unde
1527 1293 1584 1338 et
1627 1284 1679 1336 in

168 1378 396 1446 Evangelia
422 1377 678 1432 Dominus
710 1376 840 1430 dicit
871 1394 883 1429 :
912 1373 1041 1429 Esto
1080 1377 1403 1430 consentiens
1444 1376 1682 1429 adversa-

168 1471 224 1525 n’o
246 1480 318 1524 tuo
347 1470 459 1535 cito,
486 1468 612 1520 dum
636 1484 694 1523 es
718 1468 771 1521 in
794 1467 873 1523 riu
901 1483 1017 1521 cum
1050 1483 1111 1521 eo
1133 1466 1349 1538 (Matth.
1386 1468 1461 1539 v).

216 1561 349 1614 Porro
372 1561 412 1613 si
434 1559 647 1613 dubitas
673 1559 797 1629 quia
826 1558 1169 1613 adversarius
1191 1560 1291 1613 hoc
1313 1559 1365 1613 in
1388 1558 1507 1612 loco
1532 1572 1682 1611 man-

166 1651 301 1704 datum
327 1647 522 1702 Domini
557 1646 757 1702 debeat
799 1646 1042 1717 intelligi.
1075 1646 1186 1718 lege
1211 1654 1429 1702 sanctos
1465 1646 1681 1714 σξιροεί-

167 1752 287 1799 tores.
310 1751 357 1792 et
377 1740 443 1792 ita
475 1738 667 1808 procul
699 1737 862 1792 dubio
892 1738 1157 1792 invenies.
1205 1735 1340 1791 Cum
1379 1752 1512 1807 ergo
1554 1736 1687 1791 duos
1719 1719 1761 1777 Β

162 1839 516 1893 concertatmes,
553 1828 639 1883 vel
669 1828 1009 1885 adversarios
1037 1828 1258 1891 habeas,
1286 1842 1384 1897 pro
1412 1828 1695 1896 utriusque

163 1921 307 1989 partis,
349 1920 396 1974 id
441 1928 523 1974 est
580 1918 677 1973 Dei
730 1930 786 1971 et
833 1919 1084 1982 hominis,
1120 1917 1377 1988 atqnitate
1423 1917 1694 1986 singulare

162 2025 378 2067 certamen
418 2011 699 2077 ineuntes,
736 2024 1031 2079 unumque,
1070 2010 1163 2080 qui
1203 2024 1301 2077 pro
1330 2018 1513 2062 nostra
1542 2018 1696 2079 parto

162 2082 337 2156 certavit
376 2102 438 2154 ab
483 2101 687 2165 altero,
730 2100 783 2153 id
820 2110 903 2154 est
935 2102 1188 2154 mandato
1214 2099 1445 2164 Domini,
1477 2092 1695 2168 persua—

161 2190 316 2244 sionem
337 2189 657 2245 diabolicam
685 2189 885 2243 victum
912 2189 1120 2251 audias,
1151 2204 1329 2244 nonne
1356 2198 1511 2257 potes
1538 2188 1696 2242 intel-

161 2279 283 2352 ligare
311 2282 531 2352 qualiter
559 2282 618 2335 in
651 2297 761 2334 uno
784 2280 998 2335 homine
1041 2282 1184 2335 victo
1214 2295 1406 2336 omnes
1448 2280 1695 2337 homines

161 2372 304 2426 merito
325 2374 476 2427 etiam
507 2388 707 2427 omnes
737 2373 1003 2427 sustinent
1034 2388 1249 2442 poenam
1281 2374 1531 2443 peccati?

208 2459 462 2517 0.‘Plane
503 2462 623 2531 jam
679 2463 951 2532 intelligo,
997 2464 1091 2518 sed
1146 2462 1320 2519 lateor
1358 2481 1373 2518 :
1410 2464 1535 2532 quia
1592 2462 1693 2519 nisi

159 2553 451 2619 pramisisses
487 2561 816 2623 argumenta
860 2562 915 2608 et
960 2553 1340 2611 similitudines
1380 2556 1575 2624 quibus
1627 2553 1696 2608 od

161 2644 261 2698 lianc
289 2644 693 2714 intelligentiam
743 2644 1066 2705 attraherer.
1115 2660 1387 2714 nunquam
1415 2647 1691 2699 sentirem.

160 2728 205 2793 0,
242 2742 413 2798 quanta
463 2743 520 2787 et
567 2732 753 2801 qualis
803 2732 894 2786 Dei
943 2734 1140 2802 gratia,
1179 2749 1298 2803 quae
1336 2735 1426 2787 tibi
1461 2744 1607 2787 tanta
1642 2743 1694 2788 et

160 2822 248 2873 talia
273 2821 537 2891 inspiravit
580 2822 930 2883 documenta,
961 2822 1157 2891 quibus
1188 2838 1272 2876 me
1304 2824 1633 2892 pedetentim
1662 2837 1693 2875 a

160 2909 399 2965 minoribus
419 2912 484 2964 ad
516 2909 730 2979 majora
753 2912 1073 2974 attralieres,
1099 2927 1377 2981 quousque
1396 2913 1463 2966 ad
1487 2925 1695 2967 summa

159 2998 345 3052 scientia:
391 2998 589 3052 divina:
635 3012 839 3051 arcana
879 3000 1239 3069 perdureresl
1281 3002 1504 3055 Summa
1552 3002 1695 3055 enim

159 3090 253 3141 mihi
312 3091 513 3144 videtur
583 3090 831 3159 cognitio
895 3090 1205 3160 quaestionis
1268 3099 1432 3145 tanta:
1479 3077 1772 3146 solutio.C

159 3177 270 3234 Nune
291 3197 406 3251 ergo
429 3184 644 3237 sentire
677 3182 878 3251 incipio
902 3197 999 3236 cur
1022 3182 1245 3237 auribus
1280 3184 1416 3238 meis
1462 3184 1699 3238 instilla-

159 3267 225 3324 lias
240 3271 415 3327 dudum
445 3273 539 3327 illa
571 3272 859 3327 Dominica
898 3274 1057 3328 verba
1092 3289 1106 3327 :
1146 3272 1298 3339 Quod
1324 3272 1487 3341 facio,
1521 3285 1577 3328 tu
1611 3291 1704 3329 ne-

160 3360 233 3413 scit
258 3363 424 3429 modo;
454 3364 592 3417 scies
625 3372 802 3417 autem
831 3371 1006 3430 postea
1033 3361 1213 3433 (Joan.
1244 3365 1390 3434 aut).

675 3470 903 3527 CAPUT
942 3471 1144 3528 XXIX.

160 3554 474 3631 Expedinntur
499 3564 742 3636 reliqua,
769 3578 888 3636 qua:
915 3563 1000 3636 ad,
1016 3564 1352 3636 qurestionem
1377 3566 1703 3636 praemissam

459 3631 680 3703 penitus
708 3631 1089 3686 dissolvendum
1117 3635 1341 3704 facmnt.

209 3720 327 3777 01M.
353 3723 512 3791 Quid,
546 3726 593 3778 si
636 3724 815 3777 adhuc
846 3722 902 3776 in
932 3722 1090 3792 lmjus
1122 3725 1379 3795 mysterio
1404 3722 1594 3796 judicii
1623 3726 1708 3782 la-

160 3817 239 3863 teat
254 3814 428 3867 mirum
460 3813 693 3884 aliquod
722 3812 865 3882 quod
893 3811 1151 3881 ignoras?

210 3904 267 3959 Π.
298 3907 468 3976 Quare
497 3910 605 3963 hoc
632 3907 848 3975 objicis,
887 3922 1011 3962 eum
1049 3907 1211 3962 etiam
1241 3906 1317 3964 nil
1348 3921 1432 3962 me
1460 3907 1708 3963 videatur

160 3993 299 4058 scire,
345 4008 641 4069 postquam
700 4005 911 4051 tantum
970 3997 1288 4067 mj'Sterium
1341 3998 1567 4068 contigit
1611 4012 1708 4055 au-

158 4083 243 4137 dire
259 4085 279 4137 3
684 4134 687 4141 .

210 4170 262 4225 0.
295 4174 417 4229 illud
445 4176 690 4244 denique
715 4175 768 4228 in
802 4173 903 4229 hoc
930 4173 1185 4244 singulari
1212 4175 1513 4231 certamine
1538 4184 1710 4231 restat

159 4264 291 4319 adhuc
311 4271 647 4335 pensandum
670 4267 763 4336 qui
789 4267 899 4320 sint
922 4268 1200 4335 utriusque
1222 4267 1391 4335 partis
1414 4252 1705 4337 principes,

160 4355 424 4423 veljudices
448 4359 813 4428 intelligendi,
841 4373 871 4411 a
898 4358 1090 4428 quibus
1104 4358 1366 4428 judicium
1396 4359 1498 4413 tale
1524 4370 1709 4429 potue-

1780 466 1973 535 niaque
2001 465 2353 534 providentur
2385 473 2440 518 et
2475 464 2861 519 decernuntur.
2896 463 3022 521 Haec
3047 465 3261 537 quidem
3292 471 3360 525 de

1777 557 2057 625 utriusque
2087 555 2254 626 partis
2281 554 2612 625 principibus
2636 556 2706 611 sit
2739 555 2902 611 dicta.

1850 646 1986 714 Quid
2018 656 2198 701 autem
2225 644 2294 700 de
2315 653 2749 700 concertatorum
2773 645 3031 716 qualitate
3056 648 3237 703 dicere
3261 648 3364 704 dc-

1781 736 1902 795 beo.
1933 751 2055 790 cum
2092 750 2280 790 eorum
2314 733 2549 805 cognitio
2588 734 2659 788 sit
2706 735 2761 789 in
2806 736 3042 805 aperto?
3081 737 3155 791 De
3203 738 3363 795 unius

1782 839 2035 896 namque,
2066 825 2117 880 id
2146 833 2248 887 est,
2281 824 2520 879 mandati
2561 823 2726 899 divini
2766 827 3003 895 potentia
3044 836 3102 881 et
3150 827 3365 883 fortitu-

1781 918 1906 971 dine
1932 916 2098 971 Isaias
2125 916 2387 988 propheta
2417 932 2482 971 ex
2514 914 2725 971 Domini
2759 931 2986 986 persona
3017 918 3186 975 dicit:
3219 919 3362 987 Quo-

1781 1009 1935 1063 modo
1961 1009 2225 1063 descendit
2252 1008 2414 1063 imber
2441 1018 2489 1062 et
2531 1008 2622 1062 nia:
2658 1008 2723 1062 de
2765 1008 2912 1075 uelo,
2963 1021 3009 1063 et
3047 1009 3175 1064 illuc
3224 1012 3365 1066 ultra

1783 1114 1883 1151 non
1921 1097 2211 1157 revertitur.
2248 1110 2382 1162 etc.,
2424 1112 2615 1168 usque,
2669 1098 2745 1150 sic
2782 1098 2879 1151 erit
2920 1099 3126 1153 verbum
3173 1116 3367 1168 meum,

1782 1189 1919 1258 quod
1952 1187 2244 1259 egredietur
2282 1188 2346 1241 de
2386 1204 2475 1241 ore
2521 1203 2652 1241 meo.
2697 1186 2820 1241 Non
2869 1198 3146 1243 revertetur
3184 1191 3254 1243 ad
3287 1207 3371 1246 me

1782 1297 2001 1335 vacuum
2026 1298 2044 1346 ;
2070 1282 2160 1335 sed
2182 1274 2334 1350 {aciét
2366 1296 2687 1352 qua'cunqne
2726 1280 2885 1347 volui,
2909 1292 2958 1336 et
2982 1283 3373 1353 prosperabitur

1781 1374 1836 1427 in
1860 1371 1940 1425 his
1963 1373 2031 1425 ad
2053 1388 2171 1443 qua:
2198 1372 2318 1425 misi
2348 1370 2481 1424 illud
2503 1368 2657 1440 (lani.
2680 1370 2789 1440 ιν).

1856 1462 2089 1518 Verbum
2119 1472 2297 1518 autem
2342 1470 2397 1518 et
2437 1463 2750 1518 mandatum
2795 1463 2848 1517 in
2891 1463 3173 1534 Scriptura
3215 1479 3371 1520 sacra

1782 1552 2079 1621 schissime
2109 1567 2206 1621 pro
2234 1567 2339 1606 uno
2369 1568 2527 1607 sensu
2558 1553 2790 1622 positum
2822 1552 2987 1609 fuisse
3014 1554 3216 1610 nullum
3249 1571 3375 1611 reor

1786 1642 2080 1696 litteratum
2110 1642 2375 1697 dubitare.
2415 1642 2522 1697 Sed
2549 1643 2594 1697 si
2626 1644 2748 1715 quis
2770 1642 2909 1699 forte
2935 1645 3161 1709 dubitat,
3188 1640 3377 1702 exciit-

1793 1731 1876 1802 pla
1905 1748 1935 1785 a
1965 1731 2121 1787 beato
2156 1730 2362 1787 Joanne
2392 1733 2534 1787 dicta
2574 1734 2779 1787 auiia'.
2819 1735 2958 1790 Dicit
2992 1735 3135 1790 enim
3163 1735 3215 1791 in
3253 1736 3380 1809 Epi-

1792 1822 1929 1877 stola
1970 1837 2067 1877 sua
2091 1839 2107 1877 :
2136 1823 2240 1889 Qui
2263 1823 2391 1877 dicit
2421 1838 2476 1877 se
2510 1839 2660 1878 nosse
2692 1824 2881 1892 Deum,
2910 1835 2960 1881 et
2989 1826 3237 1881 mandata
3263 1827 3379 1898 ejus

1792 1930 1897 1969 non
1933 1916 2178 1981 custodit,
2226 1920 2453 1969 mendax
2481 1925 2577 1970 est.
2620 1915 2724 1983 Qui
2756 1928 2929 1971 autem
2967 1928 3134 1972 servat
3171 1921 3379 1983 rerbmn

1791 2004 1930 2073 ejus,
1974 2021 2088 2059 vere
2132 2007 2187 2060 in
2227 2021 2288 2060 eo
2339 2007 2569 2059 rharitns
2616 2006 2713 2059 Dei
2752 2008 2983 2078 perfecta
3030 2019 3123 2063 est.
3160 2008 3226 2064 Ει
3260 2020 3383 2079 past

1793 2110 1963 2165 pauca
2005 2112 2019 2149 :
2063 2094 2398 2159 Mandatum,
2440 2096 2631 2167 inquit,
2682 2110 2823 2153 retur
2869 2108 2943 2153 est
2992 2100 3201 2153 verbum
3241 2099 3380 2170 quod

1793 2185 2015 2239 audistis
2053 2185 2104 2256 (l
2134 2184 2296 2240 Jonn.
2324 2187 2408 2256 ιι).
2447 2188 2584 2243 Ecce
2611 2188 2920 2243 mandatum
2950 2203 3005 2246 et
3032 2193 3250 2246 verbum
3280 2207 3381 2259 pro

1802 2290 1907 2328 una
1950 2276 2247 2345 eademque
2276 2289 2335 2329 re
2365 2278 2595 2346 positum
2638 2278 2900 2348 probatur
2940 2282 3082 2351 quod
3119 2282 3174 2338 in
3206 2282 3381 2337 vicem

1793 2368 2184 2423 concertatoris
2218 2383 2284 2422 ex
2319 2379 2472 2437 parte
2512 2369 2602 2423 Dei
2639 2370 2959 2440 eligebatur.

1866 2456 2016 2511 Alter
2042 2473 2189 2519 vero,
2222 2458 2311 2526 qui
2334 2472 2401 2511 ex
2431 2467 2614 2512 nostra
2644 2458 2848 2514 electus
2896 2459 2994 2514 l'uit
3020 2466 3199 2531 parte,
3253 2459 3380 2513 licet

1795 2563 1955 2618 supra
1983 2564 2295 2618 expressum
2328 2550 2395 2603 sit
2428 2550 2606 2615 qualis
2631 2550 2811 2611 fuerit.
2841 2552 3143 2608 addendum
3184 2562 3268 2608 est
3295 2562 3382 2607 ta-

1795 2655 1918 2694 men
1950 2640 2036 2692 hic
2057 2637 2281 2708 aliquid.
2316 2639 2458 2693 Dicit
2492 2655 2721 2702 namque
2779 2641 3059 2712 Scriptura
3103 2658 3257 2698 saera
3315 2645 3388 2698 de

1795 2744 1861 2783 eo
1893 2746 1907 2782 :
1940 2727 2081 2782 Deus
2103 2731 2297 2783 creavit
2318 2731 2382 2782 de
2410 2746 2547 2785 terra
2575 2733 2856 2797 hominem,
2884 2744 2932 2787 et
2955 2733 3236 2787 secundum
3257 2735 3386 2787 imu-

1795 2819 1964 2888 ginem
1986 2834 2138 2872 suam
2161 2819 2282 2887 fecit
2313 2819 2486 2885 illum,
2526 2831 2574 2874 et
2603 2824 2790 2875 iterum
2844 2824 3093 2878 conuertit
3134 2824 3283 2878 illum
3333 2827 3387 2879 in

1795 2909 1962 2976 ipsam
1994 2907 2140 2979 lenii.
2170 2908 2331 2964 Cruc.
2362 2908 2497 2981 ipsa]
2544 2921 2589 2965 et
2640 2913 2922 2967 secundum
2960 2931 3015 2968 se
3046 2916 3243 2970 vestivit
3279 2916 3386 2970 vir-

1798 3010 1907 3055 tute
1930 3000 2123 3072 (Eroli.
2151 3003 2305 3071 xm).
2428 3032 2436 3039 ε

2358 3091 2588 3147 CAPUT
2625 3092 2795 3149 XXX.

1804 3180 2036 3258 Qua’stio
2064 3197 2187 3258 num
2209 3182 2410 3235 homini
2434 3194 2668 3258 suppetat
2701 3184 2931 3258 [astutae
2951 3187 3235 3255 superandi
3255 3188 3391 3258 diﬂi-

1872 3251 2120 3306 cnltatein
2148 3251 2272 3305 bene
2290 3255 2477 3322 agendi
2503 3251 2549 3306 et
2577 3251 2836 3325 quomodo
2872 3255 2967 3311 illa
3004 3251 3319 3312 obtineatur;

1875 3359 2063 3414 Heinr.
2105 3361 2178 3415 De
2206 3362 2291 3416 his
2315 3363 2587 3433 inopinata
2616 3373 2672 3419 et
2694 3376 2884 3436 aperta
2914 3370 3128 3424 ratione
3163 3370 3392 3426 satisfa-

1802 3461 1947 3507 ctum
1975 3452 2104 3505 niibi
2125 3466 2245 3506 esse
2267 3453 2482 3507 videtur
2510 3455 2763 3531 undique.
2796 3455 3025 3513 Proinde
3078 3475 3265 3529 qumso
3308 3472 3391 3525 ιιι,

1803 3547 1930 3614 quia
1957 3545 2118 3599 homo
2145 3543 2299 3598 liberi
2333 3545 2544 3599 arbitrii
2576 3548 2925 3616 omniumque
2976 3549 3235 3604 virtutum
3290 3566 3389 3605 ex-

1803 3635 2051 3691 cellentia
2080 3636 2150 3688 ita
2178 3636 2433 3703 praeditus
2465 3634 2564 3690 luit
2591 3645 2670 3699 ut,
2702 3637 2746 3692 si
2797 3651 3066 3711 prmccpto
3114 3640 3206 3696 Dei
3254 3644 3388 3697 obe-

1804 3726 1944 3781 diret
1967 3726 2147 3779 omnia
2177 3726 2317 3780 bona
2351 3726 2467 3782 sine
2493 3728 2804 3783 dillicultate
2858 3740 3071 3800 posset;
3130 3735 3223 3788 sed
3267 3749 3393 3804 sug-

1804 3817 2046 3887 gestione
2072 3814 2397 3870 fraudulenti
2428 3818 2597 3872 hostis
2622 3817 3190 3884 inobediensell‘ectus,
3211 3827 3390 3881 ouinia

1804 3908 2020 3976 quidem
2052 3909 2189 3962 mala
2222 3908 2397 3973 facile,
2427 3910 2566 3964 bona
2589 3920 2768 3967 autem
2793 3912 2899 3967 ulla
2923 3913 3134 3969 diliicile
3160 3916 3391 3980 obtinet,

1806 4000 1850 4053 si
1882 4014 1988 4069 qua
2020 3998 2248 4054 lat-ultas
2279 4000 2327 4055 ei
2367 4000 2437 4055 sit
2466 4005 2631 4057 tantis
2662 4003 2817 4058 malis
2845 4005 3100 4060 resistere
3145 4015 3201 4062 et
3253 4008 3390 4062 bona

1808 4089 1917 4143 ulla
1979 4089 2136 4144 facile
2180 4091 2501 4158 promereri,
2558 4093 2781 4162 pandas.
2834 4093 3399 4168 Querimoniaqitaque

1808 4178 2041 4233 maxima
2072 4187 2155 4232 est
2173 4179 2394 4249 dignum
2414 4194 2520 4233 non
2541 4194 2700 4250 posse
2715 4194 2997 4252 resurgere
3018 4194 3138 4252 post
3161 4185 3369 4253 lapsum

1807 4280 1862 4325 et
1893 4271 2034 4340 quod
2063 4286 2193 4326 casu
2220 4272 2385 4328 semel
2418 4272 2559 4329 male
2582 4274 2824 4344 contigit,
2857 4275 2903 4330 si
2945 4292 3048 4331 non
3080 4278 3131 4331 in
3186 4279 3382 4333 melius

1811 4364 2055 4432 reparari
2088 4364 2278 4432 possit.

160 4444 208 4497 rit
228 4446 464 4503 dei-erui?
492 4424 740 4518 alioquin
772 4465 880 4501 non
903 4424 985 4503 est
1007 4424 1243 4518 undique
1262 4424 1546 4519 probatum
1568 4465 1706 4520 prte-
1741 4424 1786 4484 θ
1875 4424 1952 4509 ’0.
1979 4424 2236 4520 Quamvis
2268 4456 2381 4509 lucc
2433 4456 2700 4510 sententia
2760 4458 2812 4511 in
2838 4447 3039 4515 multis
3096 4462 3411 4532 reperiatur

158 4533 252 4590 dicti
278 4540 571 4608 argumenti
611 4538 944 4609 exemplum.

214 4626 273 4681 ll.
315 4630 562 4697 Qumstor
605 4632 824 4684 subtilis
867 4631 932 4683 ad
982 4631 1149 4686 multa
1203 4633 1437 4687 notanda
1486 4633 1709 4689 videris.

160 4716 257 4772 llilti
298 4739 526 4794 mutique
572 4721 886 4778 suﬂicerent
932 4724 1232 4791 praemissa.
1275 4724 1391 4787 sed,
1444 4726 1567 4793 quia
1613 4726 1710 4781 tibi

161 4811 281 4865 aliter
317 4816 527 4885 placet,
576 4814 773 4870 audire
813 4814 1069 4884 quidquid
1116 4816 1294 4869 adhuc
1333 4816 1458 4870 inde
1510 4816 1712 4873 dixeris

162 4899 280 4956 libet.

215 4988 269 5045 0.
304 4993 603 5068 Utriusque
630 5011 764 5065 ergo
803 4995 971 5066 partis
990 4994 1218 5063 judices,
1250 4997 1333 5051 vel
1364 4996 1652 5067 principes,
1681 5014 1710 5054 a

1816 4542 2000 4609 libris,
2058 4545 2184 4613 quia
2246 4555 2423 4599 tamen
2464 4561 2607 4601 ame
2632 4549 2826 4618 exigis,
2883 4552 3150 4618 eamdem,
3200 4556 3411 4626 quibus

1815 4649 2056 4704 possum,
2078 4634 2383 4702 eitplanaho
2407 4635 2605 4690 verbis.
2637 4635 2791 4693 Sicut
2822 4638 2983 4708 igitur
3009 4642 3076 4696 ad
3104 4640 3195 4697 Dei
3220 4653 3274 4698 et
3302 4644 3401 4701 ho-

1818 4724 1980 4778 minis
2041 4724 2353 4779 distantiam
2419 4725 2795 4782 declarandam
2844 4728 3048 4797 judicio
3094 4732 3403 4802 justissimo

1817 4813 2065 4882 apparuit
2092 4812 2369 4878 delictum,
2402 4813 2474 4867 ita
2504 4813 2612 4869 Deo
2641 4814 2842 4883 placuit
2896 4825 2955 4871 ut
2984 4818 3276 4876 immensas
3301 4821 3418 4878 bo-~

1816 4906 2005 4960 uitatis
2036 4919 2148 4958 sum
2169 4904 2387 4959 divitias
2418 4904 2471 4958 in
2499 4904 2866 4975 delinquentis
2890 4908 3125 4965 hominis
3147 4914 3402 4967 ostende-

1818 5003 1901 5048 ret
1942 4993 2202 5055 remedio,
2222 4992 2379 5061 juxta
2416 4993 2548 5049 illud
2588 4994 2832 5064 Apostoli
2865 5013 2879 5051 :
2907 4995 3018 5052 Lex
3061 5001 3411 5066 subintravit,
