3998 5450
586 306 657 360 99
1585 299 1885 357 OTllLONl
1924 296 2229 355 MONAClll
2270 297 2327 354 S.
2371 300 2791 359 EMMERAMMI

3752 313 3849 368 £00

577 413 805 486 justitie
866 413 1012 472 sicut
1047 427 1212 485 supra
1259 411 1574 467 multimoda
1630 421 1909 469 ostensum
1954 419 2037 467 cst
2083 424 2174 463 ra-
2199 413 2247 471 Α
2277 411 2477 467 diendi.
2531 414 2781 484 Alioquin
2813 414 2858 470 si
2898 408 3078 480 homo.
3117 431 3410 475 conversus
3436 420 3569 477 etin
3604 422 3697 478 Dei
3725 440 3850 495 gra-

585 505 752 560 tione.

654 596 1017 663 Quamobrem
1041 596 1165 649 licet
1191 596 1512 666 protoplasti
1553 596 1915 650 inobedientia
1950 609 2164 649 merueo

581 682 656 737 rit
679 691 740 738 ut
759 684 936 738 omnis
968 685 1347 737 via'virtutum
1399 685 1502 738 iter
1527 685 1721 738 habeat
1751 695 2056 755 angustum,
2089 694 2171 739 ta-

580 790 731 835 men,
785 774 908 844 quia
947 778 1134 829 eadem
1185 776 1322 830 ratio
1366 774 1516 829 liberi
1564 775 1807 839 arbitrii,
1851 786 1904 828 et
1936 776 2172 845 cognitio

580 868 704 922 boni
733 879 896 937 atque
934 867 1081 931 mali,
1113 884 1211 922 nec
1238 885 1340 943 non
1371 883 1495 938 spes
1519 868 1689 922 veniae
1728 869 2019 929 remansit;
2052 883 2174 921 om-

524 972 527 975 '
579 957 796 1011 nimodo
842 958 1189 1011 adnitendum
1222 967 1306 1011 est
1353 958 1649 1013 intentione
1673 968 1754 1024 ut,
1786 975 1890 1011 non
1930 974 2015 1022 eo,
2062 974 2170 1028 quo

577 1045 791 1101 facilior
817 1058 871 1101 et
899 1048 1057 1102 latior
1083 1049 1360 1112 vitiorum,
1398 1051 1490 1103 sed
1522 1065 1629 1118 quo
1658 1049 1925 1105 difficilior
1976 1059 2031 1104 ct
2074 1068 2173 1103 an—

578 1137 784 1207 gustior
812 1154 1006 1193 cursus
1039 1147 1123 1193 est
1147 1141 1404 1193 virtutum
1433 1181 1448 1205 ,
1483 1151 1842 1204 transeamus,
1881 1149 2169 1209 pensantes

576 1228 706 1299 quia
737 1244 900 1284 omne
945 1230 1111 1284 latum
1142 1230 1407 1299 facileque
1436 1231 1544 1284 cito
1579 1231 1808 1294 vilescit,
1847 1241 1902 1284 et
1952 1233 2164 1302 appeti-

576 1328 725 1374 tores
751 1335 878 1374 suos
907 1319 1127 1391 fragiles
1156 1320 1594 1391 negligentesqne
1620 1312 1827 1384 reddit;
1875 1328 2163 1391 angustum

574 1425 707 1465 vero
730 1427 792 1466 ac
815 1410 1144 1467 laboriosmn
1186 1425 1369 1475 omne,
1401 1427 1507 1479 quo
1529 1419 1843 1479 penetratur
1867 1408 2162 1475 difﬁcilius,

574 1515 642 1556 eo
675 1500 731 1554 ﬁt
765 1501 969 1570 gratius
992 1510 1397 1570 sectatoresque
1421 1516 1549 1554 suos
1579 1508 1770 1555 cautos
1812 1508 1868 1554 et
1905 1498 2164 1553 sollicitos

574 1588 763 1644 efﬁcit.
849 1603 853 1607 '

642 1678 849 1746 Quibus
895 1679 1181 1749 diligenter
1230 1679 1616 1743 consideratis,
1682 1679 1859 1732 cumis
1900 1678 2159 1732 virtutum

2279 503 2348 556 tia
2398 503 2677 560 conlidens
2734 522 3076 578 nequaquam
3107 509 3254 565 vitiis
3307 512 3570 580 potuisset
3612 516 3852 572 conisu

2275 595 2532 649 resistere
2567 611 2673 664 quo
2697 597 2897 652 eisdem
2927 599 3141 654 deditus
3171 585 3455 658 studuerat
3492 604 3732 673 obedire,
3756 622 3855 668 nec

2273 686 2427 741 liberi
2455 685 2667 742 arbitrii
2699 704 2800 744 nec
2827 689 2988 745 ullius
3014 707 3235 763 compos
3256 703 3402 750 esset
3423 696 3629 754 meriti.
3861 725 3871 765 t

2834 782 3060 838 CAPUT
3099 786 3292 841 XXXI.

2273 868 2414 934 Quid
2442 870 2508 923 sit
2536 871 2763 956 hominis
2794 875 3057 929 meritum.
3112 874 3287 956 Homo
3317 887 3391 933 tot
3409 881 3591 956 modis
3612 883 3742 939 bene
3763 900 3855 956 po-

2667 952 2764 997 test
2793 960 2945 1014 agerc
2961 956 3085 1016 quot
3113 948 3282 1002 modis
3311 949 3467 1004 male.

2286 1075 2293 1080 .
2342 1028 2594 1087 Meritum
2620 1041 2798 1089 autem
2832 1035 3072 1091 hominis
3096 1038 3200 1093 hoc
3221 1054 3342 1095 esse
3371 1057 3495 1097 reor
3516 1061 3532 1099 ;
3555 1043 3624 1107 si,
3650 1061 3774 1102 cum
3798 1047 3858 1103 li-

2270 1120 2456 1176 beram
2508 1123 2757 1179 habuerit
2782 1126 3091 1182 facultatem
3122 1130 3264 1186 male
3310 1135 3500 1203 agendi
3523 1135 3607 1190 vel
3650 1137 3855 1207 cogita-

2273 1213 2529 1279 tionibus,
2561 1217 2645 1268 vel
2677 1218 2876 1283 verbis,
2904 1218 2991 1273 vel
3013 1219 3196 1287 factis,
3242 1238 3343 1293 pro
3372 1222 3471 1280 Dei
3512 1227 3853 1286 solummodo

2268 1321 2475 1372 amore,
2506 1317 2599 1362 aut
2626 1308 2822 1363 timore
2850 1310 3011 1365 stulta
3049 1310 3264 1384 frangat
3295 1325 3442 1381 vota,
3496 1327 3555 1372 ut
3586 1329 3853 1389 sequatur

2268 1400 2512 1455 meliora.
2537 1402 2638 1469 Qui
2660 1403 2803 1458 enim
2829 1403 2949 1459 ideo
2970 1406 3111 1461 mala
3137 1407 3363 1474 devitat,
3388 1410 3514 1481 quia
3541 1411 3726 1468 facere
3748 1429 3855 1470 non

2266 1495 2548 1562 praevalet,
2580 1493 2655 1548 nil
2688 1510 2755 1549 ex
2796 1495 2898 1551 hoc
2942 1496 3112 1552 bravii
3155 1502 3353 1556 mereri
3393 1502 3700 1560 credendus
3753 1512 3855 1562 est.

2267 1581 2420 1639 Unde
2448 1586 2515 1639 de
2541 1600 2865 1654 unoquoque
2908 1586 3127 1644 homine
3172 1590 3314 1645 bona
3370 1592 3471 1647 rite
3509 1586 3858 1664 promercale

2266 1675 2500 1730 dicitur:
2533 1676 2636 1742 Qui
2661 1679 2827 1745 potuit
2857 1680 3174 1749 transgredi,
3202 1691 3250 1735 et
3287 1698 3389 1737 non
3432 1693 3506 1737 est
3552 1694 3857 1757 transgres-

575 1772 1041 1843 adipisceudarum
1076 1772 1389 1836 difﬁcultas,
1439 1787 1545 1825 non
1573 1771 1743 1825 solum
1790 1778 1937 1824 arcta
1962 1780 2018 1823 et
2043 1784 2158 1839 ναξ-ι
2194 1767 2236 1823 Β
2263 1783 2385 1831 sus;
2408 1767 2581 1836 facere
2609 1767 2769 1830 mala,
2794 1776 2966 1822 etnon
2991 1768 3148 1837 fecit;
3173 1771 3290 1826 ideo
3317 1773 3553 1828 stabilita
3575 1786 3699 1829 sunt
3717 1776 3857 1831 bona

573 1864 713 1918 nalis
741 1865 810 1918 oh
838 1865 1153 1934 przcdictam
1201 1864 1522 1933 protoplasti
1580 1863 2024 1927 inobedientiam,
2068 1861 2159 1916 sed

574 1956 736 2009 etiam
756 1957 1057 2009 necessaria
1085 1971 1306 2024 prorsus
1329 1964 1383 2010 et
1414 1955 1560 2009 utilis
1582 1955 1910 2019 invenietur,
1937 1953 2164 2007 immen-

572 2059 741 2113 seque
769 2045 861 2100 Dei
884 2046 1148 2115 sapientia
1180 2044 1374 2098 exinde
1405 2053 1513 2097 tam
1556 2042 1798 2097 miranda
1854 2057 2016 2112 quam
2048 2041 2162 2095 lau-

575 2134 749 2189 danda
778 2135 1117 2205 probabitur.
1158 2134 1287 2201 Quae
1323 2134 1462 2188 dona
1496 2149 1593 2188 sua
1642 2143 1698 2187 et
1734 2132 1998 2187 beneficia
2047 2130 2173 2185 efﬁ-‘

570 2225 648 2280 cit
679 2226 758 2279 sic
784 2226 1015 2294 pretiosa
1040 2233 1095 2279 et
1115 2234 1269 2295 grata
1297 2232 1365 2279 ut
1394 2234 1573 2278 tamen
1623 2222 1767 2277 nulla
1824 2221 1966 2292 [cod.
1996 2219 2158 2275 Cruc.

572 2314 730 2388 nulli]
759 2316 1041 2369 videantur
1066 2314 1189 2369 vilia
1216 2314 1298 2370 vel
1331 2315 1568 2384 ingrata.

651 2408 777 2464 Haec
810 2408 972 2478 igitur
1002 2409 1309 2471 attendens,
1362 2422 1575 2461 oninem
1608 2406 1745 2459 bene
1795 2401 1989 2474 agendi
2021 2400 2164 2456 difﬁ-

570 2499 824 2555 cultatem
852 2513 974 2552 esse
1007 2498 1386 2558 necessariam,
1412 2496 1596 2565 itaque
1624 2497 1939 2564 dispositam
1963 2507 2157 2561 cogno-

570 2604 686 2655 sce,
709 2596 884 2657 utpcr
908 2586 1054 2640 illam
1084 2587 1344 2655 probetur
1366 2600 1475 2654 quo
1504 2585 1625 2653 quis
1660 2586 1726 2637 ad
1752 2584 1916 2637 Deum
1940 2580 2164 2635 accedat

569 2680 773 2744 corde,
833 2687 959 2732 voto
1009 2677 1430 2745 perseverantiae
1454 2690 1522 2729 an
1576 2673 1972 2729 inconstantiae.
2028 2671 2161 2726 Nam

569 2772 904 2834 inconstans,
930 2769 1363 2826 conversationis
1385 2775 1588 2823 sanctae
1611 2766 1753 2820 viam
1780 2765 1993 2820 cunctis
2021 2778 2162 2835 pene

568 2862 779 2914 noviter
801 2861 1081 2915 conversis
1122 2859 1396 2914 difﬁcilem
1426 2859 1671 2912 initiatus
1697 2866 1752 2911 et
1780 2856 2152 2911 conversatio-

500 3008 505 3013 ,
568 2951 653 3003 uis
685 2950 926 3019 ejusdem
950 2965 1170 3004 cursum
1219 2950 1611 3018 provectiorem
1640 2947 1794 3002 initio
1842 2947 2162 3003 ﬁerilevio-

566 3055 679 3096 rem
706 3043 928 3096 minirac
957 3042 1276 3108 arbitratus,
1304 3042 1411 3098 cito
1434 3041 1486 3094 in
1514 3039 1768 3109 inemptis
1790 3039 2057 3103 lassescit,
2088 3042 2177 3097 ad

2261 1855 2404 1910 iuius
2432 1856 2485 1909 in
2515 1855 2738 1910 Domino
2761 1857 2950 1926 (Eccli.
2980 1858 3152 1930 xxxi).

2335 1944 2469 2000 Cum
2499 1960 2631 2014 ergo
2661 1948 2839 2002 omnis
2888 1948 3061 2003 virtus
3098 1965 3367 2022 omneque
3408 1954 3663 2009 meritmn
3713 1958 3857 2013 bene

2263 2035 2450 2105 agendi
2504 2036 2776 2105 pendeat,
2808 2045 2867 2091 ut
2897 2037 3099 2094 dictum
3136 2050 3218 2095 est
3243 2080 3260 2107 ,
3297 2056 3364 2097 ex
3410 2042 3667 2101 facultate
3717 2047 3859 2103 male

2262 2126 2474 2193 agendi.
2507 2126 2674 2181 claret
2697 2128 2918 2182 omnino
2971 2130 3097 2198 quia
3122 2140 3255 2200 quot
3284 2133 3456 2186 modis
3480 2137 3861 2207 unusquisque

2260 2224 2440 2285 potest
2462 2218 2599 2272 male
2625 2233 2787 2289 agere
2810 2228 2890 2274 tot
2923 2235 3140 2290 quoque
3170 2222 3428 2290 possibile
3455 2224 3559 2279 sibi
3584 2235 3673 2281 est
3711 2226 3859 2284 bene

2263 2322 2445 2374 agere.
2490 2307 2652 2374 Nam,
2684 2311 2830 2364 verbi
2866 2310 3060 2381 gratia,
3106 2311 3150 2365 si
3182 2312 3465 2369 victualem
3488 2316 3858 2373 substantiam

2263 2397 2506 2452 retinens
2536 2399 2891 2454 histrionibus
2923 2399 3151 2470 aliisque
3180 2402 3533 2459 smeularibus
3563 2408 3699 2462 viris
3727 2424 3856 2465 eam

2260 2490 2411 2544 vales
2467 2493 2796 2559 expendere,
2828 2504 2980 2563 potes
3008 2502 3064 2547 et
3089 2494 3289 2549 Christi
3343 2498 3671 2566 pauperibus
3723 2516 3857 2556 ero-

2261 2596 2411 2652 gare.
2437 2581 2570 2636 Item
2592 2584 2635 2636 si
2664 2583 2812 2638 vales
2843 2583 3187 2651 maledicere,
3228 2596 3421 2656 potens
3452 2603 3510 2643 es
3534 2598 3590 2642 et
3624 2589 3860 2645 benedi-

2261 2687 2406 2727 cere.
2438 2672 2494 2726 Si
2518 2683 2694 2728 autem
2718 2676 2974 2743 praecisus
3002 2689 3062 2729 es
3085 2674 3283 2746 lingua,
3316 2685 3376 2730 ut
3414 2676 3557 2747 loqui
3582 2694 3858 2749 nequeas,

2262 2762 2405 2819 mala
2437 2779 2536 2818 nec
2560 2763 2720 2818 bona.
2778 2764 3042 2819 Similiter
3082 2764 3127 2818 si
3172 2764 3288 2818 visu
3347 2766 3598 2837 cuiquam
3651 2785 3860 2825 nocere

2262 2855 2488 2925 poteris,
2530 2864 2684 2924 potes
2714 2866 2767 2907 et
2809 2854 3085 2923 prodesse.
3129 2855 3186 2910 Si
3232 2871 3363 2911 vero
3408 2857 3480 2912 ita
3526 2859 3753 2915 orbatus
3798 2878 3860 2917 es

2260 2946 2431 3002 oculis
2457 2955 2514 3001 ut
2543 2962 2647 3000 non
2681 2947 2857 3016 possis
2886 2962 3114 3016 peccare
3144 2948 3287 3014 visu,
3317 2949 3580 3021 impotens
3604 2967 3665 3007 es
3683 2954 3858 3009 etiam

2263 3038 2497 3093 videndo
2544 3039 2682 3092 liona
2734 3038 2912 3108 aliqua
2948 3050 3281 3109 perpetrare.
3322 3042 3521 3098 Eodem
3566 3045 3746 3110 modo,
3812 3048 3860 3102 si

567 3143 800 3205 tempus,
851 3143 907 3189 ut
958 3135 1221 3204 scriptum
1251 3138 1359 3199 est,
1412 3132 1663 3197 credens,
1725 3141 1781 3185 et
1810 3132 1863 3184 in
1916 3140 2159 3201 tempore
2185 3118 2232 3181 C
2262 3144 2396 3184 sano
2420 3143 2648 3198 corpore
2677 3128 2847 3182 uteris
2877 3130 2944 3183 ad
2987 3130 3249 3200 explenda
3307 3133 3570 3187 desideria
3625 3136 3857 3204 carnis,

568 3226 881 3281 tentatiouis
904 3227 1162 3281 recedens
1192 3225 1344 3295 (Luc.
1373 3226 1513 3295 vin).
1568 3224 1835 3278 Constans
1861 3230 2039 3277 autem
2070 3238 2159 3278 or-

568 3317 749 3371 dinem
804 3333 983 3371 rerum
1035 3317 1390 3372 considerans
1431 3316 1503 3370 ita
1531 3332 1561 3369 a
1594 3315 1703 3369 Deo
1744 3314 2046 3369 institutum
2098 3326 2160 3369 ut

567 3410 744 3464 onmis
774 3421 880 3464 tam
913 3409 1211 3480 spiritualis
1242 3425 1405 3479 quam
1438 3409 1677 3464 carnalis
1704 3411 1827 3464 vitae
1877 3410 2158 3480 disciplina

567 3498 814 3573 inchoata
843 3500 1059 3569 quidem
1083 3502 1154 3554 sit
1179 3515 1360 3555 amara
1382 3510 1438 3555 et
1461 3499 1720 3563 difﬁcilis,
1741 3514 1999 3570 processu
2027 3515 2175 3556 vero

569 3589 829 3658 temporis
849 3590 1069 3659 ipsoque
1098 3605 1196 3643 usu
1226 3589 1447 3645 suavior
1469 3589 1563 3643 ﬁat
1584 3597 1746 3658 atque
1774 3590 1987 3644 facilior
2003 3589 2158 3660 juxta

567 3679 695 3734 illud
728 3698 740 3734 :
768 3675 940 3735 Labor
966 3680 1244 3751 improbus
1285 3682 1467 3735 omnia
1497 3681 1685 3745 vincit,
1721 3680 1855 3734 dura
1882 3688 1937 3736 et
1964 3696 2157 3749 aspera

568 3771 799 3826 sustinet
825 3785 946 3825 cum
972 3771 1232 3838 patientia
1259 3770 1509 3832 credens,
1543 3769 1692 3837 quia,
1712 3769 1870 3837 juxta
1922 3768 2155 3821 Psalmi-

565 3871 706 3915 tttam
732 3878 747 3914 ε
781 3859 885 3927 Qui
914 3861 1170 3913 seminam
1197 3862 1253 3912 in
1291 3857 1561 3927 lacrymis,
1592 3862 1649 3911 in
1678 3856 2025 3911 exsultatione
2050 3868 2175 3910 πίε-³

567 3959 674 4007 tent
707 3946 879 4021 (Paci.
908 3950 1102 4018 cxxv);
1132 3947 1375 4002 recolens
1413 3947 1578 4001 etiam
1602 3947 1732 4001 illud
1763 3946 2152 4017 apostolicum:

571 4039 740 4096 Nemo
789 4040 1159 4102 coronabitur,
1216 4039 1317 4092 nisi
1346 4039 1436 4109 qui
1475 4037 1701 4108 legitime
1753 4040 2021 4093 certaverit
2067 4037 2152 4110 (ll

571 4133 705 4189 Tim.
733 4131 817 4205 tt).

640 4230 854 4285 initium
885 4235 1067 4282 autem
1116 4225 1358 4297 legitime
1397 4222 1639 4279 certandi
1685 4220 1818 4278 vitia
1866 4221 2030 4277 timor
2071 4230 2156 4277 est

568 4321 805 4379 Domini.
847 4320 951 4387 Qui
987 4334 1112 4373 eum
1142 4325 1382 4372 mentem
1420 4314 1741 4387 possederit.
1774 4313 1842 4369 ab
1882 4313 2029 4367 omni
2076 4313 2158 4367 vi-

570 4417 768 4471 tiorum
803 4412 1120 4482 captivitate
1145 4411 1340 4467 liberat
1367 4418 1421 4465 et
1449 4409 1501 4464 in
1539 4407 1742 4485 amoris
1772 4406 1940 4461 divini
1988 4405 2153 4461 liber-

2261 3220 2498 3275 maxima
2536 3221 2696 3275 simul
2728 3221 2924 3275 eximie
2957 3223 3104 3278 vales
3148 3226 3370 3293 praemia
3420 3228 3753 3297 promereri,
3808 3230 3862 3285 si

2260 3312 2465 3368 eisdem
2495 3312 2782 3369 desideriis
2811 3329 2909 3384 pro
2936 3315 3025 3369 Dei
3078 3331 3264 3371 amore
3312 3317 3623 3372 decreveris
3657 3320 3854 3374 reniti.

2259 3405 2329 3459 At
2356 3405 2401 3460 si
2436 3405 2680 3461 abscisus
2707 3421 2767 3461 es
2792 3406 3138 3474 genitalibus,
3162 3409 3248 3464 vel
3275 3409 3327 3463 in
3353 3409 3444 3463 tali
3466 3410 3618 3464 senio
3639 3412 3859 3479 positus

2260 3505 2321 3549 ut
2344 3494 2518 3550 nullas
2539 3495 2650 3565 jam
2679 3497 2863 3551 carnis
2894 3498 3223 3553 tentationes
3250 3509 3306 3553 et
3333 3499 3615 3554 illecebras
3660 3503 3857 3569 patia-

2234 3584 2358 3648 ‘ris,
2385 3585 2528 3639 scias
2548 3583 2752 3654 absque
2785 3585 2951 3640 dubio
2999 3586 3200 3640 nullum
3257 3596 3308 3640 te
3355 3592 3654 3656 promereri
3687 3606 3861 3660 posse

2260 3674 2531 3735 hravium,
2560 3675 2701 3742 quod
2728 3688 2824 3743 pro
2848 3674 3151 3743 hujusmodi
3181 3679 3524 3746 passionibns
3552 3682 3862 3738 devincen—

2258 3765 2342 3818 dis
2362 3774 2577 3819 constat
2603 3765 2952 3834 promissum.
2996 3765 3151 3821 Sicut
3197 3769 3455 3837 scriptum
3497 3773 3856 3829 estzBeatus

2258 3855 2339 3908 vir
2381 3855 2471 3925 qui
2519 3857 2703 3925 stt/fert
2748 3858 3107 3924 tentationem,
3155 3858 3405 3929 quoniam
3445 3877 3561 3914 cum
3591 3864 3859 3933 probatus

2259 3944 2435 4014 fuerit,
2478 3946 2697 4015 accipiet
2738 3963 2985 4001 coronam
3019 3950 3134 4003 vim:
3163 3949 3304 4021 (Jac.
3330 3950 3391 4021 ι).
3425 3950 3633 4019 Quibus
3663 3954 3859 4012 verbis

2256 4051 2379 4093 cum
2407 4038 2746 4107 promittitur
2770 4040 3120 4095 tentationem
3149 4039 3425 4097 suﬂ’erenti
3468 4058 3695 4113 corona,
3751 4046 3862 4102 de-

2258 4138 2486 4199 negatur
2505 4129 2553 4182 ei
2581 4128 2672 4197 qui
2710 4144 2814 4183 non
2851 4129 3061 4185 suffert.
3118 4129 3242 4186 Haec
3273 4147 3489 4203 quoque
3522 4133 3590 4186 de
3628 4137 3856 4191 cunctis

2256 4208 2564 4273 carnalibus
2593 4219 2778 4288 accipe
2807 4220 3083 4275 membris.

2331 4309 2400 4363 11.
2446 4311 2541 4365 llis
2570 4312 2789 4381 quidem
2840 4313 3002 4367 dictis
3047 4322 3233 4382 aperte
3281 4313 3590 4369 declaratur
3637 4327 3852 4384 quanta

2259 4403 2421 4469 male,
2452 4403 2534 4459 vel
2563 4405 2701 4459 bene
2726 4404 2920 4475 agendi
2954 4404 3183 4459 facultas
3206 4405 3258 4458 in
3282 4405 3644 4460 exterioribus
3669 4421 3854 4461 mem-

571 4514 735 4562 tatem
765 4505 1017 4561 collocat.
1051 4504 1127 4558 Ex
1163 4519 1271 4574 quo
1292 4503 1406 4572 jam
1436 4501 1576 4557 bene
1605 4499 1801 4570 agendi
1837 4497 2152 4554 facultatem
2180 4485 2233 4546 Ι)
2259 4494 2370 4549 bris
2393 4495 2676 4550 habeatur.
2718 4493 2825 4550 Sed
2849 4511 2972 4549 cum
3003 4495 3068 4549 de
3110 4495 3462 4550 interioribus
3491 4495 3646 4565 longe
3684 4495 3854 4552 aliter

569 4598 723 4667 quasi
762 4612 859 4668 pro
890 4611 1114 4650 munere
1160 4595 1437 4664 accipiens
1483 4599 1665 4663 gustat
1718 4606 1880 4662 quam
1935 4590 2156 4645 «suavis

570 4698 655 4743 est
682 4687 939 4742 Dominus
959 4704 978 4736 ι
1015 4694 1070 4740 et
1088 4699 1250 4753 quam
1279 4701 1297 4734 ι
1320 4697 1485 4737 suave
1508 4681 1579 4736 sit
1597 4679 1785 4750 jugum
1815 4678 1933 4747 ejus
1950 4698 1970 4730 ο
1999 4678 2155 4748 nihil-

570 4795 677 4850 que
717 4780 888 4849 magis
919 4777 1192 4834 desiderat
1224 4790 1388 4845 quam
1421 4781 1481 4828 ut
1509 4773 1562 4827 in
1594 4770 2051 4841 contemplatione
2072 4770 2153 4825 di-

568 4871 694 4925 vina
719 4870 1002 4925 consistat.
1310 4856 1312 4860 ’
1834 4861 1840 4865 ’

643 4962 775 5031 Quae
799 4963 980 5017 omnia
1027 4961 1153 5031 quia
1185 4959 1498 5015 inconstans
1551 4965 1607 5012 et
1657 4954 1892 5010 inﬁdelis
1941 4955 2157 5025 ignorat

572 5069 670 5127 per
694 5053 1108 5124 experientiam,
1139 5052 1334 5107 merito
1354 5050 1639 5121 ignoratur
1677 5056 1733 5103 et
1760 5047 1954 5102 merito
1982 5047 2155 5102 obeat-

574 5155 728 5203 catus
748 5145 981 5201 laborat.
1008 5144 1198 5199 Nullus
1220 5158 1351 5214 ergo
1376 5143 1482 5206 his,
1508 5139 1663 5211 quasi
1695 5154 1795 5207 pro
1841 5138 2157 5207 conjectura

582 5255 725 5305 mea,
754 5239 913 5293 dictis
938 5236 1170 5301 difﬁdat,
1204 5236 1297 5291 sed
1327 5234 1611 5288 attendens
1666 5231 1840 5301 ipsum
1871 5229 2176 5284 Dominum'

578 5332 849 5362 A:nnnlnm
883 5347 895 5359 .
929 5327 1117 5362 nmn;n
1147 5323 1418 5362 κηρεὸΙιὸΙὸη
1449 5331 1562 5362 cum
1593 5321 1819 5362 prudenti
1841 5318 2148 5362 ("nrani-

2257 4587 2327 4640 sit
2353 4586 2714 4652 sentiendum,
2746 4586 2870 4655 quia
2902 4585 3031 4639 nihil
3062 4585 3132 4639 ibi
3161 4585 3453 4640 carnaliter
3484 4594 3568 4639 est
3618 4586 3850 4642 abscin-

2256 4679 2512 4743 dendum,
2556 4679 2829 4746 quomodo
2874 4692 3036 4747 supra
3081 4677 3223 4732 dicta
3278 4675 3507 4732 facultas
3552 4675 3623 4731 ibi
3671 4679 3852 4747 possit

2254 4782 2373 4823 esse
2398 4766 2559 4837 cupio
2578 4773 2893 4838 agndscere.
3174 4766 3178 4770 ”

2798 4877 3030 4935 CAPUT
3079 4876 3292 4933 XXXII.

2253 4967 2333 5023 De
2360 4968 2597 5022 interiori
2623 4970 2850 5023 hominis
2876 4970 3001 5024 bene
3029 4970 3224 5023 malcve
3248 4968 3437 5038 agendi
3459 4966 3738 5037 facultate,
3791 4979 3849 5025 et

2622 5048 2623 5055 ‘
2690 5040 2754 5093 de
2793 5040 3185 5094 circumcisione
3213 5038 3405 5093 cordis.

2327 5130 2471 5185 Odit.
2504 5130 2781 5185 Interioris
2812 5130 3050 5185 hominis
3077 5131 3309 5186 facultas
3331 5131 3398 5185 ad
3448 5128 3632 5184 omnia
3692 5138 3847 5187 tanto

2256 5233 2341 5280 cst
2364 5222 2533 5292 major
2557 5231 2759 5291 quanto
2783 5217 2977 5276 natura
2998 5222 3114 5291 ejus
3135 5222 3502 5292 praestantior.
3544 5222 3637 5277 Ille
3693 5224 3844 5278 enim

2259 5315 2411 5362 nlnrn
2440 5313 2593 5362 vitia.
2634 5312 2818 5362 idest.
2868 5312 3199 5362 snnerbiam-
3253 5316 3631 5362 eenminxiam-
3682 5316 3842 5362 iram-
