3998 5450
216 340 300 395 l0I
1155 335 1422 390 DIAI.OG.
1466 334 1552 388 DE
1593 332 1844 389 TRIBUS
1881 331 2432 398 QUES'I’IONIBUS.

3339 339 3448 392 I02

212 448 429 501 virtutes
459 442 723 515 contingit
755 444 982 507 actione,
1013 443 1116 497 nisi
1148 459 1266 513 qua:
1294 442 1515 496 interior
1536 442 1782 511 concepit
1807 449 1854 504 Α
1876 440 1997 509 jora
2025 457 2122 510 pro
2151 442 2251 497 hac
2274 443 2503 512 quilibet
2533 442 2705 499 ﬁdelis
2751 444 2948 500 mereri
2990 445 3128 502 valet
3159 446 3280 503 ﬁdei
3308 462 3443 519 pra:-

211 538 425 597 ralione,
466 545 715 604 excepto,
745 550 863 587 cum
895 535 1142 595 necdum,
1191 534 1331 587 sicut
1379 532 1630 592 infantes.
1681 546 1771 585 ra-

210 627 359 679 tionis
382 640 586 692 capax,
610 626 690 679 vel
715 641 837 679 cum
882 624 1120 693 peccatis
1159 622 1497 693 exigentibus
1550 621 1772 675 insania:

209 718 381 773 morbo
410 717 645 771 laborat.
681 717 907 785 Ideoque
943 716 995 770 in
1021 716 1299 770 interioris
1340 714 1549 767 ratione
1595 713 1772 766 omnis

206 808 488 861 exterioris
515 808 719 876 pendet
750 808 904 860 actio.

265 897 639 950 Abscisionem
664 910 896 965 quoque,
918 895 999 950 vel
1031 895 1496 950 circumcisioncm
1531 893 1640 963 pati
1679 908 1772 964 po-

213 999 304 1043 test
330 992 493 1043 homo
523 990 755 1044 interior
780 990 1237 1054 nunterosicrem,
1292 1005 1452 1057 quam
1508 986 1768 1041 exterior.

206 1080 371 1134 Sedin
401 1079 506 1132 hoc
537 1078 823 1147 utriusth
853 1078 1195 1133 circumcisio
1242 1079 1408 1131 distat
1450 1078 1573 1146 quia
1624 1085 1771 1130 exte-

204 1170 302 1223 rior
331 1184 436 1237 quo
464 1170 592 1238 plus
623 1168 787 1223 fuerit
813 1170 1189 1232 circumcisus,
1224 1184 1289 1223 co
1316 1169 1486 1238 magis
1529 1168 1596 1222 ad
1627 1169 1767 1222 bona

202 1270 249 1313 et
271 1260 399 1311 mala
431 1260 700 1327 explenda
735 1261 975 1313 redditur
1007 1260 1272 1314 inﬁrmus.
1324 1259 1601 1313 Interioris
1638 1273 1770 1313 vero

203 1349 532 1402 circumcisio
590 1349 660 1403 ad
719 1349 847 1403 vitia
892 1348 1105 1419 quidem
1157 1359 1446 1417 utrumque
1496 1348 1766 1402 honi‘nem

201 1438 362 1491 reddit
393 1438 699 1502 inﬁrumm,
729 1442 796 1491 ad
822 1439 1046 1492 virtutes
1090 1448 1269 1492 autem
1316 1438 1570 1491 validum.
1618 1436 1769 1492 Unde

200 1535 247 1580 et
273 1527 355 1579 illa
385 1527 612 1580 omnino
639 1537 725 1581 est
770 1528 1067 1583 exercenda
1099 1544 1218 1598 qua:
1260 1528 1386 1581 vilia
1432 1526 1767 1580 solummodo

202 1615 678 1676 abScidit,virtutcs
702 1627 879 1671 autem
908 1619 1096 1682 nutrit,
1125 1632 1350 1687 qureque
1381 1631 1485 1670 non
1515 1615 1688 1670 solum
1712 1616 1767 1669 in

200 1706 349 1770 Novo,
378 1708 472 1760 sed
506 1708 675 1761 etiam
705 1709 758 1761 iu
794 1706 969 1762 Veteri
1021 1708 1370 1762 Testamento
1401 1706 1641 1775 jubetur,
1684 1715 1766 1760 at-

1877 533 2003 585 mia.
2033 533 2116 586 Ad
2145 533 2260 587 haec
2288 535 2453 590 etiam
2478 537 2655 591 onmis
2684 534 3012 593 Testamenti
3043 537 3253 596 Veteris
3276 541 3447 598 bisto-

1875 622 1952 674 ria
1976 624 2228 691 pertinet,
2256 639 2377 692 quae
2399 626 2691 681 carnaliter
2713 637 2861 696 gesta
2894 629 2965 682 ita
2995 630 3276 687 denuntiat
3304 641 3362 686 ut
3388 632 3441 687 in

1878 713 1960 767 cis
1986 714 2284 783 spiritualis
2315 716 2437 770 vice
2463 717 2869 788 intelligentiam
2898 720 3287 790 exquirendam
3316 721 3445 777 edo-

1873 812 2009 856 ceat.
2051 803 2181 870 Quae
2219 807 2343 875 quia
2384 816 2511 861 sunt
2558 817 2704 862 tanta
2737 816 2794 864 ut
2822 820 2875 864 et
2904 811 3215 879 peritissimi
3245 811 3445 882 quique

1872 894 1959 946 vix
1983 895 2050 947 ad
2079 896 2193 949 lucc
2222 896 2552 952 discutienda
2587 898 2852 953 suﬁiciant
2875 909 2929 954 ct
2960 900 3254 969 ste;.issinte
3284 917 3314 955 a
3341 900 3442 955 Pa-

1873 984 2045 1039 tribus
2089 989 2290 1042 sanctis
2345 990 2686 1057 reperiantur
2728 990 2994 1056 discussa,
3039 992 3289 1047 universa
3323 993 3444 1047 sine

1872 1071 2207 1129 discussione
2233 1077 2596 1144 praeterimus.

1940 1161 1996 1215 In
2032 1163 2312 1219 clementis
2346 1182 2560 1235 quoque
2595 1177 2650 1222 et
2685 1168 2737 1222 in
2775 1169 2935 1223 rebus
2967 1170 3291 1238 quibuslibet
3319 1171 3444 1226 vitm

1868 1254 2185 1320 praesentis,
2234 1270 2330 1308 nec
2376 1272 2480 1310 non
2528 1258 2578 1310 in
2628 1258 3157 1323 consecrationibus,
3207 1260 3437 1314 maxima

1871 1343 2124 1412 mysteria
2164 1345 2530 1401 inveniuntur.
2580 1347 2853 1403 Elementa
2896 1360 3074 1404 autem
3110 1350 3260 1411 dico.
3291 1366 3440 1421 qure—

1869 1448 2081 1501 cunque
2124 1436 2226 1489 sub
2268 1439 2560 1506 corporali,
2596 1440 2675 1493 vel
2719 1439 2972 1495 invisibili
3010 1442 3311 1495 substantia
3337 1443 3437 1497 hu-

1870 1523 2047 1577 manis
2102 1523 2291 1579 usibus
2342 1526 2668 1581 deserviunt.
2722 1527 2872 1583 Unde
2924 1530 3089 1585 etiam
3136 1531 3435 1597 elementa,

1869 1613 2019 1681 quasi
2047 1613 2403 1679 elevamcnta,
2442 1618 2492 1670 ἰιί
2520 1627 2602 1672 est
2633 1620 3006 1687 supplementa
3056 1622 3309 1677 dicuntur
3342 1639 3440 1693 pro

1867 1716 1933 1755 eo
1962 1705 2103 1771 quod
2136 1705 2383 1759 lmmana:
2411 1707 2686 1777 fragilitati
2721 1726 2817 1777 pro
2845 1713 3215 1779 supplemento
3243 1728 3439 1767 conce-

200 1804 413 1850 ωειεηίε
449 1795 690 1851 Ieremia
756 1798 1033 1866 propheta,
1088 1798 1179 1864 qui
1223 1798 1353 1851 dicit
1382 1815 1394 1849 ε
1424 1796 1768 1850 Circumcidi.
1802 1784 1843 1841 Β
1872 1789 2086 1850 ἀυιιιιηυ,
2121 1802 2173 1845 Ill
2205 1793 2304 1857 SOI,
2338 1794 2482 1858 luna,
2511 1797 2697 1861 stellae,
2729 1799 3003 1863 animalia,
3059 1802 3241 1855 bestia!
3280 1811 3441 1856 ρωπο-

198 1888 311 1939 mini
333 1886 582 1951 Domino,
608 1898 656 1939 et
690 1887 897 1953 auferte
919 1890 1182 1957 prtrputia
1205 1889 1439 1941 rordium
1482 1896 1763 1940 restrorttm

198 1976 314 2049 (1η.
338 1980 433 2044 ιν).

267 2069 318 2122 Si
372 2079 557 2122 autem
613 2071 817 2138 quaeris
862 2071 1132 2139 quomodo
1185 2071 1363 2125 cordis
1415 2070 1764 2124 circumcisio

198 2166 386 2228 agatur,
415 2161 569 2214 audi.
601 2161 1039 2230 Quotiescunque
1068 2162 1230 2230 igitur
1256 2159 1449 2214 cﬂ'eros
1475 2160 1634 2213 animi
1666 2160 1765 2213 im-

198 2257 334 2315 petus
359 2247 865 2317 delectationesque
901 2262 1187 2317 perversas
1229 2248 1571 2317 represseris,
1604 2248 1763 2301 toties

198 2338 244 2391 in
264 2339 419 2392 corde
443 2339 632 2408 agitur
671 2340 1013 2393 circumcisio
1051 2339 1138 2393 ubi
1170 2354 1356 2393 eorum
1384 2339 1443 2391 ﬁt
1475 2338 1761 2407 reprcssio,

198 2437 242 2480 et
282 2428 415 2480 unde
459 2432 696 2497 coeperit
741 2444 924 2481 eorum
964 2430 1218 2497 egressio.
1270 2428 1326 2481 In
1365 2429 1525 2481 corde
1567 2428 1762 2496 quippe

196 2518 421 2571 oriuntur
449 2530 506 2573 et
553 2522 623 2573 de
671 2518 834 2574 corde
880 2520 1275 2587 egrediuntur,
1328 2519 1468 2572 sicut
1515 2517 1763 2571 Salvator

197 2621 357 2664 noster
385 2612 436 2664 in
468 2612 769 2682 Evangelio
796 2614 919 2666 dicit
948 2631 961 2665 :
993 2612 1067 2666 De
1097 2613 1250 2665 corde
1286 2614 1423 2665 enim
1456 2621 1642 2665 exeunt
1675 2626 1762 2667 co-

195 2701 449 2769 gitationes
487 2701 674 2765 malm,
706 2703 1011 2766 homicidia,
1040 2702 1332 2764 adulteria,
1367 2702 1756 2770 fornicationes,

196 2789 338 2856 farta,
359 2790 501 2859 falsa
534 2793 853 2857 testimonia,
876 2792 1207 2861 blasphemia-
1228 2791 1443 2862 (Matth.
1473 2793 1583 2861 xv).

251 2884 355 2951 Qua
387 2887 454 2939 de
490 2901 559 2939 re
586 2885 861 2954 colligitur
886 2887 1035 2955 quia.
1066 2902 1188 2940 cum
1220 2885 1444 2939 interior
1469 2885 1628 2939 homo
1651 2901 1756 2939 non

195 2991 329 3031 secus
354 2994 588 3048 parvum
631 2979 994 3033 membrorum
1041 2978 1399 3047 corporalium
1454 2993 1755 3045 numerum,

194 3070 272 3123 sed
312 3070 464 3137 juxta
530 3071 780 3124 vitiorum
832 3070 1224 3124 multitudinem
1272 3068 1534 3121 inﬁnitam
1585 3067 1755 3122 valeat

193 3158 538 3223 circumcidi,
595 3159 895 3214 innumeris
950 3158 1116 3213 etiam
1173 3157 1351 3211 modis
1394 3164 1574 3225 potest
1617 3157 1756 3210 bene

194 3265 332 3319 agere
373 3267 432 3305 se
476 3250 948 3314 circumcidendo,
994 3250 1079 3303 vel
1128 3249 1270 3303 male
1313 3265 1419 3303 non
1473 3249 1756 3303 circumci-

192 3341 365 3395 denda.
398 3341 545 3396 Nam
570 3342 996 3411 quotiescunque
1019 3340 1264 3394 incitaris
1291 3340 1357 3393 ad
1388 3340 1543 3402 iram,
1577 3338 1657 3391 vel
1689 3338 1756 3392 ad

192 3428 463 3498 luxuriam,
489 3434 580 3486 vel
615 3435 683 3487 ad
711 3433 1112 3503 rependendam
1142 3432 1544 3495 contumeliam,
1575 3430 1657 3483 vel
1688 3431 1754 3486 ad

193 3526 484 3589 avaritiam,
538 3524 621 3579 vel
672 3525 739 3579 ad
785 3524 1199 3587 inﬁdelitatem,
1254 3522 1337 3577 vel
1388 3525 1455 3576 ad
1505 3522 1755 3590 quaelibet

192 3615 335 3679 vitia,
363 3617 407 3670 si
442 3618 568 3671 haec
615 3615 887 3670 constanti
938 3616 1119 3669 animo
1154 3614 1425 3682 respueris
1462 3623 1517 3668 et
1544 3629 1640 3683 pro
1668 3613 1765 3675 his

194 3707 489 3772 respuendis
525 3705 733 3759 Domini
772 3704 1036 3758 auxilium
1065 3704 1376 3773 quaesieris,
1411 3703 1570 3757 toties
1614 3704 1753 3757 bene

194 3791 307 3850 facis
339 3806 393 3852 et
425 3812 693 3852 coronam
735 3796 859 3851 vita:
894 3796 1144 3866 perennis
1184 3796 1474 3865 promereri
1516 3796 1751 3851 conaris.

194 3882 391 3951 Quoties
416 3896 603 3942 autem
637 3889 751 3943 htec
780 3903 888 3941 non
922 3887 1189 3955 respueris
1215 3896 1270 3940 et
1299 3886 1349 3939 in
1378 3900 1563 3939 eorum
1602 3885 1751 3940 dele-

192 3978 404 4031 ctatione
450 3987 513 4033 et
556 3977 958 4048 perpetratione
995 3977 1313 4031 immoratus
1358 3974 1549 4041 fueris,
1592 3975 1765 4060 toties.

194 4066 314 4121 male
335 4068 451 4138 agis
482 4076 542 4122 et
572 4067 764 4121 inferni
797 4066 1058 4135 supplicia
1090 4065 1435 4134 promcrcris.

721 4175 950 4233 CAPUT
980 4176 1214 4231 XXXIII.

193 4265 317 4323 Deus
346 4271 401 4323 in
420 4272 522 4325 hac
545 4272 648 4324 vita
673 4270 873 4322 idcirco
894 4269 1133 4338 quwdam
1166 4266 1313 4321 nobis
1344 4266 1719 4338 obscura,diﬁi

251 4340 361 4392 cilia
390 4352 436 4393 et
460 4341 675 4394 adversa
710 4340 955 4408 relinquit
987 4350 1053 4408 ut
1070 4338 1216 4391 nobis
1241 4338 1449 4391 occasio
1472 4337 1538 4391 sit
1564 4337 1746 4406 ﬁdem,

251 4425 333 4477 spe
352 4426 382 4461 ιι
412 4421 461 4463 et
486 4412 795 4463 cltaritatem
818 4406 1095 4477 probandi.
1454 4420 1457 4423 '

252 4521 386 4577 Inter
407 4523 519 4576 hare
542 4523 708 4576 etiam
738 4520 1075 4592 pensandum
1101 4528 1184 4574 est
1212 4520 1337 4590 quia
1364 4519 1556 4575 divina:
1580 4519 1752 4589 pieta-

198 4609 255 4663 tis
274 4613 593 4680 dispensatio
622 4613 824 4666 idcirco
852 4610 905 4663 in
932 4610 1031 4664 hac
1059 4611 1165 4664 vita
1196 4610 1438 4679 quaedam
1470 4610 1746 4680 mysteria.

197 4708 239 4751 et
261 4696 482 4756 difﬁcilia
532 4712 587 4757 et
626 4704 861 4756 adversa
895 4699 1136 4769 reliquit,
1165 4709 1226 4753 ut
1257 4700 1309 4753 in
1339 4699 1418 4754 eis
1444 4698 1751 4768 experiatur

197 4790 460 4858 cujuslibet
501 4791 665 4855 ﬁdes,
697 4808 821 4862 spes
863 4799 1024 4859 atque
1061 4791 1323 4855 charitas,
1362 4805 1482 4859 qua:
1513 4804 1616 4843 non
1644 4788 1748 4844 nisi

197 4893 279 4946 per
306 4881 434 4934 dura
464 4890 517 4936 et
551 4897 741 4951 aspera
780 4879 999 4951 probari
1036 4889 1297 4950 possunt,
1334 4888 1389 4934 et
1425 4888 1484 4932 ut
1512 4894 1609 4949 per
1635 4878 1751 4933 lucc

199 4971 539 5039 unusquisque
580 4972 776 5026 habeat
832 4970 1145 5026 facultatem
1200 4979 1362 5040 atque
1407 4970 1743 5025 occasionem

198 5056 319 5115 bene
354 5063 562 5132 agendi,
596 5078 693 5117 nec
726 5077 832 5116 non
866 5062 1206 5130 promerendi
1255 5060 1474 5131 przcmia
1522 5069 1740 5124 aeterna,

203 5164 333 5172 ---ν-η
384 5169 397 5171 κ
442 5165 567 5172 .,-,,.
590 5169 597 5171 λ
644 5164 670 5166 νπ
826 5164 831 5165 ν
861 5164 958 5172 .-γμ
1001 5164 1047 5172 -μή
1089 5164 1100 5172 ι
1151 5164 1246 5172 .-Ανκ
1296 5164 1518 5172 ν..---.-.ι..-
1553 5164 1716 5172 ---ιφ-.-

1780 4479 1827 4537 ῐ)

1869 1895 2035 1948 raque
2068 1882 2393 1950 Itttjttsmodi.
2435 1884 2548 1939 Non
2597 1888 2674 1939 sol
2709 1898 2964 1942 :eteraam
2997 1891 3085 1945 Dei
3130 1902 3183 1944 et
3216 1891 3424 1947 Domini

1866 1971 2036 2022 nostri
2072 1968 2197 2024 Jesu
2225 1972 2425 2026 Christi
2459 1975 2785 2041 claritatem,
2812 1978 2934 2031 luna
2972 1991 3209 2034 Sanctam
3253 1989 3308 2036 ct
3336 1996 3429 2034 ca-

1869 2059 2119 2114 tholicam
2169 2061 2462 2118 Ecclesium
2518 2067 2742 2135 mystice
2788 2068 3106 2137 designant,
3156 2070 3435 2139 quoniam,

1865 2148 2005 2203 sicut
2032 2150 2176 2215 luna,
2208 2152 2282 2205 ita
2311 2162 2363 2206 el
2395 2164 2582 2208 sancta
2608 2156 2870 2221 Ecclesia,
2902 2174 3043 2213 nunc
3071 2160 3425 2225 incrementa,

1866 2254 2009 2294 tmnc
2058 2241 2377 2295 detrimenta
2423 2245 2502 2298 sui
2549 2247 2771 2313 patitur.
2815 2247 2878 2300 Et
2913 2248 3055 2303 sicut
3101 2250 3225 2304 luna
3268 2265 3432 2321 appa-

1869 2342 2020 2386 renle
2047 2334 2295 2387 claritate
2328 2334 2457 2390 solis
2487 2337 2709 2391 minime
2746 2338 2910 2403 lucet,
2941 2341 3222 2395 occidente
3249 2351 3429 2396 autem

1868 2435 1989 2473 tuox
2031 2420 2212 2474 lucere.
2244 2426 2401 2485 solet,
2442 2424 2509 2476 ita
2542 2432 2593 2475 cl
2624 2425 2881 2487 Ecclesia,
2910 2427 3103 2480 divimc
3149 2429 3433 2497 pet-feetio-

1867 2512 1951 2564 nis
1980 2512 2212 2565 claritati
2242 2522 2551 2581 comparata
2573 2553 2587 2576 ,
2635 2515 2832 2567 nullam
2876 2515 3098 2583 justitize
3130 2517 3297 2572 lucem
3333 2520 3433 2573 ha-

1864 2602 1983 2663 bet;
2032 2621 2126 2674 per
2164 2620 2221 2658 se
2264 2621 2410 2667 Vero,
2442 2607 2603 2660 idest
2653 2607 2793 2660 inter
2823 2609 3094 2671 mortales,
3141 2590 3431 2664 virtutibus

1864 2692 2111 2762 plurimis
2151 2693 2311 2747 lucet.
2342 2692 2523 2749 Stella:
2553 2694 2795 2764 singulos
2818 2711 3062 2765 quosque
3096 2709 3310 2751 sanctos
3338 2699 3437 2753 de-

1866 2795 2074 2849 notant,
2115 2785 2242 2855 quia
2276 2786 2416 2840 sicut
2457 2786 2610 2841 stella
2660 2785 2835 2842 diﬁ‘ert
2866 2806 2893 2841 a
2924 2789 3075 2843 stella
3105 2790 3348 2845 claritate
3379 2791 3428 2862 (I

1864 2875 1984 2930 Cor.
2015 2882 2129 2944 xv),
2174 2879 2246 2932 ita
2288 2887 2344 2933 et
2370 2890 2591 2933 sanctus
2627 2879 2851 2949 quilibet
2881 2881 2947 2934 ab
2972 2881 3196 2937 alterius
3234 2884 3433 2938 sumti-

1865 2978 1992 3022 tate.

1880 3072 1885 3077 ‘
1929 3059 2194 3115 Animalia
2245 3077 2374 3118 vero
2422 3062 2550 3118 illud
2602 3066 2825 3136 mystice
2855 3066 3160 3134 designant,
3201 3076 3257 3122 ut
3293 3068 3434 3124 sicut

1784 3135 1829 3196 C
1863 3151 1977 3221 ipsa
2006 3153 2188 3213 usibus
2220 3154 2385 3207 variis
2414 3135 2688 3210 hominum
2719 3157 2957 3225 subjecta
3012 3158 3139 3212 nihil
3191 3161 3432 3214 renitun-

1859 3250 1968 3305 tur,
2017 3244 2110 3297 sed
2161 3260 2333 3314 usque
2370 3246 2435 3297 ad
2487 3256 2713 3301 mortem
2747 3250 3042 3317 patiuntur,
3079 3249 3150 3303 ita
3179 3261 3234 3305 et
3270 3250 3432 3306 homo

1857 3333 2106 3400 potestati
2159 3335 2352 3389 divin-.1:
2399 3351 2495 3404 per
2538 3338 2717 3390 omnia
2757 3339 2971 3393 studeat
3005 3339 3253 3396 subditus
3286 3328 3445 3398 esses

1858 3420 2010 3476 Unde
2037 3422 2318 3479 Psaltnisla
2349 3426 2514 3479 dicit:
2542 3425 2921 3496 Utjmnentum
2941 3429 3113 3498 factus
3141 3445 3257 3483 sum
3284 3430 3426 3499 apud

1855 3521 1904 3565 te
1929 3509 2099 3581 (Psol.
2127 3516 2318 3582 Lxxu),
2346 3529 2409 3568 ac
2438 3515 2481 3568 si
2512 3514 2695 3584 aperte
2722 3516 2922 3570 diceret
2948 3533 2961 3569 :
2991 3516 3140 3571 Sicut
3173 3518 3302 3573 mihi
3338 3520 3427 3589 ju-

1853 3610 2094 3655 mentmn
2127 3616 2302 3655 mequ
2327 3602 2378 3656 in
2407 3604 2656 3656 omnibus
2677 3613 2754 3658 est
2785 3604 3109 3673 subjectum,
3136 3608 3209 3660 ita
3238 3615 3292 3660 et
3322 3624 3424 3676 ego

1855 3689 1951 3745 tibi
1994 3691 2220 3745 subesse
2270 3689 2407 3744 volo.
2440 3690 2593 3756 Quod
2626 3701 2804 3746 autem
2828 3692 3068 3760 jumenta
3111 3703 3218 3749 tam
3248 3696 3426 3750 occisa

1854 3792 2017 3846 quam
2048 3781 2171 3833 viva
2201 3778 2268 3832 ad
2302 3793 2429 3834 usus
2465 3780 2700 3834 hominis
2736 3780 3002 3850 quoslibet
3039 3781 3297 3849 elliciunt,
3325 3781 3427 3837 hoc

1854 3870 2138 3941 designare
2164 3871 2375 3926 videtur
2398 3872 2540 3941 quod
2565 3872 2829 3942 scriptum
2856 3884 2937 3928 est
2962 3891 2974 3927 :
3003 3874 3127 3941 quia
3156 3875 3261 3929 sive
3299 3874 3428 3929 vivi-

1852 3976 1992 4025 mars,
2023 3962 2127 4015 sive
2160 3963 2439 4026 morimur,
2466 3961 2677 4015 Domini
2706 3980 2888 4019 sumus
2913 3962 3083 4035 (Rom.
3111 3966 3245 4037 xlv).
3277 3964 3430 4021 Sicut

1887 4053 1998 4108 nim
2037 4054 2090 4107 in
2123 4062 2389 4124 potestate
2417 4054 2652 4110 hominis
2679 4065 2764 4112 est
2808 4057 3010 4111 animal
3055 4073 3211 4112 suum
3240 4056 3321 4113 vel
3348 4058 3427 4112 vi-

1852 4158 2000 4208 vum,
2036 4144 2120 4199 vel
2155 4145 2394 4200 occisum
2426 4146 2491 4200 ad
2515 4146 2811 4215 quemlibet
2846 4163 2999 4202 usum
3034 4156 3241 4217 aptare,
3272 4148 3347 4203 ita
3372 4157 3429 4203 et

1849 4242 2090 4303 potestas
2120 4236 2213 4290 Dei
2247 4245 2330 4291 est
2360 4252 2459 4291 nos
2495 4237 2547 4291 in
2574 4236 2675 4293 hac
2721 4238 2827 4292 vita
2857 4247 2909 4293 et
2939 4239 2990 4292 in
3022 4237 3199 4293 futura
3222 4238 3427 4310 positos

1851 4324 1991 4389 loco,
2021 4340 2129 4394 quo
2156 4326 2294 4390 vult,
2319 4327 2617 4383 destinare.

1926 4416 2114 4470 Bestiae
2159 4416 2463 4485 signiﬁcant
2512 4418 2720 4472 feroces
2768 4425 2822 4471 et
2863 4416 3143 4472 instabiles
3168 4432 3447 4488 quorum-'

1855 4506 1976 4560 dam
2005 4508 2236 4569 animos,
2271 4509 2393 4576 quia
2424 4510 2559 4563 sicut
2594 4510 2777 4564 bestico
2808 4509 2948 4562 nulla
2983 4510 3191 4565 ratione
3222 4511 3424 4567 νει.ἀί-

1852 4596 2080 4665 sciplina
2129 4597 2487 4661 cohibentur,
2540 4599 2634 4653 sed
2688 4614 3011 4669 quocunque
3054 4614 3146 4655 eas
3195 4587 3426 4672 impetus

1854 4686 2191 4752 voluntatis,
2242 4686 2327 4741 vel
2374 4703 2534 4743 casus
2590 4688 2899 4759 impulerit,
2953 4689 3074 4744 illuc
3122 4690 3429 4760 praecipites

1851 4776 2139 4843 feruntur,
2186 4778 2257 4833 ita
2305 4786 2361 4834 et
2408 4779 2790 4850 indiscipliuati
2857 4788 2910 4834 et
2956 4780 3177 4849 inquieti
3241 4780 3422 4836 laxata

1852 4878 2055 4933 mente,
2106 4868 2197 4923 ubi
2247 4869 2461 4935 volunt,
2503 4880 2768 4942 vagantur
2819 4868 2961 4942 [cod.
2991 4870 3167 4933 Cruc.,
3202 4870 3290 4924 ubi
3332 4871 3427 4926 ubi

1844 4957 2153 5030 vagantur].
2180 5014 2197 5023 ,

1918 5052 2044 5107 llaec
2076 5052 2241 5121 igitur
2272 5069 2445 5123 pauca
2477 5051 2543 5106 de
2570 5052 2954 5109 elementorum
2988 5049 3257 5121 mysteriis
3283 5049 3425 5104 dixi-

1847 5156 1967 5172 ".I‘n
2037 5142 2403 5170 nn':-\nlnnnlnn
2450 5142 2653 5170 magr.-.‘
2706 5141 2995 5170 ,ιιΑξΑ-Ξι---η
3049 5138 3140 5168 «At.
3185 5153 3306 5168 Λιιικ
3336 5139 3422 5168 ἐἶθ
