3998 5450
501 267 524 318 1
540 265 606 318 1Ὗῦ

1498 262 1793 318 oritLoxt
1839 260 2141 316 noxiam
2184 261 2240 315 s.
2282 263 2702 321 EMMERAMMI
2778 242 2782 246 ’

3664 267 3749 324 101

497 385 700 443 menta,
735 377 829 433 sed
861 376 1018 433 alicui
1064 375 1381 430 substantiae
1431 375 1728 428 accidentia
1780 371 2071 434 intellectu,
2103 385 2154 444 Α
2183 384 2239 425 ιιι
2263 375 2374 442 ipse
2397 377 2542 430 nullo
2565 379 2822 448 indigeat,
2847 379 2965 433 sine
2991 380 3106 450 ipso
3130 378 3272 435 nulla
3305 388 3481 435 autem
3510 391 3747 438 creatura

493 469 580 525 vel
618 477 740 522 actu
783 468 900 523 solo
936 468 1242 537 capiuntur,
1277 473 1335 519 ut
1376 480 1656 528 numerus,
1705 462 1821 518 dies
1855 471 1910 518 et
1949 478 2079 530 nox,

495 561 723 632 languor
770 567 823 614 et
876 559 1165 622 medicina,
1211 559 1365 627 capia
1414 567 1463 612 et
1507 557 1732 627 penuria
1775 565 2085 625 caeteraque

498 651 644 705 talia.
701 650 832 718 Qua:
884 649 1138 703 nimirum
1192 648 1376 702 omnia
1421 646 1545 701 licet
1583 647 1738 717 juxta
1787 646 2083 700 dialecticae

497 743 632 797 artis
663 742 1018 796 subtilitatem
1071 741 1405 811 distinguere
1456 754 1742 808 nequeam,
1798 754 1902 792 non
1937 739 2078 792 enim

499 834 671 888 merui
731 833 1124 901 illiusdtaberc
1171 833 1442 895 notitiam,
1493 831 1536 885 si
1587 840 1764 883 tamen
1813 827 2080 884 sententia

490 922 642 991 juxta
687 940 891 978 morem
934 938 1102 976 sacrre
1134 922 1431 991 Scriptura:
1473 921 1816 990 aliquatenus
1844 920 2082 990 profera-

497 1026 606 1080 tur,
635 1025 760 1085 peto
793 1031 858 1069 ne
887 1027 1108 1085 propter
1151 1015 1508 1068 rusticitatem
1556 1013 1820 1067 sermonis
1863 1027 2080 1081 respua-

495 1117 602 1171 tur,
631 1123 752 1162 cum
783 1116 994 1162 constet
1040 1107 1298 1176 plurimos
1337 1105 1736 1159 ecclesiasticos
1784 1106 2079 1174 scriptores

495 1217 683 1269 parum
741 1199 1044 1253 excoluisse
1121 1198 1499 1261 dialecticam,
1558 1197 1771 1251 etiamsi
1829 1195 2082 1250 noverint

496 1292 672 1355 illam.
699 1291 1003 1345 Maluerunt
1048 1305 1280 1358 namque
1323 1289 1482 1358 plano
1505 1303 1666 1358 quam
1704 1288 1934 1341 obscuro
1964 1301 2073 1341 scr-

499 1399 656 1436 mouc
682 1382 982 1452 spiritualia
1013 1381 1275 1451 proferre.
1310 1380 1462 1436 Unde
1486 1389 1537 1434 ct
1565 1387 1785 1434 sanctus
1813 1377 2078 1448 Hierony-

498 1491 616 1529 mus
665 1475 830 1528 dicit:
863 1475 985 1529 Sitit
1035 1473 1125 1527 alii
1171 1471 1380 1538 diserti,
1429 1470 1719 1526 laudentur
1765 1479 1822 1524 ut
1869 1471 2074 1535 volunt,

488 1574 546 1618 et
580 1564 779 1619 inﬂatis
809 1563 998 1617 buccis
1030 1562 1339 1632 spumantia
1393 1562 1556 1616 verba
1605 1560 1892 1622 lrutiueut;
1946 1559 2074 1613 ntilti

492 1654 685 1719 sufﬁcit
725 1654 802 1709 sic
845 1653 986 1722 loqui
1031 1663 1089 1706 ιιι
1135 1652 1428 1717 intelligar,
1469 1661 1523 1704 et
1568 1660 1624 1704 ut
1671 1652 1736 1704 de
1777 1649 2077 1718 Seripturis

494 1751 772 1818 disputans
803 1748 1206 1816 Scripturarum
1254 1745 1434 1800 imiter
1466 1743 1888 1812 simplicitatem.
1929 1742 2074 1795 ldent
2106 1742 2151 1802 Β

489 1856 703 1909 quoque
751 1839 916 1900 alibi,
965 1839 1132 1902 Deus,
1191 1838 1399 1907 inquit,
1457 1851 1647 1890 sensus
1697 1835 1866 1906 magis
1914 1850 2074 1903 quam

488 1934 648 1985 verba
682 1931 929 1999 requirit.
973 1928 1097 1982 llzec
1146 1939 1327 1984 autem
1376 1928 1498 1983 ideo
1550 1926 1722 1987 intuli,
1767 1936 1824 1979 ut
1864 1925 1908 1978 si
1955 1925 2076 1994 quis

486 2025 626 2078 forte.
674 2039 757 2078 me
799 2022 1163 2091 reprehendat
1226 2039 1338 2076 rem
1392 2021 1728 2075 solummodo
1791 2036 1887 2089 pro
1932 2020 2074 2073 acci-

485 2114 739 2167 dentibus
770 2114 1040 2181 posuisse,
1071 2130 1234 2182 quam
1265 2113 1481 2182 plurimi
1516 2128 1658 2166 nunc
1694 2125 1792 2181 pro
1825 2113 2075 2166 substan-

487 2207 596 2268 tia,
651 2219 796 2260 nunc
849 2219 946 2273 pro
994 2203 1370 2258 accidentibus
1425 2211 1664 2272 ponunt,
1733 2201 1947 2256 noverit
1990 2215 2076 2254 me

485 2311 677 2354 sensus
716 2295 1122 2366 simplicitatem
1164 2295 1284 2364 plus
1326 2311 1488 2366 quam
1529 2296 1817 2350 verborum
1859 2293 2073 2349 subtili-

485 2397 650 2443 tatem
683 2404 956 2458 exponere
985 2388 1120 2442 velle
1153 2388 1420 2457 simulque
1463 2386 1600 2440 sciat
1631 2385 1755 2455 quia
1797 2385 1848 2439 in
1878 2384 2074 2453 aliqui-

481 2481 585 2535 bus
615 2475 928 2534 auctoribus
970 2481 1072 2543 ita,
1113 2487 1169 2532 ut
1215 2495 1243 2532 a
1280 2495 1364 2532 me
1395 2479 1598 2532 dictum
1630 2484 1748 2537 est,
1778 2475 2071 2528 invenitur.

486 2573 582 2628 llis
621 2587 750 2640 ergo
785 2572 1110 2641 pra-missis,
1149 2568 1262 2636 jam
1305 2570 1372 2622 ad
1420 2569 1629 2622 naviter
1671 2565 2070 2634 propositorum

481 2664 738 2735 mysteria
778 2660 1118 2716 discutienda
1168 2659 1470 2723 accedens,
1508 2657 1559 2710 in
1590 2656 1782 2728 primis
1807 2653 1934 2724 quid
1969 2670 2072 2706 nu-

480 2771 668 2808 merus
692 2753 966 2824 signiticet
993 2752 1176 2805 dicere
1206 2749 1349 2803 volo.

1009 2859 1237 2916 CAPUT
1288 2856 1532 2913 XXXIV.

480 2953 560 3008 De
589 2953 848 3023 mysteriis
881 2963 1238 3023 numerorum,
1269 2949 1324 3002 in
1351 2947 1535 3023 primis
1567 2943 1786 3023 unitatis
1816 2953 1864 3023 ct
1899 2953 2072 3023 terna-

558 3011 665 3084 ιθὶἱῖ
683 3025 940 3093 quomodo
972 3011 1318 3075 sanctissima:
1351 3011 1626 3073 Trinitatis
1661 3025 1710 3069 et
1733 3011 1960 3068 Uuituti:
1983 3030 2072 3066 co-

469 3123 472 3126 ν
557 3097 835 3164 quitiouem
868 3093 1151 3146 deducant.

498 3219 508 3230 '
550 3205 820 3260 Numerus
849 3203 995 3258 enim
1027 3218 1151 3256 cum
1187 3200 1457 3256 maximus
1498 3199 1569 3254 sit
1599 3198 1795 3254 divinae
1825 3197 2068 3254 scientire

480 3295 713 3359 delator,
755 3295 1034 3348 insinuans
1070 3293 1228 3347 nobis
1255 3306 1347 3362 per
1381 3306 1437 3345 se
1467 3289 1739 3358 quomodo
1770 3290 1910 3344 Deus
1937 3304 2072 3342 cun-

467 3397 570 3443 ‘cta
625 3387 726 3440 sub
781 3400 1034 3440 mensura
1084 3393 1139 3438 et
1183 3383 1436 3454 pondere-
1469 3393 1633 3451 atque
1677 3379 1869 3436 ordine
1919 3389 2068 3434 certo

479 3483 677 3536 habeat
718 3476 870 3548 (δίῳ.
912 3481 1044 3548 xi),
1095 3484 1299 3546 quanto
1349 3472 1620 3528 efficacius
1681 3471 1863 3527 omnia
1917 3487 2067 3526 eom-

461 3558 800 3643 tprehendit,
833 3577 983 3622 tanto
1012 3565 1389 3636 prtestantiora
1428 3563 1679 3633 mysteria
1719 3561 1877 3632 gerit.
1926 3561 2069 3627 Quo-

483 3681 598 3718 rum
631 3678 730 3732 ego
772 3661 1057 3728 imperitus
1085 3658 1166 3712 vel
1209 3657 1386 3725 aliqua
1437 3654 1558 3708 ideo
1587 3668 1859 3723 exponere
1898 3641 2069 3721 gestio

483 3764 545 3807 ut
584 3754 708 3815 illis,
748 3750 837 3820 qui
885 3749 1110 3803 scientia
1149 3747 1299 3799 varia
1343 3743 1629 3807 instructi,
1667 3744 1721 3798 in
1749 3743 2071 3812 multiplica-

481 3849 626 3901 tione
653 3855 708 3900 et
731 3843 998 3897 divisione
1029 3839 1239 3894 muneri
1273 3853 1392 3893 sese
1417 3838 1571 3907 juxta
1603 3837 1836 3891 litteram
1871 3835 2069 3889 solum-

478 3942 640 3995 modo
674 3947 931 3992 exercent
974 3949 1340 4007 magnumque
1370 3942 1579 4003 putant,
1616 3933 1658 3987 si
1689 3931 1982 4001 quemlibet
2014 3931 2066 3984 iu

500 4032 621 4087 sola
659 4031 976 4085 numerandi
1016 4028 1204 4097 peritia
1243 4026 1574 4096 praecellant,
1599 4036 1687 4080 aut
1722 4025 2068 4079 incitamenta

491 4121 794 4191 spiritualis
852 4120 1097 4174 exercitii
1155 4120 1459 4188 pra-beam,
1522 4127 1615 4172 aut
1663 4117 2068 4171 excusationem

485 4213 826 4283 negligentiae
854 4211 1117 4265 auferam.
1173 4209 1298 4264 Mihi
1331 4224 1586 4277 namque,
1619 4209 1708 4278 qui
1739 4207 1856 4277 plus
1885 4207 2072 4278 vulga-

485 4308 616 4360 riter
642 4320 803 4373 quam
843 4304 1180 4358 seliolasticm
1217 4303 1351 4357 artis
1380 4301 1538 4369 hujus
1573 4301 1819 4355 notitiam
1849 4315 2069 4370 parvam

479 4397 720 4466 suscepi,
756 4396 990 4464 amplum
1022 4405 1188 4458 esset,
1223 4402 1282 4448 ut
1309 4393 1494 4457 credo,
1526 4391 1894 4447 excusationis
1921 4391 2066 4444 refu-

484 4487 652 4560 gium,
701 4486 864 4539 etiam
904 4484 947 4538 si
978 4484 1180 4537 nullum
1209 4484 1404 4538 exinde
1453 4482 1796 4552 exquirerem
1830 4482 2071 4552 spiritale

486 4577 745 4631 studium.

563 4667 712 4722 Unde
745 4668 788 4720 si
829 4665 1032 4734 aliquid
1069 4664 1445 4718 acditieatiouis
1474 4665 1538 4720 de
1575 4664 1784 4719 muneri
1818 4664 2072 4734 mysterio

483 4767 598 4810 tam
650 4757 930 4824 imperitus
978 4755 1294 4826 protulero,
1347 4766 1495 4809 tanto
1535 4755 1841 4810 evidentius
1887 4754 2074 4823 gratia:

479 4848 682 4901 divina:
717 4849 820 4900 erit
856 4848 1052 4900 donum
1088 4857 1291 4916 quanto
1327 4847 1505 4900 minus
1539 4848 1606 4901 ab
1634 4848 1853 4901 homine
1888 4847 2071 4914 accepi

485 4935 794 5005 lmjusmodi
828 4939 1236 4993 documentum.

559 5030 824 5085 Carterum
861 5033 986 5101 quia
1015 5032 1191 5086 omnis
1227 5046 1482 5087 numerus
1509 5049 1573 5086 ex
1611 5033 1816 5086 unitate
1846 5031 2072 5084 descen-

486 5121 561 5176 dit
594 5131 650 5176 ct
680 5122 878 5186 unitas,
901 5138 996 5190 per
1023 5139 1080 5178 se
1109 5123 1430 5185 subsistens,
1462 5124 1626 5178 t0tius
1654 5123 1862 5178 muneri
1887 5137 2069 5176 semen

483 5229 761 5280 Causaque
787 5214 994 5276 existit,
1017 5215 1080 5268 de
1100 5214 1337 5281 ejusdem
1364 5215 1583 5269 unitatis
1611 5214 1866 5285 mysterio
1893 5215 2072 5281 aliqua

482 5306 786 5348 nnitnluntn
819 5305 925 5348 nm
956 5306 1007 5348 in
1041 5306 1225 5348 nrimii:
1253 5305 1494 5348 nrnfnrrn
1527 5308 1693 5348 anctin

2184 465 2418 520 existere
2447 466 2644 522 valeat.
2675 467 2877 522 Deinde
2907 484 3028 522 cum
3058 469 3198 524 idem
3229 469 3368 526 Deus
3398 473 3747 541 omnipotens,

2184 563 2237 610 et
2263 573 2422 622 unus,
2452 568 2503 612 et
2534 560 2708 614 trintts
2733 577 2746 623 ;
2775 576 2914 612 unus
2943 560 3158 629 quidem
3208 560 3260 614 in
3311 561 3635 625 substantia,
3667 563 3754 618 tri-

2183 665 2283 703 nus
2306 666 2434 703 vero
2478 651 2530 704 in
2574 653 2854 720 personis;
2885 651 3047 705 Pater
3090 652 3353 713 vide‘iect,
3393 665 3446 708 et
3481 654 3666 720 Filius,
3705 665 3754 710 et

2184 739 2436 810 Spiritus,
2484 754 2645 814 atque
2700 746 2840 800 Deus
2883 745 3044 799 Pater
3089 746 3155 800 de
3204 747 3372 808 nullo,
3429 747 3596 802 Filius
3639 764 3754 802 vero

2185 831 2323 895 Deus
2354 834 2418 885 de
2452 835 2606 888 l’atrc
2652 835 2767 889 sine
2797 836 3066 905 passione,
3106 836 3190 889 vel
3234 836 3591 891 diminutione
3625 837 3756 907 getti-

2183 933 2290 990 tus,
2320 935 2372 979 et
2403 943 2497 996 per
2538 928 2708 998 ipsum
2760 944 2920 982 omne
2973 929 3212 994 factum;
3269 927 3505 998 Spiritus
3554 945 3756 999 quoque

2181 1026 2401 1071 sanctus
2432 1034 2535 1070 non
2567 1019 2629 1071 de
2657 1017 2823 1072 Patre
2851 1031 2899 1073 et
2929 1018 3065 1072 Filio
3087 1020 3319 1090 genitus,
3346 1021 3437 1072 sed
3473 1021 3756 1088 procedens

2182 1109 2418 1183 dicatur,
2466 1109 2845 1179 proferendum
2898 1117 2979 1164 est
3031 1111 3129 1164 etsi
3185 1111 3362 1163 minus
3415 1111 3577 1179 digne
3625 1110 3758 1178 (quis

2179 1201 2320 1254 enim
2348 1199 2637 1254 iuetlabilia
2664 1201 2837 1254 valeat
2860 1202 3124 1271 condigne
3155 1201 3250 1254 tari
3274 1201 3318 1263 ?)
3365 1210 3543 1254 tamen
3580 1211 3760 1253 utcun-

2180 1307 2286 1361 que
2312 1291 2567 1360 qualiter,
2602 1294 2714 1347 lncc
2753 1293 2931 1345 omnia
2975 1308 3070 1361 per
3120 1307 3401 1345 numerum
3433 1291 3642 1346 valeant
3677 1293 3759 1346 de-

2179 1383 2400 1449 signari.
2434 1383 2584 1450 Quod
2615 1398 2744 1453 ergo
2773 1399 2871 1452 per
2900 1385 3157 1438 unitatem
3182 1400 3278 1452 per
3298 1400 3355 1438 se
3383 1367 3758 1438 subsistentem

2181 1473 2322 1528 Deus
2353 1490 2491 1529 unus
2525 1491 2620 1545 per
2650 1490 2709 1531 se
2736 1476 2898 1530 etiam
2950 1475 3251 1530 subsistens
3297 1474 3632 1546 designetur,
3656 1474 3761 1545 jam

2178 1565 2450 1637 prolatum
2476 1574 2579 1621 est.

2249 1679 2496 1747 Qualiter
2525 1694 2654 1734 vero
2682 1694 2822 1734 unus
2876 1679 3127 1748 idemque
3161 1679 3305 1733 Deus
3353 1677 3526 1731 trinus
3565 1675 3761 1730 intelli-

2178 1783 2357 1842 gatur,
2388 1788 2485 1841 per
2521 1772 2621 1826 hoc
2647 1771 2879 1841 exprimi
2907 1771 3119 1826 videtur
3145 1769 3270 1838 quia
3309 1769 3516 1838 primus
3546 1768 3760 1835 dicitur,

2179 1866 2320 1919 sicut
2343 1863 2605 1934 scriptum
2635 1873 2717 1918 est
2745 1866 2810 1918 de
2843 1863 2958 1933 ipso
2985 1864 3232 1916 dicente:
3274 1858 3386 1930 Ego
3421 1877 3537 1914 sum
3567 1861 3760 1930 primas

2177 1964 2224 2008 et
2274 1953 2582 2008 novissimus
2631 1953 2813 2025 (Apoc.
2847 1955 2906 2018 ι).
2964 1950 3176 2005 Primus
3225 1951 3369 2006 enim
3422 1966 3527 2006 non
3589 1949 3761 2003 minus

2178 2060 2338 2115 quam
2371 2044 2513 2098 inter
2544 2054 2653 2098 tres
2682 2043 2786 2098 diei
2823 2042 2984 2096 valet.
3035 2042 3131 2096 Ast
3159 2041 3405 2111 quamvis
3431 2041 3495 2093 de
3522 2040 3761 2110 pluribus

2179 2139 2282 2193 dici
2318 2139 2496 2203 liceat,
2527 2137 2682 2191 valde
2709 2145 2887 2191 tamen
2918 2136 3272 2204 incongruum
3299 2141 3498 2197 exstat,
3531 2143 3592 2185 ut
3640 2146 3757 2186 cum

2181 2230 2346 2285 Deum
2373 2229 2602 2284 dicimus
2630 2229 2884 2298 primum,
2912 2228 3011 2281 hoc
3038 2226 3375 2280 solummodo
3404 2224 3470 2278 ad
3500 2232 3762 2278 creatura:

2176 2322 2446 2383 ordinem,
2472 2329 2524 2372 ct
2551 2335 2654 2373 non
2690 2321 2866 2388 potius
2891 2319 2956 2373 ad
2989 2328 3206 2372 ceterum
3249 2316 3533 2370 Trinitatis
3583 2330 3762 2386 perso-

2177 2427 2274 2465 uas
2303 2410 2620 2472 referamus,
2651 2409 2953 2479 praesertim
3000 2425 3119 2462 cum
3153 2409 3333 2462 omnia
3370 2408 3596 2462 relativa
3648 2423 3763 2476 qua:

2175 2504 2240 2557 de
2287 2504 2468 2557 divina
2515 2502 2730 2570 proprie
2761 2503 3013 2555 dicuntur
3055 2500 3378 2563 substantia,
3433 2499 3576 2553 nulla
3613 2511 3760 2554 extra

2175 2609 2232 2646 se
2255 2593 2553 2646 substantia
2581 2594 2645 2645 ad
2668 2609 2818 2646 suam
2846 2593 3116 2661 indigeant
3143 2591 3478 2658 relationem,
3503 2602 3555 2647 ut
3582 2590 3760 2657 Pater,

2171 2695 2227 2741 et
2257 2685 2447 2748 Filius,
2475 2694 2528 2738 et
2552 2685 2783 2754 Spiritus
2813 2695 3054 2740 sanctus.

2244 2795 2370 2850 Haec
2409 2797 2592 2864 itaque
2632 2798 2731 2850 tria
2777 2797 3093 2851 substantia:
3125 2798 3321 2851 divinae
3357 2797 3609 2853 relationi
3637 2816 3765 2855 cou-

2173 2897 2448 2958 gruereut,
2495 2889 2657 2942 etiam
2707 2889 2750 2942 si
2809 2889 2951 2941 nulla
2981 2889 3316 2958 angelorum,
3362 2889 3443 2943 vel
3482 2889 3775 2960 hominum

2173 2979 2473 3034 substantia
2505 2979 2788 3032 existeret.
2822 2979 3005 3048 Neque
3034 2981 3177 3033 enim
3207 2995 3304 3050 pro
3333 2996 3397 3033 eo
3419 2981 3559 3048 quod
3596 2963 3772 3050 ange-I

2094 3070 2254 3148 cius
2314 3078 2370 3124 ct
2429 3071 2627 3136 homo,
2684 3069 2850 3124 Deum
2901 3069 3169 3138 laudans,
3232 3071 3522 3140 aliquando
3591 3073 3768 3127 det’uit

2169 3177 2392 3218 summa:
2440 3171 2764 3231 aeternaeque
2819 3161 3099 3216 Trinitatis
3148 3179 3426 3232 personae;
3481 3166 3764 3219 relationis

2170 3269 2280 3310 sme
2306 3255 2680 3313 convenientia
2720 3269 2956 3322 unquam
2993 3254 3270 3318 carebant,
3308 3255 3448 3309 sicut
3471 3270 3568 3310 nec
3599 3271 3765 3326 aqua,

2171 3348 2224 3400 in
2278 3357 2415 3402 terra
2475 3345 2807 3400 iuhabitabili
2859 3344 3050 3409 ﬂuens,
3109 3346 3230 3400 ideo
3283 3347 3350 3399 ad
3404 3347 3765 3403 hauriendum

2167 3446 2254 3492 est.
2303 3437 2483 3508 inepta
2535 3438 2680 3504 quod
2715 3451 2875 3490 nemo
2930 3437 3003 3492 ibi
3053 3438 3249 3491 exinde
3303 3439 3564 3496 hauriens
3617 3441 3767 3498 inve-

2171 3532 2332 3584 nitur.

2241 3645 2391 3712 Quod
2435 3658 2556 3698 cum
2604 3641 2674 3695 ita
2711 3641 2802 3705 sit,
2840 3639 2906 3695 de
2953 3640 3147 3708 primo,
3200 3641 3341 3708 quod
3395 3643 3585 3710 utique
3620 3647 3766 3700 rela.

2171 3736 2337 3789 tivum
2369 3749 2563 3787 nomen
2595 3740 2700 3794 est,
2755 3746 2853 3785 nec
2903 3731 3078 3784 minus
3107 3747 3267 3801 quam
3303 3732 3367 3786 de
3417 3733 3592 3790 tribus
3624 3739 3768 3793 valet

2170 3826 2272 3880 dici
2308 3827 2446 3880 idem
2479 3825 2636 3877 datur
2665 3821 2907 3891 intelligi.
2935 3820 3064 3875 Nam
3091 3823 3229 3878 sicut
3255 3822 3412 3886 Deus,
3440 3825 3764 3899 priusquam

2171 3920 2238 3972 ab
2269 3918 2374 3971 ullo
2401 3918 2676 3971 diceretur
2707 3916 2868 3978 Deus,
2892 3924 3028 3978 erat,
3064 3915 3135 3970 ita
3165 3917 3328 3970 etiam
3359 3933 3575 3987 semper
3618 3923 3673 3977 in
3709 3941 3768 3978 se

2170 4009 2361 4063 habuit
2390 4009 2531 4062 unde
2575 4008 2781 4077 primus
2822 4006 2924 4061 dici
2969 4008 3254 4076 potuisset,
3299 4008 3352 4061 in
3379 4013 3624 4077 personis
3657 4017 3771 4069 sci-

2173 4100 2298 4156 licet
2342 4101 2532 4155 tribus.
2585 4098 2765 4153 Clarct
2809 4113 2940 4166 ergo
2986 4098 3134 4167 quia,
3168 4115 3289 4152 eum
3324 4099 3488 4154 Deum
3517 4107 3773 4172 omnipo-

2175 4197 2375 4243 teulem
2403 4189 2635 4257 pritnum
2668 4187 2920 4252 fatemur,
2957 4188 3156 4241 trimnn
3188 4188 3351 4242 etiam
3379 4191 3574 4246 exinde
3602 4193 3769 4248 fateri

2175 4282 2486 4337 edocemur.
2531 4267 2544 4277 ’

2247 4396 2352 4452 Sed
2406 4410 2748 4465 summopere
2797 4394 3196 4448 observandmn
3243 4404 3344 4460 ut,
3401 4396 3542 4450 sicut
3593 4396 3767 4452 Deum

2176 4488 2390 4542 Patrem
2428 4496 2688 4540 aeternum
2715 4485 2976 4548 dicentes,
3022 4483 3215 4538 Filium
3256 4499 3469 4555 quoque
3505 4485 3623 4554 (jus
3663 4490 3767 4543 sibi

2168 4587 2505 4631 consternunt
2555 4591 2622 4630 ex
2654 4575 2772 4645 ipsa
2818 4574 2994 4628 Patris
3043 4575 3229 4630 :eterni
3263 4590 3488 4642 persona
3539 4580 3769 4633 credere

2174 4669 2430 4732 solemus,
2485 4670 2556 4723 ita
2603 4669 2788 4733 etiam,
2839 4684 2961 4724 cum
2993 4668 3157 4721 Deum
3193 4666 3407 4722 Patrem
3437 4669 3487 4722 in
3518 4675 3770 4738 personis

2175 4761 2406 4831 primum
2461 4761 2702 4827 aliasque
2756 4759 2950 4814 dehinc
2998 4773 3257 4827 personas
3298 4760 3450 4827 juxta
3513 4762 3767 4818 Ordinem

2176 4851 2436 4914 dicimus,
2469 4850 2668 4903 nullam
2698 4864 2907 4913 carum,
2933 4861 2990 4903 ut
3014 4850 3153 4903 inter
3181 4850 3422 4905 homines
3455 4851 3570 4906 ﬁeri
3601 4855 3764 4918 solet,

2177 4943 2436 5011 temporis
2492 4943 2815 5011 antiquitate
2865 4942 3121 5011 priorem,
3171 4944 3263 4998 sed
3295 4952 3432 4997 totas
3481 4951 3591 4999 tres
3633 4960 3768 5015 pcr-

2178 5050 2362 5093 sonas.
2413 5034 2592 5088 Patris
2621 5043 2676 5087 et
2709 5033 2823 5087 Filii
2872 5042 2928 5086 et
2979 5033 3210 5104 Spiritus
3257 5034 3454 5098 sancti,
3505 5035 3607 5090 sub
3657 5053 3770 5092 uno

2177 5135 2390 5180 mterna:
2462 5123 2744 5178 Trinitatis
2801 5122 3033 5194 primatu
3104 5124 3399 5177 existentes
3451 5126 3766 5194 credamus.

2178 5217 2360 5286 Neque
2389 5218 2532 5272 enim
2569 5231 2636 5268 ex
2665 5231 2729 5268 (νο
2753 5215 2895 5285 quod
2938 5214 3090 5267 nobis
3124 5215 3454 5283 impossibile
3479 5227 3562 5269 est
3586 5219 3771 5274 verbis

2178 5308 2335 5348 cimnl
2358 5309 2517 5348 min-ra
2540 5321 2797 5348 nnrunmc
2823 5304 3000 5348 patris
3021 5316 3075 5348 et
3093 5304 3207 5348 Filii
3227 5314 3275 5348 ρΙ
3301 5304 3537 5348 Quiritum
3561 5310 3740 5348 car-nti
