  <div class='ocr_page' id='page_1' title='image "/cluster/home/n/w/nwhite01/storage/ocr_20150623/146/hvd.32044015471832/058.png"; bbox 0 0 3998 5450; ppageno 0'>
   <div class='ocr_carea' id='block_1_1' title="bbox 262 304 355 359">
    <p class='ocr_par' dir='ltr' id='par_1_1' title="bbox 262 304 355 359">
     <span class='ocr_line' id='line_1_1' title="bbox 262 304 355 359; baseline 0.011 -1"><span class='ocrx_word' id='word_1_1' title='bbox 262 304 355 359; x_wconf 67' lang='lat' dir='ltr'><strong>W5</strong></span> 
     </span>
    </p>
   </div>
   <div class='ocr_carea' id='block_1_2' title="bbox 1219 301 2495 377">
    <p class='ocr_par' dir='ltr' id='par_1_2' title="bbox 1219 301 2495 377">
     <span class='ocr_line' id='line_1_2' title="bbox 1219 301 2495 377; baseline 0.002 -15"><span class='ocrx_word' id='word_1_2' title='bbox 1219 301 1490 363; x_wconf 75' lang='lat' dir='ltr'><strong>DIALOG.</strong></span> <span class='ocrx_word' id='word_1_3' title='bbox 1531 306 1622 362; x_wconf 77' lang='lat' dir='ltr'><strong>BE</strong></span> <span class='ocrx_word' id='word_1_4' title='bbox 1655 306 1915 366; x_wconf 60' lang='grc' dir='ltr'><strong>ΤΗΚΒυὸ</strong></span> <span class='ocrx_word' id='word_1_5' title='bbox 1947 306 2495 377; x_wconf 62' lang='grc' dir='ltr'><strong>ΟΕΑΞΞΉΟΜΠΠΞ.</strong></span> 
     </span>
    </p>
   </div>
   <div class='ocr_carea' id='block_1_3' title="bbox 3420 312 3524 377">
    <p class='ocr_par' dir='ltr' id='par_1_3' title="bbox 3420 312 3524 377">
     <span class='ocr_line' id='line_1_3' title="bbox 3420 312 3524 377; baseline 0.019 -2"><span class='ocrx_word' id='word_1_6' title='bbox 3420 312 3524 377; x_wconf 77' lang='grc' dir='ltr'><strong>ιοο</strong></span> 
     </span>
    </p>
   </div>
   <div class='ocr_carea' id='block_1_4' title="bbox 257 417 3525 496">
    <p class='ocr_par' dir='ltr' id='par_1_4' title="bbox 257 417 3525 496">
     <span class='ocr_line' id='line_1_4' title="bbox 257 417 3525 496; baseline 0.006 -25"><span class='ocrx_word' id='word_1_7' title='bbox 257 420 337 490; x_wconf 71' lang='grc' dir='ltr'><strong>ς·ιί</strong></span> <span class='ocrx_word' id='word_1_8' title='bbox 376 417 613 489; x_wconf 70' lang='lat' dir='ltr'><strong>spiritus</strong></span> <span class='ocrx_word' id='word_1_9' title='bbox 652 428 757 488; x_wconf 86' lang='lat' dir='ltr'><strong>est,</strong></span> <span class='ocrx_word' id='word_1_10' title='bbox 789 432 896 476; x_wconf 87' lang='lat' dir='ltr'><strong>non</strong></span> <span class='ocrx_word' id='word_1_11' title='bbox 937 420 1042 477; x_wconf 84' lang='lat' dir='ltr'><strong>nisi</strong></span> <span class='ocrx_word' id='word_1_12' title='bbox 1085 422 1356 492; x_wconf 84' lang='lat' dir='ltr'><strong>spirituali</strong></span> <span class='ocrx_word' id='word_1_13' title='bbox 1400 422 1625 493; x_wconf 72' lang='lat' dir='ltr'><strong>intelligi</strong></span> <span class='ocrx_word' id='word_1_14' title='bbox 1670 424 1842 480; x_wconf 77' lang='lat' dir='ltr'><strong>valeat</strong></span> <span class='ocrx_word' id='word_1_15' title='bbox 1872 439 1916 492; x_wconf 65' lang='grc' dir='ltr'><strong>Α</strong></span> <span class='ocrx_word' id='word_1_16' title='bbox 1945 423 2179 479; x_wconf 81' lang='lat' dir='ltr'><strong>solemus</strong></span> <span class='ocrx_word' id='word_1_17' title='bbox 2205 425 2480 495; x_wconf 59' lang='lat' dir='ltr'><strong>quaslibet,</strong></span> <span class='ocrx_word' id='word_1_18' title='bbox 2508 434 2565 480; x_wconf 90' lang='lat' dir='ltr'><strong>ut</strong></span> <span class='ocrx_word' id='word_1_19' title='bbox 2585 439 2650 482; x_wconf 75' lang='lat' dir='ltr'><strong>ea</strong></span> <span class='ocrx_word' id='word_1_20' title='bbox 2674 420 2932 496; x_wconf 82' lang='lat' dir='ltr'><strong>sciamus,</strong></span> <span class='ocrx_word' id='word_1_21' title='bbox 2960 442 3069 485; x_wconf 85' lang='lat' dir='ltr'><strong>non</strong></span> <span class='ocrx_word' id='word_1_22' title='bbox 3098 439 3160 485; x_wconf 86' lang='lat' dir='ltr'><strong>ut</strong></span> <span class='ocrx_word' id='word_1_23' title='bbox 3184 429 3525 489; x_wconf 79' lang='lat' dir='ltr'><strong>dissimilitu-</strong></span> 
     </span>
    </p>
   </div>
   <div class='ocr_carea' id='block_1_5' title="bbox 255 508 536 579">
    <p class='ocr_par' dir='ltr' id='par_1_5' title="bbox 255 508 536 579">
     <span class='ocr_line' id='line_1_5' title="bbox 255 508 536 579; baseline -0.004 -16"><span class='ocrx_word' id='word_1_24' title='bbox 255 508 536 579; x_wconf 68' lang='lat' dir='ltr'><strong>sapientia.</strong></span> 
     </span>
    </p>
   </div>
   <div class='ocr_carea' id='block_1_6' title="bbox 316 597 1840 672">
    <p class='ocr_par' dir='ltr' id='par_1_6' title="bbox 316 597 1840 672">
     <span class='ocr_line' id='line_1_6' title="bbox 316 597 1840 672; baseline 0.005 -20"><span class='ocrx_word' id='word_1_25' title='bbox 316 597 535 655; x_wconf 83' lang='lat' dir='ltr'><strong>Prolata</strong></span> <span class='ocrx_word' id='word_1_26' title='bbox 592 601 798 672; x_wconf 74' lang='lat' dir='ltr'><strong>itaque,</strong></span> <span class='ocrx_word' id='word_1_27' title='bbox 855 610 916 656; x_wconf 92' lang='lat' dir='ltr'><strong>ut</strong></span> <span class='ocrx_word' id='word_1_28' title='bbox 963 602 1132 672; x_wconf 85' lang='lat' dir='ltr'><strong>potui,</strong></span> <span class='ocrx_word' id='word_1_29' title='bbox 1184 603 1408 659; x_wconf 73' lang='lat' dir='ltr'><strong>unitatis</strong></span> <span class='ocrx_word' id='word_1_30' title='bbox 1457 612 1513 659; x_wconf 90' lang='lat' dir='ltr'><strong>et</strong></span> <span class='ocrx_word' id='word_1_31' title='bbox 1557 603 1840 659; x_wconf 73' lang='lat' dir='ltr'><strong>Trinitatis</strong></span> 
     </span>
    </p>
   </div>
   <div class='ocr_carea' id='block_1_7' title="bbox 251 692 1841 767">
    <p class='ocr_par' dir='ltr' id='par_1_7' title="bbox 251 692 1841 767">
     <span class='ocr_line' id='line_1_7' title="bbox 251 692 1841 767; baseline 0.002 -20"><span class='ocrx_word' id='word_1_32' title='bbox 251 692 436 747; x_wconf 68' lang='lat' dir='ltr'><strong>divina:</strong></span> <span class='ocrx_word' id='word_1_33' title='bbox 464 692 686 749; x_wconf 78' lang='lat' dir='ltr'><strong>ratione</strong></span> <span class='ocrx_word' id='word_1_34' title='bbox 716 697 960 765; x_wconf 77' lang='lat' dir='ltr'><strong>mystica,</strong></span> <span class='ocrx_word' id='word_1_35' title='bbox 989 692 1275 767; x_wconf 77' lang='lat' dir='ltr'><strong>aggrediar</strong></span> <span class='ocrx_word' id='word_1_36' title='bbox 1296 705 1351 750; x_wconf 87' lang='lat' dir='ltr'><strong>et</strong></span> <span class='ocrx_word' id='word_1_37' title='bbox 1372 697 1475 751; x_wconf 87' lang='lat' dir='ltr'><strong>hoc</strong></span> <span class='ocrx_word' id='word_1_38' title='bbox 1497 696 1841 767; x_wconf 82' lang='lat' dir='ltr'><strong>aliquatenus</strong></span> 
     </span>
    </p>
   </div>
   <div class='ocr_carea' id='block_1_8' title="bbox 250 783 1841 857">
    <p class='ocr_par' dir='ltr' id='par_1_8' title="bbox 250 783 1841 857">
     <span class='ocr_line' id='line_1_8' title="bbox 250 783 1841 857; baseline 0.005 -25"><span class='ocrx_word' id='word_1_39' title='bbox 250 795 495 850; x_wconf 78' lang='lat' dir='ltr'><strong>promere</strong></span> <span class='ocrx_word' id='word_1_40' title='bbox 554 783 815 852; x_wconf 74' lang='lat' dir='ltr'><strong>qttaliter,</strong></span> <span class='ocrx_word' id='word_1_41' title='bbox 839 799 936 854; x_wconf 89' lang='lat' dir='ltr'><strong>per</strong></span> <span class='ocrx_word' id='word_1_42' title='bbox 977 785 1191 839; x_wconf 89' lang='lat' dir='ltr'><strong>numeri</strong></span> <span class='ocrx_word' id='word_1_43' title='bbox 1241 787 1560 857; x_wconf 81' lang='lat' dir='ltr'><strong>mysterium</strong></span> <span class='ocrx_word' id='word_1_44' title='bbox 1587 824 1604 849; x_wconf 94' lang='lat'><strong>,</strong></span> <span class='ocrx_word' id='word_1_45' title='bbox 1669 783 1841 840; x_wconf 77' lang='lat' dir='ltr'><strong>Patris</strong></span> 
     </span>
    </p>
   </div>
   <div class='ocr_carea' id='block_1_9' title="bbox 250 876 1837 949">
    <p class='ocr_par' dir='ltr' id='par_1_9' title="bbox 250 876 1837 949">
     <span class='ocr_line' id='line_1_9' title="bbox 250 876 1837 949; baseline 0.001 -19"><span class='ocrx_word' id='word_1_46' title='bbox 250 876 427 930; x_wconf 58' lang='grc' dir='ltr'>διετιιί</span> <span class='ocrx_word' id='word_1_47' title='bbox 466 877 734 942; x_wconf 72' lang='lat' dir='ltr'><strong>Verbum,</strong></span> <span class='ocrx_word' id='word_1_48' title='bbox 757 891 853 946; x_wconf 89' lang='lat' dir='ltr'><strong>per</strong></span> <span class='ocrx_word' id='word_1_49' title='bbox 881 878 1023 947; x_wconf 90' lang='lat' dir='ltr'><strong>quod</strong></span> <span class='ocrx_word' id='word_1_50' title='bbox 1044 878 1225 933; x_wconf 82' lang='lat' dir='ltr'><strong>omnia</strong></span> <span class='ocrx_word' id='word_1_51' title='bbox 1246 878 1385 933; x_wconf 84' lang='lat' dir='ltr'><strong>facta</strong></span> <span class='ocrx_word' id='word_1_52' title='bbox 1406 888 1532 933; x_wconf 88' lang='lat' dir='ltr'><strong>sunt</strong></span> <span class='ocrx_word' id='word_1_53' title='bbox 1566 876 1747 949; x_wconf 82' lang='lat' dir='ltr'><strong>(Joan.</strong></span> <span class='ocrx_word' id='word_1_54' title='bbox 1775 881 1837 945; x_wconf 82' lang='grc' dir='ltr'><strong>ι),</strong></span> 
     </span>
    </p>
   </div>
   <div class='ocr_carea' id='block_1_10' title="bbox 251 966 1841 1038">
    <p class='ocr_par' dir='ltr' id='par_1_10' title="bbox 251 966 1841 1038">
     <span class='ocr_line' id='line_1_10' title="bbox 251 966 1841 1038; baseline 0.001 -18"><span class='ocrx_word' id='word_1_55' title='bbox 251 968 313 1020; x_wconf 76' lang='lat' dir='ltr'><strong>ab</strong></span> <span class='ocrx_word' id='word_1_56' title='bbox 368 966 492 1036; x_wconf 88' lang='lat' dir='ltr'><strong>ipso</strong></span> <span class='ocrx_word' id='word_1_57' title='bbox 550 968 760 1037; x_wconf 78' lang='lat' dir='ltr'><strong>absque</strong></span> <span class='ocrx_word' id='word_1_58' title='bbox 811 968 979 1037; x_wconf 81' lang='lat' dir='ltr'><strong>ipsius</strong></span> <span class='ocrx_word' id='word_1_59' title='bbox 1049 968 1305 1038; x_wconf 82' lang='lat' dir='ltr'><strong>passione</strong></span> <span class='ocrx_word' id='word_1_60' title='bbox 1354 968 1434 1023; x_wconf 93' lang='lat' dir='ltr'><strong>vel</strong></span> <span class='ocrx_word' id='word_1_61' title='bbox 1484 968 1841 1022; x_wconf 78' lang='lat' dir='ltr'><strong>diminutione</strong></span> 
     </span>
    </p>
   </div>
   <div class='ocr_carea' id='block_1_11' title="bbox 248 1058 1842 1133">
    <p class='ocr_par' dir='ltr' id='par_1_11' title="bbox 248 1058 1842 1133">
     <span class='ocr_line' id='line_1_11' title="bbox 248 1058 1842 1133; baseline 0.001 -19"><span class='ocrx_word' id='word_1_62' title='bbox 248 1058 511 1129; x_wconf 74' lang='lat' dir='ltr'><strong>genitum,</strong></span> <span class='ocrx_word' id='word_1_63' title='bbox 556 1058 796 1130; x_wconf 84' lang='lat' dir='ltr'><strong>Spiritus</strong></span> <span class='ocrx_word' id='word_1_64' title='bbox 847 1076 1062 1133; x_wconf 85' lang='lat' dir='ltr'><strong>quoque</strong></span> <span class='ocrx_word' id='word_1_65' title='bbox 1107 1072 1328 1119; x_wconf 85' lang='lat' dir='ltr'><strong>sanctus</strong></span> <span class='ocrx_word' id='word_1_66' title='bbox 1381 1078 1550 1132; x_wconf 79' lang='lat' dir='ltr'><strong>quare</strong></span> <span class='ocrx_word' id='word_1_67' title='bbox 1598 1078 1702 1118; x_wconf 91' lang='lat' dir='ltr'><strong>non</strong></span> <span class='ocrx_word' id='word_1_68' title='bbox 1751 1079 1842 1133; x_wconf 75' lang='lat' dir='ltr'><strong>ge-</strong></span> 
     </span>
    </p>
   </div>
   <div class='ocr_carea' id='block_1_12' title="bbox 252 1152 1841 1224">
    <p class='ocr_par' dir='ltr' id='par_1_12' title="bbox 252 1152 1841 1224">
     <span class='ocr_line' id='line_1_12' title="bbox 252 1152 1841 1224; baseline 0.003 -18"><span class='ocrx_word' id='word_1_69' title='bbox 252 1152 412 1217; x_wconf 87' lang='lat' dir='ltr'><strong>nitus,</strong></span> <span class='ocrx_word' id='word_1_70' title='bbox 461 1152 564 1207; x_wconf 87' lang='lat' dir='ltr'><strong>sed</strong></span> <span class='ocrx_word' id='word_1_71' title='bbox 591 1153 915 1223; x_wconf 79' lang='lat' dir='ltr'><strong>procedens,</strong></span> <span class='ocrx_word' id='word_1_72' title='bbox 954 1153 1112 1224; x_wconf 76' lang='lat' dir='ltr'><strong>juxta</strong></span> <span class='ocrx_word' id='word_1_73' title='bbox 1149 1154 1308 1210; x_wconf 72' lang='lat' dir='ltr'><strong>{idem</strong></span> <span class='ocrx_word' id='word_1_74' title='bbox 1334 1155 1652 1211; x_wconf 85' lang='lat' dir='ltr'><strong>catholicam</strong></span> <span class='ocrx_word' id='word_1_75' title='bbox 1680 1154 1841 1210; x_wconf 86' lang='lat' dir='ltr'><strong>intel-</strong></span> 
     </span>
    </p>
   </div>
   <div class='ocr_carea' id='block_1_13' title="bbox 250 1245 461 1316">
    <p class='ocr_par' dir='ltr' id='par_1_13' title="bbox 250 1245 461 1316">
     <span class='ocr_line' id='line_1_13' title="bbox 250 1245 461 1316; baseline -0.005 -17"><span class='ocrx_word' id='word_1_76' title='bbox 250 1245 461 1316; x_wconf 70' lang='lat' dir='ltr'><strong>ligatur.</strong></span> 
     </span>
    </p>
   </div>
   <div class='ocr_carea' id='block_1_14' title="bbox 801 1340 1285 1398">
    <p class='ocr_par' dir='ltr' id='par_1_14' title="bbox 801 1340 1285 1398">
     <span class='ocr_line' id='line_1_14' title="bbox 801 1340 1285 1398; baseline 0.002 -1"><span class='ocrx_word' id='word_1_77' title='bbox 801 1340 1032 1398; x_wconf 77' lang='lat' dir='ltr'><strong>CAPUT</strong></span> <span class='ocrx_word' id='word_1_78' title='bbox 1068 1341 1285 1398; x_wconf 73' lang='lat' dir='ltr'><strong>XXXV.</strong></span> 
     </span>
    </p>
   </div>
   <div class='ocr_carea' id='block_1_15' title="bbox 253 1451 1842 1525">
    <p class='ocr_par' dir='ltr' id='par_1_15' title="bbox 253 1451 1842 1525">
     <span class='ocr_line' id='line_1_15' title="bbox 253 1451 1842 1525; baseline 0.003 -19"><span class='ocrx_word' id='word_1_79' title='bbox 253 1451 546 1520; x_wconf 71' lang='lat' dir='ltr'><strong>Quomodo,</strong></span> <span class='ocrx_word' id='word_1_80' title='bbox 598 1472 663 1510; x_wconf 69' lang='lat' dir='ltr'><strong>ex</strong></span> <span class='ocrx_word' id='word_1_81' title='bbox 706 1472 941 1525; x_wconf 79' lang='lat' dir='ltr'><strong>nuntero_</strong></span> <span class='ocrx_word' id='word_1_82' title='bbox 967 1458 1135 1523; x_wconf 75' lang='lat' dir='ltr'><strong>primo</strong></span> <span class='ocrx_word' id='word_1_83' title='bbox 1167 1466 1213 1509; x_wconf 78' lang='lat' dir='ltr'><strong>et</strong></span> <span class='ocrx_word' id='word_1_84' title='bbox 1256 1455 1507 1523; x_wconf 72' lang='lat' dir='ltr'><strong>acritudo,</strong></span> <span class='ocrx_word' id='word_1_85' title='bbox 1539 1456 1644 1525; x_wconf 79' lang='lat' dir='ltr'><strong>ﬁde</strong></span> <span class='ocrx_word' id='word_1_86' title='bbox 1680 1458 1842 1524; x_wconf 75' lang='lat' dir='ltr'><strong>possit</strong></span> 
     </span>
    </p>
   </div>
   <div class='ocr_carea' id='block_1_16' title="bbox 312 1523 1844 1596">
    <p class='ocr_par' dir='ltr' id='par_1_16' title="bbox 312 1523 1844 1596">
     <span class='ocr_line' id='line_1_16' title="bbox 312 1523 1844 1596; baseline 0.003 -22"><span class='ocrx_word' id='word_1_87' title='bbox 312 1527 513 1596; x_wconf 57' lang='lat' dir='ltr'><strong>percipi</strong></span> <span class='ocrx_word' id='word_1_88' title='bbox 553 1527 695 1596; x_wconf 80' lang='lat' dir='ltr'><strong>quod</strong></span> <span class='ocrx_word' id='word_1_89' title='bbox 738 1526 877 1578; x_wconf 80' lang='lat' dir='ltr'><strong>Deus</strong></span> <span class='ocrx_word' id='word_1_90' title='bbox 912 1523 1072 1596; x_wconf 73' lang='lat' dir='ltr'><strong>Pater</strong></span> <span class='ocrx_word' id='word_1_91' title='bbox 1110 1526 1175 1577; x_wconf 82' lang='lat' dir='ltr'><strong>sit</strong></span> <span class='ocrx_word' id='word_1_92' title='bbox 1226 1526 1509 1593; x_wconf 68' lang='lat' dir='ltr'><strong>ingenitus,</strong></span> <span class='ocrx_word' id='word_1_93' title='bbox 1540 1523 1698 1579; x_wconf 68' lang='lat' dir='ltr'><strong>om</strong></span> <span class='ocrx_word' id='word_1_94' title='bbox 1727 1543 1844 1579; x_wconf 81' lang='lat' dir='ltr'><strong>vero</strong></span> 
     </span>
    </p>
   </div>
   <div class='ocr_carea' id='block_1_17' title="bbox 316 1592 1841 1665">
    <p class='ocr_par' dir='ltr' id='par_1_17' title="bbox 316 1592 1841 1665">
     <span class='ocr_line' id='line_1_17' title="bbox 316 1592 1841 1665; baseline 0.001 -18"><span class='ocrx_word' id='word_1_95' title='bbox 316 1592 493 1649; x_wconf 70' lang='lat' dir='ltr'><strong>Filius</strong></span> <span class='ocrx_word' id='word_1_96' title='bbox 516 1592 743 1664; x_wconf 50' lang='lat' dir='ltr'><strong>gamus,</strong></span> <span class='ocrx_word' id='word_1_97' title='bbox 788 1605 839 1648; x_wconf 83' lang='lat' dir='ltr'><strong>et</strong></span> <span class='ocrx_word' id='word_1_98' title='bbox 860 1595 1000 1665; x_wconf 67' lang='lat' dir='ltr'><strong>quod</strong></span> <span class='ocrx_word' id='word_1_99' title='bbox 1025 1611 1119 1664; x_wconf 75' lang='lat' dir='ltr'><strong>per</strong></span> <span class='ocrx_word' id='word_1_100' title='bbox 1146 1592 1291 1649; x_wconf 76' lang='lat' dir='ltr'><strong>hunc</strong></span> <span class='ocrx_word' id='word_1_101' title='bbox 1316 1597 1492 1650; x_wconf 79' lang='lat' dir='ltr'><strong>omnia</strong></span> <span class='ocrx_word' id='word_1_102' title='bbox 1532 1596 1673 1663; x_wconf 63' lang='lat' dir='ltr'><strong>fricta</strong></span> <span class='ocrx_word' id='word_1_103' title='bbox 1714 1597 1841 1650; x_wconf 71' lang='lat' dir='ltr'><strong>siut.</strong></span> 
     </span>
    </p>
   </div>
   <div class='ocr_carea' id='block_1_18' title="bbox 315 1703 1845 1775">
    <p class='ocr_par' dir='ltr' id='par_1_18' title="bbox 315 1703 1845 1775">
     <span class='ocr_line' id='line_1_18' title="bbox 315 1703 1845 1775; baseline -0.001 -14"><span class='ocrx_word' id='word_1_104' title='bbox 315 1703 535 1762; x_wconf 82' lang='lat' dir='ltr'><strong>Scimus</strong></span> <span class='ocrx_word' id='word_1_105' title='bbox 593 1719 834 1775; x_wconf 89' lang='lat' dir='ltr'><strong>namque</strong></span> <span class='ocrx_word' id='word_1_106' title='bbox 882 1720 1072 1761; x_wconf 88' lang='lat' dir='ltr'><strong>omnes</strong></span> <span class='ocrx_word' id='word_1_107' title='bbox 1125 1705 1276 1775; x_wconf 88' lang='lat' dir='ltr'><strong>quia,</strong></span> <span class='ocrx_word' id='word_1_108' title='bbox 1333 1720 1458 1760; x_wconf 89' lang='lat' dir='ltr'><strong>cmn</strong></span> <span class='ocrx_word' id='word_1_109' title='bbox 1516 1706 1583 1759; x_wconf 88' lang='lat' dir='ltr'><strong>ab</strong></span> <span class='ocrx_word' id='word_1_110' title='bbox 1638 1704 1845 1760; x_wconf 70' lang='lat' dir='ltr'><strong>unitate</strong></span> 
     </span>
    </p>
   </div>
   <div class='ocr_carea' id='block_1_19' title="bbox 1943 516 3526 591">
    <p class='ocr_par' dir='ltr' id='par_1_19' title="bbox 1943 516 3526 591">
     <span class='ocr_line' id='line_1_19' title="bbox 1943 516 3526 591; baseline 0.006 -21"><span class='ocrx_word' id='word_1_111' title='bbox 1943 516 2124 572; x_wconf 86' lang='lat' dir='ltr'><strong>dinem</strong></span> <span class='ocrx_word' id='word_1_112' title='bbox 2147 516 2381 587; x_wconf 81' lang='lat' dir='ltr'><strong>aliquam</strong></span> <span class='ocrx_word' id='word_1_113' title='bbox 2412 517 2466 571; x_wconf 91' lang='lat' dir='ltr'><strong>in</strong></span> <span class='ocrx_word' id='word_1_114' title='bbox 2488 517 2571 575; x_wconf 84' lang='lat' dir='ltr'><strong>eis</strong></span> <span class='ocrx_word' id='word_1_115' title='bbox 2599 517 2968 591; x_wconf 72' lang='lat' dir='ltr'><strong>«lesignemus,</strong></span> <span class='ocrx_word' id='word_1_116' title='bbox 3018 522 3090 577; x_wconf 86' lang='lat' dir='ltr'><strong>ita</strong></span> <span class='ocrx_word' id='word_1_117' title='bbox 3136 522 3301 578; x_wconf 87' lang='lat' dir='ltr'><strong>etiam</strong></span> <span class='ocrx_word' id='word_1_118' title='bbox 3330 523 3526 582; x_wconf 70' lang='lat' dir='ltr'><strong>divina</strong></span> 
     </span>
    </p>
   </div>
   <div class='ocr_carea' id='block_1_20' title="bbox 1942 602 3531 679">
    <p class='ocr_par' dir='ltr' id='par_1_20' title="bbox 1942 602 3531 679">
     <span class='ocr_line' id='line_1_20' title="bbox 1942 602 3531 679; baseline 0.005 -19"><span class='ocrx_word' id='word_1_119' title='bbox 1942 602 2226 661; x_wconf 80' lang='lat' dir='ltr'><strong>Trinitatis</strong></span> <span class='ocrx_word' id='word_1_120' title='bbox 2266 620 2515 677; x_wconf 69' lang='lat' dir='ltr'><strong>personat</strong></span> <span class='ocrx_word' id='word_1_121' title='bbox 2540 607 2662 663; x_wconf 87' lang='lat' dir='ltr'><strong>ideo</strong></span> <span class='ocrx_word' id='word_1_122' title='bbox 2700 624 2929 665; x_wconf 84' lang='lat' dir='ltr'><strong>numero</strong></span> <span class='ocrx_word' id='word_1_123' title='bbox 2969 619 3097 667; x_wconf 87' lang='lat' dir='ltr'><strong>sunt</strong></span> <span class='ocrx_word' id='word_1_124' title='bbox 3131 611 3422 679; x_wconf 81' lang='lat' dir='ltr'><strong>distinctte,</strong></span> <span class='ocrx_word' id='word_1_125' title='bbox 3469 623 3531 668; x_wconf 85' lang='lat' dir='ltr'><strong>ut</strong></span> 
     </span>
    </p>
   </div>
   <div class='ocr_carea' id='block_1_21' title="bbox 1940 692 3532 775">
    <p class='ocr_par' dir='ltr' id='par_1_21' title="bbox 1940 692 3532 775">
     <span class='ocr_line' id='line_1_21' title="bbox 1940 692 3532 775; baseline 0.006 -23"><span class='ocrx_word' id='word_1_126' title='bbox 1940 692 2243 752; x_wconf 64' lang='lat' dir='ltr'><strong>eﬂicientim</strong></span> <span class='ocrx_word' id='word_1_127' title='bbox 2282 712 2404 766; x_wconf 74' lang='lat' dir='ltr'><strong>qua:</strong></span> <span class='ocrx_word' id='word_1_128' title='bbox 2449 712 2550 762; x_wconf 82' lang='lat' dir='ltr'><strong>per</strong></span> <span class='ocrx_word' id='word_1_129' title='bbox 2600 712 2694 753; x_wconf 85' lang='lat' dir='ltr'><strong>eas</strong></span> <span class='ocrx_word' id='word_1_130' title='bbox 2719 700 3093 771; x_wconf 80' lang='lat' dir='ltr'><strong>designantur,</strong></span> <span class='ocrx_word' id='word_1_131' title='bbox 3124 704 3281 759; x_wconf 86' lang='lat' dir='ltr'><strong>nobis</strong></span> <span class='ocrx_word' id='word_1_132' title='bbox 3314 719 3532 775; x_wconf 87' lang='lat' dir='ltr'><strong>semper</strong></span> 
     </span>
    </p>
   </div>
   <div class='ocr_carea' id='block_1_22' title="bbox 1941 785 3530 858">
    <p class='ocr_par' dir='ltr' id='par_1_22' title="bbox 1941 785 3530 858">
     <span class='ocr_line' id='line_1_22' title="bbox 1941 785 3530 858; baseline 0.009 -18"><span class='ocrx_word' id='word_1_133' title='bbox 1941 785 2052 841; x_wconf 90' lang='lat' dir='ltr'><strong>sint</strong></span> <span class='ocrx_word' id='word_1_134' title='bbox 2073 795 2213 842; x_wconf 75' lang='lat' dir='ltr'><strong>nota:</strong></span> <span class='ocrx_word' id='word_1_135' title='bbox 2239 796 2405 856; x_wconf 90' lang='lat' dir='ltr'><strong>utque</strong></span> <span class='ocrx_word' id='word_1_136' title='bbox 2431 800 2781 858; x_wconf 63' lang='lat' dir='ltr'><strong>tiersonartnn</strong></span> <span class='ocrx_word' id='word_1_137' title='bbox 2808 792 3054 849; x_wconf 87' lang='lat' dir='ltr'><strong>ordinem</strong></span> <span class='ocrx_word' id='word_1_138' title='bbox 3078 794 3316 851; x_wconf 88' lang='lat' dir='ltr'><strong>debitum</strong></span> <span class='ocrx_word' id='word_1_139' title='bbox 3344 804 3530 854; x_wconf 85' lang='lat' dir='ltr'><strong>tenea-</strong></span> 
     </span>
    </p>
   </div>
   <div class='ocr_carea' id='block_1_23' title="bbox 1944 877 3529 950">
    <p class='ocr_par' dir='ltr' id='par_1_23' title="bbox 1944 877 3529 950">
     <span class='ocr_line' id='line_1_23' title="bbox 1944 877 3529 950; baseline 0.006 -19"><span class='ocrx_word' id='word_1_140' title='bbox 1944 892 2084 943; x_wconf 86' lang='lat' dir='ltr'><strong>mus,</strong></span> <span class='ocrx_word' id='word_1_141' title='bbox 2118 892 2224 933; x_wconf 89' lang='lat' dir='ltr'><strong>non</strong></span> <span class='ocrx_word' id='word_1_142' title='bbox 2250 886 2311 933; x_wconf 85' lang='lat' dir='ltr'><strong>ut</strong></span> <span class='ocrx_word' id='word_1_143' title='bbox 2334 877 2513 937; x_wconf 80' lang='lat' dir='ltr'><strong>ullam.</strong></span> <span class='ocrx_word' id='word_1_144' title='bbox 2551 879 2972 950; x_wconf 68' lang='lat' dir='ltr'><strong>inaequalitatem</strong></span> <span class='ocrx_word' id='word_1_145' title='bbox 3022 884 3078 938; x_wconf 87' lang='lat' dir='ltr'><strong>in</strong></span> <span class='ocrx_word' id='word_1_146' title='bbox 3120 887 3353 938; x_wconf 80' lang='lat' dir='ltr'><strong>essentia</strong></span> <span class='ocrx_word' id='word_1_147' title='bbox 3406 900 3529 941; x_wconf 78' lang='lat' dir='ltr'><strong>cre-</strong></span> 
     </span>
    </p>
   </div>
   <div class='ocr_carea' id='block_1_24' title="bbox 1942 968 3529 1047">
    <p class='ocr_par' dir='ltr' id='par_1_24' title="bbox 1942 968 3529 1047">
     <span class='ocr_line' id='line_1_24' title="bbox 1942 968 3529 1047; baseline 0.005 -24"><span class='ocrx_word' id='word_1_148' title='bbox 1942 968 2136 1026; x_wconf 86' lang='lat' dir='ltr'><strong>damus</strong></span> <span class='ocrx_word' id='word_1_149' title='bbox 2158 970 2356 1025; x_wconf 83' lang='lat' dir='ltr'><strong>ilivina.</strong></span> <span class='ocrx_word' id='word_1_150' title='bbox 2412 970 2671 1039; x_wconf 80' lang='lat' dir='ltr'><strong>Quamvis</strong></span> <span class='ocrx_word' id='word_1_151' title='bbox 2714 974 2857 1025; x_wconf 87' lang='lat' dir='ltr'><strong>enim</strong></span> <span class='ocrx_word' id='word_1_152' title='bbox 2891 987 3055 1027; x_wconf 90' lang='lat' dir='ltr'><strong>unum</strong></span> <span class='ocrx_word' id='word_1_153' title='bbox 3099 974 3172 1029; x_wconf 86' lang='lat' dir='ltr'><strong>sit</strong></span> <span class='ocrx_word' id='word_1_154' title='bbox 3199 990 3361 1030; x_wconf 87' lang='lat' dir='ltr'><strong>omne</strong></span> <span class='ocrx_word' id='word_1_155' title='bbox 3383 974 3529 1047; x_wconf 85' lang='lat' dir='ltr'><strong>quod</strong></span> 
     </span>
    </p>
   </div>
   <div class='ocr_carea' id='block_1_25' title="bbox 1943 1059 3529 1137">
    <p class='ocr_par' dir='ltr' id='par_1_25' title="bbox 1943 1059 3529 1137">
     <span class='ocr_line' id='line_1_25' title="bbox 1943 1059 3529 1137; baseline 0.008 -24"><span class='ocrx_word' id='word_1_156' title='bbox 1943 1059 1997 1114; x_wconf 86' lang='lat' dir='ltr'><strong>in</strong></span> <span class='ocrx_word' id='word_1_157' title='bbox 2044 1061 2226 1116; x_wconf 88' lang='lat' dir='ltr'><strong>divina</strong></span> <span class='ocrx_word' id='word_1_158' title='bbox 2280 1064 2512 1119; x_wconf 81' lang='lat' dir='ltr'><strong>essentia</strong></span> <span class='ocrx_word' id='word_1_159' title='bbox 2564 1070 2798 1128; x_wconf 87' lang='lat' dir='ltr'><strong>constat,</strong></span> <span class='ocrx_word' id='word_1_160' title='bbox 2851 1061 3007 1118; x_wconf 86' lang='lat' dir='ltr'><strong>nobis</strong></span> <span class='ocrx_word' id='word_1_161' title='bbox 3056 1073 3263 1130; x_wconf 88' lang='lat' dir='ltr'><strong>tamen,</strong></span> <span class='ocrx_word' id='word_1_162' title='bbox 3309 1067 3401 1137; x_wconf 87' lang='lat' dir='ltr'><strong>qui</strong></span> <span class='ocrx_word' id='word_1_163' title='bbox 3457 1070 3529 1125; x_wconf 86' lang='lat' dir='ltr'><strong>ab</strong></span> 
     </span>
    </p>
   </div>
   <div class='ocr_carea' id='block_1_26' title="bbox 1944 1149 3528 1222">
    <p class='ocr_par' dir='ltr' id='par_1_26' title="bbox 1944 1149 3528 1222">
     <span class='ocr_line' id='line_1_26' title="bbox 1944 1149 3528 1222; baseline 0.006 -16"><span class='ocrx_word' id='word_1_164' title='bbox 1944 1152 2151 1207; x_wconf 75' lang='lat' dir='ltr'><strong>unitate</strong></span> <span class='ocrx_word' id='word_1_165' title='bbox 2175 1149 2362 1221; x_wconf 91' lang='lat' dir='ltr'><strong>procul</strong></span> <span class='ocrx_word' id='word_1_166' title='bbox 2389 1151 2750 1218; x_wconf 88' lang='lat' dir='ltr'><strong>secernimur,</strong></span> <span class='ocrx_word' id='word_1_167' title='bbox 2799 1167 2936 1222; x_wconf 90' lang='lat' dir='ltr'><strong>opus</strong></span> <span class='ocrx_word' id='word_1_168' title='bbox 2976 1163 3059 1209; x_wconf 89' lang='lat' dir='ltr'><strong>est</strong></span> <span class='ocrx_word' id='word_1_169' title='bbox 3109 1165 3168 1211; x_wconf 91' lang='lat' dir='ltr'><strong>ut</strong></span> <span class='ocrx_word' id='word_1_170' title='bbox 3211 1157 3354 1214; x_wconf 86' lang='lat' dir='ltr'><strong>Deus</strong></span> <span class='ocrx_word' id='word_1_171' title='bbox 3388 1173 3528 1215; x_wconf 83' lang='lat' dir='ltr'><strong>unus</strong></span> 
     </span>
    </p>
   </div>
   <div class='ocr_carea' id='block_1_27' title="bbox 1942 1242 3530 1311">
    <p class='ocr_par' dir='ltr' id='par_1_27' title="bbox 1942 1242 3530 1311">
     <span class='ocr_line' id='line_1_27' title="bbox 1942 1242 3530 1311; baseline 0.006 -15"><span class='ocrx_word' id='word_1_172' title='bbox 1942 1242 2110 1297; x_wconf 85' lang='lat' dir='ltr'><strong>variis</strong></span> <span class='ocrx_word' id='word_1_173' title='bbox 2163 1243 2453 1311; x_wconf 85' lang='lat' dir='ltr'><strong>personis,</strong></span> <span class='ocrx_word' id='word_1_174' title='bbox 2501 1244 2667 1299; x_wconf 78' lang='lat' dir='ltr'><strong>variis</strong></span> <span class='ocrx_word' id='word_1_175' title='bbox 2720 1246 2937 1310; x_wconf 89' lang='lat' dir='ltr'><strong>modis,</strong></span> <span class='ocrx_word' id='word_1_176' title='bbox 2991 1246 3155 1302; x_wconf 89' lang='lat' dir='ltr'><strong>variis</strong></span> <span class='ocrx_word' id='word_1_177' title='bbox 3213 1248 3530 1305; x_wconf 83' lang='lat' dir='ltr'><strong>dill&#39;ercntiis</strong></span> 
     </span>
    </p>
   </div>
   <div class='ocr_carea' id='block_1_28' title="bbox 1943 1333 3528 1406">
    <p class='ocr_par' dir='ltr' id='par_1_28' title="bbox 1943 1333 3528 1406">
     <span class='ocr_line' id='line_1_28' title="bbox 1943 1333 3528 1406; baseline 0.009 -21"><span class='ocrx_word' id='word_1_178' title='bbox 1943 1333 2216 1403; x_wconf 79' lang='lat' dir='ltr'><strong>variisque</strong></span> <span class='ocrx_word' id='word_1_179' title='bbox 2240 1336 2574 1405; x_wconf 78' lang='lat' dir='ltr'><strong>argumentis</strong></span> <span class='ocrx_word' id='word_1_180' title='bbox 2602 1337 3006 1406; x_wconf 85' lang='lat' dir='ltr'><strong>pronuntietur,</strong></span> <span class='ocrx_word' id='word_1_181' title='bbox 3038 1339 3178 1394; x_wconf 88' lang='lat' dir='ltr'><strong>sicut</strong></span> <span class='ocrx_word' id='word_1_182' title='bbox 3217 1349 3272 1394; x_wconf 90' lang='lat' dir='ltr'><strong>et</strong></span> <span class='ocrx_word' id='word_1_183' title='bbox 3308 1341 3528 1401; x_wconf 74' lang='lat' dir='ltr'><strong>infirmo</strong></span> 
     </span>
    </p>
   </div>
   <div class='ocr_carea' id='block_1_29' title="bbox 1944 1422 3528 1495">
    <p class='ocr_par' dir='ltr' id='par_1_29' title="bbox 1944 1422 3528 1495">
     <span class='ocr_line' id='line_1_29' title="bbox 1944 1422 3528 1495; baseline 0.009 -19"><span class='ocrx_word' id='word_1_184' title='bbox 1944 1422 2142 1490; x_wconf 83' lang='lat' dir='ltr'><strong>cuique</strong></span> <span class='ocrx_word' id='word_1_185' title='bbox 2168 1431 2225 1477; x_wconf 90' lang='lat' dir='ltr'><strong>ut</strong></span> <span class='ocrx_word' id='word_1_186' title='bbox 2246 1424 2450 1480; x_wconf 90' lang='lat' dir='ltr'><strong>solidus</strong></span> <span class='ocrx_word' id='word_1_187' title='bbox 2473 1436 2524 1479; x_wconf 91' lang='lat' dir='ltr'><strong>ct</strong></span> <span class='ocrx_word' id='word_1_188' title='bbox 2549 1425 2820 1495; x_wconf 79' lang='lat' dir='ltr'><strong>perfectus</strong></span> <span class='ocrx_word' id='word_1_189' title='bbox 2842 1428 2998 1485; x_wconf 84' lang='lat' dir='ltr'><strong>cibus</strong></span> <span class='ocrx_word' id='word_1_190' title='bbox 3019 1429 3073 1484; x_wconf 89' lang='lat' dir='ltr'><strong>in</strong></span> <span class='ocrx_word' id='word_1_191' title='bbox 3098 1430 3275 1488; x_wconf 87' lang='lat' dir='ltr'><strong>varias</strong></span> <span class='ocrx_word' id='word_1_192' title='bbox 3299 1431 3528 1490; x_wconf 86' lang='lat' dir='ltr'><strong>aliorum</strong></span> 
     </span>
    </p>
   </div>
   <div class='ocr_carea' id='block_1_30' title="bbox 1945 1511 3537 1593">
    <p class='ocr_par' dir='ltr' id='par_1_30' title="bbox 1945 1511 3537 1593">
     <span class='ocr_line' id='line_1_30' title="bbox 1945 1511 3537 1593; baseline 0.009 -26"><span class='ocrx_word' id='word_1_193' title='bbox 1945 1511 2187 1567; x_wconf 64' lang='lat' dir='ltr'><strong>ciborum</strong></span> <span class='ocrx_word' id='word_1_194' title='bbox 2218 1515 2426 1584; x_wconf 81' lang='lat' dir='ltr'><strong>species</strong></span> <span class='ocrx_word' id='word_1_195' title='bbox 2450 1513 2733 1584; x_wconf 75' lang='lat' dir='ltr'><strong>efﬁciatur,</strong></span> <span class='ocrx_word' id='word_1_196' title='bbox 2763 1518 2846 1573; x_wconf 89' lang='lat' dir='ltr'><strong>vel</strong></span> <span class='ocrx_word' id='word_1_197' title='bbox 2885 1520 3026 1574; x_wconf 91' lang='lat' dir='ltr'><strong>sicut</strong></span> <span class='ocrx_word' id='word_1_198' title='bbox 3053 1520 3245 1576; x_wconf 77' lang='lat' dir='ltr'><strong>infanti</strong></span> <span class='ocrx_word' id='word_1_199' title='bbox 3279 1537 3414 1593; x_wconf 91' lang='lat' dir='ltr'><strong>opus</strong></span> <span class='ocrx_word' id='word_1_200' title='bbox 3450 1532 3537 1581; x_wconf 80' lang='lat' dir='ltr'><strong>est</strong></span> 
     </span>
    </p>
   </div>
   <div class='ocr_carea' id='block_1_31' title="bbox 1946 1604 3534 1681">
    <p class='ocr_par' dir='ltr' id='par_1_31' title="bbox 1946 1604 3534 1681">
     <span class='ocr_line' id='line_1_31' title="bbox 1946 1604 3534 1681; baseline 0.008 -22"><span class='ocrx_word' id='word_1_201' title='bbox 1946 1612 2005 1659; x_wconf 88' lang='lat' dir='ltr'><strong>ut</strong></span> <span class='ocrx_word' id='word_1_202' title='bbox 2026 1604 2181 1673; x_wconf 89' lang='lat' dir='ltr'><strong>plena</strong></span> <span class='ocrx_word' id='word_1_203' title='bbox 2206 1621 2272 1660; x_wconf 88' lang='lat' dir='ltr'><strong>ac</strong></span> <span class='ocrx_word' id='word_1_204' title='bbox 2293 1605 2532 1676; x_wconf 79' lang='lat' dir='ltr'><strong>perfecta</strong></span> <span class='ocrx_word' id='word_1_205' title='bbox 2555 1608 2717 1664; x_wconf 89' lang='lat' dir='ltr'><strong>verba</strong></span> <span class='ocrx_word' id='word_1_206' title='bbox 2748 1610 2800 1665; x_wconf 93' lang='lat' dir='ltr'><strong>in</strong></span> <span class='ocrx_word' id='word_1_207' title='bbox 2835 1610 3012 1666; x_wconf 85' lang='lat' dir='ltr'><strong>varios</strong></span> <span class='ocrx_word' id='word_1_208' title='bbox 3041 1613 3281 1681; x_wconf 83' lang='lat' dir='ltr'><strong>abrupta:</strong></span> <span class='ocrx_word' id='word_1_209' title='bbox 3311 1613 3455 1669; x_wconf 85' lang='lat' dir='ltr'><strong>vocis</strong></span> <span class='ocrx_word' id='word_1_210' title='bbox 3478 1624 3534 1671; x_wconf 83' lang='lat' dir='ltr'><strong>ct</strong></span> 
     </span>
    </p>
   </div>
   <div class='ocr_carea' id='block_1_32' title="bbox 1949 1695 2796 1757">
    <p class='ocr_par' dir='ltr' id='par_1_32' title="bbox 1949 1695 2796 1757">
     <span class='ocr_line' id='line_1_32' title="bbox 1949 1695 2796 1757; baseline 0.009 -8"><span class='ocrx_word' id='word_1_211' title='bbox 1949 1695 2237 1753; x_wconf 73' lang='lat' dir='ltr'><strong>incondita:</strong></span> <span class='ocrx_word' id='word_1_212' title='bbox 2263 1700 2449 1755; x_wconf 87' lang='lat' dir='ltr'><strong>modos</strong></span> <span class='ocrx_word' id='word_1_213' title='bbox 2476 1698 2796 1757; x_wconf 81' lang='lat' dir='ltr'><strong>formentur.</strong></span> 
     </span>
    </p>
   </div>
   <div class='ocr_carea' id='block_1_33' title="bbox 249 1778 1847 1869">
    <p class='ocr_par' dir='ltr' id='par_1_33' title="bbox 249 1796 1839 1869">
     <span class='ocr_line' id='line_1_33' title="bbox 249 1796 1839 1869; baseline 0 -19"><span class='ocrx_word' id='word_1_214' title='bbox 249 1811 510 1851; x_wconf 88' lang='lat' dir='ltr'><strong>numerus</strong></span> <span class='ocrx_word' id='word_1_215' title='bbox 557 1796 789 1867; x_wconf 86' lang='lat' dir='ltr'><strong>quilibet</strong></span> <span class='ocrx_word' id='word_1_216' title='bbox 838 1798 1012 1853; x_wconf 87' lang='lat' dir='ltr'><strong>creari</strong></span> <span class='ocrx_word' id='word_1_217' title='bbox 1059 1798 1402 1863; x_wconf 84' lang='lat' dir='ltr'><strong>decernitur,</strong></span> <span class='ocrx_word' id='word_1_218' title='bbox 1448 1811 1548 1867; x_wconf 89' lang='lat' dir='ltr'><strong>per</strong></span> <span class='ocrx_word' id='word_1_219' title='bbox 1587 1812 1708 1853; x_wconf 87' lang='lat' dir='ltr'><strong>cum</strong></span> <span class='ocrx_word' id='word_1_220' title='bbox 1750 1796 1839 1869; x_wconf 87' lang='lat' dir='ltr'><strong>qtli</strong></span> 
     </span>
    </p>
   </div>
   <div class='ocr_carea' id='block_1_34' title="bbox 1953 1778 3537 1869">
    <p class='ocr_par' dir='ltr' id='par_1_34' title="bbox 2015 1787 3537 1865">
     <span class='ocr_line' id='line_1_34' title="bbox 2015 1787 3537 1865; baseline 0.01 -24"><span class='ocrx_word' id='word_1_221' title='bbox 2015 1787 2080 1841; x_wconf 77' lang='lat' dir='ltr'><strong>Et</strong></span> <span class='ocrx_word' id='word_1_222' title='bbox 2111 1800 2170 1843; x_wconf 90' lang='lat' dir='ltr'><strong>nt</strong></span> <span class='ocrx_word' id='word_1_223' title='bbox 2200 1793 2441 1861; x_wconf 77' lang='lat' dir='ltr'><strong>apertius</strong></span> <span class='ocrx_word' id='word_1_224' title='bbox 2465 1793 2668 1863; x_wconf 87' lang='lat' dir='ltr'><strong>aliquid</strong></span> <span class='ocrx_word' id='word_1_225' title='bbox 2696 1805 2749 1850; x_wconf 91' lang='lat' dir='ltr'><strong>ct</strong></span> <span class='ocrx_word' id='word_1_226' title='bbox 2778 1797 3130 1853; x_wconf 77' lang='lat' dir='ltr'><strong>excellentius</strong></span> <span class='ocrx_word' id='word_1_227' title='bbox 3159 1797 3334 1854; x_wconf 85' lang='lat' dir='ltr'><strong>dicam</strong></span> <span class='ocrx_word' id='word_1_228' title='bbox 3354 1841 3369 1865; x_wconf 88' lang='lat'><strong>,</strong></span> <span class='ocrx_word' id='word_1_229' title='bbox 3393 1800 3537 1856; x_wconf 83' lang='lat' dir='ltr'><strong>sicut</strong></span> 
     </span>
    </p>
   </div>
   <div class='ocr_carea' id='block_1_35' title="bbox 249 1887 1840 1959">
    <p class='ocr_par' dir='ltr' id='par_1_35' title="bbox 249 1887 1840 1959">
     <span class='ocr_line' id='line_1_35' title="bbox 249 1887 1840 1959; baseline 0.004 -21"><span class='ocrx_word' id='word_1_230' title='bbox 249 1889 345 1942; x_wconf 78' lang='lat' dir='ltr'><strong>sibi</strong></span> <span class='ocrx_word' id='word_1_231' title='bbox 403 1889 697 1959; x_wconf 79' lang='lat' dir='ltr'><strong>proximus</strong></span> <span class='ocrx_word' id='word_1_232' title='bbox 755 1899 885 1955; x_wconf 87' lang='lat' dir='ltr'><strong>est,</strong></span> <span class='ocrx_word' id='word_1_233' title='bbox 962 1887 1016 1943; x_wconf 87' lang='lat' dir='ltr'><strong>id</strong></span> <span class='ocrx_word' id='word_1_234' title='bbox 1067 1899 1152 1944; x_wconf 87' lang='lat' dir='ltr'><strong>est</strong></span> <span class='ocrx_word' id='word_1_235' title='bbox 1207 1890 1542 1954; x_wconf 79' lang='lat' dir='ltr'><strong>secundum,</strong></span> <span class='ocrx_word' id='word_1_236' title='bbox 1603 1899 1840 1945; x_wconf 83' lang='lat' dir='ltr'><strong>creatur.</strong></span> 
     </span>
    </p>
   </div>
   <div class='ocr_carea' id='block_1_36' title="bbox 248 1978 1845 2049">
    <p class='ocr_par' dir='ltr' id='par_1_36' title="bbox 248 1978 1845 2049">
     <span class='ocr_line' id='line_1_36' title="bbox 248 1978 1845 2049; baseline 0.001 -18"><span class='ocrx_word' id='word_1_237' title='bbox 248 1978 560 2033; x_wconf 77' lang='lat' dir='ltr'><strong>Secundum</strong></span> <span class='ocrx_word' id='word_1_238' title='bbox 617 1989 823 2046; x_wconf 86' lang='lat' dir='ltr'><strong>autem,</strong></span> <span class='ocrx_word' id='word_1_239' title='bbox 871 1979 986 2048; x_wconf 87' lang='lat' dir='ltr'><strong>qui,</strong></span> <span class='ocrx_word' id='word_1_240' title='bbox 1023 1987 1217 2049; x_wconf 64' lang='lat' dir='ltr'><strong>praeter</strong></span> <span class='ocrx_word' id='word_1_241' title='bbox 1261 1993 1573 2049; x_wconf 83' lang='lat' dir='ltr'><strong>personam,</strong></span> <span class='ocrx_word' id='word_1_242' title='bbox 1602 1978 1737 2034; x_wconf 83' lang='lat' dir='ltr'><strong>nihil</strong></span> <span class='ocrx_word' id='word_1_243' title='bbox 1775 1980 1845 2034; x_wconf 81' lang='lat' dir='ltr'><strong>ab</strong></span> 
     </span>
    </p>
   </div>
   <div class='ocr_carea' id='block_1_37' title="bbox 244 2067 1842 2138">
    <p class='ocr_par' dir='ltr' id='par_1_37' title="bbox 244 2067 1842 2138">
     <span class='ocr_line' id='line_1_37' title="bbox 244 2067 1842 2138; baseline -0.001 -16"><span class='ocrx_word' id='word_1_244' title='bbox 244 2071 448 2124; x_wconf 81' lang='lat' dir='ltr'><strong>unitate</strong></span> <span class='ocrx_word' id='word_1_245' title='bbox 498 2069 796 2138; x_wconf 75' lang='lat' dir='ltr'><strong>discrepat,</strong></span> <span class='ocrx_word' id='word_1_246' title='bbox 847 2068 1049 2123; x_wconf 90' lang='lat' dir='ltr'><strong>idcirco</strong></span> <span class='ocrx_word' id='word_1_247' title='bbox 1097 2069 1333 2123; x_wconf 85' lang='lat' dir='ltr'><strong>arbitror</strong></span> <span class='ocrx_word' id='word_1_248' title='bbox 1382 2082 1506 2123; x_wconf 87' lang='lat' dir='ltr'><strong>esse</strong></span> <span class='ocrx_word' id='word_1_249' title='bbox 1555 2067 1842 2123; x_wconf 87' lang='lat' dir='ltr'><strong>dicendum</strong></span> 
     </span>
    </p>
   </div>
   <div class='ocr_carea' id='block_1_38' title="bbox 244 2156 1847 2230">
    <p class='ocr_par' dir='ltr' id='par_1_38' title="bbox 244 2156 1847 2230">
     <span class='ocr_line' id='line_1_38' title="bbox 244 2156 1847 2230; baseline -0.002 -16"><span class='ocrx_word' id='word_1_250' title='bbox 244 2157 294 2214; x_wconf 68' lang='lat' dir='ltr'><strong>in</strong></span> <span class='ocrx_word' id='word_1_251' title='bbox 322 2173 561 2230; x_wconf 83' lang='lat' dir='ltr'><strong>persona</strong></span> <span class='ocrx_word' id='word_1_252' title='bbox 585 2157 708 2213; x_wconf 77' lang='lat' dir='ltr'><strong>Filii</strong></span> <span class='ocrx_word' id='word_1_253' title='bbox 732 2158 847 2221; x_wconf 87' lang='lat' dir='ltr'><strong>Dei,</strong></span> <span class='ocrx_word' id='word_1_254' title='bbox 874 2174 944 2213; x_wconf 88' lang='lat' dir='ltr'><strong>ne</strong></span> <span class='ocrx_word' id='word_1_255' title='bbox 957 2159 1116 2223; x_wconf 84' lang='lat' dir='ltr'><strong>forte,</strong></span> <span class='ocrx_word' id='word_1_256' title='bbox 1138 2158 1182 2213; x_wconf 87' lang='lat' dir='ltr'><strong>si</strong></span> <span class='ocrx_word' id='word_1_257' title='bbox 1207 2158 1497 2224; x_wconf 86' lang='lat' dir='ltr'><strong>binaritnn,</strong></span> <span class='ocrx_word' id='word_1_258' title='bbox 1521 2157 1614 2229; x_wconf 86' lang='lat' dir='ltr'><strong>qui</strong></span> <span class='ocrx_word' id='word_1_259' title='bbox 1639 2156 1847 2213; x_wconf 86' lang='lat' dir='ltr'><strong>duabus</strong></span> 
     </span>
    </p>
   </div>
   <div class='ocr_carea' id='block_1_39' title="bbox 244 2249 1843 2319">
    <p class='ocr_par' dir='ltr' id='par_1_39' title="bbox 244 2249 1843 2319">
     <span class='ocr_line' id='line_1_39' title="bbox 244 2249 1843 2319; baseline 0 -16"><span class='ocrx_word' id='word_1_260' title='bbox 244 2249 549 2305; x_wconf 80' lang='lat' dir='ltr'><strong>unitatibns</strong></span> <span class='ocrx_word' id='word_1_261' title='bbox 603 2257 842 2314; x_wconf 86' lang='lat' dir='ltr'><strong>constat,</strong></span> <span class='ocrx_word' id='word_1_262' title='bbox 891 2250 1161 2305; x_wconf 89' lang='lat' dir='ltr'><strong>nominari</strong></span> <span class='ocrx_word' id='word_1_263' title='bbox 1211 2264 1428 2315; x_wconf 89' lang='lat' dir='ltr'><strong>censeo,</strong></span> <span class='ocrx_word' id='word_1_264' title='bbox 1482 2250 1843 2319; x_wconf 72' lang='lat' dir='ltr'><strong>teqnalitatem</strong></span> 
     </span>
    </p>
   </div>
   <div class='ocr_carea' id='block_1_40' title="bbox 244 2340 1844 2413">
    <p class='ocr_par' dir='ltr' id='par_1_40' title="bbox 244 2340 1844 2413">
     <span class='ocr_line' id='line_1_40' title="bbox 244 2340 1844 2413; baseline -0.001 -18"><span class='ocrx_word' id='word_1_265' title='bbox 244 2340 419 2396; x_wconf 78' lang='lat' dir='ltr'><strong>Patris</strong></span> <span class='ocrx_word' id='word_1_266' title='bbox 472 2350 534 2396; x_wconf 87' lang='lat' dir='ltr'><strong>et</strong></span> <span class='ocrx_word' id='word_1_267' title='bbox 581 2341 726 2406; x_wconf 82' lang='lat' dir='ltr'><strong>Filii,</strong></span> <span class='ocrx_word' id='word_1_268' title='bbox 768 2341 927 2413; x_wconf 78' lang='lat' dir='ltr'><strong>juxta</strong></span> <span class='ocrx_word' id='word_1_269' title='bbox 972 2341 1257 2413; x_wconf 79' lang='lat' dir='ltr'><strong>mysticam</strong></span> <span class='ocrx_word' id='word_1_270' title='bbox 1304 2342 1514 2397; x_wconf 89' lang='lat' dir='ltr'><strong>numeri</strong></span> <span class='ocrx_word' id='word_1_271' title='bbox 1555 2342 1844 2406; x_wconf 85' lang='lat' dir='ltr'><strong>rationem,</strong></span> 
     </span>
    </p>
   </div>
   <div class='ocr_carea' id='block_1_41' title="bbox 246 2434 1844 2508">
    <p class='ocr_par' dir='ltr' id='par_1_41' title="bbox 246 2434 1844 2508">
     <span class='ocr_line' id='line_1_41' title="bbox 246 2434 1844 2508; baseline -0.001 -20"><span class='ocrx_word' id='word_1_272' title='bbox 246 2435 517 2508; x_wconf 69' lang='lat' dir='ltr'><strong>denegare</strong></span> <span class='ocrx_word' id='word_1_273' title='bbox 568 2436 785 2490; x_wconf 74' lang='lat' dir='ltr'><strong>videar.</strong></span> <span class='ocrx_word' id='word_1_274' title='bbox 820 2434 877 2490; x_wconf 88' lang='lat' dir='ltr'><strong>Si</strong></span> <span class='ocrx_word' id='word_1_275' title='bbox 926 2436 1011 2491; x_wconf 91' lang='lat' dir='ltr'><strong>cui</strong></span> <span class='ocrx_word' id='word_1_276' title='bbox 1068 2451 1197 2491; x_wconf 89' lang='lat' dir='ltr'><strong>vero</strong></span> <span class='ocrx_word' id='word_1_277' title='bbox 1252 2436 1411 2489; x_wconf 88' lang='lat' dir='ltr'><strong>aliter</strong></span> <span class='ocrx_word' id='word_1_278' title='bbox 1443 2435 1683 2505; x_wconf 84' lang='lat' dir='ltr'><strong>placeat,</strong></span> <span class='ocrx_word' id='word_1_279' title='bbox 1736 2442 1844 2488; x_wconf 85' lang='lat' dir='ltr'><strong>non</strong></span> 
     </span>
    </p>
   </div>
   <div class='ocr_carea' id='block_1_42' title="bbox 244 2524 1843 2598">
    <p class='ocr_par' dir='ltr' id='par_1_42' title="bbox 244 2524 1843 2598">
     <span class='ocr_line' id='line_1_42' title="bbox 244 2524 1843 2598; baseline -0.003 -17"><span class='ocrx_word' id='word_1_280' title='bbox 244 2542 477 2598; x_wconf 80' lang='lat' dir='ltr'><strong>respuo,</strong></span> <span class='ocrx_word' id='word_1_281' title='bbox 549 2529 844 2583; x_wconf 86' lang='lat' dir='ltr'><strong>dummodo</strong></span> <span class='ocrx_word' id='word_1_282' title='bbox 903 2526 1266 2596; x_wconf 67' lang='lat' dir='ltr'><strong>aequalitatem</strong></span> <span class='ocrx_word' id='word_1_283' title='bbox 1331 2527 1405 2582; x_wconf 88' lang='lat' dir='ltr'><strong>ita</strong></span> <span class='ocrx_word' id='word_1_284' title='bbox 1475 2524 1732 2582; x_wconf 87' lang='lat' dir='ltr'><strong>ostendat</strong></span> <span class='ocrx_word' id='word_1_285' title='bbox 1790 2525 1843 2577; x_wconf 87' lang='lat' dir='ltr'><strong>in</strong></span> 
     </span>
    </p>
   </div>
   <div class='ocr_carea' id='block_1_43' title="bbox 246 2613 1848 2688">
    <p class='ocr_par' dir='ltr' id='par_1_43' title="bbox 246 2613 1848 2688">
     <span class='ocr_line' id='line_1_43' title="bbox 246 2613 1848 2688; baseline -0.001 -18"><span class='ocrx_word' id='word_1_286' title='bbox 246 2632 502 2683; x_wconf 81' lang='lat' dir='ltr'><strong>numero,</strong></span> <span class='ocrx_word' id='word_1_287' title='bbox 555 2626 619 2672; x_wconf 91' lang='lat' dir='ltr'><strong>ut</strong></span> <span class='ocrx_word' id='word_1_288' title='bbox 665 2618 719 2673; x_wconf 88' lang='lat' dir='ltr'><strong>iu</strong></span> <span class='ocrx_word' id='word_1_289' title='bbox 784 2617 899 2672; x_wconf 88' lang='lat' dir='ltr'><strong>Deo</strong></span> <span class='ocrx_word' id='word_1_290' title='bbox 962 2617 1127 2672; x_wconf 86' lang='lat' dir='ltr'><strong>Patre</strong></span> <span class='ocrx_word' id='word_1_291' title='bbox 1159 2615 1429 2672; x_wconf 86' lang='lat' dir='ltr'><strong>credenda</strong></span> <span class='ocrx_word' id='word_1_292' title='bbox 1485 2624 1571 2672; x_wconf 89' lang='lat' dir='ltr'><strong>est</strong></span> <span class='ocrx_word' id='word_1_293' title='bbox 1622 2613 1848 2688; x_wconf 72' lang='lat' dir='ltr'><strong>ejusq‘e</strong></span> 
     </span>
    </p>
   </div>
   <div class='ocr_carea' id='block_1_44' title="bbox 243 2708 405 2764">
    <p class='ocr_par' dir='ltr' id='par_1_44' title="bbox 243 2708 405 2764">
     <span class='ocr_line' id='line_1_44' title="bbox 243 2708 405 2764; baseline 0.012 -2"><span class='ocrx_word' id='word_1_294' title='bbox 243 2708 405 2764; x_wconf 79' lang='lat' dir='ltr'><strong>Filio.</strong></span> 
     </span>
    </p>
   </div>
   <div class='ocr_carea' id='block_1_45' title="bbox 314 2795 1848 2871">
    <p class='ocr_par' dir='ltr' id='par_1_45' title="bbox 314 2795 1848 2871">
     <span class='ocr_line' id='line_1_45' title="bbox 314 2795 1848 2871; baseline -0.003 -16"><span class='ocrx_word' id='word_1_295' title='bbox 314 2800 472 2869; x_wconf 86' lang='lat' dir='ltr'><strong>Quod</strong></span> <span class='ocrx_word' id='word_1_296' title='bbox 502 2798 550 2855; x_wconf 88' lang='lat' dir='ltr'><strong>si</strong></span> <span class='ocrx_word' id='word_1_297' title='bbox 581 2802 746 2855; x_wconf 89' lang='lat' dir='ltr'><strong>etiam</strong></span> <span class='ocrx_word' id='word_1_298' title='bbox 781 2802 853 2856; x_wconf 89' lang='lat' dir='ltr'><strong>ab</strong></span> <span class='ocrx_word' id='word_1_299' title='bbox 882 2799 1064 2871; x_wconf 89' lang='lat' dir='ltr'><strong>aliquo</strong></span> <span class='ocrx_word' id='word_1_300' title='bbox 1090 2798 1405 2855; x_wconf 85' lang='lat' dir='ltr'><strong>cavillatorc</strong></span> <span class='ocrx_word' id='word_1_301' title='bbox 1431 2798 1696 2854; x_wconf 88' lang='lat' dir='ltr'><strong>sententia</strong></span> <span class='ocrx_word' id='word_1_302' title='bbox 1721 2795 1848 2851; x_wconf 88' lang='lat' dir='ltr'><strong>talis</strong></span> 
     </span>
    </p>
   </div>
   <div class='ocr_carea' id='block_1_46' title="bbox 242 2887 1845 2962">
    <p class='ocr_par' dir='ltr' id='par_1_46' title="bbox 242 2887 1845 2962">
     <span class='ocr_line' id='line_1_46' title="bbox 242 2887 1845 2962; baseline -0.002 -18"><span class='ocrx_word' id='word_1_303' title='bbox 242 2892 369 2946; x_wconf 54' lang='lat' dir='ltr'><strong>ideo</strong></span> <span class='ocrx_word' id='word_1_304' title='bbox 412 2893 766 2962; x_wconf 74' lang='lat' dir='ltr'><strong>impugnatur</strong></span> <span class='ocrx_word' id='word_1_305' title='bbox 792 2891 919 2961; x_wconf 85' lang='lat' dir='ltr'><strong>quia</strong></span> <span class='ocrx_word' id='word_1_306' title='bbox 951 2890 1222 2946; x_wconf 85' lang='lat' dir='ltr'><strong>secundus</strong></span> <span class='ocrx_word' id='word_1_307' title='bbox 1245 2889 1472 2960; x_wconf 83' lang='lat' dir='ltr'><strong>quilibet</strong></span> <span class='ocrx_word' id='word_1_308' title='bbox 1502 2891 1677 2959; x_wconf 87' lang='lat' dir='ltr'><strong>primo</strong></span> <span class='ocrx_word' id='word_1_309' title='bbox 1708 2887 1845 2941; x_wconf 87' lang='lat' dir='ltr'><strong>infe-</strong></span> 
     </span>
    </p>
   </div>
   <div class='ocr_carea' id='block_1_47' title="bbox 241 2980 1845 3055">
    <p class='ocr_par' dir='ltr' id='par_1_47' title="bbox 241 2980 1845 3055">
     <span class='ocr_line' id='line_1_47' title="bbox 241 2980 1845 3055; baseline -0.003 -16"><span class='ocrx_word' id='word_1_310' title='bbox 241 2986 361 3039; x_wconf 81' lang='lat' dir='ltr'><strong>rior</strong></span> <span class='ocrx_word' id='word_1_311' title='bbox 385 2984 535 3055; x_wconf 86' lang='lat' dir='ltr'><strong>apud</strong></span> <span class='ocrx_word' id='word_1_312' title='bbox 579 2985 833 3039; x_wconf 83' lang='lat' dir='ltr'><strong>homines</strong></span> <span class='ocrx_word' id='word_1_313' title='bbox 879 2985 1099 3050; x_wconf 84' lang='lat' dir='ltr'><strong>dicitur,</strong></span> <span class='ocrx_word' id='word_1_314' title='bbox 1147 2983 1390 3037; x_wconf 74' lang='lat' dir='ltr'><strong>attendat</strong></span> <span class='ocrx_word' id='word_1_315' title='bbox 1422 2982 1473 3036; x_wconf 91' lang='lat' dir='ltr'><strong>in</strong></span> <span class='ocrx_word' id='word_1_316' title='bbox 1504 2980 1692 3051; x_wconf 88' lang='lat' dir='ltr'><strong>primis</strong></span> <span class='ocrx_word' id='word_1_317' title='bbox 1718 2980 1845 3050; x_wconf 85' lang='lat' dir='ltr'><strong>quia</strong></span> 
     </span>
    </p>
   </div>
   <div class='ocr_carea' id='block_1_48' title="bbox 238 3070 1846 3145">
    <p class='ocr_par' dir='ltr' id='par_1_48' title="bbox 238 3070 1846 3145">
     <span class='ocr_line' id='line_1_48' title="bbox 238 3070 1846 3145; baseline -0.002 -18"><span class='ocrx_word' id='word_1_318' title='bbox 238 3075 372 3129; x_wconf 81' lang='lat' dir='ltr'><strong>licet</strong></span> <span class='ocrx_word' id='word_1_319' title='bbox 404 3073 732 3145; x_wconf 78' lang='lat' dir='ltr'><strong>Unigcnitus</strong></span> <span class='ocrx_word' id='word_1_320' title='bbox 761 3074 877 3138; x_wconf 88' lang='lat' dir='ltr'><strong>Dei,</strong></span> <span class='ocrx_word' id='word_1_321' title='bbox 908 3088 1192 3144; x_wconf 82' lang='lat' dir='ltr'><strong>personam</strong></span> <span class='ocrx_word' id='word_1_322' title='bbox 1225 3072 1366 3137; x_wconf 82' lang='lat' dir='ltr'><strong>Filii,</strong></span> <span class='ocrx_word' id='word_1_323' title='bbox 1396 3071 1571 3126; x_wconf 88' lang='lat' dir='ltr'><strong>instar</strong></span> <span class='ocrx_word' id='word_1_324' title='bbox 1610 3070 1846 3125; x_wconf 86' lang='lat' dir='ltr'><strong>hominis</strong></span> 
     </span>
    </p>
   </div>
   <div class='ocr_carea' id='block_1_49' title="bbox 235 3161 1841 3235">
    <p class='ocr_par' dir='ltr' id='par_1_49' title="bbox 235 3161 1841 3235">
     <span class='ocr_line' id='line_1_49' title="bbox 235 3161 1841 3235; baseline -0.003 -16"><span class='ocrx_word' id='word_1_325' title='bbox 235 3164 542 3232; x_wconf 74' lang='lat' dir='ltr'><strong>cujuslibet</strong></span> <span class='ocrx_word' id='word_1_326' title='bbox 569 3176 724 3234; x_wconf 87' lang='lat' dir='ltr'><strong>patre</strong></span> <span class='ocrx_word' id='word_1_327' title='bbox 754 3164 944 3235; x_wconf 87' lang='lat' dir='ltr'><strong>procul</strong></span> <span class='ocrx_word' id='word_1_328' title='bbox 974 3164 1140 3220; x_wconf 87' lang='lat' dir='ltr'><strong>dubio</strong></span> <span class='ocrx_word' id='word_1_329' title='bbox 1166 3180 1266 3219; x_wconf 82' lang='lat' dir='ltr'><strong>suo</strong></span> <span class='ocrx_word' id='word_1_330' title='bbox 1288 3161 1520 3231; x_wconf 87' lang='lat' dir='ltr'><strong>junioris</strong></span> <span class='ocrx_word' id='word_1_331' title='bbox 1560 3162 1841 3225; x_wconf 86' lang='lat' dir='ltr'><strong>sortiatur,</strong></span> 
     </span>
    </p>
   </div>
   <div class='ocr_carea' id='block_1_50' title="bbox 238 3253 1845 3327">
    <p class='ocr_par' dir='ltr' id='par_1_50' title="bbox 238 3253 1845 3327">
     <span class='ocr_line' id='line_1_50' title="bbox 238 3253 1845 3327; baseline -0.002 -16"><span class='ocrx_word' id='word_1_332' title='bbox 238 3274 351 3312; x_wconf 82' lang='lat' dir='ltr'><strong>non</strong></span> <span class='ocrx_word' id='word_1_333' title='bbox 396 3267 584 3313; x_wconf 86' lang='lat' dir='ltr'><strong>tamen</strong></span> <span class='ocrx_word' id='word_1_334' title='bbox 632 3258 840 3313; x_wconf 90' lang='lat' dir='ltr'><strong>idcirco</strong></span> <span class='ocrx_word' id='word_1_335' title='bbox 885 3266 1209 3313; x_wconf 72' lang='lat' dir='ltr'><strong>comternum</strong></span> <span class='ocrx_word' id='word_1_336' title='bbox 1255 3256 1693 3327; x_wconf 74' lang='lat' dir='ltr'><strong>comqualemqne</strong></span> <span class='ocrx_word' id='word_1_337' title='bbox 1734 3253 1845 3309; x_wconf 79' lang='lat' dir='ltr'><strong>D30</strong></span> 
     </span>
    </p>
   </div>
   <div class='ocr_carea' id='block_1_51' title="bbox 236 3347 1843 3417">
    <p class='ocr_par' dir='ltr' id='par_1_51' title="bbox 236 3347 1843 3417">
     <span class='ocr_line' id='line_1_51' title="bbox 236 3347 1843 3417; baseline -0.001 -14"><span class='ocrx_word' id='word_1_338' title='bbox 236 3349 397 3405; x_wconf 80' lang='lat' dir='ltr'><strong>Patri</strong></span> <span class='ocrx_word' id='word_1_339' title='bbox 426 3351 655 3405; x_wconf 89' lang='lat' dir='ltr'><strong>credere</strong></span> <span class='ocrx_word' id='word_1_340' title='bbox 679 3349 1009 3403; x_wconf 82' lang='lat' dir='ltr'><strong>desistimus.</strong></span> <span class='ocrx_word' id='word_1_341' title='bbox 1042 3348 1265 3412; x_wconf 88' lang='lat' dir='ltr'><strong>Deinde,</strong></span> <span class='ocrx_word' id='word_1_342' title='bbox 1304 3348 1448 3417; x_wconf 87' lang='lat' dir='ltr'><strong>quod</strong></span> <span class='ocrx_word' id='word_1_343' title='bbox 1486 3347 1684 3402; x_wconf 83' lang='lat' dir='ltr'><strong>missus</strong></span> <span class='ocrx_word' id='word_1_344' title='bbox 1722 3347 1843 3416; x_wconf 67' lang='lat' dir='ltr'><strong>qui~</strong></span> 
     </span>
    </p>
   </div>
   <div class='ocr_carea' id='block_1_52' title="bbox 238 3436 1843 3508">
    <p class='ocr_par' dir='ltr' id='par_1_52' title="bbox 238 3436 1843 3508">
     <span class='ocr_line' id='line_1_52' title="bbox 238 3436 1843 3508; baseline -0.002 -16"><span class='ocrx_word' id='word_1_345' title='bbox 238 3439 379 3494; x_wconf 72' lang='lat' dir='ltr'><strong>libet</strong></span> <span class='ocrx_word' id='word_1_346' title='bbox 430 3440 687 3494; x_wconf 82' lang='lat' dir='ltr'><strong>mittente</strong></span> <span class='ocrx_word' id='word_1_347' title='bbox 729 3438 958 3493; x_wconf 89' lang='lat' dir='ltr'><strong>inferior</strong></span> <span class='ocrx_word' id='word_1_348' title='bbox 998 3436 1140 3508; x_wconf 89' lang='lat' dir='ltr'><strong>apud</strong></span> <span class='ocrx_word' id='word_1_349' title='bbox 1169 3452 1265 3492; x_wconf 89' lang='lat' dir='ltr'><strong>nos</strong></span> <span class='ocrx_word' id='word_1_350' title='bbox 1293 3436 1513 3503; x_wconf 89' lang='lat' dir='ltr'><strong>dicitur,</strong></span> <span class='ocrx_word' id='word_1_351' title='bbox 1558 3444 1615 3491; x_wconf 91' lang='lat' dir='ltr'><strong>et</strong></span> <span class='ocrx_word' id='word_1_352' title='bbox 1665 3445 1843 3490; x_wconf 88' lang='lat' dir='ltr'><strong>tamen</strong></span> 
     </span>
    </p>
   </div>
   <div class='ocr_carea' id='block_1_53' title="bbox 238 3526 1845 3605">
    <p class='ocr_par' dir='ltr' id='par_1_53' title="bbox 238 3526 1845 3605">
     <span class='ocr_line' id='line_1_53' title="bbox 238 3526 1845 3605; baseline -0.003 -21"><span class='ocrx_word' id='word_1_353' title='bbox 238 3531 362 3600; x_wconf 80' lang='lat' dir='ltr'><strong>ipse</strong></span> <span class='ocrx_word' id='word_1_354' title='bbox 406 3530 676 3604; x_wconf 74' lang='lat' dir='ltr'><strong>Dominus</strong></span> <span class='ocrx_word' id='word_1_355' title='bbox 719 3539 904 3585; x_wconf 89' lang='lat' dir='ltr'><strong>noster</strong></span> <span class='ocrx_word' id='word_1_356' title='bbox 928 3528 1085 3584; x_wconf 69' lang='lat' dir='ltr'><strong>Iesus</strong></span> <span class='ocrx_word' id='word_1_357' title='bbox 1107 3527 1377 3593; x_wconf 86' lang='lat' dir='ltr'><strong>Christus.</strong></span> <span class='ocrx_word' id='word_1_358' title='bbox 1409 3528 1502 3599; x_wconf 91' lang='lat' dir='ltr'><strong>qui</strong></span> <span class='ocrx_word' id='word_1_359' title='bbox 1541 3526 1652 3583; x_wconf 86' lang='lat' dir='ltr'><strong>Deo</strong></span> <span class='ocrx_word' id='word_1_360' title='bbox 1696 3526 1845 3605; x_wconf 68' lang='lat' dir='ltr'><strong>Patri</strong></span> 
     </span>
    </p>
   </div>
   <div class='ocr_carea' id='block_1_54' title="bbox 236 3618 1845 3692">
    <p class='ocr_par' dir='ltr' id='par_1_54' title="bbox 236 3618 1845 3692">
     <span class='ocr_line' id='line_1_54' title="bbox 236 3618 1845 3692; baseline -0.004 -14"><span class='ocrx_word' id='word_1_361' title='bbox 236 3625 552 3679; x_wconf 78' lang='lat' dir='ltr'><strong>secundum</strong></span> <span class='ocrx_word' id='word_1_362' title='bbox 584 3623 949 3692; x_wconf 43' lang='lat' dir='ltr'><strong>.divinitatem</strong></span> <span class='ocrx_word' id='word_1_363' title='bbox 999 3621 1290 3691; x_wconf 68' lang='lat' dir='ltr'><strong>comqualis</strong></span> <span class='ocrx_word' id='word_1_364' title='bbox 1333 3630 1443 3684; x_wconf 84' lang='lat' dir='ltr'><strong>est,</strong></span> <span class='ocrx_word' id='word_1_365' title='bbox 1488 3618 1555 3674; x_wconf 85' lang='lat' dir='ltr'><strong>de</strong></span> <span class='ocrx_word' id='word_1_366' title='bbox 1584 3619 1762 3689; x_wconf 86' lang='lat' dir='ltr'><strong>scipso</strong></span> <span class='ocrx_word' id='word_1_367' title='bbox 1793 3619 1845 3671; x_wconf 89' lang='lat' dir='ltr'><strong>in</strong></span> 
     </span>
    </p>
   </div>
   <div class='ocr_carea' id='block_1_55' title="bbox 236 3710 1846 3787">
    <p class='ocr_par' dir='ltr' id='par_1_55' title="bbox 236 3710 1846 3787">
     <span class='ocr_line' id='line_1_55' title="bbox 236 3710 1846 3787; baseline -0.006 -16"><span class='ocrx_word' id='word_1_368' title='bbox 236 3711 550 3787; x_wconf 73' lang='lat' dir='ltr'><strong>Evangelia</strong></span> <span class='ocrx_word' id='word_1_369' title='bbox 570 3714 744 3769; x_wconf 84' lang='lat' dir='ltr'><strong>dicit:</strong></span> <span class='ocrx_word' id='word_1_370' title='bbox 779 3713 947 3779; x_wconf 78' lang='lat' dir='ltr'><strong>Quem</strong></span> <span class='ocrx_word' id='word_1_371' title='bbox 974 3710 1138 3767; x_wconf 85' lang='lat' dir='ltr'><strong>Pater</strong></span> <span class='ocrx_word' id='word_1_372' title='bbox 1167 3712 1513 3781; x_wconf 68' lang='lat' dir='ltr'><strong>revicti/ienuit</strong></span> <span class='ocrx_word' id='word_1_373' title='bbox 1543 3720 1591 3765; x_wconf 81' lang='lat' dir='ltr'><strong>et</strong></span> <span class='ocrx_word' id='word_1_374' title='bbox 1620 3711 1761 3764; x_wconf 84' lang='lat' dir='ltr'><strong>misit</strong></span> <span class='ocrx_word' id='word_1_375' title='bbox 1792 3711 1846 3763; x_wconf 77' lang='lat' dir='ltr'><strong>in</strong></span> 
     </span>
    </p>
   </div>
   <div class='ocr_carea' id='block_1_56' title="bbox 240 3803 1850 3876">
    <p class='ocr_par' dir='ltr' id='par_1_56' title="bbox 240 3803 1850 3876">
     <span class='ocr_line' id='line_1_56' title="bbox 240 3803 1850 3876; baseline -0.003 -16"><span class='ocrx_word' id='word_1_376' title='bbox 240 3807 505 3860; x_wconf 65' lang='lat' dir='ltr'><strong>dcundum</strong></span> <span class='ocrx_word' id='word_1_377' title='bbox 533 3805 720 3876; x_wconf 78' lang='lat' dir='ltr'><strong>(lauit.</strong></span> <span class='ocrx_word' id='word_1_378' title='bbox 752 3805 833 3874; x_wconf 82' lang='lat' dir='ltr'><strong>x).</strong></span> <span class='ocrx_word' id='word_1_379' title='bbox 871 3804 940 3859; x_wconf 88' lang='lat' dir='ltr'><strong>Et</strong></span> <span class='ocrx_word' id='word_1_380' title='bbox 988 3803 1153 3859; x_wconf 87' lang='lat' dir='ltr'><strong>alibi:</strong></span> <span class='ocrx_word' id='word_1_381' title='bbox 1203 3804 1351 3859; x_wconf 81' lang='lat' dir='ltr'><strong>Vada</strong></span> <span class='ocrx_word' id='word_1_382' title='bbox 1381 3804 1450 3857; x_wconf 82' lang='lat' dir='ltr'><strong>ad</strong></span> <span class='ocrx_word' id='word_1_383' title='bbox 1493 3819 1611 3857; x_wconf 79' lang='lat' dir='ltr'><strong>eum</strong></span> <span class='ocrx_word' id='word_1_384' title='bbox 1651 3803 1739 3873; x_wconf 83' lang='lat' dir='ltr'><strong>qui</strong></span> <span class='ocrx_word' id='word_1_385' title='bbox 1768 3818 1850 3855; x_wconf 80' lang='lat' dir='ltr'><strong>me</strong></span> 
     </span>
    </p>
   </div>
   <div class='ocr_carea' id='block_1_57' title="bbox 241 3896 1846 3968">
    <p class='ocr_par' dir='ltr' id='par_1_57' title="bbox 241 3896 1846 3968">
     <span class='ocr_line' id='line_1_57' title="bbox 241 3896 1846 3968; baseline -0.001 -19"><span class='ocrx_word' id='word_1_386' title='bbox 241 3898 388 3950; x_wconf 75' lang='lat' dir='ltr'><strong>misit</strong></span> <span class='ocrx_word' id='word_1_387' title='bbox 417 3896 782 3968; x_wconf 65' lang='lat' dir='ltr'><strong>(leamtm).</strong></span> <span class='ocrx_word' id='word_1_388' title='bbox 812 3896 1102 3968; x_wconf 78' lang='lat' dir='ltr'><strong>Apostolus</strong></span> <span class='ocrx_word' id='word_1_389' title='bbox 1129 3912 1343 3967; x_wconf 85' lang='lat' dir='ltr'><strong>quoque</strong></span> <span class='ocrx_word' id='word_1_390' title='bbox 1370 3897 1497 3952; x_wconf 83' lang='lat' dir='ltr'><strong>dicit</strong></span> <span class='ocrx_word' id='word_1_391' title='bbox 1527 3914 1541 3950; x_wconf 89' lang='lat'><strong>:</strong></span> <span class='ocrx_word' id='word_1_392' title='bbox 1584 3896 1687 3950; x_wconf 81' lang='lat' dir='ltr'><strong>Ubi</strong></span> <span class='ocrx_word' id='word_1_393' title='bbox 1714 3897 1846 3952; x_wconf 82' lang='lat' dir='ltr'><strong>venit</strong></span> 
     </span>
    </p>
   </div>
   <div class='ocr_carea' id='block_1_58' title="bbox 238 3984 1846 4058">
    <p class='ocr_par' dir='ltr' id='par_1_58' title="bbox 238 3984 1846 4058">
     <span class='ocr_line' id='line_1_58' title="bbox 238 3984 1846 4058; baseline 0.001 -22"><span class='ocrx_word' id='word_1_394' title='bbox 238 3986 521 4053; x_wconf 68' lang='lat' dir='ltr'><strong>platzitudo</strong></span> <span class='ocrx_word' id='word_1_395' title='bbox 547 3986 820 4058; x_wconf 82' lang='lat' dir='ltr'><strong>temporis,</strong></span> <span class='ocrx_word' id='word_1_396' title='bbox 844 3986 985 4040; x_wconf 66' lang='lat' dir='ltr'><strong>misit</strong></span> <span class='ocrx_word' id='word_1_397' title='bbox 1006 3986 1147 4040; x_wconf 83' lang='lat' dir='ltr'><strong>Deus</strong></span> <span class='ocrx_word' id='word_1_398' title='bbox 1173 3984 1373 4040; x_wconf 77' lang='lat' dir='ltr'><strong>Filium</strong></span> <span class='ocrx_word' id='word_1_399' title='bbox 1395 4002 1549 4040; x_wconf 77' lang='lat' dir='ltr'><strong>suum</strong></span> <span class='ocrx_word' id='word_1_400' title='bbox 1573 3984 1715 4055; x_wconf 79' lang='lat' dir='ltr'><strong>(Cal.</strong></span> <span class='ocrx_word' id='word_1_401' title='bbox 1748 3986 1846 4055; x_wconf 87' lang='lat' dir='ltr'><strong>tv).</strong></span> 
     </span>
    </p>
   </div>
   <div class='ocr_carea' id='block_1_59' title="bbox 240 4075 1850 4146">
    <p class='ocr_par' dir='ltr' id='par_1_59' title="bbox 240 4075 1850 4146">
     <span class='ocr_line' id='line_1_59' title="bbox 240 4075 1850 4146; baseline -0.001 -16"><span class='ocrx_word' id='word_1_402' title='bbox 240 4075 457 4142; x_wconf 79' lang='lat' dir='ltr'><strong>Quibus</strong></span> <span class='ocrx_word' id='word_1_403' title='bbox 518 4078 779 4132; x_wconf 88' lang='lat' dir='ltr'><strong>nimirum</strong></span> <span class='ocrx_word' id='word_1_404' title='bbox 829 4076 993 4131; x_wconf 87' lang='lat' dir='ltr'><strong>dictis</strong></span> <span class='ocrx_word' id='word_1_405' title='bbox 1036 4076 1196 4131; x_wconf 77' lang='lat' dir='ltr'><strong>datur</strong></span> <span class='ocrx_word' id='word_1_406' title='bbox 1243 4075 1462 4146; x_wconf 80' lang='lat' dir='ltr'><strong>intelligi</strong></span> <span class='ocrx_word' id='word_1_407' title='bbox 1516 4077 1664 4146; x_wconf 88' lang='lat' dir='ltr'><strong>quia,</strong></span> <span class='ocrx_word' id='word_1_408' title='bbox 1711 4076 1850 4130; x_wconf 78' lang='lat' dir='ltr'><strong>sicut</strong></span> 
     </span>
    </p>
   </div>
   <div class='ocr_carea' id='block_1_60' title="bbox 250 4169 1846 4237">
    <p class='ocr_par' dir='ltr' id='par_1_60' title="bbox 250 4169 1846 4237">
     <span class='ocr_line' id='line_1_60' title="bbox 250 4169 1846 4237; baseline 0.001 -15"><span class='ocrx_word' id='word_1_409' title='bbox 250 4169 490 4226; x_wconf 69' lang='lat' dir='ltr'><strong>Verbum</strong></span> <span class='ocrx_word' id='word_1_410' title='bbox 532 4170 716 4227; x_wconf 88' lang='lat' dir='ltr'><strong>Patris</strong></span> <span class='ocrx_word' id='word_1_411' title='bbox 768 4170 962 4229; x_wconf 65' lang='lat' dir='ltr'><strong>aeterni</strong></span> <span class='ocrx_word' id='word_1_412' title='bbox 1003 4179 1060 4226; x_wconf 83' lang='lat' dir='ltr'><strong>et</strong></span> <span class='ocrx_word' id='word_1_413' title='bbox 1089 4169 1259 4225; x_wconf 85' lang='lat' dir='ltr'><strong>Filius</strong></span> <span class='ocrx_word' id='word_1_414' title='bbox 1309 4178 1365 4225; x_wconf 91' lang='lat' dir='ltr'><strong>et</strong></span> <span class='ocrx_word' id='word_1_415' title='bbox 1393 4171 1589 4226; x_wconf 88' lang='lat' dir='ltr'><strong>missus</strong></span> <span class='ocrx_word' id='word_1_416' title='bbox 1629 4170 1846 4237; x_wconf 83' lang='lat' dir='ltr'><strong>dicitur,</strong></span> 
     </span>
    </p>
   </div>
   <div class='ocr_carea' id='block_1_61' title="bbox 248 4262 1851 4333">
    <p class='ocr_par' dir='ltr' id='par_1_61' title="bbox 248 4262 1851 4333">
     <span class='ocr_line' id='line_1_61' title="bbox 248 4262 1851 4333; baseline -0.001 -17"><span class='ocrx_word' id='word_1_417' title='bbox 248 4277 353 4319; x_wconf 75' lang='lat' dir='ltr'><strong>nec</strong></span> <span class='ocrx_word' id='word_1_418' title='bbox 378 4271 566 4319; x_wconf 87' lang='lat' dir='ltr'><strong>tamen</strong></span> <span class='ocrx_word' id='word_1_419' title='bbox 597 4279 630 4318; x_wconf 91' lang='lat' dir='ltr'><strong>a</strong></span> <span class='ocrx_word' id='word_1_420' title='bbox 671 4273 919 4333; x_wconf 74' lang='lat' dir='ltr'><strong>paterna:</strong></span> <span class='ocrx_word' id='word_1_421' title='bbox 970 4262 1155 4333; x_wconf 71' lang='lat' dir='ltr'><strong>gloria:</strong></span> <span class='ocrx_word' id='word_1_422' title='bbox 1203 4263 1508 4317; x_wconf 74' lang='lat' dir='ltr'><strong>mternitate</strong></span> <span class='ocrx_word' id='word_1_423' title='bbox 1560 4262 1851 4317; x_wconf 85' lang='lat' dir='ltr'><strong>destitutus</strong></span> 
     </span>
    </p>
   </div>
   <div class='ocr_carea' id='block_1_62' title="bbox 246 4352 1851 4422">
    <p class='ocr_par' dir='ltr' id='par_1_62' title="bbox 246 4352 1851 4422">
     <span class='ocr_line' id='line_1_62' title="bbox 246 4352 1851 4422; baseline -0.003 -12"><span class='ocrx_word' id='word_1_424' title='bbox 246 4352 607 4422; x_wconf 69' lang='lat' dir='ltr'><strong>creditur,‘ita</strong></span> <span class='ocrx_word' id='word_1_425' title='bbox 621 4355 787 4410; x_wconf 90' lang='lat' dir='ltr'><strong>etiam</strong></span> <span class='ocrx_word' id='word_1_426' title='bbox 803 4353 1077 4409; x_wconf 88' lang='lat' dir='ltr'><strong>secundus</strong></span> <span class='ocrx_word' id='word_1_427' title='bbox 1091 4354 1143 4408; x_wconf 93' lang='lat' dir='ltr'><strong>in</strong></span> <span class='ocrx_word' id='word_1_428' title='bbox 1166 4353 1376 4409; x_wconf 90' lang='lat' dir='ltr'><strong>numeri</strong></span> <span class='ocrx_word' id='word_1_429' title='bbox 1396 4352 1653 4421; x_wconf 73' lang='lat' dir='ltr'><strong>mysterio</strong></span> <span class='ocrx_word' id='word_1_430' title='bbox 1677 4361 1851 4421; x_wconf 70' lang='lat' dir='ltr'><strong>potest</strong></span> 
     </span>
    </p>
   </div>
   <div class='ocr_carea' id='block_1_63' title="bbox 249 4438 1853 4512">
    <p class='ocr_par' dir='ltr' id='par_1_63' title="bbox 249 4438 1853 4512">
     <span class='ocr_line' id='line_1_63' title="bbox 249 4438 1853 4512; baseline -0.001 -11"><span class='ocrx_word' id='word_1_431' title='bbox 249 4448 356 4503; x_wconf 86' lang='lat' dir='ltr'><strong>dici</strong></span> <span class='ocrx_word' id='word_1_432' title='bbox 380 4449 502 4504; x_wconf 83' lang='lat' dir='ltr'><strong>sine</strong></span> <span class='ocrx_word' id='word_1_433' title='bbox 522 4438 909 4504; x_wconf 83' lang='lat' dir='ltr'><strong>controversia</strong></span> <span class='ocrx_word' id='word_1_434' title='bbox 929 4446 1206 4500; x_wconf 76' lang='lat' dir='ltr'><strong>catholica:</strong></span> <span class='ocrx_word' id='word_1_435' title='bbox 1253 4443 1396 4499; x_wconf 82' lang='lat' dir='ltr'><strong>ﬁdei.</strong></span> <span class='ocrx_word' id='word_1_436' title='bbox 1442 4443 1699 4512; x_wconf 84' lang='lat' dir='ltr'><strong>Quamvis</strong></span> <span class='ocrx_word' id='word_1_437' title='bbox 1726 4443 1853 4500; x_wconf 85' lang='lat' dir='ltr'><strong>huic</strong></span> 
     </span>
    </p>
   </div>
   <div class='ocr_carea' id='block_1_64' title="bbox 253 4536 1853 4611">
    <p class='ocr_par' dir='ltr' id='par_1_64' title="bbox 253 4536 1853 4611">
     <span class='ocr_line' id='line_1_64' title="bbox 253 4536 1853 4611; baseline -0.004 -16"><span class='ocrx_word' id='word_1_438' title='bbox 253 4541 445 4597; x_wconf 79' lang='lat' dir='ltr'><strong>rationi</strong></span> <span class='ocrx_word' id='word_1_439' title='bbox 489 4540 633 4597; x_wconf 87' lang='lat' dir='ltr'><strong>satis</strong></span> <span class='ocrx_word' id='word_1_440' title='bbox 659 4538 989 4611; x_wconf 84' lang='lat' dir='ltr'><strong>aStipuletur</strong></span> <span class='ocrx_word' id='word_1_441' title='bbox 1017 4537 1185 4607; x_wconf 89' lang='lat' dir='ltr'><strong>quod,</strong></span> <span class='ocrx_word' id='word_1_442' title='bbox 1212 4551 1336 4592; x_wconf 89' lang='lat' dir='ltr'><strong>cum</strong></span> <span class='ocrx_word' id='word_1_443' title='bbox 1370 4536 1639 4605; x_wconf 87' lang='lat' dir='ltr'><strong>quoslibet</strong></span> <span class='ocrx_word' id='word_1_444' title='bbox 1662 4550 1853 4589; x_wconf 87' lang='lat' dir='ltr'><strong>nume-</strong></span> 
     </span>
    </p>
   </div>
   <div class='ocr_carea' id='block_1_65' title="bbox 256 4622 1859 4695">
    <p class='ocr_par' dir='ltr' id='par_1_65' title="bbox 256 4622 1859 4695">
     <span class='ocr_line' id='line_1_65' title="bbox 256 4622 1859 4695; baseline -0.006 -12"><span class='ocrx_word' id='word_1_445' title='bbox 256 4646 372 4687; x_wconf 86' lang='lat' dir='ltr'><strong>rare</strong></span> <span class='ocrx_word' id='word_1_446' title='bbox 397 4630 761 4695; x_wconf 88' lang='lat' dir='ltr'><strong>voluerimus,</strong></span> <span class='ocrx_word' id='word_1_447' title='bbox 790 4628 1067 4683; x_wconf 82' lang='lat' dir='ltr'><strong>dicentes:</strong></span> <span class='ocrx_word' id='word_1_448' title='bbox 1098 4626 1189 4680; x_wconf 89' lang='lat' dir='ltr'><strong>Ille</strong></span> <span class='ocrx_word' id='word_1_449' title='bbox 1215 4626 1441 4694; x_wconf 90' lang='lat' dir='ltr'><strong>primus,</strong></span> <span class='ocrx_word' id='word_1_450' title='bbox 1469 4623 1557 4679; x_wconf 91' lang='lat' dir='ltr'><strong>ille</strong></span> <span class='ocrx_word' id='word_1_451' title='bbox 1571 4622 1859 4685; x_wconf 68' lang='lat' dir='ltr'><strong>secundus,</strong></span> 
     </span>
    </p>
   </div>
   <div class='ocr_carea' id='block_1_66' title="bbox 255 4715 1859 4789">
    <p class='ocr_par' dir='ltr' id='par_1_66' title="bbox 255 4715 1859 4789">
     <span class='ocr_line' id='line_1_66' title="bbox 255 4715 1859 4789; baseline -0.006 -14"><span class='ocrx_word' id='word_1_452' title='bbox 255 4720 338 4778; x_wconf 88' lang='lat' dir='ltr'><strong>ille</strong></span> <span class='ocrx_word' id='word_1_453' title='bbox 376 4723 448 4779; x_wconf 87' lang='lat' dir='ltr'><strong>sit</strong></span> <span class='ocrx_word' id='word_1_454' title='bbox 480 4722 717 4787; x_wconf 85' lang='lat' dir='ltr'><strong>tertius;</strong></span> <span class='ocrx_word' id='word_1_455' title='bbox 771 4735 880 4774; x_wconf 89' lang='lat' dir='ltr'><strong>non</strong></span> <span class='ocrx_word' id='word_1_456' title='bbox 920 4734 1016 4789; x_wconf 81' lang='lat' dir='ltr'><strong>per</strong></span> <span class='ocrx_word' id='word_1_457' title='bbox 1049 4719 1153 4773; x_wconf 91' lang='lat' dir='ltr'><strong>hoc</strong></span> <span class='ocrx_word' id='word_1_458' title='bbox 1186 4718 1504 4785; x_wconf 81' lang='lat' dir='ltr'><strong>dignitatem</strong></span> <span class='ocrx_word' id='word_1_459' title='bbox 1531 4715 1615 4769; x_wconf 89' lang='lat' dir='ltr'><strong>vel</strong></span> <span class='ocrx_word' id='word_1_460' title='bbox 1644 4724 1859 4769; x_wconf 67' lang='lat' dir='ltr'><strong>aetatem</strong></span> 
     </span>
    </p>
   </div>
   <div class='ocr_carea' id='block_1_67' title="bbox 228 4805 1860 4887">
    <p class='ocr_par' dir='ltr' id='par_1_67' title="bbox 228 4805 1860 4887">
     <span class='ocr_line' id='line_1_67' title="bbox 228 4805 1860 4887; baseline -0.007 -18"><span class='ocrx_word' id='word_1_461' title='bbox 228 4817 402 4885; x_wconf 86' lang='lat' dir='ltr'><strong>.primi</strong></span> <span class='ocrx_word' id='word_1_462' title='bbox 432 4816 708 4887; x_wconf 85' lang='lat' dir='ltr'><strong>majorem</strong></span> <span class='ocrx_word' id='word_1_463' title='bbox 737 4826 907 4882; x_wconf 84' lang='lat' dir='ltr'><strong>quam</strong></span> <span class='ocrx_word' id='word_1_464' title='bbox 949 4809 1173 4864; x_wconf 86' lang='lat' dir='ltr'><strong>secundi</strong></span> <span class='ocrx_word' id='word_1_465' title='bbox 1202 4808 1282 4863; x_wconf 88' lang='lat' dir='ltr'><strong>vel</strong></span> <span class='ocrx_word' id='word_1_466' title='bbox 1312 4806 1455 4863; x_wconf 85' lang='lat' dir='ltr'><strong>tertii</strong></span> <span class='ocrx_word' id='word_1_467' title='bbox 1482 4820 1695 4875; x_wconf 87' lang='lat' dir='ltr'><strong>semper</strong></span> <span class='ocrx_word' id='word_1_468' title='bbox 1720 4805 1860 4860; x_wconf 69' lang='lat' dir='ltr'><strong>desu-</strong></span> 
     </span>
    </p>
   </div>
   <div class='ocr_carea' id='block_1_68' title="bbox 253 4890 1861 4980">
    <p class='ocr_par' dir='ltr' id='par_1_68' title="bbox 253 4890 1861 4980">
     <span class='ocr_line' id='line_1_68' title="bbox 253 4890 1861 4980; baseline -0.006 -19"><span class='ocrx_word' id='word_1_469' title='bbox 253 4924 487 4980; x_wconf 79' lang='lat' dir='ltr'><strong>gnamus,</strong></span> <span class='ocrx_word' id='word_1_470' title='bbox 522 4909 628 4963; x_wconf 88' lang='lat' dir='ltr'><strong>sed</strong></span> <span class='ocrx_word' id='word_1_471' title='bbox 654 4907 791 4976; x_wconf 85' lang='lat' dir='ltr'><strong>quia</strong></span> <span class='ocrx_word' id='word_1_472' title='bbox 824 4918 930 4974; x_wconf 78' lang='lat' dir='ltr'><strong>pm</strong></span> <span class='ocrx_word' id='word_1_473' title='bbox 963 4917 1061 4956; x_wconf 89' lang='lat' dir='ltr'><strong>usu</strong></span> <span class='ocrx_word' id='word_1_474' title='bbox 1091 4890 1385 4963; x_wconf 47' lang='lat' dir='ltr'><strong>habemus,</strong></span> <span class='ocrx_word' id='word_1_475' title='bbox 1417 4899 1527 4953; x_wconf 89' lang='lat' dir='ltr'><strong>imo</strong></span> <span class='ocrx_word' id='word_1_476' title='bbox 1570 4913 1668 4968; x_wconf 90' lang='lat' dir='ltr'><strong>pro</strong></span> <span class='ocrx_word' id='word_1_477' title='bbox 1710 4894 1861 4952; x_wconf 83' lang='lat' dir='ltr'><strong>diffe-</strong></span> 
     </span>
    </p>
   </div>
   <div class='ocr_carea' id='block_1_69' title="bbox 251 4989 1856 5073">
    <p class='ocr_par' dir='ltr' id='par_1_69' title="bbox 251 4989 1856 5073">
     <span class='ocr_line' id='line_1_69' title="bbox 251 4989 1856 5073; baseline -0.012 -12"><span class='ocrx_word' id='word_1_478' title='bbox 251 5005 408 5061; x_wconf 81' lang='lat' dir='ltr'><strong>rentia</strong></span> <span class='ocrx_word' id='word_1_479' title='bbox 452 5002 781 5073; x_wconf 76' lang='lat' dir='ltr'><strong>indigemus</strong></span> <span class='ocrx_word' id='word_1_480' title='bbox 826 5006 889 5050; x_wconf 86' lang='lat' dir='ltr'><strong>ut</strong></span> <span class='ocrx_word' id='word_1_481' title='bbox 918 5003 1042 5065; x_wconf 88' lang='lat' dir='ltr'><strong>post</strong></span> <span class='ocrx_word' id='word_1_482' title='bbox 1087 4995 1345 5063; x_wconf 88' lang='lat' dir='ltr'><strong>prinmm,</strong></span> <span class='ocrx_word' id='word_1_483' title='bbox 1393 5006 1516 5045; x_wconf 81' lang='lat' dir='ltr'><strong>mox</strong></span> <span class='ocrx_word' id='word_1_484' title='bbox 1550 4989 1856 5071; x_wconf 72' lang='lat' dir='ltr'><strong>secundum</strong></span> 
     </span>
    </p>
   </div>
   <div class='ocr_carea' id='block_1_70' title="bbox 245 5086 1858 5154">
    <p class='ocr_par' dir='ltr' id='par_1_70' title="bbox 245 5086 1858 5154">
     <span class='ocr_line' id='line_1_70' title="bbox 245 5086 1858 5154; baseline -0.012 0"><span class='ocrx_word' id='word_1_485' title='bbox 245 5097 578 5154; x_wconf 86' lang='lat' dir='ltr'><strong>numerando</strong></span> <span class='ocrx_word' id='word_1_486' title='bbox 606 5095 897 5149; x_wconf 72' lang='lat' dir='ltr'><strong>dicamus.</strong></span> <span class='ocrx_word' id='word_1_487' title='bbox 950 5086 1010 5142; x_wconf 87' lang='lat' dir='ltr'><strong>Si</strong></span> <span class='ocrx_word' id='word_1_488' title='bbox 1059 5087 1202 5142; x_wconf 88' lang='lat' dir='ltr'><strong>enim</strong></span> <span class='ocrx_word' id='word_1_489' title='bbox 1249 5093 1858 5152; x_wconf 73' lang='lat' dir='ltr'><strong>nmnerantessempcr</strong></span> 
     </span>
    </p>
   </div>
   <div class='ocr_carea' id='block_1_71' title="bbox 240 5172 1858 5249">
    <p class='ocr_par' dir='ltr' id='par_1_71' title="bbox 240 5172 1858 5249">
     <span class='ocr_line' id='line_1_71' title="bbox 240 5172 1858 5249; baseline -0.015 -1"><span class='ocrx_word' id='word_1_490' title='bbox 240 5192 512 5249; x_wconf 79' lang='lat' dir='ltr'><strong>dicamus:</strong></span> <span class='ocrx_word' id='word_1_491' title='bbox 569 5186 675 5243; x_wconf 81' lang='lat' dir='ltr'><strong>Ille</strong></span> <span class='ocrx_word' id='word_1_492' title='bbox 716 5198 893 5247; x_wconf 87' lang='lat' dir='ltr'><strong>unus,</strong></span> <span class='ocrx_word' id='word_1_493' title='bbox 924 5177 1019 5231; x_wconf 84' lang='lat' dir='ltr'><strong>ille</strong></span> <span class='ocrx_word' id='word_1_494' title='bbox 1040 5193 1198 5243; x_wconf 89' lang='lat' dir='ltr'><strong>unus,</strong></span> <span class='ocrx_word' id='word_1_495' title='bbox 1229 5177 1318 5232; x_wconf 90' lang='lat' dir='ltr'><strong>ille</strong></span> <span class='ocrx_word' id='word_1_496' title='bbox 1348 5188 1520 5241; x_wconf 87' lang='lat' dir='ltr'><strong>unus;</strong></span> <span class='ocrx_word' id='word_1_497' title='bbox 1570 5190 1636 5230; x_wconf 81' lang='lat' dir='ltr'><strong>ex</strong></span> <span class='ocrx_word' id='word_1_498' title='bbox 1674 5172 1858 5242; x_wconf 68' lang='lat' dir='ltr'><strong>hujus-</strong></span> 
     </span>
    </p>
   </div>
   <div class='ocr_carea' id='block_1_72' title="bbox 233 5260 1858 5343">
    <p class='ocr_par' dir='ltr' id='par_1_72' title="bbox 233 5260 1858 5343">
     <span class='ocr_line' id='line_1_72' title="bbox 233 5260 1858 5343; baseline -0.021 -1"><span class='ocrx_word' id='word_1_499' title='bbox 233 5286 360 5343; x_wconf 87' lang='lat' dir='ltr'><strong>modi</strong></span> <span class='ocrx_word' id='word_1_500' title='bbox 426 5274 838 5340; x_wconf 62' lang='lat' dir='ltr'><strong>indifferentia</strong></span> <span class='ocrx_word' id='word_1_501' title='bbox 905 5268 1113 5325; x_wconf 86' lang='lat' dir='ltr'><strong>nullum</strong></span> <span class='ocrx_word' id='word_1_502' title='bbox 1181 5270 1499 5324; x_wconf 89' lang='lat' dir='ltr'><strong>instruimus</strong></span> <span class='ocrx_word' id='word_1_503' title='bbox 1549 5281 1710 5336; x_wconf 83' lang='lat' dir='ltr'><strong>quem</strong></span> <span class='ocrx_word' id='word_1_504' title='bbox 1774 5260 1858 5316; x_wconf 68' lang='lat' dir='ltr'><strong>vel</strong></span> 
     </span>
    </p>
   </div>
   <div class='ocr_carea' id='block_1_73' title="bbox 227 5352 1861 5450">
    <p class='ocr_par' dir='ltr' id='par_1_73' title="bbox 227 5352 1861 5450">
     <span class='ocr_line' id='line_1_73' title="bbox 227 5352 1861 5450; baseline -0.015 -19"><span class='ocrx_word' id='word_1_505' title='bbox 227 5379 413 5450; x_wconf 84' lang='lat' dir='ltr'><strong>primo,</strong></span> <span class='ocrx_word' id='word_1_506' title='bbox 466 5371 568 5428; x_wconf 87' lang='lat' dir='ltr'><strong>vel</strong></span> <span class='ocrx_word' id='word_1_507' title='bbox 625 5363 915 5428; x_wconf 77' lang='lat' dir='ltr'><strong>secundo,</strong></span> <span class='ocrx_word' id='word_1_508' title='bbox 962 5358 1047 5413; x_wconf 89' lang='lat' dir='ltr'><strong>vel</strong></span> <span class='ocrx_word' id='word_1_509' title='bbox 1087 5360 1265 5425; x_wconf 87' lang='lat' dir='ltr'><strong>tertio,</strong></span> <span class='ocrx_word' id='word_1_510' title='bbox 1298 5357 1384 5413; x_wconf 85' lang='lat' dir='ltr'><strong>vel</strong></span> <span class='ocrx_word' id='word_1_511' title='bbox 1429 5355 1684 5443; x_wconf 83' lang='lat' dir='ltr'><strong>deinceps</strong></span> <span class='ocrx_word' id='word_1_512' title='bbox 1711 5352 1861 5409; x_wconf 82' lang='lat' dir='ltr'><strong>dixe-</strong></span> 
     </span>
    </p>
   </div>
   <div class='ocr_carea' id='block_1_74' title="bbox 1870 3141 1917 3204">
    <p class='ocr_par' dir='ltr' id='par_1_74' title="bbox 1870 3141 1917 3204">
     <span class='ocr_line' id='line_1_74' title="bbox 1870 3141 1917 3204; baseline 0 0"><span class='ocrx_word' id='word_1_513' title='bbox 1870 3141 1917 3204; x_wconf 77' lang='grc' dir='ltr'>Ο</span> 
     </span>
    </p>
   </div>
   <div class='ocr_carea' id='block_1_75' title="bbox 1946 1877 3535 1962">
    <p class='ocr_par' dir='ltr' id='par_1_75' title="bbox 1946 1877 3535 1962">
     <span class='ocr_line' id='line_1_75' title="bbox 1946 1877 3535 1962; baseline 0.007 -29"><span class='ocrx_word' id='word_1_514' title='bbox 1946 1877 2128 1935; x_wconf 88' lang='lat' dir='ltr'><strong>dicere</strong></span> <span class='ocrx_word' id='word_1_515' title='bbox 2170 1880 2405 1937; x_wconf 80' lang='lat' dir='ltr'><strong>solemus</strong></span> <span class='ocrx_word' id='word_1_516' title='bbox 2435 1900 2449 1936; x_wconf 91' lang='lat'><strong>:</strong></span> <span class='ocrx_word' id='word_1_517' title='bbox 2484 1882 2577 1938; x_wconf 89' lang='lat' dir='ltr'><strong>llle</strong></span> <span class='ocrx_word' id='word_1_518' title='bbox 2610 1884 2748 1950; x_wconf 79' lang='lat' dir='ltr'><strong>fons,</strong></span> <span class='ocrx_word' id='word_1_519' title='bbox 2779 1887 2865 1940; x_wconf 90' lang='lat' dir='ltr'><strong>ille</strong></span> <span class='ocrx_word' id='word_1_520' title='bbox 2894 1888 3065 1949; x_wconf 86' lang='lat' dir='ltr'><strong>rivus.</strong></span> <span class='ocrx_word' id='word_1_521' title='bbox 3100 1888 3229 1944; x_wconf 89' lang='lat' dir='ltr'><strong>illud</strong></span> <span class='ocrx_word' id='word_1_522' title='bbox 3259 1899 3535 1962; x_wconf 78' lang='lat' dir='ltr'><strong>stagnum,</strong></span> 
     </span>
    </p>
   </div>
   <div class='ocr_carea' id='block_1_76' title="bbox 1946 1976 3535 2050">
    <p class='ocr_par' dir='ltr' id='par_1_76' title="bbox 1946 1976 3535 2050">
     <span class='ocr_line' id='line_1_76' title="bbox 1946 1976 3535 2050; baseline 0.009 -28"><span class='ocrx_word' id='word_1_523' title='bbox 1946 1978 2001 2023; x_wconf 90' lang='lat' dir='ltr'><strong>et</strong></span> <span class='ocrx_word' id='word_1_524' title='bbox 2039 1977 2215 2025; x_wconf 87' lang='lat' dir='ltr'><strong>tamen</strong></span> <span class='ocrx_word' id='word_1_525' title='bbox 2266 1988 2429 2026; x_wconf 88' lang='lat' dir='ltr'><strong>unum</strong></span> <span class='ocrx_word' id='word_1_526' title='bbox 2467 1988 2618 2043; x_wconf 68' lang='lat' dir='ltr'><strong>aqua:</strong></span> <span class='ocrx_word' id='word_1_527' title='bbox 2649 1976 2972 2033; x_wconf 84' lang='lat' dir='ltr'><strong>elementum</strong></span> <span class='ocrx_word' id='word_1_528' title='bbox 3013 1980 3421 2050; x_wconf 75' lang='lat' dir='ltr'><strong>signiﬁcamus;</strong></span> <span class='ocrx_word' id='word_1_529' title='bbox 3459 1982 3535 2036; x_wconf 82' lang='lat' dir='ltr'><strong>ita</strong></span> 
     </span>
    </p>
   </div>
   <div class='ocr_carea' id='block_1_77' title="bbox 1945 2062 3537 2139">
    <p class='ocr_par' dir='ltr' id='par_1_77' title="bbox 1945 2062 3537 2139">
     <span class='ocr_line' id='line_1_77' title="bbox 1945 2062 3537 2139; baseline 0.007 -24"><span class='ocrx_word' id='word_1_530' title='bbox 1945 2062 2108 2115; x_wconf 84' lang='lat' dir='ltr'><strong>etiam</strong></span> <span class='ocrx_word' id='word_1_531' title='bbox 2140 2062 2205 2116; x_wconf 85' lang='lat' dir='ltr'><strong>de</strong></span> <span class='ocrx_word' id='word_1_532' title='bbox 2237 2062 2329 2117; x_wconf 84' lang='lat' dir='ltr'><strong>Dei</strong></span> <span class='ocrx_word' id='word_1_533' title='bbox 2359 2063 2536 2118; x_wconf 78' lang='lat' dir='ltr'><strong>Patris</strong></span> <span class='ocrx_word' id='word_1_534' title='bbox 2563 2074 2616 2118; x_wconf 88' lang='lat' dir='ltr'><strong>et</strong></span> <span class='ocrx_word' id='word_1_535' title='bbox 2640 2064 2761 2120; x_wconf 84' lang='lat' dir='ltr'><strong>Filii</strong></span> <span class='ocrx_word' id='word_1_536' title='bbox 2786 2076 2840 2121; x_wconf 89' lang='lat' dir='ltr'><strong>et</strong></span> <span class='ocrx_word' id='word_1_537' title='bbox 2866 2069 3102 2139; x_wconf 58' lang='lat' dir='ltr'><strong>Spiritus</strong></span> <span class='ocrx_word' id='word_1_538' title='bbox 3128 2072 3299 2125; x_wconf 86' lang='lat' dir='ltr'><strong>sancti</strong></span> <span class='ocrx_word' id='word_1_539' title='bbox 3330 2072 3537 2126; x_wconf 84' lang='lat' dir='ltr'><strong>unitate</strong></span> 
     </span>
    </p>
   </div>
   <div class='ocr_carea' id='block_1_78' title="bbox 1945 2156 3538 2232">
    <p class='ocr_par' dir='ltr' id='par_1_78' title="bbox 1945 2156 3538 2232">
     <span class='ocr_line' id='line_1_78' title="bbox 1945 2156 3538 2232; baseline 0.006 -21"><span class='ocrx_word' id='word_1_540' title='bbox 1945 2157 2092 2211; x_wconf 83' lang='lat' dir='ltr'><strong>credi</strong></span> <span class='ocrx_word' id='word_1_541' title='bbox 2122 2167 2354 2225; x_wconf 79' lang='lat' dir='ltr'><strong>oportet.</strong></span> <span class='ocrx_word' id='word_1_542' title='bbox 2406 2156 2557 2212; x_wconf 85' lang='lat' dir='ltr'><strong>Licet</strong></span> <span class='ocrx_word' id='word_1_543' title='bbox 2602 2161 2747 2225; x_wconf 75' lang='lat' dir='ltr'><strong>enim</strong></span> <span class='ocrx_word' id='word_1_544' title='bbox 2784 2161 2835 2214; x_wconf 91' lang='lat' dir='ltr'><strong>in</strong></span> <span class='ocrx_word' id='word_1_545' title='bbox 2872 2163 3150 2232; x_wconf 68' lang='lat' dir='ltr'><strong>personis,</strong></span> <span class='ocrx_word' id='word_1_546' title='bbox 3202 2173 3259 2219; x_wconf 88' lang='lat' dir='ltr'><strong>ut</strong></span> <span class='ocrx_word' id='word_1_547' title='bbox 3318 2164 3437 2220; x_wconf 86' lang='lat' dir='ltr'><strong>fons</strong></span> <span class='ocrx_word' id='word_1_548' title='bbox 3481 2175 3538 2220; x_wconf 91' lang='lat' dir='ltr'><strong>ct</strong></span> 
     </span>
    </p>
   </div>
   <div class='ocr_carea' id='block_1_79' title="bbox 1946 2246 3537 2318">
    <p class='ocr_par' dir='ltr' id='par_1_79' title="bbox 1946 2246 3537 2318">
     <span class='ocr_line' id='line_1_79' title="bbox 1946 2246 3537 2318; baseline 0.009 -19"><span class='ocrx_word' id='word_1_549' title='bbox 1946 2246 2094 2300; x_wconf 86' lang='lat' dir='ltr'><strong>rivus</strong></span> <span class='ocrx_word' id='word_1_550' title='bbox 2122 2256 2482 2318; x_wconf 65' lang='lat' dir='ltr'><strong>stagnumque</strong></span> <span class='ocrx_word' id='word_1_551' title='bbox 2512 2248 2779 2316; x_wconf 80' lang='lat' dir='ltr'><strong>diilerant,</strong></span> <span class='ocrx_word' id='word_1_552' title='bbox 2806 2251 2857 2305; x_wconf 92' lang='lat' dir='ltr'><strong>in</strong></span> <span class='ocrx_word' id='word_1_553' title='bbox 2887 2269 2991 2307; x_wconf 86' lang='lat' dir='ltr'><strong>una</strong></span> <span class='ocrx_word' id='word_1_554' title='bbox 3020 2263 3197 2310; x_wconf 83' lang='lat' dir='ltr'><strong>tamen</strong></span> <span class='ocrx_word' id='word_1_555' title='bbox 3232 2257 3537 2313; x_wconf 72' lang='lat' dir='ltr'><strong>substantia</strong></span> 
     </span>
    </p>
   </div>
   <div class='ocr_carea' id='block_1_80' title="bbox 1946 2334 3536 2408">
    <p class='ocr_par' dir='ltr' id='par_1_80' title="bbox 1946 2334 3536 2408">
     <span class='ocr_line' id='line_1_80' title="bbox 1946 2334 3536 2408; baseline 0.007 -16"><span class='ocrx_word' id='word_1_556' title='bbox 1946 2334 2120 2392; x_wconf 86' lang='lat' dir='ltr'><strong>instar</strong></span> <span class='ocrx_word' id='word_1_557' title='bbox 2143 2354 2296 2408; x_wconf 66' lang='lat' dir='ltr'><strong>aqum</strong></span> <span class='ocrx_word' id='word_1_558' title='bbox 2316 2339 2620 2407; x_wconf 78' lang='lat' dir='ltr'><strong>purissima:</strong></span> <span class='ocrx_word' id='word_1_559' title='bbox 2643 2341 2991 2396; x_wconf 86' lang='lat' dir='ltr'><strong>conveniunt.</strong></span> <span class='ocrx_word' id='word_1_560' title='bbox 3026 2343 3174 2399; x_wconf 76' lang='lat' dir='ltr'><strong>Unde</strong></span> <span class='ocrx_word' id='word_1_561' title='bbox 3196 2354 3251 2399; x_wconf 86' lang='lat' dir='ltr'><strong>et</strong></span> <span class='ocrx_word' id='word_1_562' title='bbox 3276 2344 3536 2403; x_wconf 81' lang='lat' dir='ltr'><strong>Dominus</strong></span> 
     </span>
    </p>
   </div>
   <div class='ocr_carea' id='block_1_81' title="bbox 1916 2428 3539 2501">
    <p class='ocr_par' dir='ltr' id='par_1_81' title="bbox 1916 2428 3539 2501">
     <span class='ocr_line' id='line_1_81' title="bbox 1916 2428 3539 2501; baseline 0.007 -20"><span class='ocrx_word' id='word_1_563' title='bbox 1916 2438 2152 2494; x_wconf 73' lang='lat' dir='ltr'><strong>.naster,</strong></span> <span class='ocrx_word' id='word_1_564' title='bbox 2203 2429 2293 2497; x_wconf 89' lang='lat' dir='ltr'><strong>qui</strong></span> <span class='ocrx_word' id='word_1_565' title='bbox 2331 2429 2491 2483; x_wconf 87' lang='lat' dir='ltr'><strong>unius</strong></span> <span class='ocrx_word' id='word_1_566' title='bbox 2540 2429 2859 2486; x_wconf 66' lang='lat' dir='ltr'><strong>substantia:</strong></span> <span class='ocrx_word' id='word_1_567' title='bbox 2900 2439 2985 2485; x_wconf 86' lang='lat' dir='ltr'><strong>est</strong></span> <span class='ocrx_word' id='word_1_568' title='bbox 3011 2448 3135 2487; x_wconf 89' lang='lat' dir='ltr'><strong>cum</strong></span> <span class='ocrx_word' id='word_1_569' title='bbox 3181 2428 3360 2501; x_wconf 83' lang='lat' dir='ltr'><strong>Patre,</strong></span> <span class='ocrx_word' id='word_1_570' title='bbox 3388 2437 3539 2492; x_wconf 85' lang='lat' dir='ltr'><strong>velut</strong></span> 
     </span>
    </p>
   </div>
   <div class='ocr_carea' id='block_1_82' title="bbox 1946 2520 3537 2591">
    <p class='ocr_par' dir='ltr' id='par_1_82' title="bbox 1946 2520 3537 2591">
     <span class='ocr_line' id='line_1_82' title="bbox 1946 2520 3537 2591; baseline 0.008 -16"><span class='ocrx_word' id='word_1_571' title='bbox 1946 2522 2097 2576; x_wconf 84' lang='lat' dir='ltr'><strong>rivus</strong></span> <span class='ocrx_word' id='word_1_572' title='bbox 2121 2537 2243 2577; x_wconf 90' lang='lat' dir='ltr'><strong>cum</strong></span> <span class='ocrx_word' id='word_1_573' title='bbox 2268 2520 2439 2588; x_wconf 79' lang='lat' dir='ltr'><strong>fonte,</strong></span> <span class='ocrx_word' id='word_1_574' title='bbox 2478 2522 2643 2577; x_wconf 77' lang='lat' dir='ltr'><strong>dicit;</strong></span> <span class='ocrx_word' id='word_1_575' title='bbox 2673 2522 2779 2588; x_wconf 84' lang='lat' dir='ltr'><strong>Qui</strong></span> <span class='ocrx_word' id='word_1_576' title='bbox 2805 2525 2936 2578; x_wconf 80' lang='lat' dir='ltr'><strong>ridet</strong></span> <span class='ocrx_word' id='word_1_577' title='bbox 2962 2541 3061 2591; x_wconf 79' lang='lat' dir='ltr'><strong>me,</strong></span> <span class='ocrx_word' id='word_1_578' title='bbox 3087 2527 3220 2581; x_wconf 77' lang='lat' dir='ltr'><strong>videt</strong></span> <span class='ocrx_word' id='word_1_579' title='bbox 3244 2540 3289 2582; x_wconf 85' lang='lat' dir='ltr'><strong>et</strong></span> <span class='ocrx_word' id='word_1_580' title='bbox 3317 2526 3537 2587; x_wconf 80' lang='lat' dir='ltr'><strong>Patrem</strong></span> 
     </span>
    </p>
   </div>
   <div class='ocr_carea' id='block_1_83' title="bbox 1947 2612 2501 2683">
    <p class='ocr_par' dir='ltr' id='par_1_83' title="bbox 1947 2612 2501 2683">
     <span class='ocr_line' id='line_1_83' title="bbox 1947 2612 2501 2683; baseline 0.002 -16"><span class='ocrx_word' id='word_1_581' title='bbox 1947 2629 2118 2668; x_wconf 80' lang='lat' dir='ltr'><strong>meum</strong></span> <span class='ocrx_word' id='word_1_582' title='bbox 2158 2612 2336 2683; x_wconf 80' lang='lat' dir='ltr'><strong>(Joan.</strong></span> <span class='ocrx_word' id='word_1_583' title='bbox 2370 2612 2501 2682; x_wconf 72' lang='lat' dir='ltr'><strong>XIV).</strong></span> 
     </span>
    </p>
   </div>
   <div class='ocr_carea' id='block_1_84' title="bbox 2018 2706 3538 2782">
    <p class='ocr_par' dir='ltr' id='par_1_84' title="bbox 2018 2706 3538 2782">
     <span class='ocr_line' id='line_1_84' title="bbox 2018 2706 3538 2782; baseline 0.004 -21"><span class='ocrx_word' id='word_1_584' title='bbox 2018 2706 2154 2761; x_wconf 89' lang='lat' dir='ltr'><strong>Cum</strong></span> <span class='ocrx_word' id='word_1_585' title='bbox 2188 2706 2354 2777; x_wconf 78' lang='lat' dir='ltr'><strong>igitur</strong></span> <span class='ocrx_word' id='word_1_586' title='bbox 2374 2720 2440 2762; x_wconf 89' lang='lat' dir='ltr'><strong>eo</strong></span> <span class='ocrx_word' id='word_1_587' title='bbox 2469 2722 2577 2776; x_wconf 88' lang='lat' dir='ltr'><strong>quo</strong></span> <span class='ocrx_word' id='word_1_588' title='bbox 2604 2706 2807 2763; x_wconf 89' lang='lat' dir='ltr'><strong>dictum</strong></span> <span class='ocrx_word' id='word_1_589' title='bbox 2838 2717 2923 2763; x_wconf 88' lang='lat' dir='ltr'><strong>est</strong></span> <span class='ocrx_word' id='word_1_590' title='bbox 2952 2710 3109 2763; x_wconf 88' lang='lat' dir='ltr'><strong>modo</strong></span> <span class='ocrx_word' id='word_1_591' title='bbox 3132 2711 3291 2765; x_wconf 75' lang='lat' dir='ltr'><strong>\‘erbi</strong></span> <span class='ocrx_word' id='word_1_592' title='bbox 3316 2713 3538 2782; x_wconf 85' lang='lat' dir='ltr'><strong>superni</strong></span> 
     </span>
    </p>
   </div>
   <div class='ocr_carea' id='block_1_85' title="bbox 1947 2796 3536 2873">
    <p class='ocr_par' dir='ltr' id='par_1_85' title="bbox 1947 2796 3536 2873">
     <span class='ocr_line' id='line_1_85' title="bbox 1947 2796 3536 2873; baseline 0.005 -23"><span class='ocrx_word' id='word_1_593' title='bbox 1947 2810 2235 2865; x_wconf 88' lang='lat' dir='ltr'><strong>personam</strong></span> <span class='ocrx_word' id='word_1_594' title='bbox 2280 2796 2332 2849; x_wconf 93' lang='lat' dir='ltr'><strong>in</strong></span> <span class='ocrx_word' id='word_1_595' title='bbox 2373 2797 2612 2851; x_wconf 82' lang='lat' dir='ltr'><strong>secundo</strong></span> <span class='ocrx_word' id='word_1_596' title='bbox 2658 2796 2726 2851; x_wconf 91' lang='lat' dir='ltr'><strong>ab</strong></span> <span class='ocrx_word' id='word_1_597' title='bbox 2769 2798 2978 2852; x_wconf 83' lang='lat' dir='ltr'><strong>unitate</strong></span> <span class='ocrx_word' id='word_1_598' title='bbox 3025 2799 3187 2855; x_wconf 85' lang='lat' dir='ltr'><strong>liceat</strong></span> <span class='ocrx_word' id='word_1_599' title='bbox 3231 2802 3536 2873; x_wconf 77' lang='lat' dir='ltr'><strong>designare,</strong></span> 
     </span>
    </p>
   </div>
   <div class='ocr_carea' id='block_1_86' title="bbox 1949 2884 3542 2956">
    <p class='ocr_par' dir='ltr' id='par_1_86' title="bbox 1949 2884 3542 2956">
     <span class='ocr_line' id='line_1_86' title="bbox 1949 2884 3542 2956; baseline 0.005 -15"><span class='ocrx_word' id='word_1_600' title='bbox 1949 2886 2193 2941; x_wconf 88' lang='lat' dir='ltr'><strong>dicamus</strong></span> <span class='ocrx_word' id='word_1_601' title='bbox 2217 2885 2365 2956; x_wconf 85' lang='lat' dir='ltr'><strong>quia,</strong></span> <span class='ocrx_word' id='word_1_602' title='bbox 2411 2884 2554 2940; x_wconf 83' lang='lat' dir='ltr'><strong>sicut</strong></span> <span class='ocrx_word' id='word_1_603' title='bbox 2591 2902 2688 2956; x_wconf 89' lang='lat' dir='ltr'><strong>per</strong></span> <span class='ocrx_word' id='word_1_604' title='bbox 2730 2890 2981 2943; x_wconf 87' lang='lat' dir='ltr'><strong>eumdem</strong></span> <span class='ocrx_word' id='word_1_605' title='bbox 3026 2889 3320 2947; x_wconf 74' lang='lat' dir='ltr'><strong>secundum</strong></span> <span class='ocrx_word' id='word_1_606' title='bbox 3360 2894 3542 2950; x_wconf 87' lang='lat' dir='ltr'><strong>unitas</strong></span> 
     </span>
    </p>
   </div>
   <div class='ocr_carea' id='block_1_87' title="bbox 1947 2978 3541 3050">
    <p class='ocr_par' dir='ltr' id='par_1_87' title="bbox 1947 2978 3541 3050">
     <span class='ocr_line' id='line_1_87' title="bbox 1947 2978 3541 3050; baseline 0.004 -18"><span class='ocrx_word' id='word_1_607' title='bbox 1947 2992 2164 3033; x_wconf 85' lang='lat' dir='ltr'><strong>omnem</strong></span> <span class='ocrx_word' id='word_1_608' title='bbox 2210 2990 2493 3031; x_wconf 86' lang='lat' dir='ltr'><strong>numerum</strong></span> <span class='ocrx_word' id='word_1_609' title='bbox 2526 2978 2729 3046; x_wconf 85' lang='lat' dir='ltr'><strong>absque</strong></span> <span class='ocrx_word' id='word_1_610' title='bbox 2771 2980 3041 3050; x_wconf 76' lang='lat' dir='ltr'><strong>passionis</strong></span> <span class='ocrx_word' id='word_1_611' title='bbox 3077 2997 3187 3035; x_wconf 78' lang='lat' dir='ltr'><strong>sua:</strong></span> <span class='ocrx_word' id='word_1_612' title='bbox 3218 2992 3272 3036; x_wconf 91' lang='lat' dir='ltr'><strong>et</strong></span> <span class='ocrx_word' id='word_1_613' title='bbox 3297 2981 3541 3038; x_wconf 70' lang='lat' dir='ltr'><strong>diminuo</strong></span> 
     </span>
    </p>
   </div>
   <div class='ocr_carea' id='block_1_88' title="bbox 1949 3066 3541 3144">
    <p class='ocr_par' dir='ltr' id='par_1_88' title="bbox 1949 3066 3541 3144">
     <span class='ocr_line' id='line_1_88' title="bbox 1949 3066 3541 3144; baseline 0.007 -23"><span class='ocrx_word' id='word_1_614' title='bbox 1949 3067 2114 3122; x_wconf 86' lang='lat' dir='ltr'><strong>tionis</strong></span> <span class='ocrx_word' id='word_1_615' title='bbox 2160 3066 2388 3136; x_wconf 80' lang='lat' dir='ltr'><strong>vestigio</strong></span> <span class='ocrx_word' id='word_1_616' title='bbox 2437 3076 2606 3133; x_wconf 82' lang='lat' dir='ltr'><strong>creat,</strong></span> <span class='ocrx_word' id='word_1_617' title='bbox 2655 3069 2727 3124; x_wconf 81' lang='lat' dir='ltr'><strong>ita</strong></span> <span class='ocrx_word' id='word_1_618' title='bbox 2779 3070 2943 3124; x_wconf 84' lang='lat' dir='ltr'><strong>etiam</strong></span> <span class='ocrx_word' id='word_1_619' title='bbox 2989 3069 3155 3126; x_wconf 84' lang='lat' dir='ltr'><strong>Pater</strong></span> <span class='ocrx_word' id='word_1_620' title='bbox 3192 3075 3541 3144; x_wconf 74' lang='lat' dir='ltr'><strong>omnipotens</strong></span> 
     </span>
    </p>
   </div>
   <div class='ocr_carea' id='block_1_89' title="bbox 1947 3160 3544 3233">
    <p class='ocr_par' dir='ltr' id='par_1_89' title="bbox 1947 3160 3544 3233">
     <span class='ocr_line' id='line_1_89' title="bbox 1947 3160 3544 3233; baseline 0.004 -15"><span class='ocrx_word' id='word_1_621' title='bbox 1947 3177 2045 3233; x_wconf 89' lang='lat' dir='ltr'><strong>per</strong></span> <span class='ocrx_word' id='word_1_622' title='bbox 2104 3160 2342 3217; x_wconf 73' lang='lat' dir='ltr'><strong>Verbum</strong></span> <span class='ocrx_word' id='word_1_623' title='bbox 2400 3175 2558 3217; x_wconf 84' lang='lat' dir='ltr'><strong>suum</strong></span> <span class='ocrx_word' id='word_1_624' title='bbox 2623 3162 3036 3233; x_wconf 86' lang='lat' dir='ltr'><strong>impassibiliter</strong></span> <span class='ocrx_word' id='word_1_625' title='bbox 3096 3174 3151 3220; x_wconf 89' lang='lat' dir='ltr'><strong>et</strong></span> <span class='ocrx_word' id='word_1_626' title='bbox 3216 3165 3544 3227; x_wconf 77' lang='lat' dir='ltr'><strong>indefective</strong></span> 
     </span>
    </p>
   </div>
   <div class='ocr_carea' id='block_1_90' title="bbox 1945 3242 3545 3328">
    <p class='ocr_par' dir='ltr' id='par_1_90' title="bbox 1945 3242 3545 3328">
     <span class='ocr_line' id='line_1_90' title="bbox 1945 3242 3545 3328; baseline 0.003 -17"><span class='ocrx_word' id='word_1_627' title='bbox 1945 3256 2130 3311; x_wconf 89' lang='lat' dir='ltr'><strong>omnia</strong></span> <span class='ocrx_word' id='word_1_628' title='bbox 2161 3242 2367 3313; x_wconf 76' lang='lat' dir='ltr'><strong>ci&#39;eavit</strong></span> <span class='ocrx_word' id='word_1_629' title='bbox 2402 3255 2590 3319; x_wconf 87' lang='lat' dir='ltr'><strong>semel,</strong></span> <span class='ocrx_word' id='word_1_630' title='bbox 2633 3246 2693 3309; x_wconf 76' lang='grc' dir='ltr'>ἐἰ</span> <span class='ocrx_word' id='word_1_631' title='bbox 2744 3262 2923 3312; x_wconf 88' lang='lat' dir='ltr'><strong>tamen</strong></span> <span class='ocrx_word' id='word_1_632' title='bbox 2966 3255 3133 3311; x_wconf 87' lang='lat' dir='ltr'><strong>semel</strong></span> <span class='ocrx_word' id='word_1_633' title='bbox 3164 3259 3355 3328; x_wconf 58' lang='lat' dir='ltr'><strong>recipit</strong></span> <span class='ocrx_word' id='word_1_634' title='bbox 3383 3270 3545 3315; x_wconf 79' lang='lat' dir='ltr'><strong>teter-</strong></span> 
     </span>
    </p>
   </div>
   <div class='ocr_carea' id='block_1_91' title="bbox 1945 3346 3539 3420">
    <p class='ocr_par' dir='ltr' id='par_1_91' title="bbox 1945 3346 3539 3420">
     <span class='ocr_line' id='line_1_91' title="bbox 1945 3346 3539 3420; baseline 0.003 -16"><span class='ocrx_word' id='word_1_635' title='bbox 1945 3348 2108 3404; x_wconf 87' lang='lat' dir='ltr'><strong>nitas.</strong></span> <span class='ocrx_word' id='word_1_636' title='bbox 2156 3348 2223 3402; x_wconf 86' lang='lat' dir='ltr'><strong>Et</strong></span> <span class='ocrx_word' id='word_1_637' title='bbox 2262 3346 2611 3403; x_wconf 79' lang='lat' dir='ltr'><strong>inel&#39;fabiliter</strong></span> <span class='ocrx_word' id='word_1_638' title='bbox 2650 3347 2755 3404; x_wconf 84' lang='lat' dir='ltr'><strong>hoc</strong></span> <span class='ocrx_word' id='word_1_639' title='bbox 2785 3350 3118 3419; x_wconf 79' lang='lat' dir='ltr'><strong>disponendo</strong></span> <span class='ocrx_word' id='word_1_640' title='bbox 3144 3352 3539 3420; x_wconf 70' lang='lat' dir='ltr'><strong>prmdestinan—</strong></span> 
     </span>
    </p>
   </div>
   <div class='ocr_carea' id='block_1_92' title="bbox 1947 3436 3544 3513">
    <p class='ocr_par' dir='ltr' id='par_1_92' title="bbox 1947 3436 3544 3513">
     <span class='ocr_line' id='line_1_92' title="bbox 1947 3436 3544 3513; baseline 0.004 -21"><span class='ocrx_word' id='word_1_641' title='bbox 1947 3438 2128 3508; x_wconf 87' lang='lat' dir='ltr'><strong>doque</strong></span> <span class='ocrx_word' id='word_1_642' title='bbox 2174 3453 2341 3509; x_wconf 83' lang='lat' dir='ltr'><strong>agens</strong></span> <span class='ocrx_word' id='word_1_643' title='bbox 2391 3452 2488 3508; x_wconf 89' lang='lat' dir='ltr'><strong>per</strong></span> <span class='ocrx_word' id='word_1_644' title='bbox 2543 3436 2800 3504; x_wconf 76' lang='lat' dir='ltr'><strong>Verbum,</strong></span> <span class='ocrx_word' id='word_1_645' title='bbox 2850 3438 2994 3509; x_wconf 89' lang='lat' dir='ltr'><strong>quod</strong></span> <span class='ocrx_word' id='word_1_646' title='bbox 3043 3441 3199 3495; x_wconf 85' lang='lat' dir='ltr'><strong>nobis</strong></span> <span class='ocrx_word' id='word_1_647' title='bbox 3243 3442 3438 3513; x_wconf 71' lang='lat' dir='ltr'><strong>smpius</strong></span> <span class='ocrx_word' id='word_1_648' title='bbox 3486 3454 3544 3499; x_wconf 79' lang='lat' dir='ltr'><strong>et</strong></span> 
     </span>
    </p>
   </div>
   <div class='ocr_carea' id='block_1_93' title="bbox 1950 3527 3544 3600">
    <p class='ocr_par' dir='ltr' id='par_1_93' title="bbox 1950 3527 3544 3600">
     <span class='ocr_line' id='line_1_93' title="bbox 1950 3527 3544 3600; baseline 0.002 -15"><span class='ocrx_word' id='word_1_649' title='bbox 1950 3529 2322 3599; x_wconf 86' lang='lat' dir='ltr'><strong>temporaliter</strong></span> <span class='ocrx_word' id='word_1_650' title='bbox 2366 3527 2778 3584; x_wconf 80' lang='lat' dir='ltr'><strong>numer-antibus</strong></span> <span class='ocrx_word' id='word_1_651' title='bbox 2811 3529 3010 3590; x_wconf 81' lang='lat' dir='ltr'><strong>unitas</strong></span> <span class='ocrx_word' id='word_1_652' title='bbox 3036 3530 3167 3584; x_wconf 83' lang='lat' dir='ltr'><strong>facit</strong></span> <span class='ocrx_word' id='word_1_653' title='bbox 3217 3547 3315 3600; x_wconf 88' lang='lat' dir='ltr'><strong>per</strong></span> <span class='ocrx_word' id='word_1_654' title='bbox 3348 3547 3544 3588; x_wconf 74' lang='grc' dir='ltr'><strong>δεευιιο</strong></span> 
     </span>
    </p>
   </div>
   <div class='ocr_carea' id='block_1_94' title="bbox 1947 3617 3543 3690">
    <p class='ocr_par' dir='ltr' id='par_1_94' title="bbox 1947 3617 3543 3690">
     <span class='ocr_line' id='line_1_94' title="bbox 1947 3617 3543 3690; baseline 0.005 -16"><span class='ocrx_word' id='word_1_655' title='bbox 1947 3621 2097 3675; x_wconf 87' lang='lat' dir='ltr'><strong>dum.</strong></span> <span class='ocrx_word' id='word_1_656' title='bbox 2152 3618 2336 3690; x_wconf 76' lang='lat' dir='ltr'><strong>Neque</strong></span> <span class='ocrx_word' id='word_1_657' title='bbox 2384 3618 2553 3680; x_wconf 86' lang='lat' dir='ltr'><strong>enim.</strong></span> <span class='ocrx_word' id='word_1_658' title='bbox 2600 3618 2727 3673; x_wconf 87' lang='lat' dir='ltr'><strong>licet</strong></span> <span class='ocrx_word' id='word_1_659' title='bbox 2770 3617 2966 3689; x_wconf 73' lang='lat' dir='ltr'><strong>smpius</strong></span> <span class='ocrx_word' id='word_1_660' title='bbox 3017 3629 3311 3687; x_wconf 83' lang='lat' dir='ltr'><strong>repetatur,</strong></span> <span class='ocrx_word' id='word_1_661' title='bbox 3358 3623 3543 3682; x_wconf 76' lang='lat' dir='ltr'><strong>unitas</strong></span> 
     </span>
    </p>
   </div>
   <div class='ocr_carea' id='block_1_95' title="bbox 1947 3709 3541 3779">
    <p class='ocr_par' dir='ltr' id='par_1_95' title="bbox 1947 3709 3541 3779">
     <span class='ocr_line' id='line_1_95' title="bbox 1947 3709 3541 3779; baseline 0.002 -13"><span class='ocrx_word' id='word_1_662' title='bbox 1947 3720 2029 3766; x_wconf 89' lang='lat' dir='ltr'><strong>est</strong></span> <span class='ocrx_word' id='word_1_663' title='bbox 2060 3710 2164 3765; x_wconf 87' lang='lat' dir='ltr'><strong>nisi</strong></span> <span class='ocrx_word' id='word_1_664' title='bbox 2196 3726 2322 3764; x_wconf 90' lang='lat' dir='ltr'><strong>una.</strong></span> <span class='ocrx_word' id='word_1_665' title='bbox 2348 3709 2540 3765; x_wconf 87' lang='lat' dir='ltr'><strong>Omnia</strong></span> <span class='ocrx_word' id='word_1_666' title='bbox 2567 3722 2718 3779; x_wconf 81' lang='lat' dir='ltr'><strong>ergo,</strong></span> <span class='ocrx_word' id='word_1_667' title='bbox 2743 3717 2802 3763; x_wconf 89' lang='grc' dir='ltr'><strong>ιιι</strong></span> <span class='ocrx_word' id='word_1_668' title='bbox 2824 3709 2959 3775; x_wconf 70' lang='lat' dir='ltr'><strong>disi,</strong></span> <span class='ocrx_word' id='word_1_669' title='bbox 2985 3724 3082 3778; x_wconf 85' lang='lat' dir='ltr'><strong>per</strong></span> <span class='ocrx_word' id='word_1_670' title='bbox 3106 3709 3336 3766; x_wconf 81' lang='lat' dir='ltr'><strong>Verbum</strong></span> <span class='ocrx_word' id='word_1_671' title='bbox 3363 3710 3541 3770; x_wconf 85' lang='lat' dir='ltr'><strong>Patris</strong></span> 
     </span>
    </p>
   </div>
   <div class='ocr_carea' id='block_1_96' title="bbox 1950 3799 3541 3872">
    <p class='ocr_par' dir='ltr' id='par_1_96' title="bbox 1950 3799 3541 3872">
     <span class='ocr_line' id='line_1_96' title="bbox 1950 3799 3541 3872; baseline 0.003 -17"><span class='ocrx_word' id='word_1_672' title='bbox 1950 3801 2091 3856; x_wconf 83' lang='lat' dir='ltr'><strong>facta</strong></span> <span class='ocrx_word' id='word_1_673' title='bbox 2122 3809 2273 3866; x_wconf 88' lang='lat' dir='ltr'><strong>sunt,</strong></span> <span class='ocrx_word' id='word_1_674' title='bbox 2301 3799 2439 3855; x_wconf 88' lang='lat' dir='ltr'><strong>sicut</strong></span> <span class='ocrx_word' id='word_1_675' title='bbox 2464 3813 2655 3854; x_wconf 90' lang='lat' dir='ltr'><strong>omnes</strong></span> <span class='ocrx_word' id='word_1_676' title='bbox 2676 3802 2888 3856; x_wconf 87' lang='lat' dir='ltr'><strong>numeri</strong></span> <span class='ocrx_word' id='word_1_677' title='bbox 2912 3800 2979 3857; x_wconf 90' lang='lat' dir='ltr'><strong>ab</strong></span> <span class='ocrx_word' id='word_1_678' title='bbox 3002 3817 3109 3856; x_wconf 89' lang='lat' dir='ltr'><strong>uno</strong></span> <span class='ocrx_word' id='word_1_679' title='bbox 3130 3818 3226 3872; x_wconf 89' lang='lat' dir='ltr'><strong>per</strong></span> <span class='ocrx_word' id='word_1_680' title='bbox 3244 3804 3541 3861; x_wconf 89' lang='lat' dir='ltr'><strong>secundum</strong></span> 
     </span>
    </p>
   </div>
   <div class='ocr_carea' id='block_1_97' title="bbox 1949 3886 3167 3947">
    <p class='ocr_par' dir='ltr' id='par_1_97' title="bbox 1949 3886 3167 3947">
     <span class='ocr_line' id='line_1_97' title="bbox 1949 3886 3167 3947; baseline 0.001 0"><span class='ocrx_word' id='word_1_681' title='bbox 1949 3902 2219 3947; x_wconf 85' lang='lat' dir='ltr'><strong>creantur.</strong></span> <span class='ocrx_word' id='word_1_682' title='bbox 3164 3886 3167 3889; x_wconf 52' lang='grc'><em>’</em></span> 
     </span>
    </p>
   </div>
   <div class='ocr_carea' id='block_1_98' title="bbox 2025 3985 3545 4060">
    <p class='ocr_par' dir='ltr' id='par_1_98' title="bbox 2025 3985 3545 4060">
     <span class='ocr_line' id='line_1_98' title="bbox 2025 3985 3545 4060; baseline 0.001 -18"><span class='ocrx_word' id='word_1_683' title='bbox 2025 3985 2124 4042; x_wconf 86' lang='lat' dir='ltr'><strong>Ubi</strong></span> <span class='ocrx_word' id='word_1_684' title='bbox 2169 3988 2305 4042; x_wconf 87' lang='lat' dir='ltr'><strong>satis</strong></span> <span class='ocrx_word' id='word_1_685' title='bbox 2334 3998 2520 4058; x_wconf 87' lang='lat' dir='ltr'><strong>aperte</strong></span> <span class='ocrx_word' id='word_1_686' title='bbox 2550 3986 2769 4060; x_wconf 89' lang='lat' dir='ltr'><strong>probari</strong></span> <span class='ocrx_word' id='word_1_687' title='bbox 2801 3987 3020 4043; x_wconf 72' lang='lat' dir='ltr'><strong>videtur</strong></span> <span class='ocrx_word' id='word_1_688' title='bbox 3060 3990 3185 4060; x_wconf 83' lang='lat' dir='ltr'><strong>quia</strong></span> <span class='ocrx_word' id='word_1_689' title='bbox 3217 3991 3378 4047; x_wconf 86' lang='lat' dir='ltr'><strong>Pater</strong></span> <span class='ocrx_word' id='word_1_690' title='bbox 3401 3991 3545 4047; x_wconf 83' lang='lat' dir='ltr'><strong>sicut</strong></span> 
     </span>
    </p>
   </div>
   <div class='ocr_carea' id='block_1_99' title="bbox 1950 4068 3546 4151">
    <p class='ocr_par' dir='ltr' id='par_1_99' title="bbox 1950 4068 3546 4151">
     <span class='ocr_line' id='line_1_99' title="bbox 1950 4068 3546 4151; baseline 0.001 -17"><span class='ocrx_word' id='word_1_691' title='bbox 1950 4095 2090 4134; x_wconf 90' lang='lat' dir='ltr'><strong>unus</strong></span> <span class='ocrx_word' id='word_1_692' title='bbox 2112 4094 2399 4150; x_wconf 75' lang='lat' dir='ltr'><strong>generatis,</strong></span> <span class='ocrx_word' id='word_1_693' title='bbox 2428 4078 2600 4133; x_wconf 85' lang='lat' dir='ltr'><strong>Filius</strong></span> <span class='ocrx_word' id='word_1_694' title='bbox 2623 4068 2750 4135; x_wconf 75' lang='lat' dir='ltr'><strong>vero</strong></span> <span class='ocrx_word' id='word_1_695' title='bbox 2777 4078 2918 4134; x_wconf 89' lang='lat' dir='ltr'><strong>sicut</strong></span> <span class='ocrx_word' id='word_1_696' title='bbox 2937 4080 3077 4134; x_wconf 85' lang='lat' dir='ltr'><strong>alius</strong></span> <span class='ocrx_word' id='word_1_697' title='bbox 3102 4069 3333 4151; x_wconf 82' lang='lat' dir='ltr'><strong>genitus,</strong></span> <span class='ocrx_word' id='word_1_698' title='bbox 3359 4092 3412 4137; x_wconf 88' lang='lat' dir='ltr'><strong>et</strong></span> <span class='ocrx_word' id='word_1_699' title='bbox 3437 4099 3546 4137; x_wconf 81' lang='lat' dir='ltr'><strong>non</strong></span> 
     </span>
    </p>
   </div>
   <div class='ocr_carea' id='block_1_100' title="bbox 1950 4157 3540 4242">
    <p class='ocr_par' dir='ltr' id='par_1_100' title="bbox 1950 4157 3540 4242">
     <span class='ocr_line' id='line_1_100' title="bbox 1950 4157 3540 4242; baseline -0.001 -13"><span class='ocrx_word' id='word_1_700' title='bbox 1950 4171 2123 4229; x_wconf 88' lang='lat' dir='ltr'><strong>solum</strong></span> <span class='ocrx_word' id='word_1_701' title='bbox 2149 4157 2375 4242; x_wconf 41' lang='lat' dir='ltr'><strong>&#39;genitus</strong></span> <span class='ocrx_word' id='word_1_702' title='bbox 2420 4170 2518 4226; x_wconf 88' lang='lat' dir='ltr'><strong>sed</strong></span> <span class='ocrx_word' id='word_1_703' title='bbox 2562 4171 2726 4224; x_wconf 89' lang='lat' dir='ltr'><strong>etiam</strong></span> <span class='ocrx_word' id='word_1_704' title='bbox 2774 4170 3083 4242; x_wconf 80' lang='lat' dir='ltr'><strong>unigenitns</strong></span> <span class='ocrx_word' id='word_1_705' title='bbox 3110 4171 3372 4227; x_wconf 74' lang='lat' dir='ltr'><strong>dicendus</strong></span> <span class='ocrx_word' id='word_1_706' title='bbox 3427 4184 3540 4228; x_wconf 89' lang='lat' dir='ltr'><strong>est.</strong></span> 
     </span>
    </p>
   </div>
   <div class='ocr_carea' id='block_1_101' title="bbox 1952 4248 3541 4333">
    <p class='ocr_par' dir='ltr' id='par_1_101' title="bbox 1952 4248 3541 4333">
     <span class='ocr_line' id='line_1_101' title="bbox 1952 4248 3541 4333; baseline 0.002 -16"><span class='ocrx_word' id='word_1_707' title='bbox 1952 4265 2087 4333; x_wconf 85' lang='lat' dir='ltr'><strong>Quia</strong></span> <span class='ocrx_word' id='word_1_708' title='bbox 2117 4281 2237 4319; x_wconf 88' lang='lat' dir='ltr'><strong>cum</strong></span> <span class='ocrx_word' id='word_1_709' title='bbox 2264 4265 2330 4319; x_wconf 88' lang='lat' dir='ltr'><strong>ab</strong></span> <span class='ocrx_word' id='word_1_710' title='bbox 2363 4279 2469 4318; x_wconf 88' lang='lat' dir='ltr'><strong>uno</strong></span> <span class='ocrx_word' id='word_1_711' title='bbox 2500 4277 2606 4317; x_wconf 90' lang='lat' dir='ltr'><strong>non</strong></span> <span class='ocrx_word' id='word_1_712' title='bbox 2636 4262 2739 4318; x_wconf 87' lang='lat' dir='ltr'><strong>nisi</strong></span> <span class='ocrx_word' id='word_1_713' title='bbox 2770 4248 2993 4331; x_wconf 73' lang='lat' dir='ltr'><strong>tequalis</strong></span> <span class='ocrx_word' id='word_1_714' title='bbox 3033 4263 3154 4328; x_wconf 67' lang='lat' dir='ltr'><strong>sibi,</strong></span> <span class='ocrx_word' id='word_1_715' title='bbox 3197 4263 3250 4319; x_wconf 89' lang='lat' dir='ltr'><strong>id</strong></span> <span class='ocrx_word' id='word_1_716' title='bbox 3289 4274 3371 4319; x_wconf 89' lang='lat' dir='ltr'><strong>est</strong></span> <span class='ocrx_word' id='word_1_717' title='bbox 3402 4281 3541 4320; x_wconf 83' lang='lat' dir='ltr'><strong>unus</strong></span> 
     </span>
    </p>
   </div>
   <div class='ocr_carea' id='block_1_102' title="bbox 1952 4352 3541 4426">
    <p class='ocr_par' dir='ltr' id='par_1_102' title="bbox 1952 4352 3541 4426">
     <span class='ocr_line' id='line_1_102' title="bbox 1952 4352 3541 4426; baseline 0 -16"><span class='ocrx_word' id='word_1_718' title='bbox 1952 4365 2263 4426; x_wconf 80' lang='lat' dir='ltr'><strong>generatur,</strong></span> <span class='ocrx_word' id='word_1_719' title='bbox 2288 4354 2481 4409; x_wconf 84' lang='lat' dir='ltr'><strong>merito</strong></span> <span class='ocrx_word' id='word_1_720' title='bbox 2508 4354 2621 4423; x_wconf 85' lang='lat' dir='ltr'><strong>ipse</strong></span> <span class='ocrx_word' id='word_1_721' title='bbox 2644 4352 2954 4423; x_wconf 80' lang='lat' dir='ltr'><strong>unigenitus</strong></span> <span class='ocrx_word' id='word_1_722' title='bbox 2982 4363 3225 4408; x_wconf 87' lang='lat' dir='ltr'><strong>vocatur.</strong></span> <span class='ocrx_word' id='word_1_723' title='bbox 3249 4354 3541 4412; x_wconf 82' lang='lat' dir='ltr'><strong>Pluralitas</strong></span> 
     </span>
    </p>
   </div>
   <div class='ocr_carea' id='block_1_103' title="bbox 1960 4442 3544 4513">
    <p class='ocr_par' dir='ltr' id='par_1_103' title="bbox 1960 4442 3544 4513">
     <span class='ocr_line' id='line_1_103' title="bbox 1960 4442 3544 4513; baseline 0.002 -15"><span class='ocrx_word' id='word_1_724' title='bbox 1960 4462 2102 4509; x_wconf 87' lang='lat' dir='ltr'><strong>vero,</strong></span> <span class='ocrx_word' id='word_1_725' title='bbox 2134 4446 2187 4500; x_wconf 87' lang='lat' dir='ltr'><strong>id</strong></span> <span class='ocrx_word' id='word_1_726' title='bbox 2214 4453 2300 4500; x_wconf 91' lang='lat' dir='ltr'><strong>est</strong></span> <span class='ocrx_word' id='word_1_727' title='bbox 2336 4459 2614 4508; x_wconf 81' lang='lat' dir='ltr'><strong>numerus,</strong></span> <span class='ocrx_word' id='word_1_728' title='bbox 2654 4442 2807 4512; x_wconf 86' lang='lat' dir='ltr'><strong>cujus</strong></span> <span class='ocrx_word' id='word_1_729' title='bbox 2832 4443 3156 4513; x_wconf 85' lang='lat' dir='ltr'><strong>principium</strong></span> <span class='ocrx_word' id='word_1_730' title='bbox 3185 4454 3267 4499; x_wconf 88' lang='lat' dir='ltr'><strong>est</strong></span> <span class='ocrx_word' id='word_1_731' title='bbox 3300 4446 3544 4501; x_wconf 79' lang='lat' dir='ltr'><strong>biz.arius</strong></span> 
     </span>
    </p>
   </div>
   <div class='ocr_carea' id='block_1_104' title="bbox 1964 4532 3550 4603">
    <p class='ocr_par' dir='ltr' id='par_1_104' title="bbox 1964 4532 3550 4603">
     <span class='ocr_line' id='line_1_104' title="bbox 1964 4532 3550 4603; baseline 0.002 -15"><span class='ocrx_word' id='word_1_732' title='bbox 1964 4536 2031 4589; x_wconf 84' lang='lat' dir='ltr'><strong>ab</strong></span> <span class='ocrx_word' id='word_1_733' title='bbox 2056 4549 2181 4599; x_wconf 90' lang='lat' dir='ltr'><strong>uno,</strong></span> <span class='ocrx_word' id='word_1_734' title='bbox 2211 4535 2351 4588; x_wconf 87' lang='lat' dir='ltr'><strong>sicut</strong></span> <span class='ocrx_word' id='word_1_735' title='bbox 2378 4534 2583 4588; x_wconf 85' lang='lat' dir='ltr'><strong>dictum</strong></span> <span class='ocrx_word' id='word_1_736' title='bbox 2625 4542 2730 4600; x_wconf 89' lang='lat' dir='ltr'><strong>est,</strong></span> <span class='ocrx_word' id='word_1_737' title='bbox 2779 4547 2876 4603; x_wconf 88' lang='lat' dir='ltr'><strong>per</strong></span> <span class='ocrx_word' id='word_1_738' title='bbox 2900 4532 3085 4600; x_wconf 88' lang='lat' dir='ltr'><strong>alium,</strong></span> <span class='ocrx_word' id='word_1_739' title='bbox 3128 4533 3234 4601; x_wconf 86' lang='lat' dir='ltr'><strong>vel,</strong></span> <span class='ocrx_word' id='word_1_740' title='bbox 3282 4534 3330 4590; x_wconf 87' lang='lat' dir='ltr'><strong>si</strong></span> <span class='ocrx_word' id='word_1_741' title='bbox 3359 4536 3550 4591; x_wconf 83' lang='lat' dir='ltr'><strong>melius</strong></span> 
     </span>
    </p>
   </div>
   <div class='ocr_carea' id='block_1_105' title="bbox 1962 4623 3552 4694">
    <p class='ocr_par' dir='ltr' id='par_1_105' title="bbox 1962 4623 3552 4694">
     <span class='ocr_line' id='line_1_105' title="bbox 1962 4623 3552 4694; baseline 0 -13"><span class='ocrx_word' id='word_1_742' title='bbox 1962 4627 2180 4688; x_wconf 74' lang='lat' dir='ltr'><strong>dieizur,</strong></span> <span class='ocrx_word' id='word_1_743' title='bbox 2228 4642 2258 4679; x_wconf 90' lang='lat' dir='ltr'><strong>a</strong></span> <span class='ocrx_word' id='word_1_744' title='bbox 2305 4624 2513 4679; x_wconf 89' lang='lat' dir='ltr'><strong>duabus</strong></span> <span class='ocrx_word' id='word_1_745' title='bbox 2545 4623 2844 4679; x_wconf 86' lang='lat' dir='ltr'><strong>unitatibus</strong></span> <span class='ocrx_word' id='word_1_746' title='bbox 2877 4639 2997 4694; x_wconf 71' lang='lat' dir='ltr'><strong>qua:</strong></span> <span class='ocrx_word' id='word_1_747' title='bbox 3031 4625 3382 4682; x_wconf 88' lang='lat' dir='ltr'><strong>nihilominus</strong></span> <span class='ocrx_word' id='word_1_748' title='bbox 3411 4627 3552 4683; x_wconf 79' lang='lat' dir='ltr'><strong>desi-</strong></span> 
     </span>
    </p>
   </div>
   <div class='ocr_carea' id='block_1_106' title="bbox 1964 4714 3553 4788">
    <p class='ocr_par' dir='ltr' id='par_1_106' title="bbox 1964 4714 3553 4788">
     <span class='ocr_line' id='line_1_106' title="bbox 1964 4714 3553 4788; baseline 0.002 -18"><span class='ocrx_word' id='word_1_749' title='bbox 1964 4725 2132 4788; x_wconf 80' lang='lat' dir='ltr'><strong>gnant</strong></span> <span class='ocrx_word' id='word_1_750' title='bbox 2154 4715 2371 4771; x_wconf 84' lang='lat' dir='ltr'><strong>Patrem</strong></span> <span class='ocrx_word' id='word_1_751' title='bbox 2410 4726 2465 4771; x_wconf 90' lang='lat' dir='ltr'><strong>et</strong></span> <span class='ocrx_word' id='word_1_752' title='bbox 2489 4714 2711 4781; x_wconf 87' lang='lat' dir='ltr'><strong>Filium,</strong></span> <span class='ocrx_word' id='word_1_753' title='bbox 2750 4723 2933 4771; x_wconf 88' lang='lat' dir='ltr'><strong>creata</strong></span> <span class='ocrx_word' id='word_1_754' title='bbox 2963 4715 3191 4770; x_wconf 88' lang='lat' dir='ltr'><strong>invicem</strong></span> <span class='ocrx_word' id='word_1_755' title='bbox 3216 4729 3277 4770; x_wconf 88' lang='lat' dir='ltr'><strong>se</strong></span> <span class='ocrx_word' id='word_1_756' title='bbox 3303 4726 3553 4786; x_wconf 80' lang='lat' dir='ltr'><strong>generat,</strong></span> 
     </span>
    </p>
   </div>
   <div class='ocr_carea' id='block_1_107' title="bbox 1963 4806 3554 4878">
    <p class='ocr_par' dir='ltr' id='par_1_107' title="bbox 1963 4806 3554 4878">
     <span class='ocr_line' id='line_1_107' title="bbox 1963 4806 3554 4878; baseline -0.001 -15"><span class='ocrx_word' id='word_1_757' title='bbox 1963 4817 2017 4863; x_wconf 87' lang='lat' dir='ltr'><strong>et</strong></span> <span class='ocrx_word' id='word_1_758' title='bbox 2045 4815 2335 4876; x_wconf 79' lang='lat' dir='ltr'><strong>generatur</strong></span> <span class='ocrx_word' id='word_1_759' title='bbox 2363 4822 2462 4877; x_wconf 90' lang='lat' dir='ltr'><strong>per</strong></span> <span class='ocrx_word' id='word_1_760' title='bbox 2486 4806 3006 4878; x_wconf 88' lang='lat' dir='ltr'><strong>multiplicationem,</strong></span> <span class='ocrx_word' id='word_1_761' title='bbox 3033 4815 3289 4876; x_wconf 82' lang='lat' dir='ltr'><strong>tantoque</strong></span> <span class='ocrx_word' id='word_1_762' title='bbox 3340 4808 3554 4878; x_wconf 75' lang='lat' dir='ltr'><strong>longius</strong></span> 
     </span>
    </p>
   </div>
   <div class='ocr_carea' id='block_1_108' title="bbox 1964 4898 3551 4974">
    <p class='ocr_par' dir='ltr' id='par_1_108' title="bbox 1964 4898 3551 4974">
     <span class='ocr_line' id='line_1_108' title="bbox 1964 4898 3551 4974; baseline -0.002 -19"><span class='ocrx_word' id='word_1_763' title='bbox 1964 4900 2033 4955; x_wconf 86' lang='lat' dir='ltr'><strong>ab</strong></span> <span class='ocrx_word' id='word_1_764' title='bbox 2056 4900 2565 4974; x_wconf 81' lang='lat' dir='ltr'><strong>unitatediscrepat,</strong></span> <span class='ocrx_word' id='word_1_765' title='bbox 2581 4908 2784 4971; x_wconf 87' lang='lat' dir='ltr'><strong>quanto</strong></span> <span class='ocrx_word' id='word_1_766' title='bbox 2795 4898 2917 4971; x_wconf 90' lang='lat' dir='ltr'><strong>plus</strong></span> <span class='ocrx_word' id='word_1_767' title='bbox 2932 4898 2985 4953; x_wconf 86' lang='lat' dir='ltr'><strong>in</strong></span> <span class='ocrx_word' id='word_1_768' title='bbox 3000 4899 3176 4953; x_wconf 87' lang='lat' dir='ltr'><strong>varias</strong></span> <span class='ocrx_word' id='word_1_769' title='bbox 3198 4913 3551 4954; x_wconf 75' lang='lat' dir='ltr'><strong>numerorum</strong></span> 
     </span>
    </p>
   </div>
   <div class='ocr_carea' id='block_1_109' title="bbox 1967 4993 2503 5063">
    <p class='ocr_par' dir='ltr' id='par_1_109' title="bbox 1967 4993 2503 5063">
     <span class='ocr_line' id='line_1_109' title="bbox 1967 4993 2503 5063; baseline 0.006 -15"><span class='ocrx_word' id='word_1_770' title='bbox 1967 4994 2179 5063; x_wconf 80' lang='lat' dir='ltr'><strong>species</strong></span> <span class='ocrx_word' id='word_1_771' title='bbox 2208 4993 2503 5051; x_wconf 83' lang='lat' dir='ltr'><strong>derivatur.</strong></span> 
     </span>
    </p>
   </div>
   <div class='ocr_carea' id='block_1_110' title="bbox 2040 5078 3555 5159">
    <p class='ocr_par' dir='ltr' id='par_1_110' title="bbox 2040 5078 3555 5159">
     <span class='ocr_line' id='line_1_110' title="bbox 2040 5078 3555 5159; baseline -0.006 -20"><span class='ocrx_word' id='word_1_772' title='bbox 2040 5084 2175 5139; x_wconf 89' lang='lat' dir='ltr'><strong>Nam</strong></span> <span class='ocrx_word' id='word_1_773' title='bbox 2208 5094 2267 5139; x_wconf 89' lang='lat' dir='ltr'><strong>ut</strong></span> <span class='ocrx_word' id='word_1_774' title='bbox 2294 5094 2525 5143; x_wconf 76' lang='lat' dir='ltr'><strong>terrente</strong></span> <span class='ocrx_word' id='word_1_775' title='bbox 2550 5084 2852 5157; x_wconf 65' lang='lat' dir='ltr'><strong>divinaeque</strong></span> <span class='ocrx_word' id='word_1_776' title='bbox 2889 5081 3251 5159; x_wconf 78' lang='lat' dir='ltr'><strong>generationis</strong></span> <span class='ocrx_word' id='word_1_777' title='bbox 3299 5078 3555 5135; x_wconf 81' lang='lat' dir='ltr'><strong>distantia</strong></span> 
     </span>
    </p>
   </div>
   <div class='ocr_carea' id='block_1_111' title="bbox 1965 5171 3561 5250">
    <p class='ocr_par' dir='ltr' id='par_1_111' title="bbox 1965 5171 3561 5250">
     <span class='ocr_line' id='line_1_111' title="bbox 1965 5171 3561 5250; baseline -0.008 -17"><span class='ocrx_word' id='word_1_778' title='bbox 1965 5179 2346 5250; x_wconf 79' lang='lat' dir='ltr'><strong>exprimatur,</strong></span> <span class='ocrx_word' id='word_1_779' title='bbox 2395 5178 2607 5238; x_wconf 88' lang='lat' dir='ltr'><strong>numeri</strong></span> <span class='ocrx_word' id='word_1_780' title='bbox 2654 5180 2871 5249; x_wconf 88' lang='lat' dir='ltr'><strong>quidem</strong></span> <span class='ocrx_word' id='word_1_781' title='bbox 2934 5175 3219 5244; x_wconf 86' lang='lat' dir='ltr'><strong>cujuslibet</strong></span> <span class='ocrx_word' id='word_1_782' title='bbox 3278 5171 3561 5241; x_wconf 75' lang='lat' dir='ltr'><strong>generatio</strong></span> 
     </span>
    </p>
   </div>
   <div class='ocr_carea' id='block_1_112' title="bbox 1968 5258 3562 5342">
    <p class='ocr_par' dir='ltr' id='par_1_112' title="bbox 1968 5258 3562 5342">
     <span class='ocr_line' id='line_1_112' title="bbox 1968 5258 3562 5342; baseline -0.007 -16"><span class='ocrx_word' id='word_1_783' title='bbox 1968 5286 2076 5326; x_wconf 89' lang='lat' dir='ltr'><strong>non</strong></span> <span class='ocrx_word' id='word_1_784' title='bbox 2126 5270 2306 5324; x_wconf 89' lang='lat' dir='ltr'><strong>minus</strong></span> <span class='ocrx_word' id='word_1_785' title='bbox 2352 5285 2517 5342; x_wconf 89' lang='lat' dir='ltr'><strong>quam</strong></span> <span class='ocrx_word' id='word_1_786' title='bbox 2565 5283 2665 5341; x_wconf 88' lang='lat' dir='ltr'><strong>per</strong></span> <span class='ocrx_word' id='word_1_787' title='bbox 2707 5271 2862 5326; x_wconf 89' lang='lat' dir='ltr'><strong>binas</strong></span> <span class='ocrx_word' id='word_1_788' title='bbox 2896 5265 3105 5335; x_wconf 87' lang='lat' dir='ltr'><strong>species</strong></span> <span class='ocrx_word' id='word_1_789' title='bbox 3150 5258 3562 5342; x_wconf 77' lang='lat' dir='ltr'><strong>multiplicando</strong></span> 
     </span>
    </p>
   </div>
   <div class='ocr_carea' id='block_1_113' title="bbox 1967 5334 3563 5431">
    <p class='ocr_par' dir='ltr' id='par_1_113' title="bbox 1967 5334 3563 5431">
     <span class='ocr_line' id='line_1_113' title="bbox 1967 5334 3563 5431; baseline 0.001 -18"><span class='ocrx_word' id='word_1_790' title='bbox 1967 5360 2168 5429; x_wconf 81' lang='lat' dir='ltr'><strong>agitur,</strong></span> <span class='ocrx_word' id='word_1_791' title='bbox 2213 5368 2271 5413; x_wconf 90' lang='lat' dir='ltr'><strong>ut</strong></span> <span class='ocrx_word' id='word_1_792' title='bbox 2297 5334 2532 5430; x_wconf 74' lang='lat' dir='ltr'><strong>quatuor</strong></span> <span class='ocrx_word' id='word_1_793' title='bbox 2559 5375 2661 5431; x_wconf 88' lang='lat' dir='ltr'><strong>per</strong></span> <span class='ocrx_word' id='word_1_794' title='bbox 2682 5361 2815 5416; x_wconf 90' lang='lat' dir='ltr'><strong>duos</strong></span> <span class='ocrx_word' id='word_1_795' title='bbox 2842 5355 3101 5413; x_wconf 86' lang='lat' dir='ltr'><strong>binarios.</strong></span> <span class='ocrx_word' id='word_1_796' title='bbox 3141 5334 3309 5417; x_wconf 70' lang='lat' dir='ltr'><strong>u&#39;lque</strong></span> <span class='ocrx_word' id='word_1_797' title='bbox 3336 5362 3431 5403; x_wconf 68' lang='grc' dir='ltr'><strong>εει</strong></span> <span class='ocrx_word' id='word_1_798' title='bbox 3462 5363 3563 5418; x_wconf 69' lang='lat' dir='ltr'><strong>Pt‘l’</strong></span> 
     </span>
    </p>
   </div>
  </div>
