3998 5450
495 407 591 464 107

1526 388 1823 457 OTllLONl
1860 379 2163 443 MONACHl
2205 382 2262 436 S.
2305 373 2721 444 EMMEKAMM

3650 362 3749 419 {08

501 534 685 573 unum.
719 517 960 587 Cumque
992 516 1065 569 ita
1095 512 1265 584 possit
1307 508 1516 573 rimari,
1545 522 1710 561 unum
1747 519 1779 560 e
1800 502 2008 559 duobus
2037 514 2069 552 a
2099 509 2147 564 Α
2174 507 2343 548 unum
2386 489 2734 554 conveniunt,
2766 487 2906 542 sicut
2933 483 3088 587 etin
3118 489 3307 587 stagno
3355 480 3474 587 lous
3500 488 3555 535 et
3603 478 3752 534 rivus

502 608 648 663 nullo
672 623 791 663 esse
819 607 1044 675 ideoque
1061 601 1396 679 ingenitum,
1416 597 1644 654 alterum
1668 609 1795 650 vero
1816 594 1884 650 ab
1905 592 2076 648 altero

501 715 619 755 esse
646 699 872 767 ideoque
885 696 1143 766 genitum,
1171 693 1354 762 sicque
1373 706 1471 761 per
1491 690 1593 744 hoc
1611 701 1865 742 numeros
1875 684 2072 748 creari;

503 793 606 847 ﬁde
626 805 839 861 quoque
863 788 1000 842 valet
1025 786 1250 858 percipi,
1275 786 1401 854 quia
1429 783 1572 839 Deus
1600 783 1756 836 Pater
1786 778 2075 848 ingenitus,

502 883 644 938 Deus
671 896 796 936 vero
814 879 981 934 Filius
1009 878 1242 949 genitus,
1264 886 1320 932 et
1341 875 1466 945 quia
1488 891 1580 944 per
1598 870 1986 944 ipsumomnia,
2020 875 2080 921 ut

502 973 761 1040 scriptum
791 981 896 1035 est,
925 972 1068 1042 facta
1099 980 1241 1037 sunt,
1271 979 1319 1024 et
1360 969 1473 1024 sine
1493 967 1602 1038 ipso
1625 966 1822 1035 factum
1849 971 1923 1018 est
1949 959 2080 1015 nihil

503 1061 681 1121 Uoun.
711 1060 771 1131 ι).

1033 1169 1266 1227 CAPUT
1307 1168 1548 1224 XXXVI.

503 1268 654 1322 Sicut
706 1281 954 1319 numerus
1001 1264 1183 1333 tertius
1231 1280 1263 1316 α
1307 1264 1476 1333 primo
1517 1272 1565 1317 et
1611 1261 1839 1316 secundo
1882 1257 1978 1322 est,
2008 1264 2083 1333 itu

574 1335 804 1458 Spirit‘tits
825 1345 1036 1389 sanctus
1061 1351 1094 1387 a
1123 1331 1282 1387 Patre
1301 1329 1350 1388 et
1373 1331 1516 1387 Filio
1543 1349 1644 1387 non
1666 1341 1964 1403 generatur,
1994 1329 2084 1384 sed

574 1422 729 1458 more
771 1416 827 1458 tt.

573 1422 827 1474 proreatt.

575 1497 796 1563 Deinde,
829 1505 890 1550 ut
917 1504 1214 1566 appareant
1244 1508 1489 1566 personae
1519 1501 1648 1559 tres,
1674 1491 1818 1564 quod
1843 1501 1926 1549 est
1952 1507 2070 1566 per.

504 1588 644 1644 l'ecta
667 1585 928 1651 Trinitas,
954 1585 1198 1641 dicamus
1221 1601 1250 1640 a
1282 1584 1458 1656 primo
1482 1584 1702 1639 tertium
1721 1624 1735 1649 ,
1769 1599 1874 1638 non
1903 1591 2086 1638 terna-

509 1679 670 1744 rium,
710 1678 760 1732 in
789 1692 1018 1748 persona
1045 1675 1281 1747 Spiritus
1323 1675 1518 1731 sancti.
1553 1674 1656 1742 Qui
1699 1675 1840 1739 ideo,
1889 1675 2084 1730 sicuta

505 1781 654 1826 tanto
683 1771 892 1826 numeri
929 1771 1190 1842 mysterio
1223 1769 1559 1834 instituimur
1609 1767 1766 1842 [cod.
1811 1765 1970 1822 Cruc.
1997 1769 2082 1822 in-

2179 585 2455 646 conﬁuunt
2483 582 2686 637 nullam
2730 581 2872 635 inter
2896 591 2956 633 se
2981 574 3335 633 diﬁ'erentiam
3367 575 3649 630 habentes.

2251 675 2357 732 Sed
2389 689 2458 729 ne
2497 671 2829 744 impossibile
2873 669 2953 726 vel
3005 666 3323 748 incredibile
3369 665 3462 721 tibi
3509 663 3760 719 videatur

2180 769 2323 841 quod
2345 770 2395 823 in
2421 769 2528 822 Deo
2555 766 2714 820 Patre
2733 774 2790 820 et
2812 763 2950 818 Filio
2977 763 3094 832 ejus
3119 769 3265 815 tanta
3295 759 3474 813 unitas
3495 765 3548 812 et
3571 755 3754 812 chari-

2183 869 2266 915 tas
2285 860 2375 925 sit,
2401 857 2617 912 attende
2636 856 2760 924 quia
2786 855 2852 909 de
2875 853 3079 908 unitate
3100 861 3153 906 et
3177 849 3443 906 charitate
3466 848 3758 902 multorum

2182 950 2420 1006 ﬁdelium
2457 947 2718 1018 scriptum
2756 954 2840 1001 est
2866 962 2879 998 :
2909 941 3265 999 Multitudinis
3296 940 3616 994 credentium
3647 947 3760 992 erat

2183 1058 2273 1096 cor
2299 1057 2462 1094 unum
2485 1048 2536 1094 et
2563 1039 2743 1092 anima
2781 1054 2888 1091 una
2916 1037 3054 1108 (Act.
3084 1035 3180 1105 tv).
3219 1032 3465 1104 Siigitur
3488 1032 3542 1087 in
3572 1029 3758 1085 multi-

2185 1133 2367 1188 tudine
2391 1131 2692 1195 hominum,
2723 1131 2919 1201 quibus
2946 1129 3124 1183 uuitas
3151 1126 3502 1182 accidentalis
3525 1132 3639 1188 est,
3667 1137 3764 1193 po-

2185 1224 2284 1278 tuit
2312 1223 2425 1278 ﬁeri
2451 1223 2649 1288 unitas,
2672 1237 2769 1276 cur
2795 1234 2902 1275 non
2929 1219 3108 1289 potius
3136 1217 3519 1280 credendaest
3546 1227 3765 1282 semper

2185 1329 2304 1368 esse
2331 1314 2381 1368 in
2407 1314 2514 1368 Deo
2538 1311 2697 1367 Patre
2723 1309 2944 1380 ejusque
2968 1309 3127 1374 Filio,
3155 1309 3352 1378 quibus
3377 1292 3765 1371 eoessentialis

2186 1399 2325 1473 [cod.
2350 1399 2506 1454 Cruc.
2532 1399 2892 1473 coartcrnalis]
2917 1409 2973 1456 et
2993 1397 3476 1455 consubstantialis
3500 1397 3615 1452 est?
3641 1394 3764 1450 Non

2184 1490 2327 1547 enim
2363 1490 2473 1544 Deo
2517 1490 2659 1545 sicut
2700 1490 2904 1544 homini
2954 1491 3183 1545 virtutes
3228 1488 3350 1544 ulla:
3379 1503 3446 1542 ex
3494 1485 3766 1542 accidenti

2185 1581 2325 1638 dono
2349 1582 2590 1650 veniunt,
2621 1581 2714 1637 sed
2739 1583 2793 1637 in
2823 1581 2911 1636 illa
2939 1596 3042 1635 una
3065 1580 3365 1636 substantia
3390 1578 3578 1635 omnes
3601 1577 3767 1633 simul

2183 1674 2412 1729 virtutes
2439 1672 2702 1743 speetales
2725 1672 3093 1729 essentialiter
3117 1672 3425 1728 consistunt
3466 1684 3770 1738 omnesque

2185 1764 2258 1820 ibi
2296 1781 2459 1819 unum
2498 1773 2646 1820 sunt.
2679 1763 2833 1819 Nulla
2863 1764 2936 1819 ibi
2965 1763 3178 1832 justitia
3211 1764 3328 1819 sine
3350 1763 3550 1833 pietate
3573 1803 3588 1827 ,
3619 1761 3770 1817 nulla

503 1860 816 1934 struimur],
843 1877 946 1915 non
974 1861 1206 1932 genitus,
1237 1861 1330 1916 sed
1363 1861 1662 1930 procedens
1695 1859 1896 1913 dicitur
1915 1900 1931 1926 ,
1961 1859 2086 1928 quia
2118 1854 2162 1913 Β
2190 1854 2366 1924 pietas
2392 1854 2510 1909 sine
2553 1853 2785 1924 justitia.
2813 1853 3056 1923 Cumque
3093 1854 3178 1908 his
3213 1852 3423 1907 duabus
3451 1851 3769 1916 virtutibus,

503 1951 548 2005 si
578 1951 790 2020 genitus
816 1949 1108 2014 diceretur,
1158 1964 1263 2003 non
1297 1947 1468 2004 solum
1496 1946 1697 2013 Patris,
1739 1947 1833 2002 sed
1864 1955 1920 2002 et
1961 1945 2081 2002 Filii

503 2043 715 2115 genitus
744 2043 918 2097 dictus
962 2041 1257 2096 videretur.
1303 2039 1456 2108 Quod
1492 2055 1655 2110 quam
1704 2039 1998 2102 absurdum
2026 2046 2084 2093 et

506 2136 858 2204 incongruum
887 2133 955 2187 sit
983 2132 1178 2187 divinae
1207 2131 1575 2201 generationis
1605 2130 1873 2200 qualitati,
1900 2143 1968 2184 ex
1989 2129 2087 2183 ltu-

505 2241 680 2280 mana:
703 2223 1067 2296 generationis
1097 2222 1304 2277 ratione
1331 2221 1477 2277 valet
1504 2221 1743 2293 pensari.
1787 2220 1922 2288 Quis
1940 2219 2083 2275 enim

506 2319 669 2374 homo
714 2317 942 2371 duorum
999 2314 1305 2386 genitorum
1362 2313 1504 2368 ﬁlius
1557 2320 1931 2383 competenter
1976 2310 2084 2365 dici

507 2408 721 2478 pesset?
742 2417 834 2462 aut
850 2407 971 2478 quis
995 2421 1053 2462 se
1075 2406 1302 2462 duorum
1326 2414 1540 2475 patrum
1562 2403 1731 2459 ﬁlium
1757 2420 1786 2456 a
1815 2415 2084 2474 quoquam

506 2499 710 2553 dictum
744 2497 811 2552 ad
835 2495 1084 2566 injuriam
1119 2511 1223 2550 non
1251 2493 1561 2565 reputaret?

578 2586 938 2661 Quapropter,
994 2589 1121 2659 quia
1162 2587 1422 2660 quidquid
1467 2586 1700 2658 Spiritus
1745 2595 1964 2642 sanctus
2002 2597 2088 2640 est

510 2684 613 2738 hoc
641 2682 708 2737 de
741 2680 902 2736 Patre
929 2689 984 2736 et
1028 2679 1164 2733 Filio
1193 2693 1313 2733 esse
1363 2666 1544 2742 habet,
1591 2677 1734 2739 sicut
1755 2685 1810 2730 et
1843 2675 2032 2730 tertius
2055 2689 2091 2750 aq

508 2774 685 2844 primo
725 2781 779 2826 et
825 2772 1063 2827 secundo
1104 2778 1207 2832 est,
1239 2768 1421 2823 verius
1446 2776 1500 2822 et
1542 2767 1719 2837 aptius
1748 2766 1816 2820 ab
1862 2775 2089 2835 utroque

507 2863 805 2934 procedens
845 2876 1007 2931 quam
1049 2859 1263 2926 genitus
1310 2857 1511 2912 dicitur
1563 2857 1796 2928 Spiritus
1845 2867 2084 2911 sanctus.

509 2956 743 3025 Spiritus
770 2954 943 3009 sancti
973 2967 1205 3019 namque
1234 2950 1534 3020 proprietas
1561 2959 1643 3004 est
1668 2949 1844 3003 Patris
1868 2957 1923 3002 et
1967 2948 2085 3004 Filii

511 3047 768 3118 Spiritum
785 3058 924 3111 esse,
937 3053 991 3098 et
1003 3045 1069 3097 ab
1085 3052 1311 3112 utroque
1326 3041 1602 3112 aequaliter
1614 3039 1929 3111 procedere;
1947 3039 2088 3094 sicut

509 3148 562 3196 et
595 3138 784 3192 tertius
830 3135 1108 3204 aequaliter
1155 3150 1186 3188 a
1223 3133 1398 3204 primo
1433 3145 1488 3186 et
1534 3131 1772 3188 secundo
1821 3130 2080 3200 procedit.

583 3226 688 3280 Sed
721 3228 847 3280 dum
873 3223 1052 3277 Patris
1073 3233 1126 3278 et
1155 3223 1276 3277 Filii
1309 3222 1543 3293 Spiritus
1573 3221 1788 3284 dicitur,
1817 3235 1913 3290 per
1947 3220 2086 3274 hanc

511 3319 796 3391 personam
844 3315 980 3370 nihil
1019 3315 1163 3369 aliud
1209 3315 1310 3370 nisi
1367 3313 1548 3368 unitas
1591 3321 1645 3368 ct
1689 3311 1952 3378 cbaritas,
2001 3311 2087 3367 vel

514 3408 772 3478 quidquid
820 3407 1126 3477 huiusmodi
1175 3406 1401 3462 relative
1449 3404 1552 3460 dici
1601 3413 1776 3476 potest
1824 3404 2085 3459 innuitur.

516 3497 668 3552 Unde
716 3505 770 3552 et
809 3497 1066 3550 Dominus
1110 3497 1162 3549 in
1197 3494 1482 3564 Evangelio
1529 3496 1646 3550 ait:
1676 3494 1788 3564 Ego
1832 3504 1879 3548 et
1928 3492 2091 3548 Pater

516 3605 674 3644 unum
701 3604 879 3643 sumus
907 3586 1086 3657 (Joan.
1119 3586 1198 3656 χ),
1242 3586 1398 3656 quasi
1445 3585 1676 3644 diceret:
1705 3600 1805 3655 ego
1845 3593 1899 3640 et
1927 3584 2090 3639 Pater

517 3681 567 3734 in
600 3679 826 3744 unitate,
863 3679 914 3731 id
960 3686 1043 3732 est
1073 3676 1126 3730 in
1159 3675 1362 3746 Spiritu
1396 3683 1586 3729 sancto
1623 3690 1831 3730 sumus.
1873 3674 1974 3741 Qui
2006 3673 2090 3728 ni-

516 3771 712 3824 mirum
744 3783 954 3831 sensus,
981 3767 1082 3820 nisi
1111 3765 1283 3830 fallor,
1316 3765 1368 3819 in
1393 3765 1541 3818 exitu
1563 3765 1870 3819 orationum
1897 3762 2092 3818 multa-

518 3875 637 3912 rum
684 3859 974 3926 reperitur,
1021 3855 1111 3910 ubi
1143 3855 1341 3908 dicitur
1377 3871 1388 3906 :
1421 3853 1524 3919 Qui
1559 3864 1726 3907 tecum
1766 3854 1883 3908 vivit
1922 3864 1970 3907 et
2007 3870 2090 3907 re-

516 3959 637 4019 gnat
682 3948 820 4002 Deus
849 3948 901 4001 in
931 3946 1133 4000 unitate
1163 3943 1394 4014 Spiritus
1435 3945 1624 3999 sancti.
1655 3943 1810 4012 Quod
1845 3945 1918 3998 ita
1967 3943 2092 4000 licet

517 4040 716 4111 colligi.
1843 4032 1845 4035 ’

589 4132 648 4186 Si
676 4132 820 4186 enim
847 4146 1007 4187 omne
1031 4129 1172 4200 quod
1211 4129 1353 4184 Deus
1394 4137 1479 4184 est
1520 4129 1823 4184 substantia
1852 4127 1956 4183 dici
1997 4141 2096 4198 po-

521 4232 646 4287 test,
677 4221 836 4278 Pater
861 4231 1042 4276 autem
1071 4229 1126 4275 et
1163 4218 1331 4274 Filius
1357 4235 1521 4274 unum
1551 4227 1713 4284 sunt;
1745 4218 1919 4287 ipsum
1965 4231 2094 4286 ergo

520 4332 686 4370 unum
713 4314 1015 4370 substantia
1045 4321 1128 4368 est
1177 4311 1436 4381 ideoque,
1483 4309 1692 4366 duabus
1721 4309 1967 4380 personis
1992 4306 2095 4361 Pa-

520 4405 620 4460 tris
645 4415 700 4458 et
727 4403 847 4458 Filii
877 4402 1340 4468 commemoratis,
1369 4400 1544 4456 tertia:
1564 4414 1809 4471 persona:
1836 4395 2096 4453 memoria

522 4495 575 4548 in
609 4496 813 4548 unitate
845 4493 1274 4548 commendatur.

595 4585 722 4640 Sive
756 4600 886 4655 ergo
931 4600 1118 4648 unum,
1145 4585 1258 4639 sive
1287 4585 1467 4640 unitas
1491 4583 1575 4639 vel
1617 4583 1860 4640 Charitas
1883 4582 2097 4636 dicatur

527 4678 592 4730 de
617 4677 747 4740 Deo,
781 4689 886 4729 non
911 4675 1082 4730 solum
1115 4676 1182 4729 ad
1223 4674 1542 4729 Trinitatem
1583 4662 1640 4729 in
1686 4674 1887 4727 unitate
1915 4671 2096 4727 consi-

527 4774 780 4830 stentem,
803 4765 899 4820 sed
925 4765 1087 4818 etiam
1115 4765 1179 4818 ad
1196 4778 1480 4832 personam
1517 4763 1752 4833 Spiritus
1780 4763 1952 4817 sancti
1977 4777 2097 4830 spe-

528 4855 739 4911 cialiter
766 4853 1107 4909 referendum
1133 4863 1246 4917 est;
1296 4853 1420 4922 quia
1449 4868 1571 4906 eum
1601 4866 1704 4908 non
1734 4853 1908 4906 minus
1934 4867 2097 4920 quam

530 4945 672 5000 inter
705 4944 838 4998 duos
863 4944 1044 4998 unitas
1075 4952 1130 4997 et
1164 4943 1379 4996 dilectio
1405 4957 1526 4996 esse
1564 4944 1758 5013 possit,
1801 4943 1962 5012 hique
1995 4943 2099 4996 duo

532 5035 586 5088 in
621 5034 865 5104 personis
888 5033 1115 5098 duabus,
1136 5031 1313 5087 Patris
1349 5042 1405 5086 et
1430 5033 1570 5097 Filii,
1595 5034 1704 5088 sint
1726 5035 2052 5106 intelligendi
2077 5055 2092 5103 ;

533 5142 671 5174 unus
691 5125 904 5174 cuidem
933 5124 1180 5176 diliuens.
1215 5124 1266 5176 id
1291 5131 1375 5176 est
1402 5123 1546 5176 Deus
1569 5123 1750 5176 Pater.
1799 5126 1937 5176 alter
1966 5143 2099 5178 vero

2113 3199 2160 3260 C

2185 1947 2239 2003 id
2268 1957 2348 2002 est
2367 1946 2594 2018 iustitia:
2621 1955 2675 2002 et
2717 1946 2930 2016 pietati,
2969 1960 3160 2018 omnes
3183 1945 3516 2000 concordent
3537 1943 3765 2012 pariter,

2185 2037 2383 2092 merito
2421 2037 2680 2092 virtutum
2725 2035 2967 2090 omnium
3016 2036 3339 2100 concordia,
3389 2049 3509 2104 qua:
3559 2033 3613 2086 in
3653 2031 3771 2086 Deo

2183 2131 2344 2187 Patre
2369 2131 2613 2201 Filioque
2637 2128 2754 2200 ejus
2777 2141 2861 2186 est
2884 2170 2900 2197 ,
2932 2129 3112 2184 unitas
3137 2129 3334 2185 dicitur
3358 2131 3604 2200 ipsaque,
3637 2126 3770 2197 quia

2185 2223 2254 2280 ab
2279 2235 2506 2295 utroque
2530 2225 2772 2296 procedit
2799 2223 3034 2294 Spiritus
3059 2233 3302 2290 sanctus.

2259 2315 2563 2372 Notandum
2591 2331 2807 2387 quoque
2834 2316 2960 2385 quia
2989 2315 3173 2370 unitas
3198 2314 3375 2370 Patris
3400 2323 3455 2369 et
3496 2313 3617 2368 Filii
3651 2314 3771 2383 ipsa

2187 2402 2543 2481 personarum
2590 2407 2940 2464 distinctione
2972 2406 3302 2462 declaratur.
3349 2406 3406 2462 Si
3457 2406 3616 2464 enim.
3655 2415 3774 2461 tres

2197 2501 2430 2556 unitates
2443 2515 2539 2569 pro
2567 2507 2768 2555 sanctae
2794 2498 3074 2554 Trinitatis
3097 2499 3272 2568 specie
3301 2513 3585 2568 ponamus,
3611 2497 3774 2552 duas-

2187 2607 2291 2662 que
2321 2605 2401 2662 ex
2433 2591 2511 2646 eis
2559 2606 2656 2661 pro
2687 2589 2865 2646 Patris
2909 2599 2964 2646 et
3009 2589 3131 2646 Filii
3177 2590 3456 2657 dualitate,
3488 2589 3616 2660 quia
3662 2591 3776 2645 duo

2187 2692 2331 2748 sunt,
2351 2681 2688 2754 colligamus,
2717 2683 2830 2752 ipsa
2855 2697 2973 2752 quae
2985 2689 3154 2737 restat
3178 2682 3358 2742 tertia.
3387 2696 3488 2736 non
3513 2679 3771 2746 dualitas,

2188 2773 2282 2828 sed
2327 2775 2508 2828 unitas
2538 2773 2857 2845 appellatur.
2899 2772 3035 2840 Quia
3072 2787 3201 2828 vero
3241 2757 3429 2827 eadem
3461 2771 3637 2826 unitas
3661 2786 3774 2824 non

2187 2869 2253 2922 ad
2281 2883 2338 2923 se
2393 2868 2488 2924 sed
2533 2871 2601 2922 ad
2644 2867 2957 2923 dualitatem
2989 2867 3270 2922 referenda
3304 2875 3410 2930 est,
3438 2848 3663 2920 necesse
3687 2871 3774 2919 est

2188 2960 2331 3014 enim
2361 2967 2417 3012 ut
2439 2958 2664 3029 alicujus
2693 2967 2749 3014 et
2776 2959 2830 3013 iu
2863 2958 3045 3028 aliquo
3075 2958 3144 3013 sit
3170 2957 3354 3012 unitas
3379 2972 3394 3010 :
3431 2965 3486 3011 et
3515 2971 3620 3010 non
3655 2969 3780 3007 ma-

2188 3066 2350 3120 gnum
2377 3059 2459 3105 est
2485 3050 2528 3104 si
2556 3065 2696 3105 unus
2731 3065 2897 3104 unum
2929 3050 3024 3112 sit,
3055 3049 3150 3104 sed
3185 3049 3381 3103 mirqu
3411 3058 3466 3102 et
3501 3045 3778 3101 ineﬁ'abile

2191 3142 2332 3210 qttod
2363 3141 2468 3196 duo
2496 3141 2711 3212 penitus
2744 3157 2911 3196 unum
2936 3141 3063 3206 sint,
3101 3141 3233 3195 mihi
3278 3141 3489 3195 videtur
3523 3139 3656 3194 satis
3681 3137 3780 3192 dc-

2191 3231 2389 3287 clarari
2425 3247 2522 3303 per
2547 3231 2768 3288 tertiam
2799 3245 3086 3302 personam
3109 3271 3123 3296 ,
3160 3246 3279 3301 quae
3320 3229 3551 3300 Spiritus
3595 3228 3776 3284 sancti

2186 3334 2290 3392 est,
2320 3326 2411 3396 qui
2442 3342 2472 3380 a
2498 3323 2658 3380 Patre
2677 3334 2729 3380 et
2762 3323 2898 3380 Filio
2923 3323 3184 3394 procedit,
3227 3323 3366 3378 sicut
3387 3331 3440 3376 et
3465 3321 3622 3376 tertia
3649 3319 3779 3374 uni-

2189 3424 2291 3481 tas,
2316 3432 2346 3470 a
2375 3416 2582 3471 duabus
2609 3415 2908 3487 unitalibus
2932 3415 3110 3470 Patris
3140 3424 3194 3470 et
3219 3414 3342 3468 Filii
3372 3413 3583 3475 unitas,
3614 3411 3776 3479 quasi

2187 3507 2388 3564 emdem
2417 3507 2533 3562 dua:
2559 3507 2793 3562 uuitates
2823 3506 2944 3560 Filii
2987 3515 3042 3561 et
3087 3505 3265 3559 Patris
3290 3505 3474 3558 dicant
3520 3521 3533 3556 :
3574 3500 3689 3572 Ego
3720 3512 3774 3556 et

2189 3595 2353 3652 Pater
2385 3614 2544 3652 unum
2570 3614 2750 3652 sumus
2785 3597 2966 3668 (Joan.
3019 3597 3103 3662 x);
3157 3595 3285 3649 illud
3334 3594 3541 3650 scilicet
3584 3610 3760 3648 unum

2187 3688 2329 3757 quod
2355 3703 2582 3757 persona
2607 3687 2786 3758 tertia,
2815 3686 2868 3740 id
2893 3695 2977 3740 est
3004 3683 3202 3746 unitas,
3230 3683 3296 3738 de
3326 3683 3482 3737 nobis
3517 3690 3774 3737 testatur.

2191 3779 2431 3834 Dualitas
2457 3793 2692 3848 namque
2718 3778 2854 3834 duos
2875 3790 3014 3841 esse,
3046 3775 3142 3830 sed
3170 3774 3386 3829 eosdem
3431 3773 3566 3828 duos
3593 3773 3780 3828 unitas

2191 3883 2358 3924 unum
2388 3883 2510 3923 esse
2556 3867 2844 3937 signiﬁcat.
2897 3865 3098 3922 Omnes
3133 3879 3346 3934 quoque
3375 3864 3465 3933 qui
3517 3863 3583 3917 ad
3634 3862 3781 3917 hanc

2193 3962 2460 4016 unitatem
2490 3959 2754 4029 spirituali
2783 3957 3068 4013 dilectione
3087 3955 3432 4026 confugiunt,
3463 3969 3626 4008 unum
3654 3951 3778 4008 elli-

2193 4052 2430 4107 ciuntur.
2493 4049 2634 4120 Ergo
2681 4048 2822 4118 quod
2863 4046 3082 4102 dilectio
3128 4054 3315 4101 sancta
3364 4042 3779 4098 accidentalitcr

2192 4141 2298 4197 erit
2324 4141 2376 4194 in
2405 4139 2586 4194 multis
2629 4137 2955 4203 hominibus,
2986 4144 3177 4206 aptans
3200 4150 3294 4189 cos
3333 4135 3383 4188 iu
3429 4147 3624 4198 unum,
3669 4131 3778 4188 hoc

2195 4232 2432 4303 Spiritus
2470 4232 2643 4286 sancti
2674 4243 2904 4300 persona
2928 4226 3354 4283 substantialiter
3376 4233 3430 4280 et
3448 4223 3781 4280 arternaliter

2195 4319 2261 4372 ad
2291 4317 2470 4371 Patris
2501 4325 2554 4370 et
2581 4315 2699 4369 Filii
2728 4329 2989 4385 personas
3017 4321 3249 4368 constat.

2266 4409 2534 4478 Exprimit
2559 4420 2689 4476 ergo
2717 4407 2999 4474 utriusque
3039 4402 3472 4459 communionem
3503 4411 3560 4456 et
3581 4400 3780 4457 divina:

2199 4498 2522 4555 substantiae
2567 4497 2853 4560 unitatem,
2892 4509 3014 4563 qua:
3061 4493 3247 4562 utique
3291 4499 3440 4568 tanta
3487 4499 3572 4546 est
3618 4500 3679 4544 ut
3722 4492 3778 4546 in

2200 4589 2345 4646 nullo
2368 4587 2708 4644 extrinsecus
2730 4585 2985 4656 indigeat,
3008 4583 3100 4639 sed
3125 4583 3302 4638 omnia
3325 4583 3378 4636 in
3402 4597 3459 4637 se
3481 4583 3777 4637 contineat.

2201 4679 2434 4748 Ideoque
2460 4693 2582 4734 cum
2614 4675 2789 4730 Patris
2817 4685 2871 4729 et
2905 4673 3024 4729 Filii
3052 4689 3278 4744 persona
3315 4671 3514 4727 dicitur
3555 4671 3780 4726 merito-

2201 4785 2307 4842 que
2336 4769 2620 4836 utriusque
2650 4767 2850 4830 unitas,
2882 4765 2934 4818 id
2963 4774 3046 4818 est
3077 4763 3310 4832 Spiritus
3341 4770 3589 4824 sanctus,
3617 4760 3786 4816 simul

2200 4874 2412 4928 semper
2439 4855 2920 4913 consubstantialis
2956 4869 3200 4921 manens,
3247 4853 3410 4908 simul
3446 4855 3609 4909 etiam
3639 4868 3785 4908 sem-

2200 4966 2298 5021 per
2317 4939 2678 5020 personaliter
2699 4953 3178 5001 commemoratur.
3209 4945 3407 5000 Deitati
3446 4959 3676 5016 namque
3706 4939 3785 4998 nil

2203 5042 2376 5112 magis
2397 5056 2560 5111 quam
2588 5039 2768 5093 unitas
2802 5038 3056 5093 convenit
3080 5037 3299 5093 ascribi.

2724 5151 2763 5178 Ρ
2781 5155 2798 5178 ι
2818 5149 2953 5178 hli'l‘
2988 5149 3230 5178 γνγνη
