3998 5450
224 367 308 422 lU‘J

224 511 326 549 nem
352 497 398 550 in
423 500 682 567 tudini-iis,
708 501 828 558 dein

219 584 369 640 Credo
402 604 629 657 namque
669 593 790 660 quia
831 598 1170 661 providentia
1218 603 1430 670 divina,
1471 608 1613 663 sicut
1662 625 1758 680 per

217 678 450 745 plurimas
492 681 868 738 similitudines
894 686 1131 742 caelestis
1175 691 1296 746 vita:
1324 697 1568 751 notitiam
1603 678 1760 756 nobis

217 769 428 834 tradidit,
460 770 532 823 ita
579 774 741 828 etiam
781 775 947 830 multa
978 779 1202 836 unitatis
1249 793 1306 838 ct
1350 787 1610 843 trinitatis
1647 805 1758 844 sua:

213 871 498 928 argumenta
526 864 760 934 reliquit.
794 866 940 922 Unde
960 885 1026 924 ex
1057 872 1242 929 multis
1267 874 1375 932 duo
1402 878 1491 933 hic
1519 880 1758 937 inserere

211 947 326 1012 volo,
355 959 409 1003 ut
429 966 525 1020 per
547 952 662 1009 haec
687 962 793 1010 tam
822 957 1075 1014 brevitati
1096 977 1256 1032 quatn
1278 967 1622 1026 aedilicationi
1653 980 1757 1028 tuae

209 1039 474 1095 consulam.

261 1146 434 1203 Omnis
481 1151 664 1221 itaque
715 1166 971 1211 sructnra
1020 1158 1285 1230 lignorum
1345 1165 1428 1221 vel
1477 1167 1750 1239 lapidum,

207 1240 423 1304 quamvis
444 1242 682 1312 undique
709 1243 761 1298 in
789 1247 1085 1314 parietibus
1115 1263 1334 1322 peracta
1365 1256 1435 1336 sit
1470 1258 1552 1312 vel
1581 1275 1753 1329 quan-

207 1336 470 1400 loscunque
500 1333 738 1401 parietes
770 1335 906 1392 inse
941 1339 1157 1405 habeat,
1183 1333 1526 1416 nequaquam
1559 1348 1749 1392 domus

203 1427 355 1482 potest
381 1421 615 1475 existere
662 1425 782 1478 sine
825 1436 989 1483 tecto.
1022 1429 1078 1484 Si
1111 1441 1290 1488 autem
1328 1436 1380 1474 ει·
1410 1421 1618 1476 dntibus
1643 1423 1751 1476 5³1·

205 1517 291 1559 tem
314 1509 600 1576 parietibus
625 1517 920 1583 comqnatis
949 1528 999 1569 et
1030 1507 1284 1575 ρυτῖθοιίε
1330 1517 1530 1562 “Belum
1557 1525 1746 1580 super-

203 1607 418 1663 ponatur,
452 1615 577 1653 mox
609 1600 803 1654 dormis
835 1596 939 1650 dici
990 1596 1133 1651 valet
1159 1613 1259 1666 pro
1286 1612 1351 1652 eo
1389 1598 1595 1654 scilicet
1621 1601 1747 1670 quia

199 1684 368 1749 omnia,
394 1701 511 1751 quae
541 1683 626 1736 his
661 1683 836 1739 tribus
861 1687 1096 1754 peractis
1126 1697 1336 1742 restant
1361 1690 1588 1759 agenda,
1621 1701 1750 1748 sunt

196 1773 319 1840 quasi
343 1774 721 1844 principalium
767 1776 1028 1846 adjectiva
1064 1787 1120 1833 et
1147 1795 1215 1834 ex
1260 1781 1366 1835 illis
1392 1783 1741 1839 dimetienda.

1170 396 1436 457 DlALOG.
1477 402 1566 456 DE
1605 401 1856 458 TRIBUS
1897 402 2441 470 QUASS'I‘IONIBUS.

925 511 976 565 in
999 515 1167 568 altera
1185 530 1492 584 quaaramus
1514 520 1760 574 materia.
1792 525 1840 582 Α
1868 520 1990 574 dico
2015 537 2114 591 pro
2147 524 2385 594 ejusdem
2422 541 2664 594 personae
2707 535 2854 598 typo,
2888 545 2954 586 ne
2981 530 3122 587 idem
3169 537 3327 594 toties
3356 541 3438 593 dl-

3343 422 3438 476 1ίο

1862 619 2011 665 ctum
2041 613 2284 668 videatur
2316 615 2613 671 taediosum.

1933 702 2125 760 Nonne
2174 720 2304 777 ergo
2356 708 2471 762 lucc
2516 719 2775 780 utraque,
2815 713 2881 769 de
2920 715 3149 774 a-dilicio
3196 721 3438 779 videlicet

1861 800 1915 846 et
1941 795 2187 860 candela,
2236 797 2378 851 dicta
2427 809 2674 853 constant
2711 803 2843 858 satis
2871 805 3006 861 mira
3067 817 3229 878 atque
3258 813 3439 867 divina

1859 887 2247 958 aptissimaque
2295 889 2361 943 ad
2415 895 2754 960 agnoscenda
2810 895 2960 967 [cod.
3016 899 3174 955 (ἔναι’.
3228 918 3431 970 cogno—

1859 976 2100 1048 scenda]
2152 993 2322 1033 sacra:
2357 979 2478 1034 lidei
2518 983 2855 1039 rudimenta?
2891 988 2961 1040 ibi
3001 1001 3226 1040 nan-rw
3255 972 3433 1030 νοιυει

1858 1066 2167 1120 carnalibus
2215 1069 2378 1121 etiam
2422 1071 2596 1125 oculis
2641 1048 3015 1123 raw-““Wdi
3062 1055 3330 1119 q"°'"°"°
3379 1055 3430 1106 i"

1856 1157 2103 1224 personis
2130 1158 2300 1211 "ibus
2327 1136 2621 1198 ρ..ι.,ιιιηιί;ι
2653 1151 2757 1188 una
2781 1137 3070 1204 habeatur,
3095 1141 3433 1211 qualiterque

1857 1239 2205 1314 “nonnum
2233 1225 2396 1278 trium
2428 1224 2571 1278 nulla
2603 1225 2806 1294 absque
2832 1226 2954 1282 aliis
2981 1230 3274 1300 quidquam
3305 1249 3433 1302 ope-

1851 1324 2019 1375 retur,
2059 1316 2150 1370 sed
2176 1330 2369 1371 omnes
2395 1317 2554 1371 simul
2601 1332 2736 1386 opus
2763 1334 2918 1373 suum
2957 1319 3213 1386 eliiciant,
3240 1339 3430 1392 quam-

1850 1403 1932 1457 vis
1974 1403 2201 1472 singulis
2251 1404 2468 1475 aliquod
2515 1406 2808 1474 specialius
2854 1411 3162 1464 conveniat.
3215 1412 3430 1484 Protegi

1851 1508 2087 1562 namque
2114 1495 2168 1548 in
2196 1495 2358 1550 domo
2391 1504 2448 1550 ct
2493 1496 2784 1552 illuminari
2832 1514 2864 1553 a
2906 1497 3432 1560 candelzeincendio

1852 1583 2162 1652 specialiter
2193 1586 2444 1640 convenit
2474 1602 2720 1656 persona:
2763 1590 2959 1656 tertia',
2985 1589 3113 1660 quia
3150 1603 3205 1648 et
3231 1602 3430 1650 tectum

1852 1677 1978 1732 inde
2005 1675 2208 1732 dicitttr
2251 1679 2395 1747 quod
2423 1678 2523 1734 sub
2553 1694 2618 1734 eo
2653 1691 3055 1735 commorantes
3083 1681 3151 1735 ab
3182 1686 3322 1739 aeris
3351 1686 3433 1739 in-

1855 1766 2111 1835 temperie
2141 1766 2555 1837 pluviarutnque
2597 1767 2950 1824 inundatione
2999 1771 3225 1842 tegendo
3253 1784 3431 1843 prote-

195 1868 287 1921 Duo
325 1877 497 1923 autem
543 1870 783 1939 parietes
824 1881 879 1926 et
927 1880 1125 1928 tectum
1176 1889 1438 1944 personas
1476 1884 1609 1943 tres,
1653 1879 1736 1935 sed

1849 1864 1940 1924 gat
1966 1872 1981 1922 ;
2015 1865 2068 1909 et
2100 1856 2304 1920 lumen,
2333 1857 2476 1926 quod
2505 1855 2792 1913 illuminet.

195 1972 327 2010 unam
352 1960 714 2013 substantiam
746 1961 1073 2032 significant,
1099 1964 1224 2033 quia
1255 1979 1354 2020 nec
1381 1964 1616 2035 parietes
1648 1982 1748 2023 nec

196 2059 362 2102 tectum
393 2064 490 2119 per
514 2065 595 2116 se,
621 2051 716 2106 sed
741 2052 858 2108 bzec
889 2055 989 2108 tria
1021 2055 1124 2110 rite
1147 2055 1434 2127 conjuncta
1461 2058 1621 2114 unius
1651 2060 1748 2114 do-

194 2153 291 2192 mus
312 2142 668 2194 substantiam
700 2143 906 2212 pariter
924 2143 1182 2202 eﬂiciunt.
1218 2149 1350 2203 Cum
1375 2164 1506 2220 ergo
1537 2149 1652 2206 btec
1673 2149 1746 2204 ita

191 2228 296 2291 sint,
329 2230 498 2298 cujus,
531 2246 687 2302 rogo,
726 2247 972 2304 persona:
993 2236 1060 2290 de
1091 2238 1262 2292 tribus
1288 2240 1565 2308 prtcdictis
1588 2250 1747 2312 typus

191 2319 415 2375 uilitatem
462 2321 628 2390 hujus
673 2326 1026 2392 substantiae,
1062 2328 1116 2382 id
1163 2331 1464 2386 estdomus
1510 2334 1746 2388 maxime

194 2415 428 2469 ostendit?
452 2415 610 2482 Quod
633 2417 679 2473 si
707 2418 1128 2492 interrogaveris
1152 2423 1420 2492 quomodo
1446 2424 1528 2479 vel
1554 2440 1742 2496 quare,

192 2505 248 2559 ita
271 2507 466 2578 collige.

248 2643 366 2697 Cum
411 2645 581 2716 igitur
619 2650 987 2706 construenda
1029 2662 1114 2708 est
1153 2653 1344 2711 domus
1391 2656 1645 2726 qumlibet
1689 2668 1745 2715 et

191 2736 362 2799 peracti
397 2737 605 2794 fuerint
648 2742 753 2797 duo
799 2744 1054 2812 parietes,
1090 2746 1225 2802 duas
1251 2763 1515 2817 personas
1552 2753 1739 2823 expri-

190 2837 380 2892 mentes,
407 2844 548 2884 unus
570 2832 789 2902 quidem
812 2850 908 2903 pro
929 2850 993 2890 eo
1017 2837 1158 2906 quod
1190 2838 1403 2893 initium
1429 2842 1609 2910 operis
1637 2853 1740 2910 est,

187 2917 310 2979 quasi
344 2934 442 2972 non
490 2921 563 2974 ab
611 2921 716 2976 alio
742 2923 837 2977 sed
885 2942 915 2978 a
963 2941 1020 2980 se
1047 2937 1102 2982 et
1131 2927 1184 2982 in
1215 2938 1388 2984 semet
1430 2931 1694 3002 incipiens
1724 2953 1736 2987 :

189 3005 299 3060 alter
324 3024 464 3074 vero,
496 3027 627 3065 cum
659 3013 826 3082 priori
856 3017 1076 3072 omnino
1117 3018 1170 3071 in
1218 3018 1522 3087 latitudine,
1553 3022 1740 3080 altitu-

189 3097 287 3152 dine
331 3110 380 3155 et
423 3101 764 3173 longitudine
805 3106 1026 3176 mquatis
1067 3123 1190 3165 esse
1235 3109 1431 3167 debeat
1475 3114 1629 3186 quasi
1671 3115 1738 3170 ab

1917 1943 2046 2010 Qua:
2103 1946 2312 2002 scilicet
2365 1957 2595 2016 utraque
2631 1948 2766 2003 satis
2799 1953 3131 2008 conveniunt
3184 1969 3432 2024 personze

1849 2033 2082 2105 Spiritus
2107 2039 2304 2093 sancti.
2335 2037 2453 2108 Ipse
2483 2039 2679 2110 quippe
2708 2041 2761 2095 in
2799 2043 3042 2100 trinitate
3072 2063 3282 2103 sunnna
3307 2065 3429 2119 per-

1847 2140 2038 2181 sonam
2081 2128 2296 2182 tertiam
2346 2129 2648 2193 centinens,
2698 2139 2750 2185 et
2781 2143 3056 2202 protector
3085 2129 3428 2192 consolando

1847 2229 2140 2275 merentes
2182 2229 2242 2274 et
2288 2221 2630 2276 illuminator
2663 2223 2941 2280 edocendo
2971 2227 3319 2285 insensibiles
3349 2237 3428 2285 di-

1845 2309 2009 2364 citur.
2042 2310 2193 2366 Unde
2233 2311 2491 2365 Dominus
2532 2325 2718 2367 noster
2759 2315 2826 2368 ad
2869 2317 3162 2386 discipulos
3204 2337 3330 2375 suos
3360 2324 3426 2376 de

1843 2400 2084 2470 ejusdem
2115 2402 2352 2472 Spiritus
2377 2404 2548 2458 sancti
2573 2405 2830 2459 missione
2853 2406 3079 2476 loquens
3105 2412 3236 2466 dicit
3261 2427 3277 2466 :
3314 2413 3424 2467 Pa-

1845 2491 2072 2546 racletus
2105 2493 2336 2563 Spiritus
2365 2505 2609 2558 sanctus,
2630 2482 2790 2564 quem
2838 2499 3006 2551 mittet
3057 2496 3217 2554 Pater
3243 2503 3297 2555 in
3333 2520 3422 2556 no-

1844 2585 1982 2640 mine
2010 2602 2146 2651 meo,
2181 2585 2270 2640 ille
2293 2603 2380 2640 vos
2408 2585 2605 2640 docebit
2636 2587 2812 2641 omnia
2838 2588 3021 2659 (lt-an.
3055 2591 3188 2660 xw).

1915 2675 2064 2731 Inter
2109 2676 2223 2731 haec
2264 2677 2431 2731 etiam
2465 2675 2591 2732 illud
2623 2677 2818 2732 merito
2853 2681 3184 2749 pensandum
3215 2683 3423 2738 videtur

1842 2769 1986 2838 quod
2037 2768 2091 2822 in
2143 2779 2371 2838 utraque
2419 2767 2794 2836 similitudine,
2847 2772 3058 2826 aedilicii
3108 2774 3314 2830 scilicet
3366 2788 3424 2830 et

1843 2857 2104 2925 candelae,
2131 2860 2288 2914 tertia
2310 2874 2563 2930 persona,
2589 2875 2751 2930 quam
2780 2862 3040 2918 unitatem
3069 2881 3421 2934 personarum

1842 2951 2074 3006 duarum
2105 2951 2411 3020 exprimere
2439 2951 2572 3017 dixi,
2601 2952 2848 3006 addenda
2879 2965 2962 3010 est
2989 2955 3222 3026 desuper
3249 2968 3305 3012 et
3333 2976 3421 3013 su.

1840 3055 2007 3110 perna
2036 3044 2258 3112 respicit
2286 3058 2522 3114 semper,
2563 3043 2710 3098 velut
2755 3045 2809 3099 in
2852 3044 3013 3101 domo
3042 3058 3242 3104 tectum
3281 3061 3336 3106 et
3367 3056 3418 3106 in

1842 3132 2067 3187 candela
2099 3133 2424 3188 incendium.
2454 3133 2570 3189 Non
2594 3149 2725 3205 ergo
2753 3135 2871 3190 sine
2900 3151 3062 3191 causa
3093 3144 3418 3196 sacramenti

189 3186 278 3263 ipso
299 3200 509 3245 exortus
529 3203 591 3246 et
617 3208 897 3261 emanans,
929 3199 1157 3253 necdum
1205 3200 1272 3256 ad
1319 3202 1579 3258 unitatem
1611 3204 1736 3259 sub-
1764 3195 1809 3256 C
1841 3223 2020 3293 magni
2044 3223 2254 3277 ωειίηιο
2282 3222 2396 3277 [οι-ο
2427 3223 2571 3278 una,

188 3278 361 3330 stantia:
389 3295 496 3333 sua:
521 3282 719 3337 domus
757 3283 1072 3340 :editicanda
1098 3290 1366 3356 pervenit.
1396 3289 1529 3345 Cum
1554 3301 1736 3348 autem

190 3376 352 3421 Icelum
401 3373 627 3425 tertiam
677 3389 963 3443 personam
1010 3377 1324 3447 exprimens
1379 3381 1732 3452 supponitur,

189 3471 288 3518 tunc
331 3465 543 3522 demum
604 3472 781 3527 unitas
829 3473 1198 3530 substantialis
1243 3477 1435 3532 domus
1482 3478 1730 3534 cllicitur.

187 3549 353 3608 lleirco
375 3572 498 3612 vero
522 3567 727 3615 lectum
755 3577 1042 3631 personam
1067 3566 1280 3620 tertiam
1301 3568 1554 3638 exprimit
1581 3569 1731 3640 quia,

186 3640 293 3696 sicut
316 3647 480 3712 primo
503 3660 561 3704 et
591 3653 829 3715 secundo
857 3656 1154 3711 numeratis
1183 3658 1376 3714 tertius
1403 3674 1529 3715 mox
1552 3676 1734 3716 nume-

188 3735 349 3788 randus
378 3739 442 3792 ab
470 3743 554 3795 eis
585 3744 861 3811 procedit,
893 3745 963 3799 ita
995 3747 1155 3801 etiam
1188 3749 1396 3805 duobus
1436 3752 1731 3821 parietibus

189 3821 226 3873 iu
249 3833 635 3886 constructione
674 3837 1103 3904 praecedentibus
1135 3837 1334 3893 tectum
1365 3841 1558 3896 deinde
1595 3858 1750 3898 conv

186 3919 457 3974 struendum
523 3925 806 3992 sequitur;
869 3943 1045 3996 neque
1096 3929 1241 3982 enim
1298 3931 1416 3986 sine
1464 3933 1728 4002 parietum

185 4011 544 4068 constructione
574 4023 768 4070 tectum
799 4017 1074 4086 quodlibet
1119 4018 1187 4073 ad
1214 4018 1580 4076 habitaculum
1605 4038 1728 4077 con-

186 4106 390 4155 Sil'lllllll‘.

239 4209 398 4268 Potest
434 4217 599 4270 etiam
639 4219 739 4275 hac
792 4221 1005 4277 ratione
1046 4223 1227 4293 colligi
1276 4240 1437 4294 quam
1487 4241 1725 4296 congrue

187 4296 296 4354 Deus
322 4305 504 4360 domus
538 4307 681 4378 [βοά.
716 4308 906 4364 Lamb.
939 4311 1032 4366 Dei
1081 4312 1297 4384 domus]
1342 4315 1423 4370 vel
1465 4314 1724 4386 templum

185 4390 374 4459 dicatur,
403 4389 508 4453 non
541 4399 713 4454 solum
743 4402 814 4455 ob
844 4403 1162 4470 praedictam
1209 4413 1409 4460 sancta:
1438 4406 1724 4460 Trinitatis

186 4481 391 4551 ligurum,
421 4491 515 4543 sed
543 4491 707 4545 etiam
741 4493 866 4548 ideo
896 4495 1022 4562 quia
1064 4496 1246 4549 omnia
1279 4513 1397 4566 quae
1426 4498 1479 4550 in
1527 4497 1724 4566 templo

184 4575 382 4636 'Inolibct
405 4596 498 4649 pro
522 4597 654 4650 pace
678 4592 736 4639 et
764 4585 1185 4657 securitate,pro
1215 4588 1527 4643 umbraculo
1555 4598 1610 4644 et
1639 4604 1724 4644 re-

186 4661 300 4731 fugio
328 4674 688 4740 temporaliter
713 4676 1002 4743 habentur,
1029 4678 1082 4731 in
1115 4679 1228 4733 Deo
1254 4679 1366 4734 sola
1392 4680 1719 4735 aeternaliter

186 4754 504 4814 possidentur.
528 4762 694 4832 Cujus
734 4766 990 4821 nimirum
1033 4768 1217 4838 templi
1250 4779 1402 4838 porta
1428 4779 1481 4824 et
1522 4769 1718 4825 ostium

184 4837 386 4898 Christus
406 4847 741 4921 intelligitur.
768 4852 916 4909 Unde
940 4857 1052 4925 ipse
1073 4837 1232 4911 dicit:
1252 4857 1363 4927 Ego
1387 4874 1504 4912 sum
1526 4859 1717 4913 ostium

188 4927 426 5005 (learns).
456 4938 575 4996 Uzec
599 4944 818 5012 qtﬂdem
846 4946 912 5000 de
941 4957 1217 5003 structura
1254 4946 1521 5003 suﬂiciant
1551 4949 1714 5006 dicta.

239 5021 285 5076 In
318 5043 532 5084 accensa
574 5050 788 5102 quoque
826 5036 1051 5092 candela
1084 5039 1321 5094 inveniri
1359 5047 1627 5108 possunt,
1656 5051 1716 5097 ut

189 5123 302 5177 reor,
347 5119 552 5174 similia.
601 5124 737 5178 Nam
780 5141 902 5179 cum
945 5129 1140 5183 ardens
1191 5129 1473 5184 clementis
1504 5137 1714 5186 constet

188 5202 340 5268 tribus,
368 5209 414 5261 id
443 5221 526 5264 est
567 5223 748 5283 stupa,
780 5230 929 5280 cera,
975 5216 1093 5274 luce
1113 5259 1127 5284 ,
1157 5225 1516 5290 personarum
1546 5221 1710 5275 trium

189 5285 366 5352 ligurum:
395 5305 552 5352 tenet.
581 5301 688 5357 Sed
713 5302 861 5357 sicut
893 5304 947 5357 in
975 5306 1133 5362 domo
1158 5285 1405 5378 persona
1448 5309 1630 5374 tertia,
1657 5310 1707 5364 id

186 5387 247 5427 est
268 5389 467 5450 tectum,
509 5392 576 5443 ita
601 5403 654 5446 et
693 5395 745 5446 in
777 5394 1000 5450 ardente
1024 5400 1270 5450 candela.
1319 5399 1500 5450 Lzrtia.
1539 5399 1592 5450 id
1623 5409 1708 5450 est

1907 3312 2158 3367 Arbitror
2201 3328 2438 3383 namque
2475 3313 2605 3370 illud
2639 3315 2928 3386 designare
2977 3320 3142 3389 quod,
3191 3336 3314 3376 cum
3363 3323 3417 3376 in

1836 3403 2018 3475 aliquo
2062 3404 2246 3460 labore
2277 3407 2438 3461 homo
2487 3407 2578 3462 Dei
2623 3420 2945 3480 cooperator
2972 3421 3028 3466 et
3053 3413 3268 3481 adjutor
3297 3431 3418 3470 esse

1835 3494 2200 3564 possit,juxta
2229 3495 2358 3550 illud
2384 3515 2396 3549 :
2427 3497 2523 3552 Dei
2551 3499 2688 3553 enim
2713 3518 2896 3556 sumus
2917 3504 3188 3572 adjutores
3212 3505 3265 3575 (I
3289 3505 3412 3560 Cor.

1834 3584 1960 3654 nt),
1999 3587 2222 3642 unitatis
2255 3598 2432 3642 tamen
2465 3590 2696 3656 donum,
2728 3593 2870 3660 quod
2899 3609 3168 3648 summum
3197 3607 3280 3651 est
3316 3599 3411 3651 bo-

1834 3689 1984 3738 nntn,
2016 3691 2124 3743 quo
2149 3676 2270 3744 quis
2304 3677 2370 3729 ad
2399 3675 2788 3746 perfectionem
2819 3691 3172 3750 provecturns
3207 3693 3305 3746 est,
3349 3687 3416 3739 de

1833 3778 2067 3832 superna
2089 3764 2426 3819 solummodo
2448 3767 2620 3836 gratia
2643 3767 2967 3835 descendat;
2992 3771 3130 3826 sicut
3149 3773 3409 3843 scriptum

1832 3864 1917 3909 est
1954 3873 1968 3910 :
2000 3855 2176 3910 Omne
2216 3859 2398 3911 datum
2435 3860 2708 3928 optimum,
2748 3871 2794 3915 et
2832 3879 2984 3917 omne
3013 3863 3206 3918 donum
3241 3867 3413 3936 perfe-

1830 3960 1970 4004 ctum
2019 3951 2292 4006 desursum
2341 3964 2437 4018 est,
2488 3955 2806 4010 descendens
2857 3976 2890 4011 a
2941 3956 3102 4011 Patre
3154 3959 3411 4021 luminum

1831 4040 1973 4113 (Jac.
2007 4041 2069 4113 ι).
2103 4041 2255 4108 Quod
2286 4044 2428 4097 enim
2461 4060 2528 4098 ex
2561 4054 2704 4099 terra
2735 4057 2915 4102 ortum
2948 4049 3031 4102 vel
3062 4050 3115 4102 in
3148 4060 3289 4106 terra
3317 4070 3413 4122 po-

1829 4132 1994 4187 situm
2040 4133 2220 4199 datur,
2265 4135 2478 4189 initium
2524 4137 2740 4205 quidem
2790 4140 3180 4210 vel-particula
3231 4144 3410 4213 aliqua

1828 4224 1954 4280 boni
2001 4225 2185 4295 operis
2231 4236 2407 4295 potest
2438 4243 2590 4294 esse,
2638 4231 2734 4284 sed
2782 4229 2850 4284 ad
2900 4233 3256 4288 substantiam
3287 4251 3412 4304 perm

1829 4315 2081 4371 feetionis
2125 4326 2178 4371 et
2213 4319 2436 4372 unitatis
2487 4335 2593 4372 non
2637 4321 2914 4390 pertingit.
2961 4322 3111 4378 Unde
3156 4336 3212 4378 et
3263 4327 3406 4381 idem

1830 4405 2067 4477 Spiritus
2104 4417 2327 4463 sanctus
2357 4425 2479 4464 cum
2528 4410 2801 4479 apostolos
2841 4412 2908 4466 ad
2940 4414 3165 4471 unitatis
3208 4417 3406 4473 divinm

1830 4497 2042 4552 culmen
2084 4510 2369 4554 erectnrns
2418 4509 2471 4554 et
2527 4501 2892 4557 instructurus
2940 4513 3113 4572 esset,
3163 4523 3294 4574 non,
3347 4523 3407 4563 ut

1825 4591 1996 4659 prius,
2032 4607 2061 4644 a
2093 4591 2320 4646 Domino
2352 4594 2404 4647 in
2447 4601 2594 4646 terra
2625 4593 2800 4662 posito
2829 4593 3010 4663 datur,
3041 4599 3133 4652 sed
3166 4600 3231 4655 de
3262 4601 3404 4656 emlo

1822 4694 1982 4749 supra
2011 4694 2105 4735 eos
2131 4681 2329 4737 missus
2355 4682 2568 4753 legitur.

1894 4769 2020 4823 Haec
2050 4779 2231 4825 autem
2262 4772 2404 4840 dico,
2452 4789 2558 4828 non
2591 4785 2650 4831 ut
2677 4777 2729 4832 in
2781 4778 2869 4833 illa
2897 4779 3064 4837 ‘trinit
3084 4790 3155 4832 tle
3183 4796 3398 4834 summa

1821 4876 2105 4931 personam
2138 4862 2301 4918 ullam
2332 4866 2667 4934 superiorem
2697 4869 2780 4924 vel
2808 4871 3066 4927 inferiore
3090 4890 3118 4925 ιι
3156 4874 3422 4945 credam,

1822 4951 1919 5006 sed
1947 4963 2007 5006 ut
2029 4953 2311 5009 ostendam
2334 4956 2482 5024 quia,
2508 4957 2650 5013 sicut
2676 4961 2917 5030 ejusdem
2950 4964 3206 5018 trinitatis
3231 4964 3395 5030 ﬁgura

1824 5042 1878 5096 in
1912 5044 2056 5098 nulla
2095 5045 2399 5100 substantia
2429 5051 2701 5116 corporali
2733 5037 2816 5104 vel
2848 5052 3045 5106 visibili
3075 5051 3192 5106 sine
3219 5050 3399 5118 aliquo

1821 5134 2286 5203 superexcellente
2311 5144 2489 5204 potest
2521 5139 2754 5207 exprimi
2784 5139 3077 5204 elemento,
3125 5140 3195 5192 ita
3232 5139 3394 5192 etiam

1819 5223 1872 5277 in
1899 5223 2056 5278 nobis
2085 5224 2160 5277 nil
2188 5225 2316 5279 boni
2345 5224 2522 5279 valeat
2553 5228 2671 5282 lieri
2704 5230 2908 5299 absque
2933 5231 3122 5300 gratias
3149 5241 3393 5294 superna:

1816 5313 2209 5382 supplemento.

1886 5402 2002 5450 lnsa
2031 5418 2284 5450 nammte-
2309 5419 2430 5450 eum
2457 5419 2558 5450 nnc
2580 5409 2733 5450 ηιιηςί
2762 5409 2860 5450 mlh
2886 5408 3132 5450 nni-mnis
3161 5404 3384 5450 tinnitus-
