3998 5450
504 379 601 437 HI

1530 362 1832 424 OTllLONl
1870 358 2177 420 MONAClll
2212 355 2272 414 S.
2314 351 2739 415 ΕΜΜΕΠΑΜΜῘ

3666 353 3769 413 ﬂ,

501 488 765 562 ntraque‘,
798 486 853 545 id
877 493 963 545 est
989 483 1182 541 anima:
1208 489 1263 539 et
1287 478 1533 552 corporis
1558 493 1724 549 opera
1756 477 1970 532 diversa
2003 472 2083 529 di-
2110 480 2161 538 Α
2256 470 2397 527 Ecce
2416 470 2598 528 crucis
2623 471 2835 543 signum
2860 482 3023 541 quam
3049 484 3292 537 sacrum,
3316 482 3479 543 quam
3503 484 3757 529 veneran-

503 586 648 639 vinae
675 580 872 637 unitati
893 587 951 634 et
974 574 1226 632 trinitati.

577 657 687 733 Sed
715 682 771 730 et
809 674 912 727 hoc
941 669 1007 726 de
1033 666 1301 721 Trinitate
1329 673 1517 721 sancta
1548 656 2085 718 commemorandum

506 778 638 840 pnto
666 765 816 836 quia,
844 776 969 817 eum
999 759 1237 829 Spiritus
1275 757 1451 812 sancti
1499 768 1755 826 persona,
1806 751 1987 806 Patris
2032 757 2087 802 et

508 861 651 926 Fjilii,
680 866 738 912 ιιι
766 869 926 926 supra
955 852 1158 913 dictum
1205 859 1309 916 est,
1344 850 1607 905 unitatem
1637 859 1691 904 et
1720 844 2101 917 aequalitatem

516 919 963 1011 dl'cc“""'-:_m_e
1007 944 1371 1009 commendet,
1423 955 1662 1011 congrue
1694 940 1747 995 Ιιί
1783 939 1900 1008 qui.
1949 937 2090 992 hanc

514 1021 801 1078 Personam
845 1006 1151 1095 ῘΨίιθηίθδθ
1192 1036 1437 1095 “sacrm
1462 1034 1586 1087 ﬁdei
1630 1034 1858 1095 unitate,
1900 1028 1982 1083 vel
2024 1028 2093 1082 de

513 1096 741 1168 paciﬁca
785 1094 883 1150 Dei
920 1103 975 1151 et
1017 1094 1252 1155 hominis
1295 1094 1699 1174 cliarnatennu
1740 1122 1808 1175 de
1845 1094 2090 1175 consona

512 1190 776 1243 virtutum
827 1186 1071 1259 omnium
1119 1187 1385 1241 varietate
1433 1187 1537 1241 rite
1590 1188 1840 1243 scribunt
1885 1217 1966 1244 ..αι
2018 1209 2094 1263 ιθ,

511 1276 1033 1349 quuntur,Spiritus
1055 1277 1225 1332 sancti
1253 1277 1422 1348 gratia
1450 1277 1638 1346 repleti
1666 1277 1942 1332 dicuntur.
1972 1277 2101 1345 Ejus

510 1368 656 1424 enim
692 1369 836 1424 dono
859 1368 1020 1424 totius
1058 1368 1283 1423 unitatis
1324 1368 1381 1422 tit
1416 1368 1582 1433 ratio,
1618 1368 1760 1423 sicut
1785 1376 1840 1422 et
1867 1368 1934 1422 ad
1964 1366 2100 1423 lucis

510 1461 747 1533 pertinet
770 1460 971 1516 donum
1002 1459 1304 1515 illuminata
1330 1460 1476 1516 acies
1496 1459 1804 1527 oculorum,
1834 1459 1957 1515 licet
1982 1459 2097 1528 ipsa

510 1550 605 1606 lux
636 1565 743 1606 non
774 1565 807 1606 a
836 1564 918 1613 se,
951 1549 1047 1606 sed
1069 1549 1287 1605 aliunde
1311 1549 1575 1621 procedit.

992 1658 1218 1716 CAPUT
1258 1658 1548 1716 XXXVIII.

514 1749 725 1807 Surum
768 1750 945 1807 crucis
981 1750 1187 1822 signum
1216 1751 1272 1805 in
1307 1766 1513 1874 sun‘tima
1547 1748 1805 1804 Trinitate
1845 1749 2095 1820 reperitur

1124 1831 1171 1874 et
1208 1837 1396 1874 auomo
1438 1837 1488 1874 ο.

1124 1831 1171 1874 et
1208 1831 1488 1891 quomodo.

579 1913 764 1971 Potest
791 1912 958 1969 etiam
987 1920 1192 1969 sanctae
1216 1914 1396 1969 erucis
1424 1913 1639 1981 signum
1667 1913 1721 1968 in
1761 1912 2008 1969 trinitate
2036 1921 2093 1969 et

510 2003 720 2059 unitate
748 2018 961 2059 summa
999 2003 1254 2058 inveniri.
1284 2002 1343 2058 Si
1373 2004 1519 2058 enim
1568 2005 1619 2059 in
1660 2006 1878 2059 modum
1924 2004 2096 2059 triau-

510 2095 620 2165 διιιί
647 2103 759 2150 tres
784 2093 1042 2161 uuitatcs,
1066 2094 1199 2149 duas
1225 2093 1443 2163 quidem
1467 2095 1623 2164 quasi
1654 2109 1752 2164 per
1781 2093 1939 2150 lineae
1968 2110 2095 2155 nor-

510 2202 655 2241 mam
708 2185 993 2257 aequaliter
1039 2194 1269 2252 stantes,
1325 2185 1541 2243 tertiam
1584 2201 1715 2241 vero
1763 2187 2013 2257 superius
2038 2186 2094 2241 in

510 2278 691 2333 medio
721 2279 974 2345 duarum,
1022 2293 1227 2349 ponas,
1257 2277 1402 2348 quod
1432 2277 1596 2333 etiam
1631 2278 1903 2350 tri-angulo
1944 2279 2093 2334 omni

510 2370 786 2437 convenit,
816 2380 876 2426 nt
896 2370 1104 2427 scilicet
1125 2370 1179 2425 in
1205 2369 1470 2427 dualitate
1490 2370 1779 2439 consistat,
1808 2372 1863 2427 in
1885 2370 2094 2428 unitate

509 2471 690 2519 autem
714 2462 976 2534 respiciat
998 2463 1102 2518 hoc
1125 2462 1287 2518 modo
1314 2456 1329 2516 ὲ

1264 2558 1307 2626 1

1171 2648 1216 2716 l
1368 2647 1415 2716 1

1265 2739 1311 2809 l

583 2829 824 2900 Cumque
873 2829 947 2882 ita
1004 2827 1331 2898 triangulum
1386 2828 1665 2898 posueris,
1717 2829 1763 2884 si
1818 2828 2092 2885 unitatem

510 2929 761 2991 quartam
799 2920 991 2976 media:
1019 2919 1247 2975 inferius
1271 2919 1614 2990 apposueris,
1648 2920 1861 2991 signum
1892 2929 2095 2976 saneta:

510 3014 692 3071 erucis
718 3013 966 3070 habebis.
1000 3013 1101 3070 Ubi
1125 3012 1283 3085 juxta
1314 3013 1477 3068 ﬁdem
1504 3027 1718 3068 sacram
1766 3026 2093 3085 magnopere

510 3104 851 3175 pensandum
884 3119 1042 3175 quem
1081 3105 1279 3175 cuique
1315 3119 1564 3175 personae
1588 3105 1787 3160 debeas
1813 3104 2092 3175 assignare

511 3195 790 3268 angulum,
817 3212 884 3252 ne
906 3196 988 3251 vel
1015 3195 1330 3251 dualitatem
1357 3204 1697 3251 constantem
1722 3195 1803 3249 vel
1828 3195 2090 3251 unitatem

509 3290 839 3346 eminentem
877 3291 1175 3362 incongrue
1204 3288 1504 3346 discernas.
1538 3287 1711 3355 Quod,
1746 3297 1806 3343 ut
1838 3303 1980 3353 reor,
2019 3288 2093 3343 ita

438 3394 441 3397 '
510 3380 672 3435 debet
699 3380 958 3437 discerni.

584 3472 720 3540 Quia
749 3473 896 3529 enim
920 3473 1147 3545 aequalis
1175 3472 1408 3531 dualitas
1433 3472 1487 3527 in
1518 3474 1679 3528 Patre
1702 3483 1755 3527 ct
1778 3472 1935 3539 Filio,
1968 3473 2094 3529 uni-

512 3576 596 3621 tas
627 3581 758 3622 vero
799 3567 853 3621 in
900 3566 1106 3637 Spiritu
1150 3574 1341 3623 sancto
1387 3565 1737 3637 intelligenda
1780 3575 1885 3631 est,
1925 3565 2096 3620 ascri-

511 3657 703 3714 bendte
731 3658 949 3728 quidem
977 3666 1105 3713 sunt
1128 3658 1274 3724 duae;
1298 3673 1419 3727 qua:
1456 3659 1739 3729 aequaliter
1768 3657 2091 3720 consistunt,

508 3752 748 3807 uuitatcs
773 3752 918 3806 Patri
946 3762 1004 3806 et
1030 3750 1202 3818 Filio;
1237 3751 1396 3806 tertia
1419 3759 1602 3805 autem
1625 3750 1680 3803 in
1706 3748 1885 3803 medio
1907 3763 2093 3803 earum

510 3842 743 3911 desuper
773 3841 947 3911 posita
972 3850 1026 3895 et
1050 3841 1199 3894 velut
1230 3842 1297 3894 ab
1325 3848 1557 3908 utroque
1589 3836 1730 3910 [cod.
1759 3834 1915 3889 Cruc.
1940 3845 2095 3907 utra-

512 3930 639 4003 que]
670 3929 992 4000 procedens,
1023 3929 1252 3997 Spiritui
1277 3936 1494 3982 saneto.

584 4018 905 4091 llujusmodi
934 4017 1102 4090 igitur
1136 4017 1300 4081 ratio,
1324 4016 1426 4072 nisi
1454 4015 1629 4082 fallor,
1652 4025 1906 4072 convenit
1928 4025 2094 4070 triane

512 4112 622 4184 guli
653 4110 936 4183 mysterio,
968 4109 1022 4164 iu
1062 4122 1169 4179 quo
1198 4109 1359 4175 etiam
1395 4122 1523 4162 reor
1555 4109 1686 4162 satis
1716 4108 1905 4162 instrui
1936 4121 2095 4175 posse

512 4212 581 4266 de
606 4217 809 4266 sanctae
861 4205 1150 4260 Trinitatis
1200 4203 1323 4257 ﬁdei
1369 4216 1562 4257 omnes
1609 4200 1816 4254 ﬁdeles.
1867 4198 2093 4264 Deinde,

513 4301 639 4372 quia
671 4300 725 4355 in
756 4297 1027 4353 Trinitate
1060 4295 1242 4349 unitas
1269 4302 1355 4349 est
1384 4289 1712 4354 veneranda,
1744 4288 1945 4353 unitas,
1974 4304 2094 4359 qua:

514 4392 744 4448 inferius
776 4390 951 4461 posita
988 4396 1183 4452 restat,
1217 4384 1538 4442 ascribeuda
1568 4393 1653 4439 est
1689 4381 1945 4437 trinitatis
1976 4382 2096 4435 uni-

516 4487 635 4550 tati,
666 4486 854 4554 sicque
881 4483 940 4537 ﬁt
966 4490 1024 4538 ut
1067 4495 1136 4536 ex
1166 4480 1406 4535 trinitate
1427 4488 1483 4533 et
1524 4478 1734 4532 unitate
1765 4475 1997 4531 invicem
2033 4489 2094 4531 se

2188 563 2491 639 dum,_.cur
2537 570 2593 616 et
2648 560 2865 617 adorari
2910 560 3119 616 licitum
3157 561 3227 615 sit
3272 571 3453 621 mente
3504 561 3674 617 ﬁdeli.
3711 563 3771 619 Si

2187 655 2335 709 enim
2365 654 2583 708 trinitas
2605 662 2659 708 et
2687 653 2869 707 unitas
2911 652 3093 707 divina
3132 661 3221 708 est
3263 652 3564 719 adoranda,
3592 654 3775 710 crucis

2189 755 2368 802 autem
2413 746 2626 816 signum
2674 745 2937 801 trinitatis
2967 755 3025 801 et
3052 745 3278 801 unitatis
3326 746 3524 801 divinat
3559 757 3776 803 constat

2190 834 2492 904 speculum.
2517 834 2710 890 Crueis
2738 850 2869 907 ergo
2895 835 3110 907 signum
3135 851 3236 906 pro
3278 837 3549 892 trinitatis
3571 847 3628 893 et
3660 839 3776 893 uni-

2194 927 2320 982 tatis
2369 928 2564 983 divina:
2612 929 2834 998 speculo
2879 939 2963 984 est
3009 929 3376 996 adorandum,
3420 944 3484 984 ea
3520 928 3779 986 videlicet

2194 1016 2482 1072 lacutiunis
2510 1018 2825 1089 speciequia
2858 1034 2952 1088 per
2980 1019 3033 1075 id
3060 1020 3204 1089 quod
3232 1020 3495 1086 continet,
3525 1022 3602 1086 id,
3631 1023 3778 1089 quod

2192 1111 2527 1176 continetur,
2570 1111 2964 1183 significamus.
3015 1112 3150 1167 i‘s‘am
3177 1114 3316 1169 sicut
3355 1114 3406 1167 in
3448 1115 3631 1178 altari,
3667 1130 3777 1168 non

2192 1198 2363 1269 ipsam
2405 1199 2597 1254 altaris
2636 1210 3003 1268 structuram,
3031 1204 3126 1258 sed
3166 1214 3480 1258 sanctorum
3518 1204 3783 1275 reliquias

2277 1305 2343 1375 eo
2366 1290 2650 1358 repositas,
2680 1302 2734 1346 ct
2766 1292 2909 1362 quod
2942 1294 3116 1363 majus
3158 1303 3261 1360 est,
3294 1310 3391 1365 per
3437 1295 3657 1350 easdem
3688 1311 3779 1351 rc-
3815 1362 3822 1369 α

2198 1360 2417 1432 liquias,
2450 1381 2657 1437 Illorum
2687 1385 2919 1442 virtutes
2962 1386 3159 1455 quibus
3185 1395 3312 1443 ante
3340 1388 3507 1441 Deum
3538 1389 3781 1443 credun-

2200 1460 2287 1506 ιιη¹
2332 1455 2515 1510 Vivere
2563 1473 2888 1516 veneramur
2931 1482 2988 1530 et
3036 1476 3345 1540 adoramus,
3384 1476 3455 1530 ita
3507 1478 3674 1532 ct'am
3724 1477 3782 1531 in

2198 1556 2387 1600 sancta
2431 1562 2614 1615 cruce,
2649 1566 2755 1605 non
2800 1553 3191 1627 qualiscunque
3223 1565 3342 1628 eius
3382 1565 3618 1623 visibilis
3663 1582 3785 1621 ma-

2204 1639 2366 1703 teria,
2401 1641 2495 1694 sed
2529 1640 2821 1698 invisibilis
2848 1643 2944 1700 Dei
2973 1645 3176 1713 virtus,
3205 1663 3325 1719 qua:
3347 1666 3442 1720 per
3465 1658 3784 1721 passionem

2200 1728 2410 1811 Domini
2440 1732 2611 1787 nostri
2644 1731 2770 1788 Jesu
2815 1735 3018 1791 Christi
3042 1737 3298 1806 refulsit,
3344 1746 3572 1811 quaeque
3613 1743 3690 1800 ibi
3728 1746 3785 1800 in

2127 1821 2172 1881 Β
2200 1809 2401 1878 sanctae
2450 1822 2733 1882 Trinitatis
2770 1835 2826 1882 et
2856 1828 3085 1885 unitatis
3112 1832 3294 1900 specie
3322 1809 3437 1902 jam
3472 1809 3616 1891 dicta
3649 1850 3779 1892 con-
3809 1834 3818 1841 “

2196 1914 2357 1979 sistit,
2392 1931 2608 1993 semper
2633 1929 2716 1975 est
2739 1924 3048 1979 veneranda
3073 1933 3127 1981 et
3162 1926 3457 1982 adoranda.

2264 2004 2362 2063 Est
2409 2016 2466 2063 et
2505 2007 2649 2065 aliud
2699 2014 3013 2085 mysterium
3063 2016 3116 2069 in
3164 2029 3365 2074 sanette
3393 2021 3577 2076 crucis
3621 2022 3789 2094 signo

2191 2107 2511 2166 expressum
2543 2100 2685 2169 quod
2713 2102 3059 2172 postmodum
3087 2106 3153 2161 de
3173 2122 3399 2163 numero
3424 2114 3793 2180 quaternario

2194 2187 2473 2245 locuturus
2525 2191 2819 2261 proferam.
2870 2194 3064 2253 Adhuc
3124 2200 3369 2270 quadam
3427 2202 3653 2258 subtilia
3717 2207 3795 2260 de.

2195 2290 2383 2335 sancta
2427 2280 2698 2339 Trinitate
2742 2288 2857 2342 scio
2903 2288 3129 2345 dicenda
3175 2294 3475 2364 mysteria:
3524 2298 3620 2353 sed
3653 2299 3785 2368 quia

2195 2371 2338 2426 nulla
2366 2374 2576 2430 ratione
2597 2391 2839 2449 congrua
2868 2381 2985 2436 tunc
3014 2397 3267 2451 promere
3292 2386 3467 2455 valeo,
3498 2387 3626 2445 idco
3661 2391 3783 2460 ipsa

2194 2464 2412 2533 penitus
2437 2469 2879 2536 prtetermittere,
2913 2481 2971 2528 et
2998 2473 3178 2543 aliqua
3205 2476 3271 2532 de
3302 2477 3527 2547 mystica
3566 2484 3785 2539 numeri

2195 2556 2453 2626 qualitate
2468 2558 2583 2630 jam
2609 2560 2792 2645 dicere
2810 2565 2955 2632 volo,
2981 2564 3248 2637 incipiens
3268 2584 3299 2623 a
3321 2561 3557 2626 binario.

2262 2646 2269 2659 ί
2706 2670 2969 2730 -οΑΡυΤ
3009 2674 3253 2732 xxm.

2229 2780 2305 2835 De
2352 2784 2569 2852 mystico
2614 2786 2831 2868 numeri
2862 2786 3074 2868 binnrii,
3129 2792 3368 2868 ternat'ii,
3412 2798 3750 2865 quaternarii

2657 2866 2705 2909 et
2743 2859 2973 2926 quinarii
3011 2860 3331 2931 signiﬁcatu.

2264 2961 2364 3017 llic
2408 2963 2552 3017 enim
2595 2973 2799 3034 quanto
2847 2967 3080 3023 vicinior
3104 2980 3189 3026 est
3230 2972 3447 3039 unitati,
3482 2983 3635 3031 tanto
3667 2980 3791 3048 ple-

2192 3054 2314 3108 nior
2334 3063 2421 3108 est
2448 3056 2649 3111 virtute
2679 3060 2947 3127 mystcrii.
2976 3059 3258 3130 Signiﬁcat
3285 3080 3517 3135 namque
3538 3082 3788 3139 congrue

2119 3174 2163 3233 Ο
2195 3144 2451 3199 virtutem
2494 3144 2641 3200 illam
2684 3162 2791 3216 qua
2847 3150 2959 3204 Deo
2988 3152 3223 3208 maxime
3258 3156 3788 3228 appropinquamus,

2200 3236 2254 3290 id
2290 3246 2375 3291 est
2411 3238 2737 3294 charitatem
2765 3257 2779 3294 :
2807 3242 2933 3310 quia
2966 3244 3108 3300 sicut
3142 3247 3386 3303 binarius
3422 3251 3629 3307 duabus
3660 3248 3793 3307 uni-

2200 3331 2422 3396 tatibus,
2449 3332 2522 3386 ita
2563 3340 2619 3386 et
2661 3333 2904 3390 Charitas
2936 3335 3063 3391 bina
3118 3337 3408 3405 dilectione
3438 3340 3535 3398 Dei
3568 3343 3790 3400 scilicet

2196 3436 2251 3481 et
2288 3422 2523 3497 proximi
2540 3429 2808 3485 consistit.
2839 3431 3130 3501 Praeterea,
3161 3436 3303 3492 sicut
3345 3438 3486 3494 idem
3530 3441 3791 3498 binarius

2197 3520 2406 3574 numeri
2430 3528 2512 3575 est
2533 3508 2707 3591 origo,
2740 3521 2816 3577 ita
2849 3523 3014 3578 etiam
3040 3525 3283 3580 omnium
3327 3528 3593 3585 virtutum
3620 3532 3787 3587 radix

2197 3621 2411 3666 constat
2451 3612 2723 3678 Charitas,
2757 3621 2819 3668 ut
2848 3613 3078 3683 plurima
3115 3631 3287 3672 sacra:
3325 3616 3625 3689 Scriptum
3654 3639 3792 3693 pro-

2198 3699 2332 3753 bant
2361 3700 2699 3765 testimonia,
2741 3716 2809 3757 ex
2851 3704 3048 3772 quibus
3093 3721 3260 3760 unum
3307 3710 3486 3765 sancti
3529 3709 3790 3783 Gregorii

2153 3818 2159 3825 -
2198 3789 2469 3858 proferam
2498 3807 2512 3845 :
2551 3788 2619 3844 Ut
2654 3790 2801 3847 enim
2842 3791 2997 3848 multi
3026 3794 3239 3850 arboris
3266 3797 3404 3853 rami
3451 3812 3518 3853 ex
3556 3816 3668 3857 una
3699 3818 3792 3857 ra-

2197 3883 2319 3937 dice
2360 3880 2652 3952 prodeunt,
2689 3884 2768 3939 sie
2795 3883 2981 3940 multae
3022 3885 3249 3962 virtutes
3275 3902 3341 3942 ex
3368 3904 3477 3944 una
3505 3891 3791 3950 charitate

2198 3984 2548 4043 generantur.

2232 4139 2238 4145 .
2269 4085 2453 4143 Potest
2492 4088 2653 4144 etiam
2681 4090 2736 4144 in
2781 4090 2972 4147 eodem
3000 4092 3216 4148 binario
3241 4093 3451 4165 primus
3477 4095 3786 4168 signiﬁcari

2199 4180 2382 4235 homo.
2415 4179 2567 4235 Sicut
2613 4173 2759 4236 enim
2805 4196 2874 4236 ex
2918 4183 3131 4239 binario
3174 4169 3368 4241 omnes
3401 4187 3653 4243 oriuntur
3682 4205 3790 4247 nu-

2197 4273 2353 4336 meri,
2390 4272 2462 4327 ita
2511 4264 2566 4328 et
2595 4288 2661 4328 ex
2706 4274 2884 4343 primo
2933 4274 3151 4332 homine
3194 4292 3383 4334 omnes
3433 4282 3613 4336 exorti
3654 4293 3793 4340 sunt

2201 4364 2473 4419 homines.
2501 4362 2608 4419 Sed
2635 4363 2680 4419 si
2713 4364 2875 4419 alicui
2900 4365 3196 4437 incongrua
3221 4367 3361 4425 forte
3386 4369 3640 4428 videatur
3666 4372 3792 4430 hac

2197 4454 2491 4521 sententia,
2522 4470 2621 4525 pro
2650 4469 2716 4510 eo
2744 4455 2955 4509 scilicet
2980 4457 3123 4525 quod
3152 4460 3365 4527 primus
3389 4460 3557 4516 homo
3586 4464 3655 4518 ad
3680 4465 3785 4522 Dei

514 4576 795 4647 aequaliter
838 4574 1208 4645 conspiciente
1240 4581 1296 4627 et
1338 4571 1609 4626 mediante
1647 4569 1858 4637 signum
1892 4576 2093 4624 sancta:

2199 4545 2613 4600 similitudinem
2679 4544 2733 4599 in
2795 4544 3038 4601 trinitate
3096 4556 3152 4602 et
3199 4549 3408 4619 unitate
3453 4553 3793 4615 existentem

516 4668 694 4725 crucis
730 4666 1027 4732 efﬁciatur,
1071 4678 1130 4719 ut
1166 4665 1284 4720 hate
1336 4661 1507 4733 ﬁgura
1562 4674 1914 4732 personarum
1968 4674 2094 4729 pro-

516 4761 751 4831 prietate
794 4758 1049 4816 distincta
1079 4757 1238 4815 docet
1263 4774 1277 4812 :

886 5210 969 5290 ῤ’

1279 5175 1336 5221 ,Ξ

1289 5225 1336 5243 α

1277 5249 1335 5321 ,ἐξ

1296 5327 1336 5352 ει

1279 5365 1335 5392 ‘t'!

2199 4648 2416 4694 creatus
2448 4646 2549 4702 est,
2577 4650 2743 4707 quam
2781 4635 3028 4692 binarius
3070 4637 3220 4695 nullo
3258 4641 3421 4697 modo
3446 4643 3662 4714 recipit,
3693 4656 3792 4703 at-

2200 4730 2385 4784 tendat
2413 4728 2684 4799 quomodo
2711 4727 2918 4799 primus
2943 4728 3131 4795 homo,
3176 4742 3464 4804 postquam
3487 4736 3556 4790 ad
3579 4736 3787 4795 simili-

2199 4821 2440 4876 tudinem
2469 4820 2587 4888 Dei,
2633 4821 2686 4876 id
2732 4821 2914 4877 estad
2953 4820 3280 4878 Trinitatem
3310 4825 3488 4883 factus
3523 4838 3631 4895 est,
3658 4847 3787 4903 per

2198 4911 2580 4969 inobedientiae
2638 4913 2852 4983 culpam
2909 4913 3147 4982 perdidit
3200 4914 3441 4983 ejusdem
3489 4916 3789 4980 Trinitatis

2201 5004 2432 5073 ﬁguram
2456 5012 2511 5058 et
2550 5003 2791 5059 substitit
2821 5001 2961 5076 [cod.
2991 5003 3147 5059 Cruc.
3185 5005 3456 5079 subsistit]
3503 5008 3558 5064 in
3599 5010 3789 5068 duali-

2200 5103 2311 5148 tute
2331 5133 2346 5159 ,
2375 5108 2495 5163 qua:
2519 5101 2605 5148 est
2636 5093 2688 5148 in
2728 5094 2976 5165 personis
3003 5094 3201 5150 animae
3231 5103 3287 5151 et
3307 5101 3583 5167 corporis;
3619 5106 3785 5160 tertia

2196 5197 2451 5252 persona,
2490 5182 2543 5237 id
2585 5192 2670 5238 est
2698 5183 2927 5249 unitate,
2978 5197 3085 5254 qua
3124 5185 3237 5241 Deo
3274 5187 3503 5244 adunari
3532 5200 3589 5246 et
3642 5196 3790 5251 assi-

2197 5272 2372 5328 milari
2402 5272 2643 5338 deberet,
2667 5271 2782 5341 jam
2807 5272 3042 5342 perdita.
