3998 5450
238 327 325 385 113

1191 325 1459 389 ῡιΑιου.
1494 332 1585 391 DE
1622 334 1872 394 TRIBUS
1909 336 2459 408 QUESTIONIBUS.

3346 347 3445 405 Il!
3524 380 3533 385 -

238 443 362 499 ditas
382 439 444 497 ad
472 438 757 514 imaginem
802 438 901 497 Dei
925 439 1122 510 fuerat,
1158 444 1434 514 peccando
1461 461 1494 501 a
1517 447 1772 504 similitu-
1798 451 1853 513 Α
1876 454 2067 509 eodem
2112 454 2365 524 quinario
2409 468 2638 510 numero
2672 454 3206 527 comprehenduntur
3226 457 3441 530 (Hatria.

240 532 351 588 dine
371 530 671 586 Conditoris
695 530 779 587 sui
807 533 1050 588 recessit.

294 621 360 676 De
389 621 606 675 ternarii
655 636 784 677 vero
813 623 1092 693 mysterio,
1113 637 1215 693 pro
1230 639 1299 687 eo
1325 628 1469 698 quod
1502 629 1559 684 iu
1578 643 1637 684 se
1666 637 1777 686 tres

234 712 441 769 nuitates
490 711 710 778 habeat,
742 728 993 784 magnum
1044 716 1316 784 quoddam
1361 720 1557 775 sentio.
1597 721 1774 791 ipsum

233 816 438 871 namque
480 802 772 859 Dominum
812 813 868 859 et
918 804 1257 862 Salvatorem
1304 817 1552 865 nostrum
1583 811 1636 866 in
1675 813 1779 868 hoc

230 895 432 965 exprimi
482 897 672 963 credo,
703 897 849 966 quia,
909 897 1052 953 sicut
1087 899 1177 955 ille
1225 900 1279 955 in
1309 901 1518 958 duabus
1544 906 1776 969 naturis,

235 984 314 1041 Dei
340 984 581 1040 videlicet
607 996 668 1041 et
709 988 964 1055 hominis,
996 999 1160 1060 atque
1204 991 1258 1046 iu
1287 1008 1393 1047 una
1425 1008 1678 1061 persona,
1708 995 1779 1050 ita

235 1087 283 1132 et
317 1079 584 1135 ternarius
636 1078 694 1133 in
755 1080 969 1145 dnalms~
1007 1082 1270 1151 partibus,
1320 1083 1522 1138 homini
1562 1083 1783 1155 Deoque

231 1168 347 1224 satis
374 1169 849 1236 convenientibus,
879 1182 936 1227 et
971 1173 1026 1227 in
1063 1172 1225 1229 unius
1262 1174 1474 1228 numeri
1517 1175 1782 1231 vocabulo

231 1260 478 1315 consistit.
520 1258 780 1317 Binarius
808 1263 953 1317 enim
993 1272 1049 1318 et
1076 1264 1256 1319 unitas
1284 1265 1400 1333 ejus
1428 1274 1552 1319 sunt
1576 1276 1780 1335 partes,

230 1365 434 1420 quarum
483 1351 707 1421 quidem
764 1352 1011 1425 binarius
1052 1353 1280 1419 homini,
1309 1355 1488 1411 unitas
1518 1370 1647 1411 vero
1672 1357 1784 1411 dei-

232 1444 315 1497 tati
338 1444 649 1499 omnimodo
687 1445 960 1500 convenit.
985 1445 1092 1500 Sed
1121 1455 1177 1501 et
1199 1445 1301 1501 hoc
1322 1461 1426 1501 non
1457 1446 1635 1503 minus
1655 1461 1785 1502 con-

229 1537 356 1607 gruit
384 1554 396 1587 τ
427 1535 580 1606 quia,
617 1536 763 1593 sicut
782 1538 991 1607 primus
1028 1537 1199 1592 Adam
1230 1549 1493 1601 terrenus,
1516 1539 1784 1595 secundus

231 1637 390 1683 autent
426 1628 673 1684 caelestis
716 1630 936 1693 dicitur,
968 1630 1042 1685 ita
1075 1638 1131 1685 et
1158 1630 1423 1697 biuarius,
1464 1646 1623 1701 quem
1673 1632 1787 1701 pri-

230 1733 358 1774 tuum
408 1721 684 1776 hominem
719 1761 735 1787 ,
785 1721 960 1792 ipsum
1008 1724 1217 1779 scilicet
1267 1724 1438 1779 Adam
1492 1724 1782 1794 significari

1877 545 2038 609 xxv);
2070 559 2172 616 ego
2218 553 2417 611 tamen,
2447 545 2571 614 quia
2621 558 2838 601 omnem
2875 560 3158 601 numerum
3185 545 3322 601 infra
3356 549 3450 600 de-

1878 636 2091 690 narium
2147 636 2384 707 positum
2437 636 2617 705 aliqua
2677 634 2929 707 specialis
2960 637 3204 708 mysterii
3249 637 3450 691 virtute

1878 726 2191 796 insignitum
2222 725 2407 787 credo,
2439 725 2583 781 hunc
2630 725 2793 780 etiam
2852 725 3055 796 aliquid
3091 726 3217 781 boni
3242 726 3451 796 specia-

1879 814 2003 871 liter
2042 814 2346 885 exprimere
2367 816 2598 872 testimo.
2634 814 2791 883 Nam,
2816 816 2942 886 quia
2991 816 3132 873 idem
3164 816 3450 888 quinarins

1879 904 2101 961 dimidia
2130 919 2260 975 pars
2284 914 2370 960 est
2405 904 2609 961 denarii
2644 905 2929 976 omnigena
2959 905 3290 977 perfectione
3316 921 3450 975 prte-

1880 997 2035 1063 clari,
2066 1010 2120 1054 et
2142 1012 2302 1054 omne
2340 997 2625 1053 dimidium
2665 997 3007 1067 divisumque
3038 997 3089 1052 in
3113 1013 3172 1053 se
3198 998 3312 1067 ipso
3348 998 3451 1052 im-

1880 1084 2178 1155 perfectum
2207 1085 2477 1152 consistit,
2527 1095 2708 1156 potest
2734 1085 3123 1145 convenienter
3149 1087 3320 1158 ipsam
3352 1086 3453 1140 im-

1882 1172 2229 1243 perfectionis
2265 1174 2605 1244 qualitatem.
2639 1182 2760 1244 quae
2789 1176 2844 1230 in
2872 1174 3085 1230 cunctis
3130 1176 3452 1232 mortalibus

1883 1261 2171 1333 quantavis
2228 1263 2517 1320 sanctitate
2578 1263 2820 1335 prmditis
2883 1264 3176 1331 invenitur,
3248 1264 3458 1336 signiﬁ-

1883 1366 2028 1409 care.

1957 1443 2016 1500 Si
2074 1446 2161 1500 cui
2203 1445 2414 1501 dictum
2469 1446 2574 1501 hoc
2606 1445 2833 1516 placeat,
2868 1460 3078 1501 mecum
3107 1445 3334 1512 sentiat;
3374 1445 3461 1501 cui

1888 1550 2019 1591 vero
2038 1535 2311 1607 displicet,
2336 1537 2483 1592 dicat
2509 1535 2723 1601 melius,
2747 1545 2807 1591 ut
2824 1543 2883 1591 et
2909 1536 3015 1591 hoc
3026 1537 3330 1592 credamus.
3351 1535 3464 1605 Ego

1891 1626 2137 1686 interim,
2159 1632 2220 1680 ut
2240 1624 2376 1690 dixi,
2408 1616 2572 1681 credo
2600 1625 2911 1695 quinarium
2943 1624 3088 1679 illam
3109 1622 3467 1694 imperfectio-

1893 1730 2040 1784 nem,
2065 1733 2173 1788 qua
2205 1730 2366 1772 nemo
2389 1716 2442 1771 in
2474 1718 2577 1772 hac
2603 1716 2714 1771 vita
2743 1716 3134 1785 posituscaret,
3161 1714 3463 1783 designare.

229 1826 370 1882 supra
400 1812 658 1880 diximus,
697 1814 851 1884 prior
876 1823 959 1871 est
1008 1816 1250 1872 ternario
1289 1816 1584 1873 secundum
1608 1816 1783 1872 Adam
1816 1794 1860 1854 Β
1893 1812 1969 1867 De
1989 1811 2090 1866 hac
2119 1825 2351 1880 namque
2389 1807 2799 1879 imperfectione
2824 1805 3110 1862 Psalmista
3155 1806 3324 1861 dicit:
3356 1804 3468 1859 fm-

232 1903 567 1972 signiﬁcante.

289 1990 479 2048 Omnes
529 1994 698 2049 etiam
730 1994 928 2051 Christi
975 1998 1200 2067 vestigia
1236 2009 1529 2069 sequentes
1567 2001 1789 2058 ternarii

230 2082 442 2149 speciem
490 2084 739 2151 recipere
790 2096 1088 2152 merentur,
1119 2089 1209 2157 qui
1264 2090 1415 2157 prius
1449 2091 1595 2145 vitiis
1624 2091 1791 2147 dediti

231 2170 420 2226 biuario
461 2171 692 2231 fuerunt
747 2176 1058 2232 assimilati.
1088 2178 1169 2231 Ad
1221 2193 1382 2247 quam
1422 2180 1679 2234 nimirum
1707 2196 1797 2235 re-

231 2266 511 2333 ceptiouem
573 2277 631 2320 et
682 2270 1117 2329 conversionem.
1141 2271 1213 2325 ita
1256 2272 1347 2325 Dei
1375 2280 1429 2326 et
1457 2272 1667 2327 Domini
1700 2287 1799 2328 no-

231 2356 462 2412 striJesu
510 2357 725 2413 Christi
778 2361 1009 2431 gratiam
1061 2362 1363 2431 proximam
1406 2362 1626 2429 habent,
1656 2364 1798 2419 sicut

233 2449 389 2506 unitas
437 2460 495 2507 et
550 2453 822 2508 ternarius
874 2454 1144 2509 binariutn
1186 2456 1586 2512 circumdantes
1621 2457 1796 2512 eidem

232 2542 446 2608 proximis
475 2554 873 2612 agnoscuntur.

328 2624 487 2702 iquis
518 2649 653 2689 vero
678 2634 961 2689 subtiliora
992 2636 1176 2691 rimari
1206 2638 1398 2693 solitus
1429 2638 1576 2705 velit,
1613 2648 1667 2695 et
1695 2640 1800 2696 hoc

235 2723 281 2777 in
308 2727 531 2781 ternarii
565 2728 829 2799 mysterio
856 2729 1145 2797 exquirere
1173 2731 1317 2798 quod
1344 2732 1595 2786 Christus
1618 2730 1800 2798 Jesus,

236 2833 328 2873 non
357 2828 413 2872 ut
432 2820 624 2874 exteri
658 2820 908 2874 homines
953 2836 1022 2875 ex
1069 2820 1340 2892 coniugio,
1363 2822 1456 2877 sed
1487 2838 1553 2877 ex
1585 2823 1803 2894 Virgine

234 2910 391 2963 sancti
428 2909 679 2981 Spiritus
707 2912 911 2967 virtute
955 2912 1305 2983 impraegnata
1352 2915 1569 2982 genitus
1593 2916 1682 2980 sit,
1709 2916 1803 2971 ha.

232 3001 314 3054 bet
344 3002 393 3055 iu
417 3003 666 3058 ternario
689 3004 1009 3072 quaestionis
1028 3019 1302 3075 campum.
1328 3006 1544 3072 Currat,
1562 3007 1605 3060 si
1630 3008 1805 3077 possit

233 3094 426 3149 solrere
462 3096 835 3166 propositum.
888 3097 999 3168 Ego
1025 3098 1171 3151 enim
1206 3138 1224 3164 ,
1253 3099 1465 3154 etiamsi
1504 3100 1705 3169 aliquid
1735 3118 1802 3156 ex

236 3182 326 3237 hoc
355 3185 617 3252 sentiam,
645 3194 853 3251 tamen,
885 3195 944 3241 ut
981 3186 1101 3242 aliis
1124 3196 1285 3244 tanta:
1303 3189 1588 3246 solutionis
1614 3191 1803 3246 trium-

232 3274 382 3342 phum
412 3276 747 3347 relinquam,
776 3278 906 3333 hinc
936 3278 1009 3333 nil
1038 3279 1217 3334 dicere
1244 3279 1387 3335 volo.

294 3367 393 3422 Per
437 3367 701 3424 e'trrudcm
746 3383 963 3439 quoque
1007 3371 1302 3425 ternarium
1330 3372 1800 3444 possuntintelligi

237 3456 327 3513 illa:
352 3467 464 3515 tres
491 3459 788 3529 prtecipuze
818 3461 1246 3529 necessariaeque
1263 3464 1516 3518 omnibus
1535 3463 1798 3518 Christia-

237 3550 313 3615 nis
337 3552 600 3615 virtutes,
642 3565 781 3621 quas
811 3550 1103 3618 Apostolus
1130 3562 1540 3616 commemorat,
1571 3553 1757 3607 dicens
1787 3570 1800 3606 :

240 3637 381 3695 Nunc
401 3651 588 3696 autem
610 3651 848 3708 manent,
870 3642 1027 3711 ﬁdes,
1058 3659 1192 3713 spes,
1215 3642 1468 3709 cltaritas,
1497 3646 1599 3698 tria
1618 3644 1730 3698 Itazc
1753 3643 1805 3715 (1

237 3726 348 3782 (.‘or.
375 3731 520 3803 xm).
630 3802 637 3809 .

300 3818 698 3885 Quaternarius
741 3821 937 3878 deinde
993 3822 1275 3892 proximus
1311 3824 1446 3879 satis
1488 3839 1685 3894 magno
1722 3840 1808 3881 re—

241 3907 394 3980 fulget
444 3913 737 3982 mysterio,
795 3912 922 3982 quia
956 3912 1346 3982 quadrifariam
1398 3921 1601 3969 sancta:
1629 3915 1807 3970 crucis

244 3999 456 4070 figurant
506 4004 789 4074 exprimit.
843 4003 900 4059 lu
963 4006 1275 4061 summitate
1325 4006 1523 4075 quippe
1566 4006 1806 4077 ejusdem

241 4094 406 4147 crucis
430 4093 566 4148 etin
620 4094 761 4157 basi,
789 4107 892 4149 nec
928 4109 1034 4147 non
1066 4095 1118 4148 iu
1145 4095 1372 4165 geminis
1415 4096 1654 4151 brachiis
1676 4112 1810 4166 qna-

242 4187 508 4242 tcrnarius
567 4174 829 4242 numerus
875 4185 1173 4241 invenitur.
1198 4185 1323 4241 llaec
1348 4187 1563 4256 quidem
1597 4188 1668 4242 ita
1691 4203 1810 4244 esse

242 4273 348 4342 ipso
373 4277 491 4330 risu
525 4276 794 4347 corporali
819 4284 1049 4346 possunt
1071 4275 1308 4345 probari.
1338 4275 1464 4340 Sed,
1488 4278 1533 4331 si
1557 4278 1812 4348 spiritua-

242 4363 358 4421 liter
401 4370 598 4425 altiora
644 4379 938 4441 penetrare
982 4368 1234 4437 velimus,
1276 4370 1569 4425 maximum
1598 4371 1812 4441 iuejus-

1891 1903 2183 1976 perfectum
2212 1918 2383 1957 meum
2432 1902 2670 1956 viderunt
2710 1898 2848 1955 oculi
2878 1900 2955 1953 tui
2986 1897 3158 1969 (Psal.
3181 1894 3469 1965 eumn),

1895 1995 2049 2067 quasi
2079 1995 2290 2050 diceret
2325 2011 2338 2047 :
2374 2002 2455 2057 tu,
2482 1994 2573 2063 qui
2617 1993 2764 2049 solus
2789 1992 3062 2065 perfectus
3082 2005 3162 2055 es,
3190 1990 3277 2045 his
3301 1987 3471 2044 oculis

1846 2112 1849 2119 -
1895 2086 2093 2156 quibus
2115 2084 2298 2140 omnia
2323 2084 2494 2147 vides,
2523 2083 2988 2154 imperfectionem
3019 2081 3472 2152 fragilitatemque

1895 2194 2072 2236 meam
2104 2177 2343 2232 maxime
2390 2175 2747 2241 consideras;
2787 2174 2870 2230 vel
2920 2174 3105 2229 aliter:
3140 2181 3195 2228 tu
3229 2171 3322 2242 qui
3352 2185 3470 2225 om-

1897 2270 1984 2325 nia
2017 2269 2177 2332 nosti,
2217 2269 2325 2324 scis
2344 2267 2469 2337 quia
2502 2282 2685 2322 coram
2716 2273 2768 2322 te
2794 2264 3069 2338 perfectus
3093 2278 3213 2320 esse
3240 2276 3472 2333 nequeo.

1898 2364 2024 2420 litec
2052 2362 2272 2432 quidem
2300 2361 2368 2418 de
2395 2360 2665 2431 quinario.

2495 2470 2721 2528 CAPUT
2757 2471 2875 2528 XL.

1935 2569 2077 2636 Quid
2108 2566 2321 2638 mystice
2348 2566 2565 2649 numeri.
2587 2583 2619 2618 a
2642 2566 2851 2704 steinario
2885 2579 3047 2634 usque
3066 2561 3136 2616 ad
3166 2560 3441 2615 denarium

2519 2651 2654 2704 sigm
2699 2646 2836 2689 cent.

2519 2646 2836 2706 ligniﬂcent.

1974 2732 2050 2787 De
2094 2730 2313 2786 senario
2358 2737 2538 2784 autem
2570 2728 2673 2782 hoc
2715 2724 2892 2781 sentio
2915 2723 3062 2794 quia.
3088 2736 3210 2778 cum
3232 2720 3304 2776 sit
3326 2718 3474 2775 solus

1903 2825 2040 2881 infra
2070 2824 2352 2879 denarium
2375 2821 2427 2876 in
2463 2819 2577 2874 suis
2601 2817 2848 2889 partibus
2879 2813 3153 2888 perfectus
3185 2812 3475 2880 omniaque

1905 2919 2047 2973 Deus
2102 2915 2156 2969 in
2201 2929 2294 2969 sex
2325 2911 2516 2967 diebus
2559 2909 2868 2980 perfecerit,
2910 2915 3218 2962 sanctorum
3259 2917 3476 2972 quoque

1902 3006 2293 3080 perfectionem
2325 3004 2612 3073 signiticet.
2637 2999 2742 3056 Sed
2767 3014 2834 3055 ne
2863 2996 3203 3055 contrarium
3231 2994 3493 3049 videatur

1906 3100 2048 3171 quod
2096 3096 2404 3168 quinarium
2461 3091 2947 3163 imperfectionem,
3009 3085 3283 3142 senarium
3349 3096 3481 3136 vero

1850 3172 1874 3214 ³
1908 3190 2297 3263 perfectionem
2341 3193 2649 3241 sanctorum
2682 3182 2968 3254 designare
2990 3180 3199 3243 dicens,
3231 3172 3480 3244 imperfe-

1907 3295 2053 3340 ctum
2084 3280 2241 3337 simul
2267 3288 2323 3335 et
2346 3276 2646 3349 perfectum
2701 3274 2877 3344 posui,
2901 3287 3037 3342 opus
3070 3276 3154 3324 est
3184 3265 3481 3337 explanare

1907 3371 2173 3443 quomodo
2195 3368 2368 3423 sancti
2388 3366 2615 3436 quilibet
2639 3363 2693 3419 iu
2723 3364 2824 3418 hac
2838 3364 2966 3428 vita,
2993 3355 3480 3429 imperfect'gsimul

1906 3475 1960 3519 ct
1990 3461 2211 3534 perfecti
2239 3460 2363 3514 sint.
2383 3459 2498 3528 lpsa
2530 3471 2724 3524 nempe
2766 3454 2977 3508 Veritas
3006 3467 3128 3505 cum
3157 3450 3211 3504 in
3243 3447 3480 3518 quodam

1909 3551 2179 3625 Evangelii
2208 3549 2326 3605 loco
2345 3546 2722 3602 universaliter
2744 3551 2998 3613 negaret,
3030 3541 3216 3595 dicens
3244 3555 3259 3591 :
3310 3534 3483 3590 Nemo

1908 3646 2092 3707 bonus,
2127 3640 2226 3696 nisi
2255 3639 2395 3695 solus
2420 3637 2561 3692 Deus
2594 3636 2743 3708 (Luc.
2771 3644 2946 3701 xvru),
3005 3629 3130 3685 alibi
3174 3627 3503 3683 econtrario.

1911 3738 2142 3807 aliquem
2190 3730 2461 3787 hominem
2507 3729 2706 3783 bonum
2755 3739 2877 3780 esse
2932 3729 3181 3787 testatur,
3239 3718 3474 3807 dicens:

1909 3805 2087 3881 Bonus
2113 3824 2267 3876 homo
2288 3820 2352 3875 de
2377 3819 2510 3873 bono
2532 3817 2802 3878 thesauro,
2827 3822 2935 3866 etc.
2966 3808 3184 3881 (Matth.
3227 3805 3347 3875 xu).

1978 3916 2117 3985 Quid
2161 3914 2322 3985 igitur
2347 3912 2449 3966 hac
2470 3910 2757 3966 verborum
2780 3896 3139 3975 repugnantia
3165 3899 3483 3958 edocemur,

1910 4008 2015 4065 nisi
2062 4014 2121 4061 ut
2160 4003 2435 4060 hominem
2491 3997 2868 4069 imperfectum
2906 3992 3065 4049 simul
3096 4000 3151 4045 et
3176 3988 3483 4059 perfectum

1909 4115 2069 4173 posse
2124 4097 2243 4153 fieri
2291 4094 2597 4150 fateamur?
2656 4091 2776 4145 ideo
2813 4087 3035 4157 quidem
3079 4080 3485 4173 imperfectum,

1911 4170 2053 4264 quod
2078 4192 2189 4245 Deo
2217 4194 2563 4257 comparatus
2592 4179 2977 4254 perfectionem
3019 4174 3219 4230 nullam
3253 4170 3484 4264 habeat;

1913 4260 2034 4342 ideo
2055 4293 2235 4340 autem
2265 4278 2590 4352 perfectum,
2634 4276 2679 4330 si
2726 4266 3150 4341 imperfectionis
3198 4271 3252 4318 et
3283 4260 3489 4331 fragili-

1914 4376 2041 4431 tatis
2069 4389 2181 4430 suae
2223 4369 2582 4441 quantitatem
2620 4364 2820 4435 jugiter
2858 4355 3121 4414 attendat.
3153 4355 3292 4425 Hinc
3318 4354 3485 4407 etiam

243 4457 355 4512 dem
385 4471 593 4516 sanctae
642 4460 828 4516 crucis
856 4458 1189 4529 quadrifaria
1221 4460 1390 4530 figura
1411 4471 1807 4516 sacramentum
1844 4494 1890 4554 υ
1915 4465 2175 4525 Salomon
2199 4461 2330 4516 dicit
2358 4476 2371 4511 :
2405 4458 2607 4528 Septies
2628 4455 2808 4526 justus
2824 4451 2962 4505 cadit
2985 4458 3031 4503 et
3054 4454 3288 4554 resurget
3304 4442 3487 4514 (Prov.

245 4550 590 4618 reperiemus,
638 4549 781 4620 quod
814 4548 1024 4604 scilicet
1051 4556 1105 4602 et
1138 4549 1385 4618 superius
1414 4550 1500 4604 hic
1524 4550 1810 4605 dicendqu
1845 4536 1889 4554 υ
1920 4557 2096 4624 nn).
2147 4553 2281 4609 Cum
2330 4565 2461 4621 ergo
2508 4548 2667 4617 longe
2697 4563 2725 4599 τι
2756 4559 2815 4600 se
2845 4543 3156 4611 discrepare
3201 4536 3491 4624 Videam“?

252 4642 611 4705 promisimus.
647 4640 780 4696 Nam
808 4639 1097 4696 summitas
1144 4637 1260 4707 ejus
1280 4654 1536 4709 superna,
1567 4641 1712 4696 basis
1736 4640 1818 4694 in-
1912 4648 2095 4719 justus
2125 4652 2180 4699 el.
2210 4641 2434 4705 cadens,
2466 4638 2501 4692 il
2530 4647 2613 4692 est
2649 4647 2899 4708 peccans,
2929 4629 3199 4701 quomodo
3224 4626 3367 4681 idem
3398 4623 3492 4694 qui

250 4732 461 4801 feriora,
497 4745 730 4805 utraque
748 4749 880 4791 vero
906 4733 1130 4789 brachia
1159 4734 1325 4788 totius
1347 4733 1530 4788 mundi
1554 4734 1815 4789 ambitum

248 4837 358 4878 eam
383 4825 669 4881 continere
719 4823 1052 4893 significant.
1084 4822 1239 4879 Unde
1279 4821 1458 4879 nullus
1482 4822 1629 4879 locus
1654 4838 1686 4878 ιι
1706 4824 1816 4880 vir-

252 4920 355 4968 tute
377 4924 589 4969 sanctte
612 4914 789 4969 crucis
819 4929 1021 4969 vacuus
1048 4926 1169 4968 esse
1202 4913 1505 4968 credendus
1531 4923 1635 4971 est.

312 5002 551 5058 Possunt
589 5004 755 5059 etiam
804 5019 907 5075 per
954 5004 1201 5057 eumdem
1239 5004 1649 5074 quaternarium
1675 5019 1813 5073 qna-

253 5101 369 5148 tuor
412 5095 732 5166 Evangelia,
778 5111 881 5150 nec
922 5111 1025 5150 non
1078 5105 1311 5166 quatuor
1356 5094 1608 5163 virtutes,
1650 5096 1702 5151 id
1732 5104 1817 5150 cst

248 5184 472 5254 justitia,
516 5188 820 5257 prudentia,
873 5191 1246 5259 temperantia,
1290 5187 1554 5245 fortitudo
1577 5202 1819 5261 congrue

254 5274 540 5347 designari.

316 5367 611 5433 Quinarius
652 5367 773 5425 licet
818 5367 875 5424 in
934 5367 1197 5437 geminam
1251 5366 1705 5441 significationem
1735 5382 1821 5423 re-

1917 4738 2119 4809 septies
2170 4741 2359 4804 peccat
2398 4728 2931 4801 perltiheturjustus,
2975 4722 3078 4777 nisi
3101 4719 3228 4790 quia
3277 4719 3379 4773 hoc
3407 4725 3497 4772 est

1918 4830 2154 4886 maxima
2185 4823 2317 4893 justi
2344 4823 2555 4893 justitia
2577 4836 2730 4875 suam
2760 4813 3079 4886 injustitiam
3111 4809 3313 4881 jugiter
3331 4809 3496 4862 corde

1917 4920 2077 4977 simul
2116 4926 2172 4974 et
2208 4930 2305 4970 ore.
2332 4914 2559 4969 Domino
2609 4903 2792 4974 fateri,
2822 4915 2984 4975 atque
3020 4902 3244 4959 credere
3269 4914 3366 4968 per
3390 4899 3498 4953 hoc

1918 5013 2130 5069 veniam
2145 5014 2493 5080 peccatorum
2512 5001 2809 5072 consequi?
2836 4995 2989 5053 Unde
3001 5002 3058 5049 et
3075 4988 3355 5080 Psalmista
3377 4988 3457 5041 ait
3480 5003 3496 5040 :

1923 5076 2221 5170 Conﬁtelior
2267 5094 2544 5150 adversum
2582 5108 2666 5147 me
2694 5088 2950 5153 iustitiam
2978 5098 3150 5139 meam
3177 5076 3420 5170 Domino,
3452 5085 3501 5130 et

1924 5206 1981 5249 tu
2017 5169 2261 5247 remisisti
2289 5185 2606 5254 impietatem
2633 5183 2832 5252 peccati
2855 5180 2958 5235 mei
2981 5175 3156 5248 (Psal.
3180 5169 3352 5240 xui).

1997 5283 2073 5337 De
2105 5273 2409 5345 hujusmodi
2459 5270 2795 5342 perfectione
2822 5278 2877 5325 et
2929 5260 3330 5336 imperfectione
3356 5256 3501 5312 idem

1926 5369 2210 5429 Psalmista
2233 5362 2369 5418 alias
2396 5360 2640 5432 apertius
2661 5361 2918 5432 loquitur.
2938 5356 3075 5411 Cum
3095 5351 3239 5450 enim
3263 5355 3500 5450 orasset:
