3998 5450
509 395 610 449 118

1523 396 1822 454 OTHLONI
1862 393 2163 452 MONACHI
2205 395 2262 450 S.
2305 393 2720 450 EMMEBAMMI

3654 398 3755 452 “6

505 522 626 564 tunc
661 510 1031 564 inmaculatus
1093 527 1182 564 ero
1230 510 1403 582 (Psaa.
1433 510 1650 581 xxvut).
1692 511 1810 566 Non
1841 508 1998 576 dixit,
2031 515 2073 566 si
2105 512 2155 570 Α
2183 519 2404 564 sanctus
2439 525 2545 563 non
2574 509 2882 565 carnalibus
2911 507 3217 567 hominibus
3261 513 3312 568 in
3337 494 3675 586 iduplicttate
3704 528 3754 572 et

508 601 719 668 penitus
749 599 947 655 carebo
983 600 1218 667 delictis,
1271 601 1385 668 sed,
1416 601 1462 656 si
1495 603 1599 656 mei
1624 618 1731 657 nou
1761 601 2077 671 fuerintdo-

510 692 732 753 minata,
765 700 892 745 tunc
946 690 1325 747 immaculatus
1350 706 1466 748 ero.
1508 693 1566 747 Si
1605 703 1785 749 autem
1807 694 2077 763 quispiam

509 782 884 838 iunnaculatus
910 783 1126 848 dicitur,
1144 794 1323 853 potest
1349 787 1514 842 etiam
1549 787 1655 842 dici
1679 788 1971 857 perfectus.

580 873 650 926 Ut
672 884 850 929 autem
879 875 1081 944 aliquid
1107 877 1287 932 adhuc
1326 878 1488 932 altius
1517 880 1584 934 de
1615 880 1840 948 praefato
1877 881 2081 934 utrius-

511 978 616 1032 que
659 964 866 1017 numeri
923 967 1180 1038 mysterio
1233 967 1444 1037 loquar,
1494 968 1722 1023 forsitan
1765 979 1821 1023 et
1847 970 1948 1024 hoc
1974 986 2079 1024 non

513 1051 630 1102 sine
672 1065 835 1104 causa
879 1060 963 1106 est
993 1053 1117 1122 quia
1147 1051 1492 1124 ‘quinarium,
1529 1073 1688 1128 quem
1715 1059 2080 1128 imperfeclio-

509 1158 655 1206 nem,
689 1145 961 1212 senarius,
1001 1161 1161 1216 quem
1208 1149 1592 1217 perfectionem
1622 1151 1909 1221 designare
1943 1151 2079 1217 dixi,

509 1250 614 1287 non
647 1236 867 1289 omnino
908 1247 1025 1305 post
1053 1253 1132 1302 se,
1158 1253 1255 1293 nec
1278 1240 1434 1310 longe
1459 1251 1584 1296 ante
1613 1257 1689 1306 se,
1722 1242 1986 1309 sedjuxta
2023 1257 2082 1297 se

509 1327 859 1395 pra‘positum
915 1328 1127 1383 habeat.
1158 1327 1321 1397 Quasi
1363 1332 1502 1384 idem
1537 1333 1785 1408 senarius
1831 1335 2077 1388 diceret:

513 1419 603 1487 qni
655 1419 896 1488 mysterii
925 1419 1054 1474 velit
1102 1420 1487 1490 perfectionem
1527 1424 1807 1492 consequi,
1865 1438 2084 1491 semper

515 1508 826 1577 fragilitatis
880 1524 990 1562 sua:
1045 1526 1273 1575 rnetnor,
1315 1520 1441 1566 ante
1469 1527 1528 1566 se
1577 1513 1705 1581 quid
1735 1513 1808 1567 sit
1855 1515 2080 1575 statuat,

511 1603 696 1654 dicens
727 1617 848 1655 cum
881 1601 1165 1657 Psalmista
1202 1618 1216 1656 :
1255 1602 1516 1669 Quoniam
1555 1605 1878 1674 iniquitatem
1914 1621 2081 1658 meant

509 1708 601 1760 ego
633 1706 906 1760 cognosco,
940 1703 986 1746 et
1010 1704 1277 1762 peccatum
1300 1711 1468 1749 meum
1493 1711 1668 1750 coram
1694 1713 1772 1752 me
1787 1706 1861 1751 est
1882 1713 2084 1768 semper

511 1783 682 1851 (l’sal.
717 1793 789 1856 ι).

2183 599 2625 670 multiplicatione
2652 601 2733 656 sui
2761 601 3138 672 gaudentibus,
3176 605 3270 658 sed
3300 605 3674 675 spiritualihus
3703 609 3754 662 in

2181 690 2530 761 simplicitate
2557 701 2614 746 et
2650 693 2857 748 unitate
2891 693 3071 748 divina
3099 698 3490 760 constantibus,
3524 698 3757 769 inspira-

2182 783 2348 838 tionis
2375 798 2484 838 sua:
2513 785 2741 854 gratiam
2773 785 3012 840 creditur
3041 785 3342 842 infundere.
3374 787 3440 842 Et
3475 790 3517 843 si
3568 790 3648 844 fas
3673 800 3759 844 est

2181 874 2288 929 dici
2313 873 2575 945 Spiritum
2609 885 2854 930 sanctum
2881 891 3160 947 generare,
3197 877 3331 931 nihil
3357 878 3496 933 aliud
3529 881 3760 951 intelligi

2182 963 2342 1019 debet
2382 964 2488 1018 nisi
2531 965 2823 1034 quemlibet
2869 980 2966 1035 per
3015 952 3424 1036 inspirationem
3471 984 3625 1022 suam
3671 971 3756 1022 in-

2181 1065 2396 1111 struere
2431 1063 2486 1110 et
2512 1057 2578 1111 ad
2595 1056 2859 1111 desideria
2874 1066 3059 1112 sancta
3089 1057 3408 1120 accendere,
3433 1056 3558 1128 quia
3600 1059 3759 1128 spiri-

2181 1154 2297 1210 tus,
2343 1146 2432 1200 ubi
2473 1147 2580 1200 vult
2630 1148 2792 1215 spirat
2825 1146 3007 1217 (Joan.
3064 1148 3201 1217 vttt).
3248 1147 3401 1204 Unde
3443 1150 3606 1204 etiam
3640 1165 3760 1204 mos

2181 1233 2414 1290 obtinuit
2439 1234 2859 1300 ecclesiasticus,
2894 1244 2950 1288 ut
2979 1234 3032 1289 hi
3083 1236 3173 1306 qui
3201 1235 3335 1291 alios
3361 1237 3426 1291 ad
3459 1237 3622 1290 vitam
3650 1239 3762 1307 spi-

2184 1323 2432 1378 ritualem
2464 1324 2755 1387 instruunt,
2780 1333 2960 1394 patres
2985 1326 3234 1380 dicantur
3265 1327 3452 1398 (Ereti.
3482 1328 3627 1397 vni).

2255 1416 2379 1471 [hec
2407 1417 2567 1487 igitur
2590 1419 2656 1470 de
2690 1417 2983 1487 septenarii
3013 1419 3274 1488 mysterio
3307 1419 3358 1472 in
3389 1421 3594 1474 honore
3639 1435 3763 1474 san-

2183 1511 2256 1565 cti
2291 1509 2528 1580 Spiritus
2575 1517 2849 1579 utcunque
2893 1508 3131 1579 prolata,
3182 1509 3226 1564 si
3286 1507 3526 1578 ejusdem
3583 1511 3761 1566 sancti

2183 1602 2421 1672 Spiritus
2449 1603 2625 1671 gratia
2652 1616 2989 1672 congregans
3010 1602 3276 1672 dispersa,
3303 1603 3587 1658 viviﬁcans
3620 1619 3762 1658 cun-

2181 1703 2292 1761 cta,
2324 1694 2577 1762 dignetur
2620 1693 2895 1762 aspirare,
2949 1706 3112 1762 spero
3147 1707 3316 1748 sacra:
3365 1693 3486 1748 fidei
3527 1709 3634 1748 non
3679 1694 3762 1749 di-

2182 1801 2455 1857 screpare.

583 1875 675 1930 His
723 1850 885 1933 dictis
915 1879 981 1934 de
1011 1881 1245 1947 senario,
1293 1881 1705 1954 progrediamur
1736 1883 1802 1938 ad
1835 1892 2078 1952 scptena-
2109 1850 2156 1910 Β
2255 1877 2579 1954 Octonarius
2609 1877 2736 1932 item
2768 1876 3154 1948 perfectionem
3185 1875 3474 1947 significat,
3505 1875 3598 1931 sed
3639 1891 3760 1932 eam

511 1967 675 2020 rium.
707 1967 806 2034 Qui
835 1969 1042 2024 scilicet
1065 1973 1190 2040 quid
1218 1975 1460 2043 mysterii
1485 1983 1637 2045 gerat
1657 1985 1862 2044 quanto
1882 1975 2082 2029 clarius

507 2071 613 2125 est,
646 2070 798 2116 tanto
836 2063 1061 2118 clariori
1083 2075 1138 2120 ct
1167 2064 1395 2121 faciliori
1419 2069 1632 2122 ratione
1663 2067 1890 2138 proferri
1917 2067 2079 2122 valet.

513 2156 707 2212 Fateor
758 2174 992 2228 nanque
1041 2159 1166 2229 quia
1205 2161 1480 2229 superiora
1527 2162 1772 2232 qtnedam
1799 2161 2084 2216 diﬂiculter

511 2249 731 2318 protuli.
766 2250 871 2304 Sed
913 2251 1020 2306 Deo
1047 2252 1272 2321 gratias,
1309 2251 1432 2321 quia
1475 2253 1586 2323 jam
1635 2254 1701 2308 ad
1732 2253 2080 2306 memoranda

509 2341 683 2394 sancti
710 2339 948 2410 Spiritus
970 2343 1107 2396 dona
1134 2343 1356 2413 perveni
1409 2353 1653 2414 septena.
1684 2343 1806 2399 llrec
1831 2345 1973 2399 enim
1999 2358 2084 2397 se-

510 2433 791 2500 ptenarius
823 2433 1092 2504 significat
1115 2450 1395 2490 numerus.
1423 2434 1547 2490 llarc
1573 2444 1752 2489 autem
1785 2435 1922 2489 dona
1951 2449 2096 2504 quot

514 2522 658 2576 niam
688 2533 814 2578 sunt
842 2525 1076 2580 maxime
1101 2538 1250 2590 nota,
1281 2528 1527 2581 dicamus
1559 2525 1684 2580 alia.
1727 2568 1730 2572 .

578 2613 762 2670 Potest
794 2631 1025 2686 namque
1047 2632 1142 2686 per
1172 2633 1230 2672 se
1255 2617 1638 2688 multiplicatus
1652 2626 1708 2672 et
1731 2617 1969 2688 requiem
2000 2633 2084 2672 re-

506 2706 926 2777 missioncmque
939 2710 1237 2779 designare.
1256 2709 1312 2764 Si
1326 2711 1469 2764 enim
1485 2711 1632 2765 dicas
1644 2713 1842 2782 septies
1855 2721 2080 2782 septem,

505 2797 684 2850 addita
721 2798 928 2851 unitate
963 2798 1094 2852 fiunt
1119 2799 1544 2868 quinquaginta;
1581 2785 1671 2870 qui
1707 2802 1959 2854 nimirum
1989 2818 2084 2854 nu-

506 2903 688 2941 merus
738 2899 790 2940 ct
817 2889 938 2942 vita:
967 2889 1252 2958 prarsentis
1285 2900 1341 2944 et
1374 2900 1588 2945 aeterna:
1611 2892 1850 2961 requiem
1881 2894 2084 2965 signifi-

508 2986 616 3030 rat.
659 2977 812 3031 Unde
853 2989 908 3032 ct
950 2979 1196 3034 remissio
1245 2980 1329 3034 vel
1371 2982 1606 3049 requies,
1659 2998 1779 3050 quae
1810 2999 1837 3035 a
1869 2982 2083 3038 Pascha

508 3079 680 3133 usque
712 3065 779 3118 ad
817 3064 1171 3120 Pentecosten
1201 3068 1399 3138 ubique
1429 3069 1481 3122 in
1514 3080 1699 3123 sancta
1723 3070 1962 3125 Ecclesia
1994 3087 2082 3126 cc-

511 3154 773 3216 lebratur,
808 3157 907 3208 sub
942 3156 1130 3210 eodem
1187 3173 1417 3214 numero
1437 3160 1882 3230 quinquagesimo
1908 3164 2081 3216 conti-

511 3255 689 3300 netur.
735 3245 802 3300 Et
843 3262 1005 3317 quam
1037 3263 1276 3316 congrue
1303 3265 1398 3320 per
1431 3253 1795 3320 septenarium
1831 3255 2077 3322 perveni-

510 3350 598 3390 tur
643 3338 706 3391 ad
752 3338 1282 3410 (ptinquagcsitnum,
1333 3343 1456 3410 quia
1509 3358 1604 3412 per
1641 3345 1814 3398 sancti
1845 3346 2080 3415 Spiritus

506 3428 735 3498 gratiam
793 3432 1162 3502 unusquisque
1193 3431 1382 3503 incipit
1432 3434 1796 3502 requiescere,
1822 3444 1876 3490 et
1899 3435 1965 3489 ad
1989 3451 2082 3491 ve-

509 3537 620 3573 ram
658 3522 900 3591 requiem
929 3525 1168 3580 tendere.
1205 3525 1210 3530 ’

579 3613 672 3665 Est
693 3613 904 3667 etalind
937 3613 1174 3681 eiusdem
1201 3618 1494 3686 septenarii
1519 3620 1860 3690 mysterium.
1880 3619 2082 3674 Omnes

506 3704 687 3772 itaque
742 3706 950 3760 numeri
989 3706 1128 3761 infra
1167 3709 1448 3762 denarium
1495 3711 1654 3780 positi
1684 3721 1779 3765 aut
1823 3723 2084 3782 generant

507 3804 600 3846 aut
631 3805 963 3865 generantur
1014 3798 1264 3863 invicem,
1294 3809 1520 3869 excepto
1565 3803 1892 3871 septenario.
1933 3803 1999 3856 Et
2024 3811 2082 3855 ut

509 3885 620 3938 hoc
662 3885 735 3937 ita
766 3900 888 3939 esse
941 3902 1232 3956 agnoscas,
1260 3889 1436 3958 incipe
1474 3905 1501 3942 a
1532 3890 1741 3946 binario
1771 3907 2079 3956 numerare,

507 3974 597 4041 qui
629 3973 836 4043 primus
866 3986 949 4029 est
988 3993 1264 4036 numerus.
1292 3979 1389 4033 Hic
1413 3994 1646 4049 namque
1672 3997 1699 4034 a
1725 3981 1934 4038 duabus
1963 3985 2086 4037 uni-

511 4068 711 4121 tatibus
735 4079 954 4123 creatus
984 4086 1080 4140 per
1108 4086 1166 4125 se
1196 4072 1388 4126 ductus
1418 4075 2082 4144 generatquaternarium.

510 4158 712 4214 Deinde
741 4160 794 4214 hi
825 4162 955 4225 duo,
985 4161 1229 4216 hinarius
1275 4163 1532 4217 videlicet
1571 4174 1625 4217 et
1680 4167 2080 4236 quaternarius,

511 4249 739 4303 invicem
791 4251 938 4306 ducti
989 4252 1328 4308 octonarium
1376 4253 1615 4326 [uterque
1648 4256 1765 4309 cod.
1794 4267 2082 4327 octogena-

514 4339 676 4411 rium]
713 4351 994 4409 generant.
1029 4342 1172 4397 ldetn
1236 4345 1481 4400 binarius
1531 4361 1626 4416 per
1656 4349 1953 4402 ternarium
1987 4351 2084 4402 du-

509 4441 628 4484 ctus
652 4435 960 4498 senarium;
997 4436 1266 4490 ternarius
1292 4453 1504 4507 quoque
1533 4453 1630 4506 per
1658 4453 1716 4492 se
1740 4439 1933 4493 ductus
1957 4454 2084 4508 pro-

2184 1952 2524 2024 sohunmodo
2561 1983 2682 2037 quae
2719 1976 2842 2037 post
2885 1968 3219 2038 scptimanas
3268 1967 3429 2036 hujus
3463 1969 3588 2022 vitae
3636 1983 3762 2038 pro-

2184 2059 2438 2115 mittitur.
2472 2059 2579 2113 Sed
2611 2067 2668 2113 et
2720 2059 2823 2113 hoc
2873 2059 3006 2114 satis
3053 2075 3370 2129 congruum.
3419 2059 3573 2114 Sicut
3614 2059 3761 2114 enim

2183 2150 2548 2223 septenarium
2568 2191 2582 2212 ,
2621 2151 2712 2220 qui
2746 2150 2985 2220 requiem
3015 2149 3312 2220 signiﬁcat,
3365 2166 3484 2203 mox
3516 2150 3763 2220 sequitur

2182 2243 2518 2306 octonarius,
2555 2243 2626 2295 ita
2675 2250 2732 2297 et
2780 2241 2866 2295 ille
2893 2241 2984 2310 qui
3018 2241 3070 2294 in
3121 2241 3221 2294 hac
3251 2242 3356 2294 vita
3389 2240 3455 2295 ab
3505 2242 3764 2311 operibus

2182 2335 2338 2389 malis
2362 2343 2520 2388 vacat
2560 2341 2616 2387 et
2645 2331 2939 2402 requiescit
2978 2330 3364 2401 perfectionem
3410 2331 3766 2384 beatitudinis

2181 2433 2397 2478 teterntc
2447 2422 2704 2492 consequi
2756 2421 3071 2475 merebitur.
3111 2419 3264 2476 Unde
3305 2429 3360 2474 et
3409 2420 3668 2474 Dominus
3710 2420 3764 2473 in

2182 2513 2477 2584 Evangelia
2503 2521 2628 2567 octo
2673 2511 3037 2566 beatitudines
3074 2526 3130 2566 se
3162 2512 3511 2580 sequentibus
3560 2511 3767 2581 promi-

2182 2604 2274 2669 sit,
2303 2618 2400 2672 per
2426 2603 2523 2657 has
2569 2601 2776 2657 scilicet
2819 2601 3130 2674 significans
3175 2611 3393 2657 telerna:
3414 2602 3537 2655 vitae
3585 2600 3768 2672 perfeo

2181 2695 2436 2750 ctiOnem.

2252 2785 2354 2852 Qui
2387 2785 2438 2840 in
2475 2785 2820 2841 arithmetica
2859 2785 3158 2840 instructus
3192 2793 3278 2839 est
3311 2784 3591 2854 disciplina
3624 2783 3766 2838 mul-

2185 2881 2240 2930 to
2263 2873 2414 2944 plura
2441 2875 2569 2929 hinc
2595 2875 2756 2929 edere
2784 2873 2927 2928 valet
2959 2874 3240 2945 mysteria,
3267 2875 3391 2943 quia
3423 2874 3552 2937 illic,
3583 2883 3638 2927 ut
3669 2889 3768 2927 au-

2183 2965 2317 3027 divi,
2344 2965 2656 3019 octonarius
2684 2979 2943 3019 numerus
2984 2972 3208 3020 vocatur
3254 2964 3440 3021 cubus.
3475 2963 3628 3030 Quod
3673 2978 3768 3016 vo-

2182 3055 2430 3111 cabulnm
2455 3057 2726 3126 ignorans,
2745 3055 2886 3110 unde
2907 3055 2991 3110 vel
3015 3071 3113 3110 cur
3141 3056 3221 3110 sic
3249 3056 3320 3110 sit
3345 3055 3546 3110 dictum
3579 3054 3768 3108 neseio

2184 3147 2390 3217 pariter
2447 3147 2578 3218 ejus-
2623 3147 2962 3217 mysterium.
3018 3146 3398 3215 Cujuscunque
3464 3145 3604 3199 enim
3654 3159 3766 3197 non

2185 3241 2415 3295 hahctur
2445 3255 2621 3294 massa
2647 3239 2730 3294 vel
2761 3239 2982 3294 materia
3002 3277 3018 3302 ,
3051 3238 3194 3293 nulla
3241 3252 3466 3308 prorsus
3494 3252 3560 3291 ex
3588 3251 3648 3291 ea
3686 3234 3768 3289 etl-

2186 3337 2363 3392 ficitur
2387 3337 2554 3407 figura
2579 3334 2719 3408 [cod.
2746 3333 2932 3388 Lamb.
2972 3333 3182 3404 causa].

2252 3427 2369 3484 Jam
2404 3443 2532 3483 vero
2559 3428 2872 3498 pertingens
2898 3426 2964 3480 ad
2994 3424 3366 3488 novenarium,
3386 3424 3582 3485 dicam,
3606 3432 3770 3492 prout

2185 3519 2386 3590 ingenii
2421 3522 2656 3575 tenuitas
2691 3519 2976 3590 permittit,
3026 3526 3082 3572 ct
3127 3515 3243 3584 ejus
3295 3516 3634 3585 mysterium.
3668 3511 3770 3569 llic

2185 3613 2388 3682 itaque,
2419 3621 2479 3665 ut
2525 3611 2655 3665 mihi
2689 3593 2925 3671 videtur,
2949 3619 3155 3678 qttanto
3185 3608 3374 3675 majori
3399 3608 3769 3661 circumdatus

2184 3712 2268 3756 est
2297 3702 2579 3770 utriusque
2606 3699 2841 3762 numeri,
2867 3699 3132 3753 octonarii
3171 3697 3421 3751 videlicet
3446 3705 3500 3749 et
3529 3697 3766 3762 denarii,

2183 3793 2551 3864 perfectione,
2591 3802 2742 3846 tanto
2801 3789 3204 3846 cxcellentioris
3248 3789 3494 3861 mysterii
3537 3789 3770 3858 refulget

2183 3884 2464 3955 dignitate.
2496 3884 2778 3954 Significat
2808 3898 3038 3953 namque
3063 3881 3586 3953 angelicosordiues,
3612 3883 3765 3951 quia,

2185 3986 2243 4030 ut
2273 3976 2553 4046 Scriptura
2580 3992 2732 4031 sacra
2765 3977 2960 4045 prodit,
2984 3991 3174 4029 novem
3200 3974 3416 4028 ordines
3449 3973 3764 4043 angelorum

2184 4083 2341 4136 sunt;
2371 4086 2600 4140 quorum
2651 4070 2868 4140 quidam
2928 4068 3136 4139 angeli,
3171 4067 3260 4120 alii
3307 4064 3638 4135 archangeli,
3672 4065 3762 4118 alii

2184 4162 2547 4232 principatus,
2581 4162 2800 4231 quidam
2846 4167 3176 4230 potestates,
3223 4157 3443 4226 quidam
3491 4156 3718 4208 virtutes
3745 4195 3762 4220 ,

2188 4251 2428 4307 nonnulli
2477 4251 2896 4312 dominationes,
2953 4247 3192 4302 nonnulli
3245 4245 3456 4310 throni,
3520 4244 3765 4314 plerique

2187 4341 2474 4404 cherubin,
2507 4342 2750 4411 plerique
2789 4340 3043 4409 seraphin
3077 4338 3349 4392 dicuntur.
3376 4336 3440 4390 Et
3470 4335 3762 4389 notandum

2187 4440 2390 4502 quanta
2415 4433 2764 4487 consonantia
2791 4433 2858 4485 sit
2894 4429 3102 4484 numeri
3135 4429 3200 4482 ad
3231 4428 3548 4500 mysterium
3584 4425 3763 4494 hujus-

509 4531 661 4576 creat
689 4525 1061 4577 novenarium.
1093 4525 1387 4591 Quinarius
1437 4543 1563 4582 vero
1606 4527 1657 4581 in
1692 4529 1870 4584 medio
1890 4544 2076 4584 eorum
2106 4541 2160 4604 ι)
2189 4523 2350 4578 modi.
2401 4523 2716 4592 Quicunque
2768 4523 2910 4576 enim
2959 4520 3299 4576 octonariam
3369 4517 3760 4587 perfectionem

509 4612 734 4680 positus,
762 4613 805 4665 si
830 4613 1058 4666 ditentur
1078 4629 1174 4682 per
1201 4615 1728 4684 hinarium,gcncrat
1756 4617 2036 4671 denarium
2060 4635 2076 4684 ;

509 4701 693 4768 sicque
724 4701 781 4753 fit
813 4711 890 4762 ut.
945 4701 1084 4755 sicut
1117 4704 1248 4768 dixi,
1292 4706 1468 4760 nullus
1520 4709 1722 4776 absque
1773 4709 2081 4777 septenario

510 4807 770 4846 numerus
805 4794 941 4852 infra
970 4795 1254 4849 denarium
1275 4799 1572 4866 reperiatur
1598 4800 1690 4869 qui
1719 4816 1821 4854 non
1846 4801 2078 4870 aliquem

507 4892 750 4951 gCHCI‘CI,
777 4893 870 4936 alii.
893 4895 1202 4953 generatur.

579 4970 716 5036 Quid
749 4973 912 5042 igitur
973 4989 1037 5028 ex
1089 4983 1239 5028 tanto
1287 4975 1465 5030 dicere
1519 4992 1736 5046 possum
1779 4980 2082 5048 mysterio?

509 5063 758 5131 Magnum
790 5064 1006 5131 quidem
1043 5073 1098 5119 et
1143 5065 1372 5134 speciale
1423 5068 1676 5135 quiddam
1708 5069 1872 5123 credo
1913 5084 2076 5136 esse;

508 5158 601 5210 sed
642 5157 716 5211 ita
747 5158 961 5210 videtur
1010 5157 1334 5227 profundum
1366 5167 1424 5211 ut
1463 5159 1679 5212 virtutis
1710 5175 1820 5214 sua:
1866 5162 2080 5229 penitus

510 5248 801 5286 nhcnnnriqt
833 5248 1039 5286 rorlinn-i
1092 5249 1194 5286 niui
1230 5248 1366 5288 fnrln
1387 5248 1485 5288 lmr-
1509 5248 1650 5288 nnml
1685 5263 1788 5288 nnn
1820 5259 1896 5288 mel
1933 5251 2081 5290 anni-

2185 4621 2611 4680 consequuntur,
2645 4611 2940 4666 novenario
2995 4611 3044 4663 id
3068 4617 3151 4665 est
3179 4608 3422 4678 angelico
3453 4607 3627 4662 ordini
3681 4621 3764 4660 co-

2184 4713 2486 4773 :equautnr,
2521 4702 2747 4757 Domino
2776 4709 3088 4764 attestantc,
3114 4699 3276 4768 quiin
3295 4696 3582 4765 Evangelia
3603 4696 3758 4750 dicit:

2185 4795 2276 4849 Illi
2315 4795 2406 4866 qui
2441 4795 2585 4863 digni
2626 4794 2955 4848 habebuntur
3005 4791 3196 4846 swcufo
3224 4790 3401 4858 futuro
3444 4797 3490 4840 et
3535 4803 3761 4840 resurre-

2187 4888 2352 4940 ctione
2380 4902 2445 4940 ex
2477 4887 2716 4949 mortuis,
2749 4900 2912 4955 neque
2940 4884 3150 4946 nubent,
3181 4897 3342 4950 neque
3370 4879 3556 4931 ducent
3578 4893 3762 4932 uxores

2185 4995 2345 5045 neque
2371 4979 2506 5031 ultra
2537 4979 2670 5030 mori
2695 4987 2956 5046 poterunt.
3000 4973 3254 5044 /Eqnnfes
3276 4972 3409 5024 enim
3439 4980 3557 5023 sunt
3600 4985 3756 5038 ange-

2192 5071 2278 5132 lis.
2310 5082 2357 5124 ct
2405 5071 2504 5139 ﬁlii
2567 5078 2684 5122 sunt
2738 5066 2851 5130 Dei,
2902 5082 3017 5118 cum
3074 5062 3324 5131 sint'filii
3371 5059 3760 5114 resurrectionis

2187 5163 2338 5234 (Luc.
2367 5161 2479 5231 xx).

2259 5251 2363 5290 ςριι
2397 5260 2444 5290 nl
2497 5251 2548 5290 in
2585 5249 2686 5290 Imp
2724 5248 3050 5290 nnvonswinc
3095 5242 3434 5290 venerandus
3479 5248 3582 5290 est.
3613 5237 3756 5290 auia.
