3998 5450
271 375 368 431 117

1270 363 1539 445 nmmo.
1581 388 1669 446 ne
1707 386 1957 446 TRIBUS
1994 388 2547 458 QUIESTIONIBUS.

3442 403 3540 459 H3

267 500 611 562 procreatur.
655 493 766 562 Qua
801 495 866 552 de
916 513 975 554 rc
1015 498 1288 572 colligitur
1311 505 1438 574 quia
1462 515 1517 561 et
1547 508 1720 563 sancti
1751 523 1850 563 an-
1880 511 1928 571 Α
1955 507 2062 562 sint
2085 525 2268 574 unum,
2297 511 2431 565 sicut
2458 521 2505 566 et
2530 496 2628 566 nos.
2649 527 2828 568 sumus
2857 529 3016 568 utrum
3048 507 3399 586 (Joan.xvn).
3431 517 3541 571 llu-

263 583 361 652 geli
384 594 438 638 et
466 601 666 641 omnes
713 589 1011 659 angel'cam
1052 593 1216 648 vitam
1270 599 1438 651 secuti
1473 600 1855 656 convenienter

262 677 520 733 dicuntur
544 679 646 735 ﬁlii
674 681 791 747 Dei,
818 698 942 738 cum
971 685 1079 740 sint
1111 696 1312 743 sancta:
1338 689 1621 746 Trinitatis
1652 692 1766 747 ﬁlii.

855 793 1080 852 CAPUT
1119 795 1255 852 XLI.

259 899 332 956 De
355 919 582 983 numero
621 905 838 960 denario
880 909 1096 985 ejusque
1128 914 1345 981 mystico
1389 915 1709 985 signiﬁcatu.
1758 921 1851 976 Di-

325 973 455 1025 risio
487 991 832 1049 numerarem
873 973 928 1032 in
979 973 1068 1033 eos
1109 973 1203 1049 qui
1231 985 1301 1037 ad
1337 1001 1392 1038 se
1419 973 1687 1048 dicuntur.
1720 973 1848 1046 etiin

319 1059 405 1115 eos
461 1045 555 1110 qui
600 1044 813 1115 relative
867 1050 935 1100 ad
969 1044 1187 1106 alterius
1219 1054 1422 1108 numeri
1450 1044 1848 1115 consona-titiam

318 1113 578 1166 dicuntur
597 1114 760 1184 juxta
789 1118 1063 1174 musicam.

320 1222 566 1292 Tempus
589 1233 647 1281 et
672 1225 806 1282 ordo
822 1225 936 1296 jam
967 1230 1200 1300 postulat
1221 1243 1280 1288 ut
1309 1249 1376 1290 ex
1408 1237 1617 1294 denarii
1655 1251 1850 1312 myste-

251 1311 330 1366 rio
355 1312 568 1381 aliquid
633 1317 878 1384 parvitas
923 1330 1106 1375 nostra
1148 1324 1405 1391 proferat.
1458 1325 1516 1381 In
1563 1343 1672 1397 quo
1713 1311 1848 1386 sane

251 1417 372 1455 reor
400 1401 504 1455 hoc
529 1400 716 1472 primo
739 1407 1194 1466 considerandum
1239 1414 1388 1482 quia,
1429 1416 1571 1472 sicut
1593 1434 1657 1473 ex
1687 1420 1849 1477 colle-

250 1492 424 1546 ctione
455 1503 685 1548 constat
713 1498 1002 1564 unitatum,
1059 1501 1133 1555 ita
1181 1503 1348 1558 etiam
1397 1507 1846 1566 coadunationem

249 1591 407 1650 atque
435 1581 661 1650 copiam
719 1585 984 1654 signiﬁcet
1031 1591 1271 1646 omnium
1323 1595 1581 1652 virtutum
1607 1639 1621 1662 ,
1654 1599 1848 1657 deinde

250 1676 386 1744 quod
417 1676 676 1733 imitetur
700 1679 1099 1748 quodammodo
1148 1683 1318 1753 ipsam
1359 1687 1646 1743 unitatem.
1695 1688 1849 1746 Sicut

245 1768 385 1820 enim
418 1768 672 1824 unitates
702 1768 943 1825 collecta:
973 1773 1259 1840 perﬁciunt
1281 1775 1580 1841 denarium,
1616 1779 1688 1834 ita
1707 1779 1848 1848 ejus-

249 1857 363 1912 dem
415 1858 640 1914 denarii
692 1859 938 1917 collectio
975 1866 1201 1932 repetita
1242 1868 1413 1923 tendit
1467 1869 1519 1923 in
1571 1870 1841 1927 inﬁnitum

246 1964 552 2004 numerum.
596 1949 646 2006 Ο
677 1961 877 2021 quanta
919 1954 1154 2023 dignitas
1181 1957 1411 2022 denarii,
1445 1959 1536 2030 qui
1565 1969 1672 2016 tam
1718 1977 1842 2031 per-

244 2039 420 2106 spicuc
451 2039 803 2095 assimilatur
839 2043 1055 2110 unitati,
1087 2045 1308 2100 imitans
1347 2047 1490 2102 illam
1538 2051 1840 2109 coadunata

243 2142 601 2182 numerorum
635 2128 976 2200 collectione,
999 2134 1121 2202 quia
1145 2137 1331 2205 nequit
1359 2138 1590 2193 naturali
1617 2141 1840 2198 unitatis

242 2216 581 2285 perfectione
611 2220 624 2272 l
660 2218 933 2278 Naturalis
961 2239 1195 2296 namque
1221 2226 1482 2296 perfectio
1509 2230 1730 2286 unitatis
1757 2243 1840 2288 est

241 2321 401 2374 perse
427 2323 606 2378 posse
651 2312 980 2379 subsistere;
1022 2317 1163 2384 quod
1195 2318 1319 2388 quia
1376 2335 1634 2376 numerus
1661 2323 1839 2379 nullus

240 2411 329 2465 per
368 2409 638 2455 naturam
696 2402 861 2469 valet,
919 2405 1066 2462 solus
1093 2407 1368 2475 denarius,
1415 2409 1718 2468 imitatione
1747 2413 1837 2470 illa

245 2502 393 2556 quam
427 2490 573 2554 dixi,
631 2492 685 2546 id
729 2503 814 2548 est
861 2496 1183 2553 collectione
1231 2502 1535 2558 coadunata
1590 2507 1834 2563 omnium

246 2590 606 2633 numerorum
640 2581 847 2652 implet.
878 2584 990 2640 Hoc
1017 2596 1199 2643 autem
1223 2605 1330 2644 non
1359 2592 1475 2648 sine
1495 2609 1658 2650 causa
1691 2611 1832 2662 esse,

241 2666 324 2718 sed
342 2668 733 2754 unitatisillius
746 2673 1158 2746 perfectionem,
1175 2695 1295 2750 quae
1313 2681 1364 2736 in
1376 2683 1565 2739 electis
1592 2686 1708 2742 ﬁeri
1733 2703 1802 2758 po
1816 2719 1832 2729 -

243 2765 357 2823 test,
378 2748 563 2818 credo
596 2763 926 2834 signiﬁcare.
977 2768 1095 2840 Ipsa
1133 2748 1388 2842 denique,
1416 2748 1834 2850 quantacunque

241 2851 492 2908 virtutum
551 2856 873 2914 collectione
919 2861 1171 2917 videatur
1205 2868 1529 2935 consistere,
1581 2870 1717 2925 nihil
1747 2880 1833 2928 est

239 2958 327 3012 per
354 2960 446 3012 se;
474 2947 587 3002 sed
620 2964 649 3002 a
673 2964 800 3004 vera
839 2952 1051 3008 unitate
1082 2955 1290 3011 Domini
1323 2958 1488 3015 habet
1532 2975 1671 3017 csse.
1703 2961 1830 3019 Haec

239 3047 358 3104 ergo
384 3036 499 3093 sola
541 3053 674 3092 vera
717 3041 900 3097 unitas
924 3055 1029 3110 est,
1051 3047 1176 3115 quia
1205 3063 1312 3103 non
1347 3049 1519 3105 solum
1553 3067 1660 3106 non
1709 3063 1832 3124 eget

240 3131 456 3180 externa
515 3127 874 3195 collectione,
933 3132 1028 3186 sed
1068 3141 1124 3188 et
1151 3134 1273 3190 aliis
1307 3137 1493 3193 tribuit
1525 3155 1584 3196 se
1629 3141 1829 3196 imitari

240 3227 386 3282 posse
414 3217 609 3287 aliqua
633 3220 859 3276 unitatis
903 3224 1335 3294 participatione.
1370 3228 1522 3286 Unde
1551 3241 1607 3287 et
1652 3233 1833 3287 Domi-

240 3320 334 3360 nus
374 3317 575 3364 noster
620 3308 861 3378 Patrem,
898 3327 1022 3367 cum
1064 3329 1172 3384 quo
1194 3331 1359 3372 unum
1391 3328 1493 3381 est,
1523 3335 1622 3390 pro
1643 3322 1830 3380 electis

239 3401 418 3456 ovibus
459 3401 596 3477 [cod
624 3403 784 3459 Cruc.
820 3406 1097 3480 omnibus]
1125 3423 1292 3465 orans
1322 3410 1452 3467 dicit
1481 3429 1495 3466 :
1525 3410 1686 3467 Pater
1706 3431 1829 3469 san-

239 3497 328 3558 cte,
358 3510 631 3550 serraco:
660 3495 715 3550 in
767 3497 977 3552 nomine
1024 3507 1112 3553 tuo
1138 3515 1273 3574 quos
1317 3500 1508 3557 dedisti
1571 3503 1721 3572 mihi,
1769 3513 1826 3558 ut

873 3776 1581 3888 Α
2192 3781 2885 3888 /'—\

1566 3888 1678 3969 \
2101 3888 2208 3969 /

749 3814 1128 4057 βά

1128 3869 1329 3980 Duplus

1101 4003 1358 4072 diapason

528 4777 558 4787 o—

1952 595 2190 666 jusmodi
2223 599 2390 670 igitur
2425 602 2716 670 unitatem,
2743 618 2904 674 quam
2932 603 3088 660 electi
3124 605 3323 676 quique
3378 607 3540 663 colle-

1955 687 2136 744 ctione
2156 689 2438 755 virtutum,
2492 691 2648 760 quasi
2679 693 2970 758 unitatum,
3032 694 3255 764 adipisci
3288 704 3535 766 possunt,

1954 777 2227 845 denarius,
2258 789 2316 835 ut
2335 782 2535 837 dictum
2561 793 2667 848 est,
2695 799 2929 856 congrue
2955 787 3244 857 signiﬁcat.
3279 786 3384 843 Sed
3411 804 3534 843 cum

1957 877 2118 924 tanta:
2143 870 2496 940 perfectionis
2520 872 2893 930 excellentiam
2912 877 3200 946 exprimat,
3234 887 3379 948 patet
3412 894 3535 948 pro-

1952 956 2096 1013 fecto
2147 959 2272 1028 quia
2321 975 2482 1015 nemo
2529 961 2581 1015 in
2620 961 2722 1017 hac
2770 964 2879 1017 vita
2925 965 3130 1034 positus
3160 965 3230 1018 ita
3264 965 3535 1034 perfectus

1951 1057 2130 1104 exstat
2160 1059 2219 1104 ut
2250 1051 2316 1106 ad
2350 1066 2473 1106 eum
2523 1052 2872 1108 obtinendum
2917 1053 3164 1109 sufﬁciat.
3193 1054 3532 1110 Cl‘CdCDdllttl

1949 1148 2031 1193 est
2065 1149 2245 1196 autem
2275 1151 2330 1196 et
2363 1131 2703 1211 sperandum
2736 1141 2802 1197 de
2827 1141 2920 1197 Dei
2951 1143 3320 1200 misericordia
3351 1154 3410 1199 ut
3437 1147 3534 1199 ob-

1951 1229 2112 1285 tineri
2139 1231 2310 1301 possit
2338 1232 2390 1286 in
2422 1231 2603 1287 futura
2641 1231 2776 1297 vita,
2806 1233 3024 1303 quando
3051 1233 3304 1289 videlicet
3353 1235 3533 1290 Pater-

1950 1319 2205 1386 familias,
2235 1320 2386 1390 juxta
2411 1324 2823 1378 conventionem
2871 1323 3107 1390 factam,
3142 1324 3194 1378 in
3228 1325 3378 1380 vinea
3434 1341 3534 1380 sua

1948 1409 2318 1469 laborantibus
2339 1429 2461 1470 eum
2491 1414 2776 1471 addiderit.

2021 1502 2117 1560 His
2139 1505 2304 1576 igitur
2332 1515 2605 1578 utcunque
2645 1507 2869 1578 prolatis
2899 1509 2964 1564 de
3010 1526 3357 1566 numerorum
3391 1513 3526 1567 infra

1949 1591 2229 1648 denarium
2250 1597 2671 1652 constitutorum
2700 1600 2990 1670 mysteriis,
3016 1600 3126 1669 jam
3155 1601 3294 1656 ultra
3322 1603 3526 1673 specia-

1951 1682 2051 1736 lem
2076 1673 2362 1741 numerum
2392 1687 2626 1759 aliquem
2672 1691 2882 1747 ratione
2918 1693 3144 1762 mystica
3177 1695 3531 1764 comprehen-

1949 1773 2078 1828 dere
2107 1773 2334 1831 facultas
2374 1792 2480 1832 non
2524 1787 2627 1843 est,
2659 1787 2768 1834 tam
2791 1796 2856 1836 ex
2899 1781 3164 1838 facundiae
3204 1801 3365 1855 quam
3397 1801 3529 1840 con-

1876 1855 1917 1914 Β
1944 1861 2184 1917 scientia:
2233 1864 2432 1935 inopia.
2479 1867 2863 1924 Verumtamen
2914 1880 2971 1924 ut
3026 1872 3110 1926 liis
3147 1874 3237 1940 qui
3271 1874 3337 1928 de
3367 1875 3529 1943 spiri-

1949 1951 2107 2005 tualis
2134 1951 2254 2022 plus
2280 1969 2440 2023 quam
2463 1956 2702 2012 carnalis
2727 1960 3026 2028 prudentia:
3064 1962 3168 2015 cibi
3209 1962 3356 2018 reﬁci
3388 1953 3530 2019 desi-

1945 2041 2135 2099 derant
2158 2043 2374 2114 aliquod
2398 2032 2610 2116 gratum
2640 2049 2912 2119 praebeam
2958 2050 3242 2120 ferculum,
3279 2054 3530 2110 voluntas
3561 2048 3564 2053 λ

1943 2143 2026 2188 est
2055 2135 2187 2190 mihi
2217 2152 2406 2194 omnes
2436 2140 2693 2197 numeres
2743 2142 2798 2198 in
2839 2143 2977 2200 duas
3022 2157 3205 2214 partes
3251 2148 3525 2214 dividere;

1943 2224 1998 2278 in
2035 2241 2200 2280 unam
2230 2226 2444 2297 quidem
2485 2230 2629 2297 illos,
2659 2233 2750 2303 qui
2776 2233 2848 2288 ita
2900 2235 2954 2289 in
2984 2237 3325 2294 arithmetica
3357 2241 3531 2310 dispo-

1941 2323 2166 2380 nuntur,
2200 2324 2258 2370 ut
2291 2317 2434 2372 nulla
2459 2324 2810 2391 proportione
2839 2325 3153 2382 harmonica
3183 2329 3524 2398 copulentur,

1941 2402 2034 2458 sed
2078 2403 2146 2458 ad
2197 2419 2258 2460 se
2307 2408 2682 2466 tantummodo
2710 2411 2980 2479 dicantur,
3013 2425 3072 2468 ut
3111 2417 3235 2482 duo,
3265 2419 3524 2488 quinque,

1938 2503 2145 2563 septem
2172 2495 2257 2551 vel
2282 2504 2414 2564 tres,
2437 2507 2666 2570 septem,
2689 2501 2898 2570 decem,
2925 2506 3009 2560 vel
3034 2507 3257 2577 quilibet
3282 2511 3369 2563 alii
3386 2511 3528 2579 ejus-

1939 2590 2060 2646 dem
2111 2591 2492 2660 dissonantize;
2560 2596 2615 2650 in
2664 2595 2892 2653 alteram
2935 2616 3063 2656 vero
3099 2617 3192 2656 eos
3254 2604 3345 2673 qui
3389 2604 3525 2658 rela-

1938 2682 2045 2738 tive
2108 2683 2176 2738 ad
2229 2684 2455 2740 alterius
2515 2690 2727 2744 numeri
2789 2695 3202 2749 consonantiam
3268 2697 3524 2752 dicuntur

1929 2775 2084 2846 juxta
2111 2779 2395 2846 musicam,
2449 2789 2509 2837 ut
2561 2792 2690 2851 tres,
2729 2795 2983 2855 quatuor,
3042 2803 3162 2855 sex,
3194 2798 3336 2856 octo,
3393 2790 3523 2845 duo-

1934 2870 2132 2926 decim.
2551 2889 2560 2893 '
2735 2939 2738 2941 Α

2007 2960 2154 3028 Quos
2193 2963 2450 3018 nimirum
2475 2953 2732 3022 numeros
2773 2965 2846 3023 ita
2876 2968 3190 3039 dispositos,
3223 2980 3281 3026 ut
3315 2972 3530 3028 medius

1936 3053 2002 3108 ad
2033 3055 2319 3110 minimum
2370 3058 2800 3127 sesquitertiam,
2846 3062 3118 3118 maximus
3146 3078 3277 3118 vero
3313 3064 3380 3118 ad
3412 3081 3524 3120 me-

1935 3145 2083 3200 dium
2107 3148 2546 3217 scsquialteram,
2579 3150 2818 3221 itemque
2846 3153 3114 3209 maximus
3142 3155 3207 3210 ad
3238 3156 3520 3225 minimum

1938 3234 2140 3292 relatus
2193 3236 2410 3308 duplam
2461 3239 2690 3294 reddant
2749 3230 3180 3313 proportionem,
3213 3245 3339 3315 quia
3387 3245 3520 3300 tales

1937 3324 2247 3394 specialiter
2287 3328 2619 3387 harmoniae
2648 3332 2963 3388 deserviunt
3003 3337 3392 3402 consonantire,
3434 3336 3520 3391 hic

1936 3415 2123 3486 utique
2149 3416 2217 3472 de
2249 3417 2488 3488 ejusdem
2511 3423 2880 3479 consonantia:
2908 3426 3183 3495 mysteriis
3217 3425 3516 3494 locuturus,

1937 3520 2071 3578 opus
2098 3507 2271 3564 habeo
2295 3512 2523 3586 exempli
2553 3515 2727 3592 gratia
2755 3530 2942 3572 coram
2973 3532 3194 3590 ponere.
3273 3499 3295 3516 ’

1566 3888 1730 4029 \
2051 3888 2208 4029 /
2867 3888 3035 4029 \

2440 3923 2646 3994 Duplus

2419 4015 2677 4086 diapason

1667 3969 1782 4106 \
2007 3969 2114 4106 /
2419 3969 2677 4086 οῖεςςεςξεςη
2971 3969 3084 4106 \

3024 4029 3084 4106 \

784 4123 1323 4382 e%“\“ler%\
1448 4106 1872 4296 geqm
2419 4191 2422 4194 ﬁ
2538 4128 3128 4420 ὢ

599 4263 604 4267 _
737 4241 789 4294 ορ
1341 4183 1462 4346 β
1875 4295 1925 4324 ν
2491 4287 2533 4361 ί
2800 4309 2803 4312 _
2944 4253 2985 4287 ρ

1104 4404 1112 4409 .
1321 4347 1362 4514 RK
3124 4427 3136 4463 ,ἱ

584 4575 606 4761 \
677 4601 1015 4660 diatessaron
1431 4611 1702 4681 diapente.
1988 4612 2326 4668 diatessaron
2529 4610 2796 4679 diapente.
3050 4605 3052 4607 ’

556 4781 638 4870 ¹1η
1305 4793 1480 4881 tui—
1858 4831 1918 4886 γι
2400 4831 2510 4886 vut
3093 4801 3183 4880 xtl

546 4911 3232 4941 Mm

293 5085 341 5140 in
373 5089 602 5158 quarum
635 5091 854 5146 scilicet
880 5093 1118 5161 partium
1154 5093 1384 5148 duarum
1427 5099 1641 5154 ratione
1674 5096 1810 5150 desi-
1843 5098 1888 5157 D
1916 5078 2016 5150 vus
2039 5104 2141 5161 est,
2175 5098 2310 5153 satis
2349 5098 2665 5166 speculatur
2698 5111 2818 5166 qua:
2855 5093 3203 5151 consonantia
3244 5093 3315 5145 sit
3344 5092 3395 5144 in
3427 5093 3507 5144 di-

236 5187 373 5237 gnata
401 5191 544 5239 tanta
575 5182 833 5257 mysterii
878 5172 1050 5238 virtus
1075 5184 1254 5239 inesse
1279 5184 1517 5256 videtur,
1551 5196 1612 5244 ut
1640 5187 1804 5242 etiam

229 5279 518 5330 sanctorum
541 5276 776 5332 Patrum
794 5273 1154 5343 peritissimus
1169 5275 1366 5344 aliquis
1380 5282 1448 5336 ad
1473 5283 1614 5337 hanc
1637 5277 1779 5348 pleni
1793 5309 1808 5318 -

707 5367 803 5396 ήτῗο
828 5362 1100 5396 (su-Manius.
1168 5367 1224 5396 Ι.-
1256 5367 1449 5396 nea-“3..
1496 5371 1635 5396 -..εκ
1668 5368 1775 5396 ἷκε-ξ

225 5365 296 5396 Inl-
323 5375 376 5396 ιη’.
388 5369 675 5396 οοαηηρΙι-ης

1912 5190 2170 5244 versitate
2221 5187 2590 5259 corporalium
2641 5189 2868 5252 artium;
2915 5194 2970 5240 et
3014 5198 3134 5254 quae
3181 5181 3234 5234 in
3273 5181 3507 5236 diversis

1913 5281 2107 5350 Opibus
2132 5279 2218 5332 vel
2268 5277 2539 5336 fructibus
2583 5277 3014 5354 provinciarum;
3044 5281 3099 5328 et
3125 5284 3244 5341 quae
3270 5269 3323 5321 in
3352 5271 3501 5324 varia

1918 5368 2270 5396 o’:nn4\o:l:nnn
2293 5368 2594 5396 "hanc"..-
2642 5384 2756 5396 -..αι
2787 5366 2947 5396 Αοὲηονι
3001 5365 3143 5396 :nlnr
3187 5359 3505 5396 nmnnlxinlic
