3998 5450
434 188 549 243 τιιςι

1447 141 1783 242 .orutmi
1816 183 2118 242 MONACHI
2152 184 2214 243 s.
2252 183 2687 241 cantantum

3597 183 3700 240 {20

439 311 521 357 vet
568 314 781 357 ratione
807 300 1286 372 comprehendere,
1332 301 1572 371 prudens
1618 301 1848 372 quisque
1876 300 2019 355 valet
2045 306 2094 364 Α
2122 298 2515 356 convenientia.
2569 296 2800 353 Proinde
2847 297 2892 351 si
2935 295 2989 351 in
3039 293 3282 367 qualibet
3319 295 3705 352 convenientia

438 391 763 460 Intelligere.
794 393 903 451 Sed
932 393 1057 449 dum
1085 392 1220 448 nihil
1252 408 1321 449 ex
1365 393 1450 453 his
1487 394 1712 464 possim,
1748 402 1806 447 ut
1830 392 2020 457 decet,

439 482 643 554 aliquid
664 493 841 539 tamen
866 491 1139 553 utcunque
1160 483 1405 554 proferre
1429 483 1575 539 licet.
1602 483 1669 538 Et
1690 483 1866 553 primo
1896 480 2023 552 qui-

440 570 589 634 dem,
621 570 763 640 quod
792 570 919 626 etin
952 570 1142 641 primis
1167 572 1503 641 propositum
1533 583 1634 633 est,
1652 571 1780 642 quid
1805 571 2024 640 utrique

437 662 677 727 numeri,
706 660 796 716 ille
820 661 1023 715 scilicet
1047 661 1138 732 qui
1185 663 1252 717 ad
1294 678 1354 718 se
1388 662 1604 728 dicitur,
1637 672 1691 718 et
1713 664 1804 733 qui
1843 663 1911 717 ad
1947 660 2023 715 al-

432 751 611 807 terius
639 753 1047 806 consonantiam
1095 753 1361 821 pertinet,
1405 754 1638 825 oppositi
1693 752 2020 824 significent.

436 839 644 897 Deinde
671 838 846 906 latius,
880 841 971 911 qui
1003 844 1371 898 consonantiae
1399 844 1738 899 solummodo
1764 843 2021 911 deservit,

438 932 764 1002 mysterium
789 947 1037 989 reserare
1073 934 1271 1003 cupio:
1308 934 1436 989 illud
1470 934 1812 1007 aliquatenus
1841 943 2024 991 osten-

435 1022 564 1077 dere
596 1031 868 1092 satagens,
898 1031 1100 1093 quanta
1137 1026 1490 1080 consonantia
1528 1041 1559 1078 a
1590 1024 1700 1080 Deo
1742 1025 1852 1080 sint
1879 1025 2022 1080 facta

433 1116 620 1170 outttia
646 1125 754 1170 tam
793 1116 1073 1170 terrestria
1105 1132 1265 1185 quam
1297 1117 1562 1182 coelestia,
1597 1117 1721 1172 licet
1751 1117 1914 1173 homo
1942 1131 2024 1171 so-

436 1204 522 1262 lus
567 1209 812 1264 eamdem
865 1210 1272 1264 consonantiam
1316 1206 1522 1281 jugiter
1559 1226 1683 1266 eum
1714 1209 1863 1267 vitiis
1906 1210 2024 1267 suis

439 1297 737 1370 impugnet.

1011 1392 1093 1447 CA
1103 1391 1238 1448 PUT
1275 1390 1437 1451 XLII.

448 1481 590 1553 Quid
613 1486 827 1557 mystice
859 1485 1148 1557 signiﬁcent
1173 1487 1400 1557 numeri
1447 1488 1535 1557 qui
1563 1489 1632 1540 ad
1664 1503 1717 1540 se
1738 1480 2027 1541 dicuntur.¢

729 1555 869 1619 Quid
914 1557 951 1609 ii
992 1555 1081 1624 qui
1113 1555 1181 1607 ad
1216 1556 1364 1609 aliud
1405 1555 1741 1627 referuntur?

2124 400 2206 444 est
2230 389 2611 452 consonantia;
2641 388 2819 442 omnis
2849 395 3030 441 autem
3073 398 3345 448 creatura,
3393 386 3520 442 licet
3544 387 3705 443 dissi-

2124 481 2268 536 milis
2316 481 2386 535 sit
2434 480 2693 542 invicem,
2751 477 2862 534 Deo
2904 477 3192 534 ordinante
3245 477 3545 543 convenit;
3582 493 3707 533 con-

2122 564 2368 627 sonantia
2391 585 2520 643 ergo
2543 573 2772 627 habetur
2797 572 2848 627 in
2872 571 3018 628 omni
3046 582 3315 627 creatura.

2193 662 2346 718 Nunc
2375 664 2539 731 igitur
2574 662 2702 718 illud
2732 663 2909 733 primo
2945 663 3398 718 considerandum
3436 673 3538 726 est,
3561 666 3705 734 quod

2122 761 2178 808 et
2201 753 2253 807 in
2283 753 2759 807 consonantiarum
2793 753 3141 829 mysticarum
3171 753 3362 809 ordine
3408 754 3585 824 primo
3616 769 3706 822 po-

2124 844 2207 898 sui
2244 859 2403 912 :qute
2432 842 2639 898 scilicet
2668 843 3020 898 consonantia
3073 843 3145 898 sit
3168 843 3221 898 in
3275 842 3563 913 cujuslibet
3585 858 3706 899 cor-

2124 936 2272 1006 poris
2294 936 2512 989 humani
2544 935 2824 990 membris.
3189 989 3192 991 Α

2193 1026 2269 1084 lbi
2302 1043 2533 1097 namque
2555 1043 2676 1087 cum
2699 1012 3120 1098 unumquodque
3149 1027 3449 1083 membrum
3479 1026 3707 1083 famula-

2126 1129 2212 1174 tur
2229 1118 2406 1186 alteri,
2420 1120 2597 1173 omnia
2617 1112 3180 1175 utembra'consistuut
3196 1119 3427 1174 invicem
3445 1135 3703 1191 congrua.

2126 1209 2285 1264 Visus
2326 1209 2523 1280 quippe
2550 1217 2606 1265 et
2634 1209 2872 1274 auditus,
2903 1219 3115 1281 gustus,
3144 1210 3402 1265 odoratus
3448 1219 3502 1266 et
3531 1220 3709 1266 tactus

2126 1315 2233 1353 non
2264 1299 2438 1354 solum
2464 1298 2586 1361 sibi,
2620 1300 2712 1354 sed
2754 1301 2920 1355 etiam
2950 1302 3071 1356 aliis
3114 1301 3489 1371 corporalibus
3515 1301 3708 1357 ciliciis

2126 1389 2472 1445 famulantur.
2502 1390 2841 1461 Quapropter
2862 1392 2984 1447 dum
3017 1405 3206 1446 omnes
3237 1392 3479 1464 corporis
3515 1407 3708 1449 sensus

2125 1479 2190 1535 ad
2222 1498 2281 1537 se
2320 1469 2928 1538 invicem~conveniuut
2969 1480 3311 1547 latnulando,
3351 1484 3706 1538 consonantia

2126 1574 2313 1645 utique
2339 1574 2391 1627 in
2421 1572 2700 1644 corporeis
2728 1572 2995 1640 sensibus,
3037 1573 3185 1629 velut
3218 1574 3271 1627 in
3315 1587 3561 1639 numero,
3588 1572 3708 1627 elli-

511 1663 701 1721 Omnis
725 1665 907 1738 itaque
938 1682 1195 1722 numerus
1220 1668 1340 1739 qui,
1361 1669 1427 1725 ad
1455 1684 1515 1725 se
1541 1670 1882 1726 solummodo
1901 1686 2020 1742 ρει-η
2054 1650 2096 1712 Β
2125 1669 2284 1722 citur.

441 1757 645 1824 tinens,
659 1758 860 1813 nullam
879 1756 1038 1815 edicit
1051 1760 1483 1825 consonantiam,
1498 1761 1771 1818 hominem
1787 1777 2027 1833 congrue

439 1846 710 1918 significat
756 1848 1048 1905 carnalem.
1097 1849 1187 1904 Ille
1227 1851 1372 1906 enim
1415 1852 1529 1906 sola
1579 1867 1700 1923 quae
1748 1853 1849 1907 sibi
1897 1863 2025 1909 sunt

440 1948 619 2010 grata,
651 1940 715 2003 id,
753 1950 834 1995 est
880 1942 1218 2012 temporalia,
1267 1943 1525 2008 visibilia,
1561 1945 1803 2000 carnalia
1827 1946 2020 2015 diligit.

439 2026 603 2088 Nulla
631 2028 875 2096 sibi,nisi
899 2046 1019 2098 qua:
1040 2033 1504 2102 eoucuspiseentia
1531 2045 1588 2090 et
1627 2034 1875 2091 voluntas
1903 2051 2023 2106 pro-

437 2117 558 2189 pria
587 2122 935 2192 suggesserit.
961 2122 1194 2193 placent.
1238 2122 1430 2179 Omnia
1470 2140 1589 2194 qute
1636 2125 1757 2180 aliis
1784 2141 2019 2181 consona

441 2208 558 2265 sive
598 2223 833 2279 congrua
874 2221 1020 2275 sunt,
1050 2212 1355 2282 diSplicent.
1388 2214 1467 2269 Ad
1499 2215 1629 2270 nihil
1662 2216 1805 2270 aliud
1836 2232 1894 2272 se
1923 2234 2021 2272 na-

439 2304 561 2351 tum
585 2298 887 2354 arbitratur
908 2316 1048 2363 esse,
1072 2302 1173 2357 nisi
1200 2310 1257 2356 ut
1279 2302 1560 2359 desideriis
1587 2298 2024 2362 suisomnimodo

438 2387 765 2450 famuletur;
786 2391 1005 2447 imitans
1035 2393 1181 2447 illum
1208 2394 1451 2458 divitem,
1480 2396 1592 2465 qui,
1622 2406 1677 2449 ut
1700 2396 1753 2453 in
1784 2396 2024 2467 Evange-

438 2477 515 2545 lio
544 2481 885 2551 perhibetur,
931 2484 1003 2538 ita
1042 2484 1259 2539 sibimet
1290 2486 1393 2539 soli
1421 2487 1574 2551 vixit,
1611 2496 1666 2539 ut
1719 2502 1818 2541 nec
1855 2488 2025 2544 micas

441 2572 509 2625 de
541 2586 726 2627 mensa
758 2587 854 2628 sua
904 2574 1188 2645 prolapsas
1229 2575 1387 2629 alteri
1431 2590 1604 2643 egeno
1647 2577 1889 2646 poscenti
1931 2578 2026 2633 tri-

440 2660 617 2721 bitere~
636 2669 872 2717 curaret.
1570 2650 1574 2655 ’

514 2750 586 2805 At
631 2766 891 2808 numerus
915 2753 1006 2824 qui
1045 2755 1113 2809 ad
1159 2754 1323 2810 alium
1378 2755 1631 2824 refertur,
1685 2756 2022 2829 Spiritualem

443 2843 712 2915 significat
739 2845 1044 2912 hominem;
1077 2849 1203 2922 quia
1259 2849 1558 2919 spiritualis
1586 2850 1810 2920 quilibet
1848 2853 2022 2909 aliena

447 2936 649 2993 damna
687 2951 782 2991 seu
824 2935 975 2995 lucra
1008 2938 1231 3010 deputat
1268 2949 1327 2995 ut
1371 2955 1510 3009 sua;
1556 2943 1799 2999 moribus
1833 2944 2025 3001 alienis

442 3034 619 3083 semet
639 3025 944 3084 conformat
969 3039 1023 3086 et
1045 3041 1215 3101 aptat,
1242 3031 1368 3085 illud
1402 3030 1603 3104 iugiter
1629 3035 1872 3109 recolens
1897 3054 1911 3089 :
1937 3037 2029 3091 Al-
2056 3017 2075 3069 ί

446 3130 528 3177 ter
555 3120 773 3177 alterius
804 3140 964 3176 onera
1005 3133 1208 3192 portate
1250 3123 1394 3192 (Gal.
1419 3125 1519 3197 vt).
1548 3126 1653 3181 Et:
1694 3125 1862 3182 Nemo
1888 3129 2028 3199 quod

444 3225 602 3265 suum
650 3220 746 3278 est,
776 3211 1154 3272 tantummodo
1201 3224 1426 3283 quierat,
1478 3216 1570 3270 sed
1619 3218 1759 3287 quod
1811 3216 2029 3273 alterius

443 3296 498 3367 υ
525 3292 649 3354 ευτ’.
678 3300 757 3371 ι).
790 3299 941 3357 Unde
984 3312 1041 3357 et
1077 3301 1274 3358 Paulus
1313 3305 1586 3375 apostolus
1615 3323 1721 3362 non
1764 3309 1864 3364 sibi
1904 3309 2025 3375 soli,

445 3399 543 3453 sed
566 3399 732 3455 etiam
766 3386 890 3457 aliis
922 3402 1179 3469 prodesse
1205 3401 1542 3467 desiderans,
1570 3403 1706 3459 dixit
1734 3422 1746 3458 :
1775 3402 2029 3458 Omnibus

450 3490 629 3544 omnia
658 3490 831 3558 factus
859 3507 974 3545 sum
997 3532 1011 3558 ,
1035 3502 1089 3545 ut
1118 3509 1295 3547 omnes
1328 3492 1687 3565 lucrifacercm
1713 3494 1763 3566 (1
1786 3494 2026 3564 Corax).

446 3579 709 3638 Dominus
737 3582 899 3636 etiam
931 3593 985 3638 et
1011 3584 1259 3640 Salvator
1286 3594 1490 3648 noster,
1529 3600 1652 3641 eum
1694 3600 1797 3640 non
1826 3601 1923 3654 pro
1948 3600 2027 3651 se,

448 3673 546 3726 sed
596 3688 697 3744 pro
740 3683 927 3728 nostra
986 3675 1161 3729 salute
1203 3677 1475 3731 incarnari
1527 3692 1590 3733 ac
1634 3677 1745 3749 pati
1777 3679 2030 3749 dignatus

445 3770 612 3828 esset,
654 3763 910 3821 relativus
946 3762 1063 3819 fore
1089 3765 1277 3822 voluit.

1019 3876 1245 3935 CAPUT
1272 3877 1456 3934 XLIII.

452 3985 626 4052 Quam
662 3988 899 4060 miri/ira
929 3987 996 4043 sit
1048 3989 1103 4042 iu
1147 3990 1378 4060 corporis
1412 3991 1675 4054 membris,
1729 3992 1786 4045 in
1830 3993 2031 4046 artibus

519 4069 629 4112 tum
676 4057 978 4132 liberalibus
1015 4069 1125 4132 tttm
1166 4057 1498 4132 meclmnicis.
1536 4063 1757 4132 denique
1786 4063 1838 4116 iu
1870 4065 2035 4131 regio-

519 4129 1035 4254 num-precatibus,
1064 4131 1288 4203 ipsisque
1332 4131 1548 4185 diversis
1592 4129 1865 4187 virtutibus
1905 4129 2034 4193 (lar.

519 4214 695 4254 manta
734 4226 741 4238 ι

519 4214 695 4255 manta
711 4214 741 4254 Γ

522 4308 620 4368 llis
646 4313 811 4384 igitur
860 4331 957 4386 per
1002 4316 1285 4386 utriusque
1316 4316 1487 4389 partis
1519 4317 1790 4388 praedicta:
1815 4318 2032 4389 OppOsi-
2063 4357 2082 4415 Ι

445 4406 649 4463 tionem
684 4407 919 4462 breviter
953 4409 1283 4479 prtelibatis,
1314 4426 1458 4465 nunc
1482 4427 1627 4473 vero,
1659 4411 1786 4482 quia
1814 4412 1867 4467 in
1909 4414 2034 4468 har—

452 4498 686 4553 monicis
750 4497 1127 4554 instrumentis
1163 4500 1455 4571 aliquoties
1517 4503 1641 4566 lusi,
1696 4503 2034 4574 libenterque

454 4587 622 4643 totius
661 4586 906 4642 melodize
928 4588 1252 4643 suavitatem
1277 4590 1482 4653 audivi,
1511 4590 1640 4645 libet
1667 4590 1854 4654 etiam,
1874 4602 2035 4663 prout

454 4679 718 4736 Dominus
746 4679 980 4745 dederit,
1013 4680 1065 4734 iu
1096 4682 1379 4737 harmonia
1420 4681 1689 4753 Spirituali
1729 4692 1783 4736 et
1826 4683 2032 4739 intelle-

455 4774 620 4829 ctuali
649 4773 834 4829 ludere
857 4793 875 4833 ἒ
895 4773 1233 4845 explanatqu
1256 4774 1467 4830 scilicet
1495 4783 1696 4844 quanta
1731 4788 2034 4829 consonan-

448 4867 541 4924 tiae
570 4867 813 4938 mystica:
841 4866 1083 4922 suavitas
1114 4867 1166 4921 in
1210 4864 1462 4921 omnibus
1490 4865 1816 4937 supradictis
1840 4867 2043 4921 habea.

448 4967 541 5010 tur
563 4958 744 5012 rebus.
774 4955 880 5013 Sed
906 4958 1223 5028 priusquam
1247 4956 1312 5013 de
1335 4955 1641 5027 hujusmodi
1680 4957 2033 5012 consonantia

449 5045 657 5118 aliquid
682 5049 895 5117 audias,
923 5057 1139 5120 oportet
1166 5056 1245 5113 ut,
1268 5047 1396 5118 quid
1422 5048 1493 5102 sit
1517 5047 1706 5102 eadem
1729 5062 2036 5103 consonan-

449 5140 549 5205 tia,
580 5137 797 5210 plenius
818 5138 1253 5211 agnoscas.Quia
1283 5139 1427 5213 enim
1460 5152 1565 5193 non
1589 5137 1762 5193 solum
1795 5134 1849 5192 in
1888 5136 2038 5195 sonis

446 5232 802 5305 proportione
843 5244 1190 5287 numerorum
1243 5229 1466 5284 relativo
1521 5228 1808 5299 coaptatis.
1847 5244 2035 5284 verum

447 5324 613 5380 etiam
643 5324 698 5378 in
724 5323 885 5380 rebus
906 5322 1232 5397 quibuslibet
1262 5323 1365 5379 rite
1385 5321 1653 5378 ordinatis
1683 5308 2036 5378 consonantia

454 5414 713 5450 amnilnn-
773 5433 1039 5450 n-unnnnn
1069 5418 1210 5450 ηιιΛιι
1238 5417 1545 5450 Λνιιῖηηιηηι
1572 5424 1781 5450 nnnclnl
1841 5430 2040 5450 nnnrn-

2197 1758 2491 1815 Videamus
2518 1757 2684 1813 etiam
2736 1765 2942 1827 quanta
2970 1756 3323 1813 consonantia
3346 1758 3426 1811 sit
3447 1756 3499 1812 in
3523 1760 3703 1813 diver-

2125 1851 2288 1909 sitate
2316 1848 2677 1919 corporalimn
2721 1848 2941 1903 artium.
2969 1848 3103 1904 Cum
3136 1849 3303 1920 igitur
3346 1848 3434 1904 hic
3474 1847 3709 1914 aurifex,

2127 1940 2215 1995 ille
2244 1938 2506 1994 ferrarius
2540 1937 2709 2003 faber,
2746 1938 2851 1993 iste
2879 1940 3289 2004 carmentarios;
3324 1938 3411 1993 hic
3436 1937 3712 2009 lignorum

2125 2032 2339 2093 artifex,
2367 2032 2453 2085 ille
2477 2031 2733 2101 scriptor,
2758 2032 2860 2085 iste
2885 2032 3089 2101 pictor;
3116 2031 3205 2085 hic
3228 2031 3279 2085 in
3309 2031 3514 2085 liberali
3538 2031 3714 2086 scien-

2128 2123 2201 2177 tia
2235 2122 2498 2186 ilDillllllS,
2529 2121 2617 2174 ille
2651 2128 2942 2185 mercator,
2972 2121 3072 2176 iste
3110 2121 3378 2190 piscator:
3405 2120 3567 2175 biciu
3595 2119 3710 2174 bel-

2126 2214 2247 2271 licis
2277 2215 2462 2278 rebus,
2496 2214 2584 2267 ille
2629 2213 2683 2267 in
2729 2212 3061 2284 agricultura
3101 2213 3319 2279 doctus;
3361 2213 3449 2268 hic
3485 2222 3716 2281 textura:

2124 2305 2426 2375 eperarins,
2454 2304 2544 2359 ille
2577 2304 2840 2368 tucdicus,
2877 2303 2967 2358 ille
2989 2313 3166 2369 sutor,
3203 2304 3292 2360 ille
3320 2304 3582 2374 sculptor,
3609 2306 3715 2360 istc

2126 2410 2341 2464 auceps,
2386 2393 2472 2447 ille
2518 2401 2774 2459 venator;
2833 2393 2923 2447 hic
2958 2407 3188 2462 coquus,
3217 2393 3305 2448 ille
3345 2395 3544 2462 pistor;
3573 2395 3716 2451 alter

2127 2484 2350 2541 alterius
2377 2484 2619 2547 sitartis,
2644 2499 2765 2553 qua:
2804 2484 3118 2553 specialiter
3163 2487 3451 2540 memorari
3477 2488 3666 2557 nequit
3695 2502 3713 2542 τ

2127 2577 2378 2647 nullaque
2404 2591 2495 2630 ars
2516 2576 2774 2645 praedicta
2799 2576 2916 2630 sine
2945 2574 3170 2632 alterius
3189 2591 3292 2644 ope
3308 2574 3491 2646 peragi
3520 2578 3708 2646 possit;

2127 2667 2254 2736 quid
2291 2665 2431 2722 aliud
2462 2681 2623 2736 quam
2652 2666 3004 2721 consonantia
3042 2668 3288 2736 quaedam
3316 2672 3471 2739 quasi
3502 2659 3699 2725 ἀίδριες

2128 2759 2369 2829 pantium
2409 2771 2600 2812 vocum
2629 2759 2681 2812 in
2707 2757 2959 2813 omnibus
2997 2756 3298 2827 hujusmodi
3326 2759 3534 2815 artibus
3571 2760 3715 2815 erit?

2129 2850 2270 2923 (rod.
2307 2849 2495 2905 Lamb.
2523 2850 2681 2923 exit.)

2200 2942 2618 2999 Consideremus
2645 2942 2841 2999 deinde
2875 2943 3111 3014 qualiter
3132 2953 3439 3000 consonent
3468 2959 3597 3014 opes
3619 2944 3708 3000 vel

2131 3031 2340 3088 fructus
2364 3032 2559 3088 diversi
2588 3034 3010 3102 provinciarum.
3040 3033 3143 3089 Ubi
3168 3049 3414 3106 magnam
3446 3035 3714 3092 facundiae

2131 3125 2367 3192 inopiam
2403 3125 2582 3195 patior
2616 3140 2716 3195 pro
2741 3140 2807 3180 eo
2829 3126 2972 3195 quod
3005 3138 3106 3180 nec
3157 3126 3582 3195 provinciarum,
3615 3144 3717 3185 nec

2130 3230 2290 3286 apum
2312 3214 2667 3287 plurimarum
2689 3215 2948 3271 vocabula
2971 3230 3228 3286 agnosco.
3256 3216 3359 3272 Sed
3385 3231 3496 3271 rem
3523 3232 3713 3285 quant-

2131 3309 2253 3362 dam
2293 3307 2534 3378 profero,
2561 3324 2680 3378 quae
2713 3323 2810 3379 pro
2848 3324 2933 3363 me
2959 3310 3092 3365 satis
3126 3308 3378 3379 loquatur
3395 3318 3716 3366 cunctorum

2125 3402 2347 3473 judicio.
2389 3401 2652 3457 Omnibus
2700 3403 2902 3456 etenim
2950 3410 3136 3455 uotum
3172 3411 3255 3455 est
3312 3403 3438 3471 quia
3473 3404 3720 3471 negotia:

2136 3502 2284 3547 tores
2304 3493 2505 3563 quique
2536 3493 2589 3545 in
2617 3493 2863 3560 regiones
2892 3507 2954 3544 ac
2977 3491 3287 3561 provincias
3318 3491 3499 3560 plures
3527 3491 3718 3560 procul

2130 3582 2338 3653 positas
2361 3582 2557 3651 sacpius
2575 3581 2994 3650 proﬁciscuntur
3014 3620 3029 3645 ,
3052 3589 3112 3633 ut
3129 3595 3259 3651 opes
3285 3581 3569 3651 qitasdam,
3596 3594 3745 3653 qua)”

2133 3676 2187 3730 in
2211 3673 2315 3729 illis
2335 3680 2429 3752 aut
2452 3688 2575 3727 raro
2587 3682 2678 3726 aut
2706 3686 2972 3743 nusquam
2994 3671 3286 3739 habentur,
3303 3673 3428 3728 illuc
3456 3672 3721 3740 afferant;

2133 3777 2187 3824 et
2202 3767 2337 3823 alias
2349 3781 2499 3837 opes,
2515 3779 2651 3835 quas
2679 3765 2732 3819 in
2763 3765 2877 3822 suis
2899 3764 3031 3838 locis
3050 3781 3203 3821 raras
3226 3775 3281 3820 et
3303 3766 3572 3835 pretiosas
3596 3782 3717 3823 esse

2132 3861 2334 3926 sciunt,
2373 3858 2499 3915 inde
2522 3858 2879 3913 nihilominus
2902 3859 3185 3914 revehant.
3212 3858 3324 3914 Cur
3344 3874 3472 3930 ergo
3496 3859 3611 3914 hare
3635 3859 3719 3914 fa-

2132 3952 2305 4016 ciunt,
2328 3949 2430 4004 nisi
2464 3949 2589 4021 quia
2635 3962 2970 4019 imaquteque
3005 3948 3152 4019 regio
3183 3958 3237 4004 et
3288 3949 3560 4018 provincia
3589 3964 3725 4018 opes

2133 4042 2219 4099 vel
2252 4040 2461 4097 fructus
2483 4041 2603 4097 illos
2626 4040 2791 4096 habet
2834 4054 2970 4109 quos
2997 4040 3166 4095 altera
3199 4041 3421 4095 minime
3446 4040 3721 4110 possidet?

2133 4133 2394 4201 Quamvis
2446 4116 2636 4188 ethoc
2689 4145 2788 4202 pro
2826 4139 3146 4198 argumento
3203 4130 3441 4187 maximo
3491 4129 3723 4185 suﬁiciat

2135 4222 2390 4294 quoniam
2441 4230 2774 4278 mercatores
2814 4229 3031 4275 nostros
3072 4220 3275 4277 scimus
3317 4234 3531 4286 aurum,
3560 4220 3718 4290 pallia

2139 4314 2335 4378 serica,
2365 4328 2465 4367 nec
2491 4326 2596 4365 non
2635 4310 2847 4381 ignotas
2877 4309 3215 4378 exuuiasque
3238 4309 3537 4364 bestiarum
3568 4308 3721 4379 pcl'li-

2141 4404 2290 4459 culas
2337 4403 2403 4459 ad
2450 4417 2550 4458 nos
2582 4401 2885 4466 detulisse;
2945 4415 3066 4469 qua:
3115 4398 3296 4452 omnia
3342 4399 3582 4452 fatentur
3629 4406 3725 4451 aut

2142 4513 2263 4553 cum
2293 4510 2426 4561 tere,
2465 4510 2560 4549 seu
2592 4509 2716 4548 cum
2759 4491 3095 4547 vestimentis
3129 4490 3461 4562 vulgaribus,
3492 4487 3574 4541 vel
3602 4488 3723 4541 vili-

2141 4588 2243 4642 bus
2265 4585 2685 4641 domesticorum
2709 4582 3024 4637 animalium
3054 4580 3281 4651 pellibus
3308 4579 3360 4633 in
3398 4577 3720 4648 quibusdam

2139 4678 2435 4748 provinciis
2497 4691 2861 4746 comparasse.
2926 4673 3079 4730 Unde
3136 4681 3323 4742 aperte
3403 4669 3713 4739 intelligitur

2138 4772 2266 4843 quia
2296 4781 2349 4826 et
2379 4771 2431 4824 in
2478 4767 2785 4841 hujusmodi
2817 4765 3133 4822 diversitate
3186 4763 3420 4818 invicem
3478 4775 3720 4828 congrua

2141 4862 2493 4918 consonantia
2525 4873 2720 4930 magna
2753 4857 3002 4913 habetur.
3031 4856 3163 4913 Dum
3188 4855 3331 4911 enim
3354 4852 3729 4921 unusquisque

2144 4953 2368 5011 alterius
2402 4952 2606 5024 indiget
2638 4949 2853 5021 opibus,
2885 4961 3194 5004 consonans
3222 4944 3467 5017 profecto
3494 4941 3727 5011 compel-

2144 5046 2270 5101 litur
2288 5036 2419 5101 esse
2449 5042 2627 5099 alteri.
3056 5034 3061 5043 ’

2213 5137 2510 5195 Veniamus
2557 5142 2611 5191 ct
2646 5135 2713 5190 ad
2744 5134 2951 5188 variam
2999 5129 3262 5186 virtutum
3293 5120 3731 5199 dispositionem,

2146 5241 2516 5303 quantamque
2557 5227 2699 5282 inter
2746 5240 2807 5280 se
2846 5220 3256 5281 consonantiam
3310 5218 3571 5277 habeant,
3624 5210 3727 5303 ali-

2146 5299 2464 5393 quantulum
2514 5315 2878 5392 proferamus.
2926 5313 3032 5368 Alii
3070 5324 3323 5381 namque,
3354 5315 3415 5362 ut
3442 5299 3732 5393 Apostolus

2149 5390 2271 5450 ,ιῖμῖι
2329 5417 2485 5450 Ann.»
2515 5390 2682 5450 eortnn
2716 5407 3002 5450 ennipnlim-
3038 5403 3131 5450 alii
3160 5416 3329 5450 sermo
3372 5394 3625 5450 scicntia’.
3657 5390 3732 5444 al’
