3998 5450
204 344 319 394 ut.

1191 344 1466 406 DlziL‘OG.
1509 347 1597 406 DE
1634 345 1885 415 TRIBL’S
1921 341 2473 414 QUASSTIONIBUS.

3354 338 3477 399 lii.

206 455 417 517 τῖιυωην
438 452 544 507 ﬂii
572 468 760 526 genere
800 454 1123 526 linguarum,
1156 458 1250 512 alii
1277 460 1634 531 interpretatio
1664 477 1772 515 τινα
1802 469 1857 527 λ
1944 457 2025 512 Ad
2043 451 2719 513 eamdemconsouantiam
2737 453 2974 525 pertinet
2993 452 3458 513 ordinataanimte

207 562 408 599 manant
434 544 491 615 (Ι
513 544 641 601 Cor.
663 546 783 618 xu).
808 545 887 601 Ad
908 548 1022 603 tunc
1045 549 1211 604 etiam
1239 565 1340 609 nos
1399 550 1776 621 subjungiutus

208 634 324 703 quia
361 634 505 688 alius
527 635 731 690 eminet
779 636 834 689 in
861 636 1189 705 humilitate,
1214 639 1357 694 alius
1400 641 1453 694 in
1489 640 1775 702 charitate,

209 724 337 779 alter
364 725 420 779 in
450 726 728 785 castitate.
753 726 891 783 alter
925 727 981 782 in
1012 729 1282 794 oratione,
1312 729 1453 786 alter
1498 730 1551 785 in
1583 731 1782 785 discre-

211 816 365 881 tione,
390 816 535 873 alius
565 818 619 871 in
643 817 858 888 vigiliis,
884 818 1026 874 alius
1063 820 1116 875 in
1134 819 1358 889 jejunis,
1392 820 1530 876 alter
1552 821 1605 875 in
1633 819 1782 877 elue-

208 922 555 978 mosynarum
584 908 857 980 largitate,
883 910 1022 966 alter
1053 912 1106 965 in
1156 912 1496 968 infirmorum
1545 914 1627 969 vel
1682 913 1786 970 ho-

210 998 403 1068 spitum
457 1000 824 1066 recreatione,
861 1002 999 1056 alter
1017 1002 1072 1057 in
1112 1003 1393 1072 patientia,
1437 1004 1574 1059 alter
1606 1005 1659 1059 in
1681 1005 1785 1061 alia

208 1089 419 1144 virtute.
454 1089 568 1145 Sed
605 1091 786 1148 nullus
822 1093 1063 1163 profecto
1090 1095 1144 1148 in
1169 1095 1408 1165 qualibet
1433 1098 1629 1151 virtute
1652 1114 1789 1167 prte-

212 1181 344 1235 dicta
373 1180 657 1237 invenitur
687 1183 759 1238 ita
788 1183 1080 1252 perfectus,
1108 1196 1163 1239 ut
1206 1202 1309 1241 non
1338 1201 1441 1255 ope
1466 1197 1622 1256 egeat
1649 1187 1789 1243 alte-

212 1271 334 1325 rius.
359 1270 471 1326 Cur
495 1273 626 1339 hoc,
652 1274 758 1329 nisi
786 1276 911 1344 quia
937 1276 1165 1331 invicem
1197 1286 1324 1331 sunt
1345 1291 1535 1333 omnes
1561 1278 1791 1332 virtutes

213 1362 539 1428 referendae,
573 1375 629 1420 et
661 1365 868 1437 plectro
903 1367 1246 1425 discretionis
1286 1369 1339 1423 in
1380 1370 1791 1425 consonantiam

214 1452 467 1508 alternam
496 1459 941 1513 commutanda)?
977 1457 1137 1527 hujus
1165 1474 1401 1531 namque
1421 1461 1794 1517 consonantiae

217 1544 495 1612 plectrum,
534 1546 793 1603 discretio
814 1562 898 1603 est
919 1549 1200 1606 virtutum.

779 1661 1003 1719 CAPUT
1042 1663 1225 1721 XLlV.

218 1769 394 1837 Qualis
436 1782 486 1825 et
536 1781 739 1840 quanta
789 1773 1083 1841 reperiatur
1123 1775 1398 1829 harmonia
1448 1777 1586 1828 inter
1634 1777 1794 1830 ritum

282 1844 633 1896 monasticam
660 1855 708 1896 et
734 1844 1062 1907 stecularem,
1112 1843 1267 1898 Vetus
1296 1855 1342 1898 et
1377 1845 1583 1899 Noram
1616 1846 1795 1900 Testa-

278 1922 536 1974 menta-nt,
570 1928 761 1987 corpus
792 1923 838 1966 et
870 1913 1123 1983 animant,
1166 1915 1589 1987 dirersorumque
1623 1918 1797 1970 Itami-

284 1997 403 2034 nnm
433 1990 610 2036 status
629 1981 655 2035 ?

282 2090 713 2162 Progrediamur
744 2101 801 2149 ct
836 2093 996 2161 ultra,
1028 2095 1269 2151 dicentes
1298 2112 1419 2165 quae
1447 2099 1800 2153 consonantia

222 2183 287 2237 sit
310 2183 454 2238 inter
479 2183 805 2241 ccenobialis
828 2194 884 2239 et
903 2186 1177 2242 saecularis
1199 2188 1321 2242 vita:
1346 2188 1609 2243 homines.
1639 2188 1804 2257 Igitur

225 2274 488 2329 neminem
545 2274 602 2328 in
647 2275 936 2331 cmnobiali
975 2277 1083 2330 vita
1113 2277 1346 2346 positum
1380 2293 1502 2331 reor
1555 2278 1805 2348 ignorare

226 2367 343 2434 quia
385 2366 769 2438 multipliciter
807 2377 964 2438 egeat
1000 2367 1342 2424 saecularium
1387 2368 1666 2425 hominum
1708 2371 1805 2424 ad-

227 2458 646 2515 ntiuistratione.
674 2459 957 2525 Quomodo
983 2460 1126 2514 enim
1157 2462 1240 2516 vel
1283 2463 1483 2517 victum
1528 2462 1610 2516 vel
1642 2463 1808 2518 vesti-

228 2558 331 2602 tum
388 2564 491 2604 seu
559 2548 737 2618 ipsum
792 2550 1157 2607 habitaculum
1215 2554 1315 2608 sibi
1383 2562 1568 2624 aptum
1628 2563 1812 2625 posset

227 2635 454 2703 habere,
526 2639 629 2694 nisi
687 2656 757 2695 ex
820 2641 1162 2696 saecularium
1222 2642 1527 2711 aliquorum
1585 2645 1813 2699 labore?

232 2727 372 2783 lSnde
391 2730 714 2787 omnimodo
738 2732 1071 2799 pensandum
1092 2741 1177 2787 est
1203 2734 1411 2788 cunctis
1434 2734 1485 2787 iu
1527 2735 1812 2789 coruobiali

228 2825 507 2885 proposito
532 2819 846 2874 constitutis
898 2820 1022 2889 quia
1054 2833 1159 2874 non
1185 2821 1357 2877 solum
1385 2821 1510 2887 sibi,
1536 2825 1628 2876 sed
1650 2823 1813 2877 etiam

233 2904 333 2965 illis
384 2909 488 2979 qui
517 2907 823 2977 hujusmodi
851 2910 1220 2981 supplementa
1247 2914 1507 2984 prtebent,
1537 2914 1815 2970 referenda

231 3006 308 3052 est
333 3014 533 3054 eorum
562 3001 860 3070 spiritualis
883 3004 1244 3060 conversatio.

297 3089 569 3169 Similiter
599 3093 848 3150 homines
887 3096 1069 3150 cuncti
1114 3098 1167 3151 in
1210 3096 1561 3155 saecularibus
1587 3100 1818 3168 negotiis

237 3181 415 3250 positi,
462 3162 668 3251 jugiter
708 3175 936 3255 pensare
985 3184 1186 3242 debent
1228 3198 1492 3258 quantum
1543 3162 1817 3260 indigeant
1846 3162 1892 3222 (ἶ

235 3270 562 3339 spiritalium
592 3272 832 3329 virorum
858 3275 1160 3339 oratione:
1189 3290 1278 3343 ne,
1304 3277 1445 3337 inter
1482 3277 1705 3333 delicias
1737 3279 1821 3333 vel

238 3376 393 3415 curas
414 3359 503 3416 vel
528 3363 765 3433 pericula
795 3362 1075 3419 innumera
1104 3368 1387 3435 prtesehtls
1410 3366 1533 3422 vita:
1555 3368 1820 3438 depressi,

238 3461 452 3509 alterna:
483 3454 672 3509 salutis
698 3453 870 3525 gloria
894 3456 1192 3525 primulur.

306 3544 559 3614 Ctnuque
586 3545 655 3600 ab
687 3547 932 3615 utrisque
976 3548 1092 3604 haec
1127 3547 1425 3604 necessitas
1460 3555 1739 3616 pensatur,
1772 3555 1828 3599 et

199 3664 202 3665 ν
243 3644 340 3702 pro
366 3636 466 3691 Dei
500 3653 687 3693 amore
716 3638 805 3692 alii
836 3639 905 3694 ab
935 3639 1058 3695 aliis
1101 3638 1447 3708 adjuvantur,
1480 3640 1634 3710 quasi
1667 3638 1827 3692 alter-

246 3738 439 3783 nantes
464 3728 581 3783 soni
608 3728 837 3783 invicem
860 3730 1099 3786 suaviter
1125 3741 1383 3791 resonant
1407 3748 1421 3783 :
1446 3745 1588 3785 unus
1610 3730 1826 3799 quidem

246 3830 406 3869 sonus
456 3819 747 3887 superius,
800 3818 854 3872 id
909 3827 994 3873 est
1050 3810 1438 3889 spiritualiter;
1502 3820 1640 3874 alter
1702 3834 1829 3874 vero

248 3904 504 3971 inferius,
555 3907 609 3961 id
652 3918 739 3963 est
799 3907 1155 3964 satculariter.
1202 3908 1389 3980 Neque
1433 3910 1577 3965 enim
1627 3908 1730 3963 ulla
1768 3908 1827 3962 ﬁt

250 4000 631 4066 consonantia,
674 4000 779 4056 nisi
807 4015 873 4055 ex
904 4001 1088 4071 aliqua
1115 4002 1312 4057 suimet
1340 4002 1617 4058 distantia.

320 4092 510 4163 Magna
544 4094 710 4148 etiam
747 4093 857 4148 diei
893 4101 1072 4165 potest
1107 4094 1481 4159 consonantia,
1528 4093 1734 4149 Veteris
1768 4108 1832 4149 ac

253 4179 383 4236 Novi
420 4182 758 4241 Testamenti
789 4185 1191 4240 convenientia.
1229 4184 1342 4240 Nisi
1383 4185 1527 4241 enim
1561 4186 1615 4240 in
1652 4186 1831 4247 Veteri

256 4274 509 4340 przcdicta
557 4275 752 4331 fuisset
800 4273 977 4343 gratia
1022 4274 1181 4339 Novi,
1232 4290 1392 4331 nemo
1440 4290 1539 4345 per
1583 4273 1743 4331 fidem
1780 4275 1832 4329 in

258 4363 406 4419 Novo
433 4367 698 4437 potuisset
724 4364 957 4431 salvari;
991 4366 1117 4435 quia
1142 4367 1325 4438 omnia
1355 4366 1477 4421 ﬁdei
1517 4375 1833 4438 argumenta

260 4455 328 4510 ab
368 4434 817 4519 antecedentibus
859 4434 1023 4512 rebus
1069 4466 1196 4511 sunt
1226 4434 1722 4524 κτιδιιιιιιιιθιιιιιιίΕι,
1778 4464 1839 4510 ιιι

1876 554 1927 600 et
1959 543 2208 614 corporis
2238 558 2533 613 compago;
2582 542 2685 596 viri
2718 550 2773 598 et
2807 541 3051 598 mulieris
3091 551 3315 615 propter
3357 559 3459 600 nc-

1876 636 2114 695 cessaria
2147 635 2429 703 utriusque
2475 631 2718 688 subsidia
2764 632 2933 687 multa
2980 630 3292 699 conjunctio
3331 632 3464 700 legi-

1880 726 2053 792 tima;
2102 733 2320 795 patrum
2362 733 2419 779 et
2464 722 2722 790 ﬁliorum,
2774 721 3000 777 divitum
3042 729 3096 777 et
3138 736 3486 793 pauperum,

1880 816 2224 872 dominorum
2261 824 2319 869 et
2358 829 2666 880 servorum,
2718 814 3098 882 magistrorum
3131 821 3187 867 et
3224 812 3465 882 discipu-

1883 907 2089 973 lorum;
2131 904 2418 976 conjugum
2451 919 2667 976 quoque
2697 914 2751 959 et
2780 904 3052 975 virginum
3079 903 3304 958 miritiea
3332 918 3466 958 eon-

1882 999 2154 1053 venieutia
2188 1016 2201 1051 :
2236 998 2485 1068 quamvis
2528 995 2675 1052 enim
2718 995 3002 1067 virginitas
3032 995 3187 1065 longe
3217 993 3463 1063 superior

1886 1092 1958 1146 sit
1978 1091 2250 1161 conjugio,
2276 1090 2409 1147 nihil
2442 1098 2621 1145 tamen
2651 1095 2869 1142 resonat
2901 1088 3020 1143 sine
3045 1086 3190 1156 ipso;
3216 1085 3343 1156 quia
3369 1099 3473 1139 nec

1888 1198 2008 1239 esse
2041 1182 2185 1236 valet
2233 1181 2351 1236 sine
2401 1179 2508 1234 illo.
2560 1178 2713 1234 Sicut
2760 1186 2818 1233 et
2867 1186 3116 1231 tonorum
3166 1175 3485 1247 integritas,

1891 1274 2017 1328 licet
2045 1272 2507 1343 comparationem
2539 1270 2744 1325 nullam
2774 1276 2950 1323 teneat
2990 1267 3058 1321 ad
3103 1266 3471 1330 semitonium,

1892 1374 2054 1433 atque
2086 1364 2203 1432 ipso
2237 1370 2416 1418 tamen
2444 1360 2648 1416 nullum
2678 1374 2898 1424 sonum,
2936 1359 3027 1429 qui
3067 1357 3224 1425 juxta
3258 1355 3502 1432 musicas:

1893 1456 2032 1511 artis
2077 1466 2329 1510 auctores
2368 1453 2587 1523 proprie
2628 1450 2982 1507 consonantia
3009 1458 3254 1512 vocetur,
3292 1447 3493 1504 cilicia.

1898 1550 2026 1603 Sive
2073 1547 2219 1603 enim
2250 1547 2626 1608 diatessarou,~
2645 1543 2761 1599 sive
2788 1542 3042 1612 diapente
3070 1538 3478 1596 consonantiam

1898 1637 2080 1694 dicere
2103 1636 2259 1701 velis,
2286 1635 2404 1691 sine
2424 1633 2712 1689 sensitonio
2735 1632 2946 1702 nequis,
2972 1631 3039 1686 de
3061 1631 3319 1701 diapason
3349 1642 3485 1685 vero

1901 1728 2229 1801 superfluum
2257 1735 2343 1782 est
2371 1726 2552 1782 dicere
2579 1726 2731 1795 quia,
2759 1732 2971 1779 constat
2990 1737 3056 1777 ex
3084 1731 3333 1789 utroque.
3362 1716 3477 1785 Qua

1829 1811 1873 1869 Β
1902 1824 1969 1876 de
1998 1837 2057 1875 re
2087 1818 2312 1888 intelligi
2345 1818 2506 1873 datur
2542 1817 2690 1886 quia,
2724 1816 2868 1870 sicut
2897 1812 3245 1869 semitonium
3291 1822 3484 1879 conso-

1903 1911 2103 1966 nantiae
2132 1908 2497 1964 necessarium
2527 1916 2609 1964 est
2640 1907 2690 1963 in
2719 1905 2980 1970 melodia;
3020 1903 3092 1958 ita
3122 1898 3482 1969 coniugalium

1901 2000 2272 2072 supplementa
2303 1999 2608 2054 necessaria
2638 2004 2766 2051 sunt
2791 1995 2842 2049 iu
2874 1991 3108 2065 spiritali
3136 1991 3269 2045 vita.

1936 2162 1939 2165 _
1973 2092 2278 2147 Notandum
2311 2106 2440 2145 vero
2486 2091 2538 2144 in
2581 2089 2688 2155 his,
2715 2088 2864 2158 quia,
2911 2084 3012 2141 etsi
3040 2099 3145 2138 non
3192 2080 3372 2157 omnia
3412 2078 3487 2135 ad

1905 2181 2191 2251 relativam
2245 2178 2702 2244 consonantiam,
2759 2176 2825 2231 ad
2880 2172 3250 2245 probationem
3310 2177 3495 2251 tamen

1905 2274 2089 2328 omnia
2120 2271 2466 2327 conveniunt.
3502 2306 3507 2317 _

1978 2365 2195 2421 Prtelati
2252 2377 2487 2431 namque
2537 2359 2800 2428 quilibet,
2858 2355 3380 2421 excellentioresque
3434 2350 3505 2407 in;

1910 2456 2132 2521 sarculo,
2183 2463 2243 2509 ut
2287 2451 2521 2516 domini,
2569 2458 2784 2519 patres,
2840 2445 3118 2517 magistri,
3157 2443 3352 2498 divites
3394 2455 3493 2510 per

1911 2548 2158 2604 subditos
2212 2544 2314 2599 sibi
2372 2550 2427 2598 et
2485 2540 2837 2612 pauperiores
2884 2536 3085 2608 jugiter
3139 2532 3493 2604 probantur:

1912 2647 2112 2708 quanta
2137 2634 2391 2690 videlicet
2412 2632 2492 2687 eis
2516 2645 2643 2685 cura
2670 2628 2922 2699 prmsiut;
2956 2624 3097 2695 quali
3126 2624 3230 2678 fide
3252 2621 3497 2679 nutriant

1914 2741 1969 2786 et
2013 2735 2356 2785 succurrant.
2391 2721 2605 2777 Subditi
2644 2734 2795 2785 vero,
2825 2716 3060 2787 qualiter
3101 2712 3338 2784 prmlatis
3370 2711 3502 2766 obc-

1918 2822 2100 2884 diant;
2141 2827 2197 2874 et
2228 2830 2518 2889 pauperes,
2551 2813 2786 2883 qualiter
2814 2809 3074 2866 sull‘erant
3102 2813 3503 2877 paupertatem,

1919 2929 2042 2969 cum
2069 2911 2265 2966 divites
2293 2908 2441 2965 omni
2490 2907 2650 2963 modo
2686 2905 2861 2962 fulciri
2891 2899 3287 2972 perspexeriut.

1992 3007 2134 3061 idem
2184 3007 2327 3058 inter
2356 3001 2628 3070 conjuges
2674 3008 2730 3052 et
2780 2996 3019 3067 virgines
3063 2994 3264 3064 agitur.
3311 2989 3505 3060 Magna

1923 3110 2158 3166 namque
2207 3091 2455 3163 probatio
2504 3090 2609 3145 erit
2658 3090 2712 3142 in
2760 3088 3024 3156 utrisque.
3076 3084 3133 3139 ln
3184 3081 3505 3152 conjugibus

1922 3188 2163 3260 quidem,
2192 3187 2235 3240 si
2266 3200 2325 3239 se
2355 3185 2608 3255 congruis
2641 3182 2975 3253 temporibus
3012 3180 3118 3235 rite
3150 3177 3465 3233 contineant
3488 3189 3507 3247 :q

1923 3294 2044 3334 cum
2102 3286 2156 3332 et
2216 3273 2453 3344 virgines
2513 3272 2703 3328 eadem
2769 3270 3062 3341 fragilitate
3120 3266 3508 3330 circumdatos,

1924 3367 2128 3422 eisdem
2153 3348 2494 3434 passionibus
2520 3371 2755 3416 tentatos
2782 3369 3098 3430 perpetuam
3124 3357 3322 3414 habere
3347 3354 3511 3412 casti-

1928 3457 2163 3512 moniam
2190 3464 2508 3526 agnoscant.
2536 3452 2593 3507 In
2614 3451 2915 3523 virginibus
2938 3460 3140 3513 autem,
3166 3450 3231 3513 si,
3253 3445 3511 3519 propositi

1927 3546 2010 3602 sui
2036 3544 2409 3601 excellentiam
2431 3542 2638 3613 jugiter
2663 3540 3028 3604 attendentes,
3058 3546 3250 3592 curent
3274 3551 3340 3590 ne
3362 3543 3511 3605 retro

1931 3637 2126 3692 cadant
2168 3653 2182 3688 :
2225 3632 2660 3704 quandoquidem
2708 3630 2908 3685 multos
2960 3628 3110 3684 licito
3165 3623 3514 3681 matrimonio

1930 3727 2232 3800 copulatos,
2274 3734 2370 3781 aut
2403 3725 2504 3781 sub
2543 3722 2876 3780 continentia
2918 3720 3098 3776 debita
3142 3718 3322 3773 vivere
3361 3708 3515 3793 (qua:

1934 3799 2043 3879 Deo
2087 3828 2240 3876 tanto
2287 3817 2562 3888 acceptior
2606 3824 2710 3880 est,
2758 3822 2962 3885 quanto
3010 3810 3236 3867 liberius
3282 3799 3514 3883 relaxari

1933 3910 2136 3984 potest)
2158 3909 2241 3965 vel
2273 3923 2514 3979 prorsus,
2538 3907 2649 3961 vita
2680 3903 2924 3961 saeculari
2956 3902 3160 3966 relicta,
3201 3913 3299 3970 pro
3335 3908 3522 3952 amore

1934 4004 2028 4060 Dei
2059 4001 2326 4059 desideria
2357 3999 2536 4056 carnis
2562 4006 2761 4053 cuneta
2786 3995 3057 4065 respuisse
3084 3991 3330 4046 audiunt.

2008 4097 2313 4152 Probantur
2349 4102 2404 4148 et
2438 4092 2599 4146 aliter
2642 4089 2878 4159 virgines
2922 4095 3085 4155 atque
3126 4079 3406 4149 coniuges.
3442 4077 3526 4130 Eo.

1936 4189 2152 4260 quidem
2187 4185 2346 4241 modo
2376 4183 2635 4253 virgines,
2690 4180 2734 4234 si
2780 4176 3065 4231 attendant
3112 4182 3367 4239 quantas
3394 4166 3527 4235 grtia

1940 4257 2135 4334 tiaram
2169 4277 2412 4331 actiones
2440 4274 2551 4327 Deo
2594 4287 2692 4340 pro
2724 4270 2826 4323 hoc
2862 4266 3091 4320 debeant
3134 4260 3298 4329 quod,
3331 4273 3425 4311 eos
3454 4257 3526 4313 ad

1936 4367 2388 4426 sublimissimnm
2421 4361 2743 4431 virginitatis
2770 4356 2997 4426 gradum
3022 4368 3119 4423 per
3152 4346 3531 4419 inspirationis

1944 4475 2055 4515 sum
2102 4457 2331 4529 gratiam
2379 4452 2616 4520 eligens,
2666 4448 2734 4501 ab
2783 4443 3088 4501 innumeris
3132 4440 3291 4511 hujus
3345 4436 3529 4492 sa'culi

263 4559 475 4605 sanctus
496 4549 799 4621 Gregorius
819 4548 970 4611 dicit,
994 4550 1338 4618 sequentium
1364 4562 1546 4602 rerum
1570 4523 1839 4603 certitudo
1870 4518 1916 4576 ῃ
1946 4546 2179 4603 miseriis
2205 4542 2566 4614 periculisque
2592 4539 2802 4607 eripere
2830 4536 3081 4607 dignatus
3110 4532 3206 4596 sit,
3246 4545 3368 4586 cum
3404 4527 3524 4598 plu-

267 4641 653 4711 praeteritarum
712 4647 805 4694 est
858 4638 1142 4692 exhibitio.
1203 4636 1504 4706 Utrumque
1556 4637 1720 4707 igitur
1774 4636 1841 4690 ad

270 4730 405 4782 aliud
451 4730 676 4785 relatum
728 4728 935 4783 factum
985 4740 1069 4783 est
1116 4728 1279 4782 nimis
1326 4742 1666 4792 consonum;
1716 4725 1840 4795 quia

270 4821 440 4875 omnia
488 4838 606 4892 qua:
640 4821 696 4877 in
749 4818 901 4877 Novo
945 4836 1043 4893 per
1084 4820 1375 4876 adventum
1422 4818 1635 4875 Domini
1671 4816 1843 4871 nostri

269 4910 390 4967 Jcsu
426 4914 624 4971 Christi
666 4921 803 4970 sunt
832 4913 1083 4983 impleta,
1126 4913 1180 4967 in
1214 4912 1392 4967 Veteri
1424 4927 1522 4982 per
1556 4911 1846 4981 prophetas

272 5004 353 5057 vel
399 5007 654 5078 mysticas
702 5019 889 5059 rerum
937 5004 1147 5072 species
1190 5002 1407 5057 fuerant
1446 5001 1725 5074 prardicta.
1772 4999 1846 5055 lbi

278 5111 497 5168 namque
520 5100 642 5170 ejus
671 5098 1003 5163 incarnatio,
1032 5097 1103 5155 ibi
1132 5095 1250 5164 ejus
1272 5096 1474 5167 passio,
1504 5094 1647 5149 illius
1668 5107 1853 5147 resur-

280 5188 439 5243 rectio
476 5199 530 5245 et
567 5187 866 5246 ascensio:
897 5187 1061 5241 etiam
1106 5188 1287 5242 omnia
1354 5186 1571 5255 qumab
1600 5183 1854 5249 lucarna-

284 5274 417 5331 tione
442 5278 651 5334 Domini
687 5276 970 5346 usquead
1011 5290 1269 5344 prmsens,
1311 5284 1369 5331 et
1411 5292 1531 5347 qua:
1577 5275 1630 5329 in
1674 5272 1856 5341 futuro
1959 5275 2059 5342 uti,
2086 5281 2149 5329 ut
2175 5280 2353 5326 tamen
2387 5268 2455 5321 ab
2477 5275 2694 5321 aeterna:
2731 5262 2937 5320 beatitu

1945 4641 2113 4695 rimos
2162 4637 2215 4690 in
2264 4634 2468 4691 eisdem
2522 4631 2755 4686 miseriis
2806 4629 3011 4698 positos
3059 4623 3360 4693 reliquerit.
3415 4619 3531 4675 Non

1943 4730 2117 4785 solum
2149 4734 2329 4781 autent
2355 4722 2610 4794 virgines,
2644 4719 2738 4774 sed
2763 4719 2926 4771 etiam
2952 4730 3143 4771 omnes
3173 4713 3287 4784 qui,
3319 4710 3370 4766 in
3399 4702 3539 4778 qua.

1945 4833 2158 4890 cunque
2180 4824 2341 4872 aatate
2372 4812 2555 4885 positi,
2590 4812 2657 4867 ad
2689 4809 3022 4866 sublimioris
3050 4804 3315 4877 propositi
3350 4816 3536 4857 arcem

1946 4908 2290 4980 perveniunt,
2320 4896 2508 4961 eodem
2539 4901 2700 4956 modo
2725 4900 3044 4970 probantur.
3086 4892 3354 4964 Cnnjuges
3380 4903 3540 4954 vero,

1951 5013 2249 5070 omnesque
2278 4999 2331 5052 in
2361 4994 2605 5052 saeculari
2642 4993 2753 5047 vita
2794 4987 3122 5050 constituti,
3168 4985 3215 5039 si
3255 4981 3540 5050 attendant

1952 5101 2155 5165 quanta
2195 5090 2368 5162 gratia
2398 5086 2471 5148 sit
2510 5086 2655 5155 quod
2695 5083 2781 5139 vel
2847 5079 3119 5152 aliquibus
3163 5073 3374 5165 deliciis
3402 5079 3545 5165 lenia

1954 5158 2159 5255 poralis
2188 5158 2444 5234 vitmulla
2474 5175 2693 5246 pietatis
2721 5174 2917 5228 divina:
2955 5166 3170 5223 licentia
3212 5163 3430 5217 valeant
3468 5158 3547 5239 sic

2943 5257 3085 5316 diuis
3126 5252 3548 5325 participatione

2884 5355 2923 5374 PA-
2956 5350 3200 5374 -.:.'nnI-¢n
3227 5341 3522 5374 movimus“
