3998 5450
440 257 545 308 ηδ

513 369 593 424 Ad
630 373 743 425 lucc
777 371 938 426 etiam
983 375 1159 428 nullus
1188 374 1430 431 in'iﬁ‘late
1459 377 1778 450 intelligibili
1807 379 2009 448 positus
2035 378 2103 439 A'

436 458 780 527 relinquitur,
811 463 898 530 qui
934 477 1037 516 non
1069 466 1361 518 secundum
1397 468 1713 534 qualitatem
1757 469 1856 523 sibi
1903 468 2012 524 col-

439 546 584 612 lataz,
632 550 714 604 vel
763 552 812 604 in
862 551 1084 606 scientia
1117 568 1210 608 seu
1254 557 1534 624 soSpitate,
1581 558 1662 611 vel
1706 559 1940 627 polentia
1979 573 2009 612 a

440 635 550 692 Deo
580 639 838 707 probetur
862 642 988 710 quid
1015 659 1112 712 pro
1158 643 1312 716 [cod.
1341 645 1519 699 Lamb.
1553 647 1641 720 in]
1671 649 1788 718 ejus
1828 661 2013 704 amore

439 743 599 795 agere
648 730 726 783 vel
776 731 884 799 pati
936 733 1082 786 velit.
1129 733 1198 787 Et
1243 745 1442 802 quanta
1489 739 1863 802 consonantia,
1905 753 2009 809 qua

439 836 577 875 unus
604 823 830 892 quisque
864 840 958 894 per
981 825 1142 879 alium
1178 828 1439 898 probatur
1507 831 1551 886 si
1591 841 1678 886 est
1710 831 2013 903 intelligens

439 921 534 966 aut
568 913 848 980 requirens
888 914 1087 970 Deum?

508 1000 598 1055 Sol
629 1017 866 1071 quoque,
903 1003 1025 1058 luna
1058 1014 1112 1059 et
1142 1005 1348 1064 fruetus
1389 1017 1576 1076 terrm;
1617 1011 1877 1072 volatilia,
1912 1026 2014 1067 nec

435 1106 542 1144 non
589 1093 836 1145 universa
871 1095 1122 1148 animalia
1172 1111 1291 1164 quae
1337 1099 1389 1152 in
1438 1101 1592 1170 aquis
1654 1101 1737 1154 vel
1776 1102 1828 1155 in
1869 1111 2010 1156 terra

434 1189 740 1246 versantur,
765 1180 891 1252 dum
921 1183 1230 1241 nullatenus
1253 1187 1320 1240 ad
1344 1204 1402 1244 se
1425 1205 1516 1244 seu
1569 1201 1790 1260 propter
1814 1207 1892 1260 se,
1917 1194 2012 1248 sed

437 1272 505 1325 ad
541 1273 805 1328 lmmanos
838 1281 1208 1332 tantummodo
1236 1295 1366 1334 usus
1413 1282 1626 1337 condita
1666 1282 1966 1339 subsistunt
1994 1303 2008 1339 :

436 1366 800 1420 consonantia:
843 1367 1083 1436 profecto
1131 1369 1278 1424 velut
1325 1373 1532 1427 numeri
1586 1373 1792 1428 relativi
1831 1375 2012 1430 deser-

434 1458 603 1510 viunt.
634 1459 708 1512 Ex
739 1461 934 1527 quibus
959 1460 1100 1516 valet
1126 1465 1344 1531 probari
1403 1464 1550 1534 quia,
1582 1466 1724 1520 sicut
1751 1468 2009 1536 scriptum

434 1557 536 1610 est,
569 1549 700 1602 nihil
735 1552 784 1603 in
817 1560 956 1604 terra
987 1551 1043 1606 ﬁt
1071 1553 1188 1608 sine
1219 1569 1413 1620 causa,
1448 1555 1540 1610 sed
1579 1551 1879 1612 totum'sub
1908 1559 2011 1613 ali-

435 1653 540 1707 qua
571 1639 877 1694 ordinatum
907 1649 990 1696 cst
1027 1645 1400 1698 consonantia.

1010 1755 1237 1814 CAPUT
1277 1756 1438 1814 XLV.

679 1825 756 1880 De
789 1828 1082 1892 harmonia,
1121 1845 1238 1898 qua:
1269 1831 1322 1882 in
1356 1829 1516 1883 beatis
1552 1831 1763 1884 obtinet.

501 1918 692 1974 Adhuc
718 1921 784 1973 de
813 1921 992 1986 unius,
1029 1922 1324 1976 harmoniae
1352 1922 1590 1976 cmlestis
1620 1923 1844 1985 scilicet,
1881 1938 2012 1992 qua-

430 2009 602 2075 litate,
657 2027 778 2082 qua:
846 2019 992 2066 tanto
1051 2012 1315 2068 difﬁcilior
1359 2023 1441 2069 est
1488 2016 1554 2069 ad
1607 2015 2008 2084 proferendum,

431 2109 637 2170 quanto
689 2103 864 2156 minus
913 2103 1075 2157 habet
1129 2103 1292 2158 ullum
1346 2107 1626 2175 corporale
1674 2108 1757 2162 vel
1802 2109 2012 2164 visibile

432 2191 873 2254 instrumentum,
917 2194 1129 2258 dicere,
1169 2207 1326 2265 prout
1369 2197 1500 2251 fides
1526 2199 1721 2254 exinde
1751 2201 2008 2270 capienda

432 2284 782 2352 suggesserit,
829 2283 978 2337 libet.
1029 2284 1170 2338 Nihil
1212 2287 1355 2340 enim
1402 2287 1542 2341 aliud
1574 2290 1676 2343 nisi
1708 2291 1848 2360 quod
1881 2293 2012 2347 fides

429 2386 622 2440 capere
653 2372 828 2439 valet,
864 2373 987 2428 inde
1027 2376 1276 2444 cuiquam
1319 2378 1497 2432 dicere
1546 2377 1688 2434 licet.
1735 2381 1839 2435 Seu
1885 2381 2008 2450 quia

430 2461 691 2530 scriptum
739 2471 823 2516 est
845 2481 860 2517 :
885 2461 1044 2517 Fides
1095 2467 1473 2533 sperandarum
1509 2469 1799 2523 substantia
1828 2481 1900 2524 est
1931 2488 2012 2526 re-

431 2565 567 2615 rum,
609 2563 968 2621 argumentum
1004 2572 1106 2609 non
1141 2560 1503 2626 imparentium
1551 2559 1747 2628 (Hebr.
1786 2562 1906 2632 xr);
1957 2571 2011 2617 et

433 2641 688 2696 Dominus
721 2653 772 2696 et
802 2643 1052 2698 Salvator
1080 2655 1282 2713 noster,
1314 2655 1370 2699 ut
1399 2647 1450 2699 in
1480 2648 1768 2716 Evangelia
1796 2651 2008 2720 legitur,

428 2731 659 2800 plurima
711 2735 964 2802 mysteria
1015 2734 1252 2789 cmlestia
1300 2751 1396 2805 per
1445 2737 1622 2806 aliqua
1675 2750 2008 2794 terrenarum

439 2838 620 2877 rerum
665 2825 977 2892 explanavit
1024 2828 1531 2896 argumentazhinc
1579 2830 1744 2885 etiam
1790 2847 1888 2902 ego
1932 2833 2012 2885 in-

435 2924 674 2968 structus
709 2916 965 2982 arbitror,
1015 2927 1070 2971 et
1113 2919 1277 2972 credo
1305 2935 1500 2990 magna
1530 2921 1766 2976 cmlestis
1797 2923 2010 2978 harmo-

431 3003 534 3056 nire
565 3017 685 3057 esse
715 3016 1050 3074 argumenta,
1077 3009 1253 3061 omnia
1285 3026 1404 3079 quae
1428 3012 1592 3065 etiam
1618 3013 1726 3067 dixi
1757 3015 1820 3068 de
1849 3015 2008 3083 hujus

433 3092 558 3144 vitm
609 3096 995 3154 consonantiis.
1047 3106 1102 3150 et
1148 3113 1267 3166 qua:
1314 3115 1541 3169 usquam
1592 3114 1916 3158 exercentur
1954 3106 2005 3159 in

434 3183 641 3237 musica
675 3193 790 3239 arte
820 3187 1198 3242 instrumenta.
1236 3189 1387 3244 Sicut
1419 3193 1562 3245 enim
1596 3194 1646 3246 in
1680 3196 1898 3262 organis
1927 3195 2010 3249 vel

431 3272 485 3326 in
516 3274 900 3337 monochordo.
933 3294 1052 3346 qua:
1087 3280 1333 3336 videlicet
1377 3285 1646 3354 prmcipua
1677 3296 1800 3340 sunt
1830 3288 1881 3340 in
1913 3288 2013 3341 hu-

423 3359 658 3428 jusmodi
692 3365 997 3436 disciplina,
1029 3371 1179 3424 varia
1210 3371 1521 3427 discrimina
1551 3389 1829 3440 sonormn,
1878 3392 2012 3446 quo-

431 3449 563 3505 libet
611 3454 770 3508 modo
819 3470 876 3509 se
931 3460 1241 3526 przecedant
1287 3461 1371 3516 vel
1426 3463 1864 3533 subsequantur,
1916 3482 2012 3535 per

433 3542 692 3612 diapason
743 3547 1118 3602 coadunantur
1153 3568 1164 3602 :
1197 3551 1268 3604 ita
1318 3551 1369 3605 in
1424 3553 1628 3608 ccelesti
1682 3571 1847 3626 regno
1892 3573 2012 3613 esse

430 3635 623 3701 credo;
657 3647 735 3703 ut,
770 3636 899 3693 licet
924 3640 993 3694 ibi
1022 3656 1120 3710 pro
1149 3643 1356 3697 meritis
1383 3645 1611 3701 diversis
1637 3646 1772 3702 alter
1793 3648 2008 3717 quidem

430 3733 650 3778 sanctus
674 3727 740 3779 ad
769 3727 992 3780 alterum
1015 3730 1177 3798 quasi.
1197 3733 1619 3799 sesquioctavus,
1673 3737 1726 3789 id
1748 3746 1829 3790 est
1853 3743 2011 3792 tonus

431 3815 667 3885 integer,
714 3818 853 3876 alter
886 3835 1039 3886 vero,
1085 3830 1141 3874 ut
1167 3824 1506 3892 sesquialtcr,
1540 3825 1591 3879 id
1617 3835 1700 3882 est
1726 3827 2004 3897 diapente;

429 3915 484 3960 et
514 3909 650 3962 alius
677 3918 734 3962 ut
760 3912 1161 3980 sesqnitertius,
1195 3914 1244 3968 id
1273 3923 1356 3969 est
1383 3915 1718 3973 diatessaron
1750 3921 1816 3974 ad
1844 3920 2006 3974 alium

430 3999 699 4053 referatur
725 4020 738 4054 :
767 4012 944 4056 tamen
989 4021 1180 4059 omnes
1227 4007 1396 4060 sancti
1432 4023 1528 4078 per
1555 4009 1834 4065 cbaritatis
1881 4028 2010 4067 con-

430 4090 694 4156 cordiam,
729 4093 882 4161 quasi
915 4110 1010 4162 per
1035 4095 1314 4164 diapason,
1345 4113 1508 4151 unum
1541 4111 1812 4166 resonent,
1841 4119 2005 4159 unum

431 4180 675 4248 sapiant;
725 4183 902 4252 sitque
937 4199 1122 4239 eorum
1168 4186 1285 4240 laus
1314 4196 1368 4241 et
1397 4189 1693 4259 gratiarum
1725 4192 1866 4246 actio
1899 4202 2005 4248 tam

430 4287 529 4340 pro
575 4273 666 4327 Dei
715 4283 770 4328 ct
815 4275 1050 4330 hominis
1093 4276 1254 4346 (quia
1298 4279 1435 4332 Deus
1485 4280 1646 4334 homo
1685 4279 1857 4338 factus
1885 4286 2006 4354 est)

1466 254 2110 320 σἸἹΠῙῐῙΝΤΕΓΟΝΧΕΠῘ
2135 258 2197 320 S'.
2226 256 2661 322 'ESIMEIYAMMI
2715 249 2723 252 ’

3593 262 3694 317 124

2684 375 2913 433 CAPUT
2943 376 3124 432 XLVI.

2112 468 2192 522 De
2227 467 2440 522 diversis
2505 465 2610 520 diei
2670 475 2716 519 et
2762 468 2928 590 noczis
2967 468 3223 536 mysteriis
3261 474 3307 519 et
3352 467 3692 534 signi/iratio-

2807 553 2858 590 ιιι
2897 554 2977 590 us.

2807 553 2977 590 mnus.

2182 637 2567 719 IIucusquede
2593 635 2802 701 numeri
2835 647 3092 718 mysterio
3123 647 3414 709 disserens,
3459 659 3570 712 jam
3621 643 3690 696 ad

2110 752 2299 794 eorum
2345 753 2468 809 quas
2511 739 2705 795 deinde
2751 737 3026 809 proposita
3073 745 3221 802 sunt,
3272 737 3323 791 id
3359 745 3458 796 est.
3487 735 3590 790 diei
3626 751 3692 788 ac

2111 829 2309 893 noctis,
2360 827 2636 898 languoris
2678 839 2733 883 et
2777 828 3074 892 medicinae,
3130 827 3298 896 copiae
3345 835 3398 880 et
3448 824 3692 894 penuria:

2111 920 2368 992 mysteria
2395 920 2726 989 explananda
2760 921 2992 974 transire
3035 918 3212 987 cupio.
3263 917 3367 972 Sed
3401 915 3488 970 illa
3529 929 3690 984 supe-

2113 1010 2277 1072 riora,
2325 1009 2378 1063 id
2423 1017 2506 1063 est
2553 1009 2666 1063 dies
2707 1024 2772 1064 ac
2817 1023 2944 1072 nox,
2977 1023 3078 1078 pro
3113 1006 3502 1076 signiﬁcatione
3537 1006 3686 1058 varia

2113 1106 2408 1168 ponuntur.
2455 1097 2580 1152 Dies
2627 1113 2858 1168 namque
2885 1097 3065 1152 Jesum
3095 1096 3366 1152 Christum
3397 1096 3691 1165 aliquando

2112 1190 2400 1260 signiﬁcat,
2436 1198 2494 1243 ut
2524 1190 2595 1244 ibi
2623 1208 2636 1243 :
2665 1188 2852 1244 Nonne
2889 1189 3163 1243 duodecim
3192 1190 3335 1242 hora:
3383 1197 3506 1242 sunt
3543 1188 3694 1241 diei?

2113 1281 2303 1353 (loan.
2338 1281 2429 1350 tt).
2469 1282 2534 1335 Et
2563 1296 2666 1336 nox
2696 1281 2986 1346 diabolum,
3037 1290 3096 1336 ut
3125 1299 3138 1335 :
3169 1280 3385 1335 Noctem
3420 1279 3569 1334 illam
3607 1288 3688 1333 te-

2112 1371 2361 1424 nebrosus
2409 1369 2560 1423 turbo
2602 1370 2862 1439 possideat
2909 1368 3042 1440 (Job
3091 1369 3205 1439 tn).
3254 1369 3524 1424 Interdum
3556 1381 3694 1423 vero

2112 1460 2228 1514 dies
2255 1458 2410 1512 ﬁdem
2443 1457 2524 1512 vel
2548 1456 2850 1526 justitiam;
2880 1472 2983 1512 nox
3016 1457 3387 1512 inﬁdelitatem
3413 1464 3466 1512 et
3495 1456 3692 1525 iniqui-

2112 1559 2297 1605 tatem.
2330 1547 2438 1605 Ut:
2470 1549 2593 1603 Nox
2621 1550 2900 1619 prrecessit,
2947 1549 3057 1602 dies
3085 1557 3260 1602 autem
3298 1547 3693 1618 appropinqua-

2111 1638 2373 1710 vit(Rom.
2405 1639 2545 1710 xm).
2575 1640 2641 1694 Et
2668 1639 2860 1694 iterum
2887 1657 2899 1693 :
2927 1638 3104 1692 Eratis
3131 1638 3415 1709 aliquando
3441 1639 3688 1702 tenebrat,

2041 1715 2090 1777 Β
2118 1747 2253 1784 nunc
2282 1739 2455 1783 autem
2484 1730 2577 1784 lua:
2603 1732 2656 1784 in
2687 1729 2907 1783 Domino
2935 1728 3156 1801 (Epltes.
3190 1729 3273 1798 v).

2181 1820 2456 1875 Interdum
2479 1821 2642 1874 etiam
2671 1819 2786 1874 dies
2813 1835 2912 1889 pro
2939 1819 3345 1888 tranquillitate,
3376 1829 3430 1874 et
3456 1835 3560 1874 nox
3595 1834 3692 1888 po-

2113 1913 2262 1966 nitur
2312 1926 2411 1981 pro
2462 1911 2765 1965 tentatione
2813 1911 2893 1965 vel
2944 1910 3309 1966 tribulatione.
3364 1911 3563 1967 Utzln
3604 1913 3692 1966 die

2112 2003 2383 2056 mandavit
2403 2001 2658 2056 Dominus
2691 2001 3107 2056 misericordiam
3137 2019 3309 2067 suam,
3333 2013 3380 2056 et
3402 2013 3694 2058 noctemn-

2112 2094 2270 2147 ticum
2297 2094 2412 2164 ejus
2435 2092 2761 2164 (Paulam).
2787 2093 2865 2147 Ac
2895 2094 2938 2147 si
2968 2102 3152 2162 aperte
3178 2095 3392 2148 dicatur
3418 2113 3430 2148 :
3455 2095 3510 2149 In
3546 2104 3694 2148 tran-

2112 2185 2377 2253 quillitate
2409 2183 2792 2239 misericordim
2814 2185 3009 2240 divina:
3044 2185 3233 2240 notitia
3257 2188 3690 2251 commendatur,

2112 2276 2208 2330 sed
2255 2276 2305 2328 in
2362 2274 2710 2328 tribulatione
2749 2273 2987 2342 ejusdem
3029 2276 3234 2330 notitim
3263 2275 3536 2344 profectus
3565 2292 3693 2345 pro-

2111 2367 2288 2420 batur.
2306 2366 2581 2420 Invenitur
2601 2381 2816 2436 quoque
2841 2366 2957 2420 dies
2981 2380 3078 2434 pro
3100 2367 3350 2436 spiritali,
3378 2376 3443 2421 et.
3460 2382 3564 2420 nox
3594 2382 3692 2436 pro

2111 2455 2312 2510 carnali
2349 2457 2564 2510 homine
2590 2456 2753 2519 dicta,
2796 2464 2854 2509 ιιι
2880 2473 2893 2509 :
2921 2455 3063 2509 Tuus
3096 2465 3169 2509 est
3203 2457 3336 2521 dies,
3366 2455 3604 2519 Domine,
3640 2464 3692 2509 et

2111 2548 2303 2602 tuaest
2330 2547 2627 2619 nox(Psal.
2661 2547 2872 2618 uxnt).
2902 2548 2982 2606 Ae
3008 2547 3053 2602 si
3093 2549 3336 2618 apertius
3371 2549 3684 2603 diceretur:

2113 2638 2222 2692 Tua
2254 2639 2450 2708 gratia,
2475 2639 2717 2702 Domine,
2735 2638 3032 2709 spiritualis
3063 2639 3224 2694 homo
3248 2639 3494 2704 efIicitur,
3518 2648 3574 2695 et
3596 2650 3690 2694 tuo

2105 2730 2312 2800 judicio
2340 2729 2575 2784 carnalis
2603 2745 2722 2784 esse
2747 2730 3099 2800 permittitur.
3122 2730 3256 2785 Cum
3279 2746 3408 2802 ergo
3437 2731 3553 2786 haec
3578 2739 3686 2786 tam

2111 2821 2262 2874 varie
2315 2829 2608 2890 ponantur,
2647 2820 2871 2890 intelligi
2904 2823 3063 2875 datur
3103 2822 3229 2891 quia
3281 2831 3334 2876 et
3377 2822 3551 2876 adhuc
3591 2821 3694 2873 ali-

2111 2926 2272 2980 quam
2319 2910 2769 2978 significationem
2822 2911 3024 2966 habere
3053 2913 3280 2981 possint.
3313 2912 3484 2979 Quam
3523 2911 3687 2965 etiam

2113 3016 2177 3055 ex
2203 3017 2321 3056 meo
2347 3001 2570 3066 addens,
2599 3015 2814 3071 precor,
2845 3015 2911 3056 ne
2936 3002 3241 3074 dedigneris
3264 3003 3468 3059 audire.

2185 3091 2299 3146 Nox
2331 3093 2519 3163 igitur,
2551 3101 2611 3147 ut
2637 3083 3033 3166 mihividettrr,
3065 3110 3170 3148 non
3201 3094 3495 3163 incongrue
3519 3094 3688 3148 Vetus

2113 3184 2541 3249 Testamentum,
2585 3195 2642 3238 et
2668 3184 2785 3240 dies
2813 3185 3082 3256 signiﬁcat
3126 3184 3367 3250 Novum;
3404 3185 3497 3240 sed
3524 3195 3578 3240 et
3611 3194 3691 3239 te-

2111 3291 2298 3330 neram
2351 3276 2587 3330 hominis
2635 3274 2915 3330 infantiam
2969 3276 3053 3330 vel
3096 3278 3502 3331 conversionem
3557 3292 3684 3339 nox,

2112 3365 2227 3420 dies
2259 3374 2438 3420 autem
2466 3373 2710 3419 maturos
2739 3365 2972 3420 hominis
3017 3381 3187 3420 annos
3226 3374 3281 3420 et
3325 3381 3521 3419 mores.
3556 3365 3688 3432 Quae

2111 3459 2316 3514 scilicet
2341 3470 2396 3512 et
2421 3458 2473 3512 in
2500 3459 2601 3512 hoc
2624 3458 2780 3513 valde
2805 3459 3159 3523 concordant,
3189 3458 3339 3527 quia,
3375 3458 3519 3512 sicut
3543 3458 3687 3527 Apo-

2112 3550 2281 3604 stolus
2307 3549 2439 3603 dicit
2469 3567 2482 3601 :
2516 3547 2637 3601 Non
2671 3549 2817 3617 prius
2845 3549 2983 3618 quod
3017 3546 3252 3617 spiritale
3273 3557 3366 3610 est,
3409 3548 3500 3600 sed
3549 3547 3695 3618 quod

2111 3640 2339 3695 animale
2365 3639 2417 3707 (Ι
2445 3640 2566 3693 Cor.
2598 3639 2671 3710 v).
2708 3639 2761 3692 In
2789 3639 3038 3693 omnibus
3079 3635 3336 3708 prmcedit
3366 3637 3601 3690 animale
3633 3647 3688 3691 et

2112 3732 2354 3797 carnale;
2393 3733 2638 3801 sequitur
2667 3740 2846 3785 autem
2883 3730 3024 3800 quod
3063 3740 3148 3783 est
3193 3727 3495 3798 Spirituale.
3531 3727 3688 3783 Sicut

2112 3824 2253 3880 enim
2279 3839 2406 3889 nox,
2430 3823 2704 3877 carnalem
2731 3821 2917 3888 utique
2942 3819 3107 3872 vitam
3138 3817 3474 3888 signiﬁcans.
3503 3818 3688 3872 divina

2114 3917 2449 3973 institutione
2479 3915 2590 3985 jam
2620 3912 2875 3983 prteeedit
2913 3912 3077 3974 diem,
3112 3925 3231 3979 qua:
3251 3910 3500 3980 designat
3528 3909 3688 3978 spiri-

2113 4011 2340 4066 tualem:
2378 4009 2448 4062 ita
2472 4017 2527 4062 et
2553 4005 2718 4061 Vetus
2745 4005 3174 4067 Testamentum,
3207 4017 3307 4057 nec
3338 4017 3444 4055 non
3475 4003 3682 4056 teneri-

2112 4105 2238 4158 ιυᾱο
2281 4117 2542 4157 annorum
2588 4098 2747 4154 simul
2793 4105 2848 4152 CI.
2893 4112 3104 4150 morum
3143 4094 3436 4150 εθγηειιίιρι·
3458 4110 3684 4148 conver-

2111 4196 2283 4252 santia
2297 4194 2394 4268 [ita
2422 4189 2783 4263 uterquecod.]
2801 4189 3143 4259 prmcedunt;
3169 4195 3471 4258 sequuntur
3499 4195 3680 4242 autem

2111 4289 2318 4344 Novum
2341 4297 2394 4342 et
2439 4295 2571 4341 artas
2611 4294 2665 4338 et
2715 4281 3053 4338 conversatio
3084 4289 3319 4345 matura,
3349 4278 3682 4348 spiritualem

432 4376 531 4415 nec
579 4378 683 4416 non
730 4379 830 4432 pro
871 4367 1111 4420 omnium
1154 4368 1469 4424 szeculorum
1520 4383 1574 4425 et
1617 4371 2002 4429 elementorum
2035 4406 2082 4465 ο
2112 4380 2520 4451 intelligentiam
2551 4375 2776 4432 sortitze.
2795 4373 2986 4443 Magna
3011 4387 3142 4441 ergo
3165 4381 3286 4425 erat
3314 4385 3420 4425 nox
3453 4371 3505 4424 in
3528 4385 3682 4423 mun-

431 4462 591 4520 atque
622 4469 799 4508 rerum
832 4459 1204 4526 consonantia,
1235 4475 1394 4529 quam
1411 4478 1506 4531 pro
1535 4465 1850 4534 gaudiorum
1879 4481 2009 4522 suo-
2035 4459 2072 4465 ⁷
2107 4473 2194 4536 do,
2242 4487 2362 4528 cum
2440 4469 2585 4524 nulla
2633 4483 2772 4538 pene
2819 4465 2919 4521 nisi
2974 4464 3290 4534 temporalia
3339 4471 3394 4517 et
3439 4461 3680 4516 carnalia

431 4556 550 4594 rum
583 4545 1036 4610 remuneratione,
1065 4549 1391 4616 sempiterna
1423 4553 1575 4620 quasi
1609 4558 1850 4623 quaedam
1880 4558 2003 4611 har-

434 4626 614 4688 mOnia
665 4637 869 4692 habens
929 4640 1107 4693 varias
1157 4640 1488 4698 differentias
1550 4647 1853 4701 sanctitatis
1901 4663 2003 4716 pro

432 4724 1059 4796 variisdiscrepantium
1098 4745 1290 4785 vocum
1329 4734 1531 4798 modis;
1587 4735 1792 4791 habens
1839 4739 1999 4792 etiam

432 4814 731 4871 sanctiores
761 4833 1002 4888 quosque
1040 4821 1330 4891 dispositos
1359 4839 1456 4893 pro
1489 4826 1822 4893 intensione;
1862 4827 2003 4883 infe-

435 4905 606 4960 riores
638 4923 765 4962 vero
795 4925 892 4978 pro
923 4912 1258 4968 remissione.

503 4995 626 5049 "me
673 5008 852 5052 autem
904 5001 974 5054 ita
1024 5017 1144 5057 esse
1191 5001 1297 5058 non
1333 5005 1558 5065 afﬁrmo.
1606 5009 1721 5074 sed,
1774 5017 1832 5062 ut
1869 5010 2000 5076 dixi,

432 5087 612 5151 credo,
644 5088 820 5143 sciens
851 5091 1107 5161 scriptum
1133 5112 1146 5146 :
1187 5092 1424 5149 I’iilcmus
1454 5113 1704 5167 nuncper
1737 5099 2002 5166 speculum

431 5177 483 5227 in
513 5178 806 5246 wnigmate,
846 5189 968 5235 tunc
996 5195 1193 5247 autent,
1244 5185 1294 5239 id
1321 5196 1424 5252 est,
1472 5188 1522 5241 in
1571 5190 1749 5242 futuro
1784 5191 1997 5256 srecnlo,

430 5265 564 5332 facie
592 5270 661 5321 ad
689 5272 876 5337 faciem
906 5273 965 5342 (I
996 5273 1114 5328 Cor.
1148 5276 1297 5347 χιιι).
1342 5278 1407 5331 Et
1437 5279 1626 5333 iterum
1655 5297 1666 5331 :
1695 5277 1801 5332 Per
1839 5281 1997 5348 ﬁdem

503 5355 564 5384 διδ.
600 5373 736 5384 ,διε-ιε.
772 5362 1042 5384 ---.ι.-.ίν-μν
1191 5376 1202 5384 ε
1597 5369 1608 5380 ο
1737 5369 1752 5384 Ι
1777 5368 1826 5384 ΙΙ
1875 5369 1910 5384 η

433 5370 564 5384 aut...
600 5373 703 5384 μου..
716 5377 736 5384 σ-

2095 4564 2242 4618 bona
2276 4562 2522 4618 homines
2566 4559 2841 4614 amabant.
2875 4554 3063 4625 Magna
3113 4552 3462 4607 nihilominus
3491 4566 3595 4604 nox
3627 4551 3678 4602 in

2102 4653 2346 4716 homine,
2377 4650 2612 4720 quandiu
2639 4648 2837 4702 nullam
2868 4646 3027 4702 habet
3058 4645 3162 4698 vim
3195 4642 3418 4697 rationis
3446 4649 3501 4695 et
3523 4641 3680 4694 bona:

2104 4741 2556 4798 conversationis.
2611 4739 2766 4794 Unde
2816 4738 2902 4792 his
2949 4735 3200 4792 omnibus
3249 4735 3380 4788 satis
3425 4733 3678 4801 congruit

2104 4833 2281 4890 oratio
2312 4833 2399 4886 illa
2427 4830 2703 4885 Zacharia:
2731 4846 2745 4882 :
2775 4828 3086 4881 llluminare
3120 4824 3358 4884 Domine,
3395 4823 3475 4876 his
3503 4823 3593 4892 qui
3621 4822 3677 4873 in

2105 4922 2329 4976 tenebris
2352 4929 2399 4974 et
2429 4920 2482 4972 in
2513 4919 2696 4972 umbra
2723 4917 2905 4970 mortis
2931 4911 3473 4984 sedent(Luc.t).Sed
3504 4919 3556 4964 ct
3587 4909 3674 4962 illa

2105 5013 2270 5066 verba
2327 5024 2447 5080 quze
2483 5009 2534 5062 in
2569 5007 2784 5078 hymnis
2827 5003 3109 5060 nocturnis
3136 5003 3342 5057 orando
3387 5000 3671 5055 canimus:

2106 5102 2207 5166 Tu,
2239 5100 2476 5163 Christe,
2501 5112 2747 5153 somnum
2776 5095 2992 5164 disjice;
3024 5102 3101 5159 tu,
3133 5108 3324 5161 rumpe
3361 5090 3534 5145 noctis
3557 5087 3674 5142 vin-

2104 5192 2249 5256 cula;
2287 5199 2366 5254 tu,
2397 5189 2545 5244 solve
2588 5195 2868 5258 peccatum
2919 5193 3094 5249 vetus,
3144 5195 3450 5250 novumque
3497 5179 3672 5232 lumen

2101 5282 2306 5352 ingere.

2776 5370 2827 5384 ιη
2902 5370 2936 5384 ,ο
3029 5382 3036 5383 ,
3085 5382 3090 5383 γ
3155 5381 3170 5384 -
3214 5364 3367 5384 ,--le!-
3409 5359 3669 5384 .._-‘nlan‘
