3998 5450
251 313 352 385 es

1265 330 1536 388 DIALOG.
1581 332 1667 387 DE
1704 284 1958 389 TDIBUS
1999 335 2548 402 QUIESTIONIBUS.

3414 350 3516 408 126

247 445 437 516 primi,
473 443 632 498 nullo
654 441 775 513 galli
802 449 963 497 cantu
986 449 1080 497 aut
1113 441 1398 498 familiaris
1427 459 1571 498 curre
1599 445 1828 514 strepitu
1857 447 1907 505 Α
1936 458 2003 502 eo
2061 454 2152 522 qui
2184 466 2534 524 prosperatnr
2569 457 2620 511 in
2669 459 2749 512 via
2781 473 2900 523 sua,
2936 461 2986 516 ῖη
3029 463 3248 520 nomine
3280 465 3514 526 facian“,

248 535 512 600 excitati;
576 535 648 588 ita
689 543 744 588 et
777 534 829 588 itt
868 535 1041 603 prima
1079 534 1263 588 mundi
1305 543 1463 589 aitate
1486 549 1677 589 omnes
1701 549 1839 602 pene

248 623 641 694 temporalium
665 624 923 679 bonorum
945 623 1350 694 carnaliumque
1371 623 1704 694 voluptatum
1727 632 1839 677 tor-

244 732 376 785 pore
395 715 667 783 jacebant
691 713 953 782 depressi,
992 714 1138 768 nullo
1175 714 1399 785 spiritali
1426 715 1566 785 gallo
1594 714 1676 767 vel
1706 730 1836 769 cura

244 807 507 878 perennis
537 807 665 860 vita:
713 807 780 860 ab
809 805 913 860 hoc
946 805 1129 860 lethali
1167 821 1357 860 somno
1387 805 1648 860 revocati.
1682 806 1837 871 Quod

242 898 458 952 scilicet
492 897 569 951 ita
595 910 717 952 esse
742 896 1084 965 apertissime
1107 895 1389 965 Scriptura
1416 913 1571 952 sacra
1604 905 1837 952 testante

242 991 543 1061 probatur;
577 1007 722 1061 qucc,
749 990 989 1061 exceptis
1030 999 1152 1044 octo
1193 991 1525 1055 hominibus,
1561 1006 1749 1045 omnes
1781 991 1834 1044 in

242 1091 491 1150 tempore
525 1081 641 1146 illo,
688 1081 890 1136 diluvio
938 1080 1236 1134 inundante
1284 1089 1472 1134 narrat
1515 1080 1834 1136 exstinctos.

239 1172 296 1226 ln
351 1181 546 1228 tenera
595 1173 763 1228 etiam
806 1178 965 1226 :etate
1013 1169 1098 1224 vel
1156 1170 1513 1224 conversione
1559 1169 1833 1234 hominis,

241 1263 474 1316 necdum
498 1262 783 1332 capacitas
811 1260 1056 1324 rationis,
1086 1260 1312 1314 necdum
1331 1259 1519 1330 vigilat
1541 1274 1692 1313 amor
1711 1260 1836 1314 vitae

241 1352 582 1422 spiritualis;
618 1351 714 1406 sed
747 1351 991 1404 imminet
1015 1351 1194 1404 adhuc
1239 1364 1464 1403 somnus
1493 1349 1711 1417 quidem
1749 1349 1836 1402 tti-

239 1444 364 1498 mia:
397 1443 717 1513 fragilitatis
743 1451 799 1496 et
837 1440 1063 1496 allectus
1105 1440 1403 1496 smcularis.
1439 1439 1663 1503 Deinde,
1696 1438 1836 1494 sicut

241 1542 404 1587 nocte
433 1533 615 1586 media
638 1531 1105 1601 appropinquante
1130 1529 1254 1599 galli
1279 1537 1472 1583 cantus
1495 1527 1705 1597 aliquos
1732 1541 1830 1580 ex-

241 1625 374 1685 citat
426 1635 483 1678 et
517 1625 584 1677 ad
628 1623 848 1694 negotia
895 1623 1054 1692 hujus
1101 1623 1226 1675 vitm
1273 1621 1579 1676 necessaria
1627 1620 1832 1691 agenda

238 1724 535 1786 provocat,
589 1714 662 1768 ita
693 1713 858 1766 etiam
903 1712 957 1766 in
1011 1711 1187 1765 aztatis
1235 1710 1520 1764 mandante
1548 1723 1830 1778 processu.

1943 542 2233 612 injustitias
2275 543 2448 616 (Psal.
2490 549 2698 619 xxxVI).
2751 551 3097 620 Disciplinam
3154 555 3387 622 Domini,
3439 561 3511 616 fili

1939 634 2035 698 mi,
2067 651 2135 690 ne
2160 636 2406 703 abjicias,
2455 655 2559 695 nec
2597 642 2816 698 deﬁcias
2861 660 2981 700 cum
3025 649 3092 703 ab
3129 665 3197 702 eo
3246 656 3510 722 argueris.

1939 723 2108 791 Quem
2148 728 2290 795 enim
2319 728 2511 799 diligit,
2543 731 2798 788 Dominus
2838 737 3063 806 corripit
3087 737 3272 808 (Hebr.
3307 748 3424 812 xu),
3455 756 3510 798 et

1937 817 2091 885 quasi
2146 828 2298 886 pater
2347 820 2398 873 in
2465 820 2576 875 filio
2629 825 2926 892 complacet
2973 829 3097 906 sibi.
3144 830 3512 903 Quodcunque

1939 921 2130 960 manus
2164 915 2251 960 tua
2305 917 2482 978 potest
2537 908 2736 976 facere,
2771 913 3039 971 instanter
3071 934 3336 987 operare;
3383 924 3510 992 quia

1938 1009 2039 1050 nec
2073 1011 2230 1065 opus,
2280 1015 2380 1054 nec
2412 1000 2573 1065 ratio,
2603 1018 2702 1056 nec
2737 1004 2963 1059 scientia
2996 1018 3153 1063 erunt
3197 1013 3334 1079 apud
3377 1013 3516 1066 infc-

1937 1099 2046 1147 ros,
2075 1101 2182 1154 quo
2213 1095 2266 1139 ttt
2306 1101 2582 1157 prOperas.
2614 1089 2884 1148 Memento
2911 1094 3185 1152 Creatoris
3210 1100 3284 1152 tui
3317 1101 3370 1154 in
3399 1102 3514 1156 dic-

1935 1176 2036 1231 bus
2051 1176 2348 1245 juventutis
2375 1188 2479 1235 tua:
2507 1181 2705 1250 (Eccle.
2737 1185 2855 1255 xu),
2885 1195 2938 1239 et
2972 1203 3038 1241 ne
3071 1190 3248 1243 tardes
3268 1193 3513 1246 converti

1937 1266 2002 1320 ad
2045 1267 2330 1322 Dominum
2363 1267 2553 1340 (Eccli.
2584 1271 2660 1341 v).
2687 1271 2818 1338 Quae
2854 1275 2998 1328 enim
3034 1291 3060 1327 a
3105 1276 3386 1343 juventntc
3421 1288 3508 1334 tua

1937 1373 2040 1412 non
2079 1375 2394 1430 congregas,
2447 1363 2717 1430 quomodo
2760 1364 2967 1418 iuvenis
3015 1380 3076 1419 ea
3127 1367 3178 1418 in
3235 1376 3511 1422 senectute

1937 1449 2059 1502 tua?
2090 1450 2186 1503 Fili
2223 1451 2330 1514 mi,
2364 1453 2630 1507 accedens
2657 1453 2722 1506 ad
2751 1455 3063 1509 servitutem
3097 1456 3210 1520 Dci,
3239 1466 3317 1511 sta
3352 1459 3404 1512 in
3448 1461 3512 1512 ti-

1935 1555 2086 1594 more
2133 1550 2186 1594 et
2224 1539 2454 1606 iustitia,
2484 1552 2538 1598 et
2593 1559 2723 1613 para
2761 1545 2996 1600 animam
3044 1555 3189 1601 tuam
3229 1547 3292 1601 ad
3333 1557 3506 1603 tenta-

1936 1629 2134 1684 tionem
2162 1629 2331 1696 (Ερειὶ
2360 1632 2440 1700 ιι).
2483 1651 2500 1683 ι

2003 1718 2133 1774 Item
2161 1719 2402 1790 pluribus
2424 1721 2704 1776 dicendum
2740 1739 2752 1776 :
2795 1743 2814 1775 ι
2842 1725 3064 1781 Gustatc
3092 1736 3147 1781 et
3175 1727 3351 1782 videte
3377 1742 3511 1796 quo-

238 1807 570 1878 patriarehm
599 1804 774 1860 sancti
820 1802 1108 1874 praeceptis
1131 1801 1330 1856 diVinis
1361 1799 1637 1862 inSlI'UCli.
1659 1797 1832 1869 ριυτῑ-
1866 1793 1908 1852 Β
1937 1808 2082 1863 niam
2116 1811 2298 1863 suavis
2325 1821 2408 1865 est
2453 1810 2732 1868 Dominus.
2765 1815 2960 1869 Beatus
3006 1815 3089 1869 vir
3116 1818 3205 1886 qui
3243 1793 3424 1886 sperat
3457 1818 3509 1872 in

239 1913 360 1951 mos
385 1895 646 1951 mortales
679 1909 832 1948 more
855 1892 1117 1962 gallorum
1145 1899 1429 1960 coeperunt
1449 1889 1711 1954 excitare,
1736 1887 1834 1941 ob-

237 1987 693 2054 servationesque
737 1983 918 2038 varias
978 1982 1280 2046 instituere,
1309 1995 1427 2051 quae
1478 1989 1588 2033 tam
1637 1977 1833 2032 animm

237 2096 412 2149 quam
437 2079 655 2148 corpori
686 2078 906 2132 fuerant
945 2077 1276 2131 necessaria.
1325 2074 1534 2129 Similia
1564 2073 1631 2128 de
1656 2072 1833 2127 homi-

238 2171 325 2226 nis
354 2179 517 2225 zrtate
563 2169 646 2224 vel
676 2168 1031 2224 conversione
1059 2166 1375 2238 proficiente
1400 2173 1652 2221 constant
1675 2163 1836 2219 intel-

238 2259 472 2330 ligenda.
501 2259 656 2314 Tunc
675 2259 820 2314 enim
847 2256 1098 2311 rationali
1123 2256 1264 2328 [cod.
1290 2256 1449 2310 Cruc.
1497 2253 1830 2326 rationabili]

237 2361 292 2406 et
322 2350 593 2421 spirituali
627 2364 812 2411 sensu,
842 2348 994 2417 quasi
1023 2347 1256 2416 quodam
1285 2345 1409 2418 galli
1437 2354 1600 2400 cantu
1629 2345 1836 2401 excita-

241 2453 348 2505 tus,
383 2441 577 2510 incipit
618 2440 762 2494 inter
793 2439 991 2494 bonum
1021 2447 1075 2492 et
1109 2437 1307 2491 malum
1336 2436 1670 2502 discernere,
1708 2436 1834 2492 etin

239 2533 432 2602 quavis
455 2530 742 2602 disciplina
775 2527 1064 2600 prolicere.

313 2624 440 2678 Post
475 2624 590 2685 [nec
616 2637 744 2677 vero
774 2635 972 2675 aurora
1000 2619 1396 2690 pr0pinquante
1423 2618 1595 2689 magis
1626 2617 1823 2693 magis-
1862 2621 1873 2631 '

241 2712 345 2786 que
387 2715 656 2787 gallorum
689 2721 883 2769 cantus
933 2711 1067 2767 solet
1101 2718 1463 2780 perstrepare,
1503 2720 1551 2764 et
1585 2707 1834 2764 excussis

245 2812 439 2880 sepius
468 2809 663 2880 pennis
695 2808 832 2861 adeo
873 2804 1200 2860 insolescere
1223 2844 1238 2868 ,
1269 2811 1346 2867 ιιι,
1375 2803 1418 2857 si
1446 2802 1536 2872 qui
1560 2802 1712 2872 juxta
1739 2817 1835 2857 eos

245 2902 401 2972 positi
425 2903 604 2955 adhuc
633 2898 867 2954 forsitan
897 2896 1183 2965 quiescere
1206 2895 1393 2957 velint,
1422 2893 1511 2948 vix
1537 2909 1604 2949 ex
1632 2893 1834 2963 impor-

245 2993 387 3045 tunis
419 2990 630 3044 illorum
668 2988 923 3042 cantibus
951 2985 1180 3057 possint.
1219 2984 1308 3040 Sic
1337 2983 1714 3047 uimirum,sic
1739 2982 1834 3036 ad-

239 3091 399 3135 ventu
448 3069 752 3133 Salvatoris
799 3077 997 3141 nostri,
1043 3075 1174 3130 solis
1201 3073 1457 3130 videlicet
1485 3073 1698 3135 teterni,
1741 3088 1832 3142 ap-

238 3173 657 3242 pr0pinqnante,
707 3168 939 3237 plurima
1001 3167 1391 3237 prephetarum
1439 3164 1712 3235 praeconia
1768 3179 1832 3218 ac

239 3261 562 3316 documenta
598 3256 1038 3329 perstrepebant,
1082 3265 1136 3310 ct
1163 3270 1352 3310 omnes
1384 3270 1568 3308 secum
1598 3269 1831 3309 conver-

238 3362 426 3409 santes
470 3353 536 3406 ad
570 3349 976 3420 exsurgendum
1011 3347 1390 3403 emendatione
1432 3362 1644 3400 tuorttm
1681 3347 1831 3400 exci-

238 3452 440 3505 tantes,
489 3450 785 3495 ventnrum
844 3439 1008 3494 totius
1048 3439 1265 3509 pietatis
1311 3447 1367 3491 et
1413 3435 1640 3505 justitia:
1690 3437 1832 3490 diem

237 3532 698 3601 prmnuntiahant.
756 3529 997 3596 Quorum
1053 3545 1194 3582 ttutts
1244 3527 1648 3583 dixit:Parate
1695 3529 1832 3580 viam

236 3625 474 3686 Domini,
508 3634 675 3677 rectas
706 3621 868 3690 facite
894 3621 1108 3674 semitas
1137 3619 1234 3674 Dei
1263 3620 1463 3686 nostri;
1491 3620 1615 3688 quia
1638 3618 1836 3672 revela-

238 3714 379 3774 bitur
406 3712 578 3784 g!oria
614 3711 828 3766 Domini
856 3710 992 3776 (Isa.
1021 3711 1132 3780 XL).
1165 3711 1230 3764 Et
1260 3719 1378 3780 post
1421 3725 1591 3778 pauca
1650 3709 1790 3763 idem
1817 3726 1830 3762 :

242 3800 399 3866 Ecce,
434 3802 634 3870 inquit,
659 3801 924 3854 Dominus
949 3800 1092 3853 Deus
1119 3811 1295 3854 noster
1327 3801 1380 3853 in
1417 3799 1727 3868 fortitudine
1750 3817 1835 3855 ve-

241 3896 366 3957 niet,
396 3904 442 3947 et
477 3893 749 3946 brae/tium
788 3893 902 3962 ejus
930 3888 1291 3945 daminabitur
1319 3890 1529 3958 (Ibid).
1564 3892 1709 3946 Idem
1741 3891 1833 3961 qni

244 4000 408 4053 supra
437 4001 450 4035 :
483 3981 800 4053 Egredietar
845 3984 990 4052 virga
1027 3983 1089 4034 de
1139 3982 1315 4034 radice
1345 3982 1514 4048 Jesse,
1563 3992 1610 4036 et
1640 3984 1740 4052 [los
1772 3984 1835 4038 de

245 4078 475 4146 germine
521 4076 634 4145 ejus
661 4075 900 4129 ascendet
942 4072 1077 4144 (lsa.
1111 4075 1210 4146 XI).
1259 4075 1358 4128 Ast
1399 4074 1538 4128 alter
1572 4075 1834 4144 propheta

245 4167 416 4220 dixit:
446 4166 579 4219 Ecce
605 4167 715 4220 dies
746 4166 971 4226 venient,
1003 4165 1130 4218 dicit
1181 4165 1457 4231 Dominus,
1493 4174 1540 4218 et
1571 4167 1833 4220 suscitabo

245 4258 414 4314 David
449 4275 656 4328 germen
698 4258 911 4328 justum
945 4271 962 4310 :
991 4267 1038 4310 et
1087 4256 1341 4327 regnabit,
1399 4275 1512 4323 rex,
1550 4268 1596 4312 et
1626 4261 1834 4328 sapiens

247 4354 427 4416 erit,et
455 4351 896 4421 facietjndicium
913 4359 959 4401 et
975 4349 1239 4419 justitiam
1261 4349 1316 4402 in
1339 4359 1480 4404 terra
1497 4348 1634 4421 (Jer.
1653 4352 1833 4419 χχιιι).

249 4442 310 4495 lit
336 4443 474 4497 alius
521 4443 832 4512 propheta:
864 4459 881 4491 t
920 4439 1053 4495 Cum
1078 4441 1306 4506 venerit,
1355 4441 1558 4512 inquit,
1608 4453 1832 4499 sanctus

1934 1915 2000 1955 eo
2027 1898 2200 1969 (Psal.
2238 1901 2454 1971 χχχιιι).
2499 1901 2674 1958 Nolite
2714 1906 2866 1974 pueri
2911 1905 3047 1962 etiici
3095 1910 3372 1971 sensibus,
3420 1909 3515 1962 sed

1935 1989 2139 2045 malitia
2168 1991 2373 2060 parvuli
2403 2000 2596 2048 estote.
2630 1992 2780 2048 Sicut
2813 1994 2956 2048 enim
2985 1996 3307 2052 exhibuistis
3341 2012 3516 2052 mem-

1934 2079 2032 2135 bra
2061 2091 2241 2136 vestra
2270 2082 2478 2136 servire
2525 2083 2881 2138 immunditizc
2909 2094 2965 2139 et
2996 2085 3263 2154 iniquitati
3295 2087 3360 2141 ad
3407 2086 3516 2139 ini-

1934 2172 2228 2238 quitatem;
2264 2171 2335 2224 ita
2366 2187 2508 2225 nunc
2547 2171 2798 2227 exhibete
2837 2174 3077 2227 membra
3102 2183 3278 2229 vestra
3310 2173 3516 2229 servire

1930 2259 2156 2330 justitim
2204 2261 2256 2315 itt
2313 2261 2824 2317 sanctificationem.
2869 2263 3047 2318 Nolite
3078 2265 3368 2334 prudentes
3395 2276 3516 2318 esse

1937 2353 2076 2421 apud
2103 2353 2476 2421 vosmetipsos,
2510 2352 2643 2406 nulli
2675 2353 2874 2407 malum
2909 2369 3006 2422 pro
3051 2353 3193 2408 malo
3232 2353 3518 2407 reddentes

1935 2442 2115 2515 (Rom.
2145 2445 2265 2512 xu),
2289 2454 2344 2498 et
2365 2445 2544 2499 carnis
2563 2460 2751 2500 curam
2778 2460 2842 2498 ne
2869 2445 3110 2499 feceritis
3133 2447 3185 2499 in
3210 2445 3515 2499 desideriis.

1936 2536 2168 2592 Stabiles
2216 2546 2391 2592 estote
2431 2545 2486 2592 et
2527 2537 2857 2599 immobiles,
2905 2537 3243 2592 abundantes
3271 2537 3322 2590 itt
3353 2550 3516 2606 apere

1935 2625 2147 2680 Domini
2179 2641 2418 2696 semper,
2457 2627 2688 2682 scientes
2740 2627 2869 2697 quia
2904 2626 3056 2680 labor
3083 2633 3261 2680 vester
3300 2640 3404 2679 non
3432 2632 3518 2680 est

1937 2720 2116 2774 inanis
2158 2719 2210 2774 in
2255 2719 2481 2774 Domino
2507 2718 2557 2788 (1
2601 2717 2726 2773 Cor.
2762 2718 2874 2787 xv).
2906 2717 3159 2786 Vigilate,
3216 2725 3273 2772 et
3298 2725 3436 2772 state
3461 2716 3518 2772 in

1936 2810 2076 2875 fide;
2110 2809 2346 2864 viriliter
2385 2809 2547 2880 agite,
2577 2819 2632 2864 et
2672 2808 3054 2864 confortamini
3081 2824 3095 2862 :
3121 2808 3302 2863 omnia
3334 2817 3517 2862 vestra

1937 2901 1989 2954 in
2020 2901 2288 2977 charitate
2317 2901 2448 2955 fiant
2477 2900 2528 2971 (l
2557 2900 2680 2954 Cor.
2707 2900 2843 2972 χιιι).
2885 2899 3255 2954 llutuiliamini
3293 2898 3392 2954 sub
3416 2914 3519 2968 po-

1938 2995 2066 3047 tenti
2097 3009 2260 3047 manu
2286 2992 2400 3057 Dei,
2431 3001 2490 3047 ttt
2516 3009 2612 3048 vos
2639 2993 2839 3049 exaltet
2882 2993 2934 3047 in
2967 3002 3208 3063 tempore
3237 2993 3520 3047 visitatio—

1939 3083 2049 3149 nis;
2113 3097 2324 3137 omnem
2354 3083 2769 3139 sollicitudinem
2798 3093 3032 3138 vestram
3070 3083 3409 3153 projicientes
3462 3082 3517 3136 in

1936 3190 2081 3238 eum,
2103 3175 2357 3244 quoniam
2389 3173 2485 3244 ipsi
2514 3190 2641 3229 cura
2670 3183 2753 3229 est
2779 3175 2844 3229 de
2876 3174 3023 3227 vobis
3051 3173 3104 3243 (I
3133 3171 3278 3227 Petr.
3310 3174 3384 3244 v).

2005 3264 2138 3319 Cum
2165 3279 2294 3334 ergo
2319 3265 2403 3318 his
2423 3274 2474 3318 et
2499 3263 2803 3331 huiusmodi
2837 3265 3015 3320 verbis
3053 3263 3244 3318 doctor
3271 3264 3498 3334 quilibet

1937 3353 2209 3408 studiosus
2255 3353 2532 3409 auditores
2559 3369 2687 3408 suos
2718 3352 3031 3423 frequenter
3077 3355 3360 3418 admonet,
3388 3353 3518 3423 quid

1938 3445 2040 3498 nisi
2070 3445 2193 3516 galli
2217 3444 2451 3500 oflicium
2482 3445 2688 3515 implet,
2723 3447 3055 3499 annuntians
3082 3446 3165 3501 eis
3205 3447 3344 3500 viam
3375 3446 3520 3500 veri-

1938 3535 2065 3588 tatis
2091 3543 2146 3588 et
2170 3533 2350 3595 lumen
2383 3533 2570 3604 gratia:
2605 3534 2938 3602 spiritualis?
2981 3533 3115 3587 Nam
3161 3543 3365 3602 quanto
3400 3533 3519 3602 plus

1937 3640 2030 3680 eos
2060 3626 2127 3679 ad
2155 3625 2420 3680 virtutum
2465 3625 2641 3680 studia
2671 3625 2899 3685 excitat,
2925 3633 3077 3678 tanto
3097 3623 3320 3693 propius
3343 3623 3548 3680 sancti“

1939 3717 2177 3788 Spiritus
2203 3718 2435 3788 gratiam
2471 3717 2618 3771 omni
2651 3717 2738 3772 die
2777 3716 3065 3772 clariorem
3111 3714 3214 3769 sibi
3259 3713 3520 3768 adventu-

1937 3825 2052 3864 ram
2093 3807 2394 3862 denuntiat.
2439 3806 2520 3861 Ad
2547 3814 2850 3860 extremum
2877 3819 3024 3867 vero,
3072 3803 3210 3859 sicut
3237 3811 3359 3857 orto
3385 3802 3518 3866 sole,

1936 3901 2113 3956 omnis
2147 3898 2383 3954 mundus
2426 3898 2780 3961 illuminatur,
2803 3905 2860 3951 et
2891 3896 3083 3950 umbra
3112 3894 3292 3950 omnis
3321 3891 3522 3960 effuga-

1938 4003 2059 4057 tur,
2098 3992 2172 4046 ita
2201 3991 2496 4046 adveniens
2524 3990 2576 4044 in
2601 4004 2767 4044 carne
2794 3988 3054 4042 Dominus
3083 4001 3274 4042 omnes
3302 3985 3522 4039 umbro-

1938 4099 2028 4139 sas
2052 4081 2303 4138 Mosaicte
2333 4080 2466 4151 legis
2510 4079 2863 4134 etcremonias
2891 4077 3032 4150 [cod.
3067 4076 3226 4130 Crnc.
3259 4072 3524 4144 supersti-

1937 4173 2137 4246 tiones]
2192 4174 2258 4228 ad
2310 4171 2606 4242 spiritualis
2650 4171 2775 4224 vitm
2807 4170 2978 4223 lucem
3009 4167 3299 4230 convertit,
3331 4178 3523 4220 omnes

1938 4264 2256 4320 idololatria:
2280 4261 2692 4333 superstitiones
2706 4259 3022 4319 anuullavit,
3052 4257 3346 4323 omniaque
3378 4256 3430 4308 in
3461 4269 3520 4308 se

1940 4357 2276 4412 credentium
2327 4354 2492 4411 corda
2541 4353 2801 4408 doctrinae
2847 4365 2958 4404 sua:
3004 4348 3169 4402 radiis
3208 4345 3518 4401 illustravit.

1940 4449 2084 4524 Idem
2113 4463 2329 4517 quoque
2357 4444 2675 4514 intelligitur
2717 4440 2938 4497 evenire
2983 4439 3036 4494 in
3065 4439 3318 4494 humanae
3348 4435 3522 4489 tetatis

250 4544 576 4596 sanctorum,
632 4530 877 4585 cessabit
932 4530 1135 4590 unctio.
1177 4549 1195 4581 ι
1230 4530 1428 4584 Eodem
1462 4531 1620 4586 modo
1642 4532 1826 4586 eteteri
1860 4507 1910 4565 ο
1941 4513 2025 4595 vel
2052 4507 2326 4611 profectus
2353 4536 2712 4608 plenitudine.
2742 4533 2898 4588 Tunc
2945 4545 3178 4602 namque
3221 4529 3265 4583 si
3313 4538 3520 4598 praece-

251 4625 519 4696 prOphetac
547 4623 917 4676 vaticinantes
943 4620 1084 4674 diem
1111 4635 1326 4685 verum,
1359 4621 1410 4674 id
1443 4629 1546 4684 est,
1579 4621 1828 4675 Salvato-

252 4731 358 4770 rem
396 4727 638 4770 nostrum
672 4711 1120 4782 prrcnttntiabattt
1149 4726 1267 4766 esse
1294 4719 1601 4765 venturum.

316 4807 518 4863 Similia
542 4807 708 4861 etiam
741 4803 980 4872 quodam
1015 4802 1172 4857 modo
1206 4803 1257 4856 in
1300 4802 1536 4858 hominis
1563 4812 1722 4858 mtate
1748 4803 1832 4858 vel

247 4900 481 4970 profectu
515 4894 804 4951 maturiori
831 4894 1050 4948 evenire
1074 4894 1348 4956 videntur,
1390 4895 1516 4949 dum
1547 4897 1595 4951 ei
1631 4905 1739 4950 tam
1768 4910 1833 4950 ex

250 4995 472 5048 humana
506 4988 857 5051 institutione
884 5001 1044 5054 quam
1073 4986 1248 5042 divina
1275 4987 1628 5056 inspiratione
1655 4989 1834 5045 omnis

250 5085 526 5155 disciplina
567 5082 887 5139 exhibetur.
918 5077 1140 5149 Magnus
1169 5081 1318 5135 enim
1349 5088 1402 5133 et
1434 5079 1689 5152 frequens
1724 5080 1831 5134 dici

249 5187 414 5248 potest
440 5177 564 5248 galli
593 5183 799 5230 cantus
821 5169 970 5224 varia
1009 5171 1306 5227 admonitio
1331 5179 1384 5224 et
1415 5175 1831 5244 correptio,qua

250 5269 441 5340 indiget
468 5266 800 5322 adolescens
845 5269 898 5315 et
928 5262 1253 5334 ucophytus;
1310 5263 1403 5317 sed
1455 5263 1611 5335 hujus
1643 5265 1832 5321 admo-

250 5362 458 5416 nitionis
484 5359 649 5412 verba
707 5353 804 5408 hic
856 5352 1034 5406 dicere
1067 5355 1184 5410 volo
1229 5355 1437 5423 aliqua,
1485 5367 1544 5412 ut
1592 5357 1721 5430 quis
1763 5353 1836 5408 sit

1938 4631 2192 4686 dentibus
2242 4629 2368 4698 galli
2425 4626 2698 4691 cantibus,
2729 4623 2781 4679 id
2834 4630 2918 4678 est
2964 4618 3422 4677 admonitionibus
3467 4630 3522 4669 et

1941 4722 2201 4780 doctrinis
2223 4719 2615 4791 spiritualibus,
2641 4719 2840 4772 riteest
2864 4714 3135 4770 excitatus
3157 4712 3341 4772 homo,
3371 4715 3520 4762 tanta

1942 4814 2117 4870 sancti
2161 4813 2398 4883 Spiritus
2433 4811 2628 4882 gratia,
2661 4823 2824 4880 quam
2875 4821 2973 4876 pro
3007 4811 3200 4860 exorto
3245 4799 3331 4853 die
3361 4796 3514 4866 poni-

1943 4922 2087 4972 mus,
2131 4907 2184 4960 in
2226 4905 2341 4972 ejus
2387 4903 2551 4959 corde
2599 4901 2849 4969 refulget,
2877 4905 2960 4961 ut,
3009 4907 3199 4950 omnes
3229 4887 3524 4944 carnalium

1941 4997 2230 5054 affectuum
2255 4995 2508 5052 tenebras
2523 4994 2815 5061 omniaque
2841 4988 3129 5042 mundanae
3152 4976 3526 5054 prosperitatis

1941 5090 2137 5159 gaudia
2178 5099 2551 5150 contemnens,
2582 5089 2694 5143 sola
2724 5081 2820 5137 Dei
2871 5087 3144 5149 praecepta
3189 5081 3299 5128 tota
3327 5070 3529 5122 virtute

1939 5183 2151 5256 diligat,
2172 5191 2230 5238 et
2256 5198 2378 5237 cum
2402 5182 2660 5251 Apostolo
2688 5178 2836 5234 dicat
2864 5190 2878 5226 :
2910 5172 3044 5227 Cum
3069 5181 3228 5256 essem
3249 5175 3521 5256 parvum-8.

1940 5247 2192 5345 loquebar
2211 5282 2267 5325 ut
2291 5247 2562 5343 parva—lus,
2594 5265 2887 5341 cogitabam
2914 5271 2972 5314 ut
2998 5253 3246 5348 parvulus
3270 5263 3288 5299 :
3313 5247 3524 5348 quando

1941 5370 2082 5421 enim
2125 5365 2294 5436 factus
2343 5377 2460 5415 sum
2512 5363 2612 5427 vir,
2660 5352 2906 5414 evacuavi
2945 5367 3064 5419 qua:
3093 5347 3262 5440 erant.
3299 5336 3526 5440 parvula.

3250 5427 3262 5440 ο
3301 5429 3333 5450 ο.
3413 5425 3444 5450 lo

3179 5443 3312 5450 .-_-_-
3345 5441 3404 5450 ..Α
3435 5436 3538 5450 -.Λ-
