3998 5450
473 292 577 352 I27

1022 403 1250 462 CAPUT
1288 406 1488 462 XLVII.

478 499 619 566 Quid
682 516 839 571 sensu
886 500 1102 569 mystico
1151 499 1371 571 ianuam
1416 498 1639 571 languor
1688 512 1737 555 et
1787 502 2046 557 medicina

579 570 889 640 corporalis,
915 570 1040 639 quid
1067 570 1219 638 copia
1245 578 1295 622 et
1321 570 1540 638 penuria
1565 587 1760 635 rerum,
1785 573 1932 626 etc.i

543 680 683 747 Quid
710 686 892 734 autem
924 680 1168 750 mysterii
1198 688 1352 751 gerat
1384 680 1616 752 languor
1641 681 1727 736 vel
1778 682 2043 737 medicina

473 768 794 839 corporalis,
822 768 989 823 claret
1006 769 1169 837 satis.
1193 769 1375 823 Immit
1401 785 1632 839 namque
1655 771 1868 840 languor
1897 771 2042 839 quia,

470 861 613 915 sicut
640 874 837 929 corpus
865 858 1177 926 languidum
1208 861 1277 914 ad
1305 861 1488 915 omnia
1511 870 1716 915 natura:
1744 859 1919 917 oﬁicia
1949 874 2046 914 ne-

471 951 709 1005 cessaria
737 950 844 1005 erit
872 949 1185 1016 invalidum,
1216 951 1297 1005 sic
1325 951 1502 1005 anima
1528 959 1872 1021 peccatorum
1904 949 2046 1004 mole

471 1045 725 1111 depressa
757 1044 823 1096 ad
853 1042 1026 1097 nullos
1053 1044 1313 1097 virtutum
1355 1043 1563 1098 fruetus
1603 1043 1898 1112 explendos
1923 1059 2046 1098 con-

470 1140 580 1187 stat
607 1131 805 1185 valida.
843 1132 1076 1185 Ecnntra
1108 1146 1255 1197 vero,
1290 1132 1430 1188 sicut
1457 1146 1653 1200 corpus
1677 1131 1826 1185 varia
1871 1131 2041 1185 medi-

468 1222 605 1276 cinas
623 1221 921 1291 corporalis
944 1221 1277 1291 impensione
1292 1231 1516 1277 curatur
1536 1263 1551 1288 ,
1578 1222 1649 1276 ita
1673 1220 1835 1276 etiam
1863 1221 2041 1274 anima

469 1310 842 1377 spiritualihus
873 1312 1145 1375 remediis,
1180 1311 1231 1365 id
1262 1322 1344 1367 est
1372 1312 1640 1376 oratione,
1666 1310 1881 1379 vigiliis,
1916 1326 2045 1367 con-

471 1405 696 1461 tinentia
735 1408 1055 1477 ueterisque
1090 1407 1380 1465 virtutibus
1407 1416 1592 1462 curata
1625 1408 1845 1462 sanitati
1874 1408 2045 1463 reddi-

470 1501 581 1548 tur.
617 1494 850 1565 Ideoque
877 1496 969 1565 qui
997 1495 1170 1550 credit
1219 1495 1361 1565 quod
1390 1509 1589 1565 corpus
1624 1496 1797 1563 possit
1837 1495 2043 1564 langui~

470 1582 596 1637 dum
625 1584 832 1649 curari,
858 1584 993 1638 sciat
1026 1584 1188 1638 etiam
1211 1584 1394 1651 aliquo
1424 1584 1581 1638 modo
1635 1585 1869 1637 animam
1922 1599 2046 1652 pec-

471 1673 732 1728 catricem
763 1690 920 1745 posse
948 1677 1149 1738 sanari,
1181 1675 1224 1728 si
1262 1689 1361 1743 pro
1408 1674 1582 1729 salute
1614 1689 1710 1728 sua
1745 1674 2042 1729 subsidium

477 1763 718 1818 divinum
748 1764 982 1819 ﬁdeliter
1007 1775 1061 1819 et
1089 1766 1377 1836 diligenter
1406 1765 1675 1836 imploret.

539 1854 703 1924 Copia
729 1871 943 1927 quoque
967 1866 1022 1912 et
1040 1859 1264 1926 penuria
1293 1873 1468 1912 rerum
1492 1857 1823 1923 victualium,
1854 1874 2038 1913 canem

470 1947 729 2015 mysteria
761 1946 918 2014 gerit.
950 1946 1082 2000 Nam
1107 1948 1251 2002 sicut
1274 1948 1426 2015 copia
1457 1949 1773 2003 substantiae
1795 1964 2041 2018 corpora-

469 2032 537 2087 lis
567 2033 809 2088 lzetitiam
838 2036 960 2089 vitre
988 2036 1269 2105 prmsentis
1291 2045 1472 2106 auget,
1502 2037 1917 2091 sollicitudinem
1948 2039 2043 2091 mi-

470 2124 616 2189 nuit;
647 2124 719 2177 ita
741 2130 792 2178 et
816 2125 1172 2194 spiritualium
1201 2141 1379 2180 rerum
1419 2127 1749 2182 incrementa
1790 2128 2042 2196 perennis

470 2211 596 2266 vita!
626 2222 880 2280 przestant
911 2215 1126 2284 gaudia.
1159 2215 1221 2268 Et
1260 2216 1399 2269 sicut
1448 2216 1669 2285 penuria
1723 2232 1901 2272 rerum
1949 2232 2040 2272 ea-

470 2302 716 2356 rumdem
768 2318 1054 2358 maerorem
1088 2306 1252 2359 menti
1303 2306 1497 2376 ingerit
1534 2307 1915 2377 multiplicem,
1966 2311 2037 2363 ita

472 2391 773 2460 spiritualis
801 2395 924 2450 vita:
950 2395 1145 2450 damna
1167 2404 1372 2450 aeterna
1406 2396 1767 2451 damnationis
1795 2398 2041 2467 prteﬁga-

470 2492 595 2537 rant
619 2483 873 2540 lamenta.

539 2573 664 2629 Ihec
693 2586 749 2629 et
777 2576 844 2631 de
874 2592 1053 2630 rerum
1078 2578 1351 2649 mysteriis
1380 2593 1478 2648 pro
1512 2578 1756 2647 exemplo
1784 2578 2035 2643 diximus,

472 2675 536 2721 nt
588 2666 842 2722 similiter
885 2669 1141 2737 exquiras
1192 2670 1449 2739 mysteria
1499 2670 1550 2723 in
1600 2669 1814 2723 caeteris
1854 2670 2034 2731 rebus,

469 2758 782 2828 sentiasque
817 2768 1017 2827 quanta
1052 2761 1188 2812 bene
1217 2759 1409 2829 agendi
1461 2758 1690 2813 facultas
1724 2758 1793 2812 sit
1841 2759 1894 2812 in
1924 2758 2034 2812 cle-

466 2855 773 2901 menlorum
811 2847 968 2900 simul
1017 2857 1073 2902 et
1118 2862 1297 2902 rerum
1344 2847 1532 2919 ﬁguris
1581 2848 1823 2918 mysticis
1860 2848 2039 2919 inqui-

467 2937 649 2993 rendis
671 2948 728 2993 et
749 2940 1052 2995 credendis.

1008 3049 1234 3106 CAPUT
1272 3049 1499 3108 XLVIII.

469 3154 742 3212 Elementa
774 3176 967 3225 rerum,
989 3178 1107 3229 qua:
1122 3179 1213 3230 per
1230 3162 1390 3216 dirini
1414 3162 1634 3217 nominis
1662 3162 2037 3217 invocationem

541 3240 930 3301 consecrantur,
957 3248 1057 3301 non
1092 3233 1260 3285 solum
1286 3232 1525 3301 mystica,
1579 3234 1670 3286 sed
1696 3244 1741 3286 et
1763 3242 1943 3288 sancta
1986 3241 2035 3287 et

538 3300 797 3352 salutaria
825 3311 960 3353 sunt.
996 3299 1123 3354 Ha-c
1146 3302 1216 3355 ad
1242 3299 1427 3355 altaris
1472 3303 1773 3372 mysterium
1813 3319 2040 3373 congrue

536 3385 599 3421 ac
629 3378 748 3438 apte
774 3381 1042 3438 assumpta
1069 3381 1210 3437 sunt,
1247 3381 1351 3426 etc.

535 3477 724 3535 Adhuc
755 3495 969 3552 quoque
998 3481 1281 3538 dicendum
1312 3491 1480 3537 restat
1527 3483 1686 3553 quale
1731 3483 1784 3538 in
1846 3498 2039 3542 conse-

443 3570 805 3627 ‘crationihus
856 3574 1170 3643 mysterium
1235 3577 1465 3641 cxistat;
1536 3576 1689 3644 cﬂjus
1733 3577 2039 3649 exemplum

466 3662 699 3717 habetur
728 3663 780 3717 in
806 3666 1057 3719 ommbus
1086 3682 1205 3734 qua:
1235 3668 1335 3721 rite
1366 3679 1754 3723 consecrantur
1784 3686 1815 3723 a
1859 3685 2041 3725 sacer-

466 3750 705 3815 dotibus,
734 3762 794 3808 ut
821 3753 1023 3815 oleum.
1051 3756 1130 3809 sal
1160 3765 1215 3809 et
1246 3771 1408 3825 aqua,
1444 3756 1564 3812 fons
1591 3759 1932 3828 baptismatis
1964 3760 2046 3828 ip-

467 3856 638 3911 saque
668 3844 935 3899 elementa
966 3846 1155 3899 boetia:
1184 3847 1456 3901 salutaris.

543 3931 614 3985 ιι.
651 3933 781 3995 Cur,
812 3949 1015 4002 qumso,
1044 3934 1157 3988 haec
1186 3950 1289 3989 non
1320 3951 1442 3991 eum
1465 3938 1837 4007 superioribus
1872 3939 2043 3993 admi-

467 4023 667 4079 scenda
711 4024 990 4079 decernis?
1016 4026 1325 4095 siquidem,
1369 4025 1524 4093 juxta
1554 4029 1815 4083 rationem
1865 4039 2035 4094 tuam,

466 4112 665 4173 oleum,
700 4112 779 4165 sal
833 4122 887 4168 et
917 4128 1077 4182 aqua,
1108 4115 1370 4184 panisque
1407 4123 1462 4169 et
1505 4117 1710 4181 vinum,
1754 4133 1874 4188 quae
1915 4129 2041 4173 sunt

470 4199 659 4254 hostiae
673 4200 864 4255 divina:
880 4202 1137 4270 aptanda,
1162 4203 1290 4257 mihi
1316 4205 1563 4258 videntur
1586 4205 1725 4261 inter
1744 4206 2036 4274 elementa;

470 4290 812 4344 consecratio
835 4305 965 4345 vero
996 4293 1138 4345 inter
1166 4306 1252 4347 res
1282 4294 1607 4367 deputanda.

1466 297 1765 355 'OTIILONI
1806 298 2108 357 MONACIII
2148 298 2210 357 S.
2250 299 2664 355 EMMERAMMI

3619 306 3724 362 I38

2069 415 2115 471 Α
2146 410 2263 463 vina
2293 409 2344 464 in
2398 411 2612 464 nomine
2651 408 2828 464 Patris
2874 417 2931 464 et
2982 407 3104 464 Filii
3151 420 3207 465 et
3255 410 3492 482 Spiritus
3540 418 3722 471 sancti

2152 508 2428 569 mergatur
2456 500 2509 554 in
2541 499 2768 559 fontem.
2800 497 3003 551 nullmn
3034 499 3104 552 ibi
3140 504 3568 571 regenerationis
3602 506 3727 573 agi-

2148 599 2234 642 tur
2262 588 2598 659 mysterium,
2631 587 2775 640 nulla
2806 587 2877 642 ibi
2906 588 3199 658 percipitur
3227 591 3473 646 remissio
3518 606 3721 659 pecca-

2148 688 2340 733 torum.
2393 677 2749 747 Quapropter,
2777 686 2836 732 ut
2885 677 2978 733 ﬁat
3028 680 3339 749 mysterium
3366 684 3724 752 regenerandi

2144 764 2200 819 iu
2227 779 2390 834 aqua,
2417 766 2621 836 agenda
2648 774 2731 821 est
2757 775 2957 823 sanctze
2972 766 3257 824 Trinitatis
3277 770 3548 826 invocatio
3578 787 3726 842 pra:-

2144 855 2445 909 nominata.

2214 943 2479 998 Similiter
2509 944 2564 998 in
2596 944 2959 1001 celebratione
3004 946 3314 1011 missarum,
3345 948 3437 1004 ubi
3473 952 3726 1019 corporis

2143 1044 2199 1089 et
2223 1037 2503 1106 sanguinis
2534 1038 2797 1092 Dominici
2830 1038 3087 1108 mysteria
3118 1038 3171 1092 in
3198 1041 3357 1109 panis
3385 1052 3439 1096 et
3470 1042 3582 1097 vini
3629 1058 3727 1097 sa-

2144 1124 2351 1179 criﬁcio
2380 1135 2505 1179 sunt
2537 1127 2841 1191 tractanda,
2873 1126 2975 1180 nisi
3005 1126 3093 1180 illa
3126 1127 3339 1183 Domini
3368 1131 3541 1185 nostri
3587 1130 3725 1187 Jesu

2142 1212 2345 1271 Christi
2372 1217 2558 1282 verba,
2590 1234 2709 1288 qua:
2734 1233 2857 1272 cum
2881 1218 3162 1288 discipulis
3190 1221 3241 1273 in
3294 1235 3449 1277 cmna
3498 1238 3725 1279 recum-

2140 1302 2296 1371 bens,
2342 1320 2641 1376 panemque
2688 1314 2744 1362 et
2784 1306 3008 1362 calicem
3059 1309 3140 1363 eis
3166 1311 3722 1383 porrigens;panem

2142 1397 2357 1464 quidem
2385 1414 2398 1450 :
2424 1397 2674 1466 Accipite,
2703 1398 2898 1469 inquit,
2922 1408 2977 1453 et
3014 1401 3264 1454 comedite
3310 1418 3375 1455 ex
3413 1403 3511 1456 hoc
3533 1417 3553 1456 :
3601 1401 3722 1456 Hoc

2141 1498 2217 1542 est
2244 1490 2379 1542 enim
2406 1504 2591 1556 corpus
2616 1505 2813 1555 meum;
2864 1490 3088 1545 calicem
3138 1501 3356 1545 autem:
3395 1492 3583 1556 Bibite,
3617 1493 3721 1559 ait,

2144 1593 2208 1633 ea:
2236 1580 2332 1632 hoc
2357 1595 2533 1633 omnes
2564 1595 2578 1632 :
2620 1578 2719 1633 Hic
2744 1590 2818 1633 est
2849 1581 2983 1633 enim
3010 1579 3149 1635 calix
3174 1584 3450 1653 sanguinis
3481 1585 3581 1637 mei
3590 1624 3604 1646 ,
3627 1583 3724 1654 qui

2143 1686 2237 1739 pro
2286 1670 2464 1725 multis
2506 1670 2803 1740 effundetur
2848 1673 2901 1725 in
2946 1673 3296 1727 remissionem
3340 1685 3718 1744 peccatorum;

2075 1743 2116 1800 Β
2149 1758 2476 1828 huiusmodi,
2510 1760 2748 1831 inquam,
2808 1760 2970 1816 verba
3015 1760 3227 1817 Domini
3274 1743 3375 1817 nisi
3428 1764 3480 1817 in
3530 1780 3726 1820 conse-

2148 1850 2366 1905 crandis
2389 1851 2544 1920 panis
2564 1860 2617 1905 et
2640 1852 2748 1905 vini
2777 1853 3056 1908 sacriﬁciis
3086 1869 3114 1907 a
3136 1855 3417 1911 sacerdote
3443 1856 3722 1922 dicantur,

2147 1941 2333 1995 eadem
2369 1941 2522 2011 panis
2547 1951 2601 1994 et
2626 1941 2734 1994 vini
2771 1942 3037 1997 sacriﬁcia
3068 1944 3119 1997 in
3152 1946 3396 2013 corporis
3422 1954 3479 2001 et
3499 1949 3725 2012 sangui-

2148 2032 2233 2086 nis
2264 2031 2475 2086 Domini
2511 2032 2766 2103 mysteria
2816 2032 3026 2086 viviﬁca
3082 2019 3445 2102 transﬁgurari
3494 2035 3724 2089 minime

2149 2130 2273 2175 Sunt
2301 2120 2587 2176 credenda.
2619 2120 2734 2173 Alia
2757 2121 2899 2174 enim
2929 2122 3114 2185 verba,
3149 2137 3268 2190 qua:
3296 2131 3452 2176 antea
3481 2124 3564 2177 vel
3595 2139 3724 2193 pos-

2151 2221 2235 2265 tea
2264 2211 2514 2265 sacerdos
2564 2210 2756 2265 missas
2799 2209 3078 2265 celebrans
3120 2212 3268 2275 dicit,
3315 2213 3724 2268 benedictioncs

2148 2301 2230 2356 vel
2259 2301 2443 2355 Iaudes
2471 2301 2585 2355 sive
2613 2299 2889 2355 orationes
2907 2312 3211 2367 vocantur;
3244 2303 3354 2357 sola
3381 2314 3558 2358 autem
3583 2320 3723 2374 prm—

2149 2396 2313 2450 missa
2358 2393 2568 2448 Domini
2618 2394 2789 2447 nostri
2836 2393 2977 2447 dicta
3011 2394 3228 2463 (quibus
3257 2411 3453 2464 corpus
3490 2406 3545 2451 et
3589 2413 3722 2452 san-

2146 2484 2326 2556 guinis
2348 2486 2429 2539 sui
2461 2484 2736 2556 mysteria,
2771 2484 2821 2537 in
2850 2497 2988 2553 pane
3013 2492 3067 2540 et
3089 2484 3216 2538 vino
3263 2486 3564 2555 designata,
3614 2502 3716 2555 per

2147 2594 2206 2633 se
2244 2578 2640 2633 commemlavit
2689 2592 2752 2631 ac
2799 2576 2955 2631 insui
3010 2579 3521 2633 commemoratione
3588 2577 3708 2653 ﬁeri

2146 2668 2424 2739 praecepit)
2475 2660 3001 2737 transﬁgurationem
3052 2676 3105 2721 et
3153 2666 3571 2723 vivillcationem
3621 2684 3716 2723 eo-

2145 2757 2389 2812 rumdem
2417 2752 2817 2827 mysteriorum,
2845 2755 2895 2809 in
2923 2755 3151 2808 hostiam
3183 2769 3385 2819 veram,
3416 2754 3715 2824 perfectam

2144 2857 2200 2903 et
2250 2845 2648 2903 immaculatam
2680 2863 2776 2917 per
2824 2847 3121 2903 sacerdotis
3162 2846 3447 2917 cujuslibet
3474 2843 3714 2917 odjciuu:

2147 2937 2491 2993 invisibiliter
2515 2948 2827 3008 Operantur.
3504 2996 3519 3007 _

2216 3028 2324 3086 Sed
2356 3037 2413 3083 ut
2439 3030 2568 3083 nulli
2599 3029 2908 3084 incredibile
2940 3029 3183 3084 videatur
3215 3031 3357 3100 quod
3399 3046 3495 3101 per
3546 3031 3716 3085 verba

2140 3121 2320 3177 divina
2347 3119 2537 3175 eadem
2567 3120 2821 3191 mysteria
2854 3118 3150 3174 eﬁiciantur
3171 3122 3372 3185 vitalia,
3406 3120 3608 3176 recolat
3630 3122 3716 3191 ip-

2140 3227 2258 3268 sum
2288 3210 2575 3267 Dominum
2605 3209 2878 3279 discipulis
2904 3211 3015 3264 Suis
3041 3211 3307 3267 dicentem
3335 3230 3347 3265 :
3391 3211 3559 3266 Verba
3595 3229 3718 3283 qm:

2140 3300 2347 3377 loeutus
2369 3318 2483 3356 sum
2517 3299 2676 3365 vobis,
2705 3300 2920 3368 spiritus
2964 3307 3013 3352 et
3062 3301 3164 3353 rita
3213 3309 3351 3355 sunt.
3400 3302 3535 3356 Cum
3582 3316 3717 3371 ergo

2136 3391 2300 3448 verba
2332 3390 2610 3445 Dominiea
2638 3388 2858 3459 spiritus
2886 3390 2995 3442 sint
3022 3396 3078 3442 ct
3105 3388 3235 3453 vita,
3263 3389 3390 3459 quid
3437 3391 3634 3446 mirum
3666 3394 3714 3448 si

2140 3483 2393 3557 quaelibet
2419 3482 2683 3541 elementa
2714 3480 2766 3536 iu
2795 3479 3107 3553 mysterium
3146 3487 3417 3550 assumpta
3474 3496 3573 3552 per
3616 3497 3712 3539 ea-

2141 3578 2263 3631 dem
2292 3574 2593 3632 eﬁiciantur
2626 3572 2928 3642 spiritualia
2960 3580 3016 3625 et
3044 3570 3264 3624 vitalia?
3288 3570 3388 3626 Ubi
3417 3572 3714 3627 notandum

2142 3681 2486 3736 summopere
2513 3676 2597 3721 est
2626 3665 2751 3734 quia
2784 3663 3038 3734 mysteria
3073 3661 3253 3716 omnia
3285 3677 3380 3732 per
3424 3662 3592 3717 divini
3622 3679 3719 3717 no-

2142 3760 2305 3815 minis
2332 3759 2724 3814 invocationem
2779 3755 2943 3821 facta,
2987 3753 3285 3824 spiritualia
3333 3755 3550 3823 quidem
3605 3754 3714 3808 dici

2140 3852 2371 3922 possint,
2401 3865 2500 3921 pro
2543 3865 2609 3905 eo
2638 3849 2780 3919 quod
2825 3847 3179 3916 spiritualiter
3227 3857 3619 3901 consecrantur
3661 3858 3718 3901 e:

2144 3939 2248 3993 ﬁde
2281 3938 2392 3994 sola
2416 3938 2813 4008 percipiantur;
2844 3935 2986 3990 nulla
3010 3950 3136 3990 vero
3155 3934 3339 3989 vitalia
3362 3934 3447 3990 vel
3476 3934 3713 3998 viviﬁca,

2144 4030 2246 4084 nisi
2271 4031 2382 4086 sola
2416 4030 2679 4085 Dominici
2709 4029 2954 4099 corporis
2974 4037 3025 4081 et
3054 4026 3329 4096 sanguinis
3361 4026 3643 4097 mysteria.

2214 4118 2348 4174 Nam
2386 4130 2585 4189 quanta
2618 4118 2759 4173 inter
2786 4133 2971 4171 verum
3000 4130 3196 4184 corpus
3223 4124 3279 4169 et
3301 4116 3548 4170 umbram
3596 4115 3717 4187 ejus

2144 4208 2519 4280 imaginariam
2549 4215 2763 4262 constat
2803 4205 3075 4268 distantia,
3121 4212 3270 4258 tanta
3315 4204 3554 4258 creditur
3597 4219 3718 4259 esse

2141 4299 2282 4355 inter
2306 4299 2393 4354 illa
2420 4308 2726 4366 cmteraque
2747 4294 3021 4365 mysteria.
3044 4291 3209 4361 Cujus
3231 4294 3305 4348 rei
3333 4303 3716 4364 argumentum

544 4378 610 4432 Ο.
657 4380 834 4435 Virtus
856 4380 1277 4437 consecrationis
1306 4393 1520 4453 separat
1567 4384 1684 4440 haec
1729 4399 1761 4440 a
1807 4387 2035 4442 cteteris.
2070 4420 2114 4477 υ
2139 4389 2334 4443 exinde
2366 4397 2521 4458 potes
2548 4399 2737 4455 capere
2750 4384 3073 4448 maximum,
3095 4384 3239 4451 quia,
3262 4399 3384 4437 cum
3405 4392 3598 4439 caetera
3625 4400 3719 4439 sa-

470 4465 526 4522 ln
557 4469 768 4522 cunctis
794 4483 1026 4538 namque
1076 4470 1236 4524 rebus
1290 4481 1344 4526 et
1388 4471 1671 4529 elementis
1714 4475 1838 4529 vitae
1880 4475 2040 4544 hujus

472 4558 786 4626 tuyszeriunt
816 4558 1032 4628 aliquod
1058 4560 1212 4629 quasi
1252 4562 1497 4616 naturale
1547 4564 1708 4630 inest,
1753 4580 1851 4634 per
1894 4567 2037 4637 quod

473 4649 841 4717 unusquisque
869 4652 936 4704 ad
964 4650 1127 4705 vitam
1160 4650 1393 4706 futuram
1423 4655 1615 4708 instrui
1649 4664 1844 4724 potest.

544 4734 886 4807 Qua-cunque
915 4750 1094 4793 autem
1125 4739 1394 4795 elementa
1431 4756 1528 4808 per
1551 4742 1791 4797 divinam
1822 4744 2042 4800 invoca-

477 4831 679 4884 tionem
704 4842 1118 4899 consecrantur,
1150 4848 1258 4886 non
1289 4833 1460 4888 solum
1487 4836 1737 4905 mystica,
1765 4837 1859 4892 sed
1880 4839 2044 4895 etiam

473 4916 732 4974 salutaria
763 4928 818 4975 et
842 4932 1027 4976 saneta
1055 4936 1177 4977 esse
1201 4923 1514 4978 creduntur.
1559 4923 1708 4980 Unde
1745 4926 1868 4996 jure
1913 4938 2040 4982 sunt

472 5024 716 5066 seorsum
772 5012 1017 5081 ponenda
1061 5027 1182 5083 quae
1232 5021 1381 5068 tanta
1436 5016 1670 5071 secernit
1717 5015 2038 5072 diﬁ‘erentia.

473 5102 611 5168 Quia
638 5117 769 5160 vero
794 5104 983 5160 eadem
1030 5105 1369 5162 solummodo
1396 5105 1652 5163 discernit
1677 5109 2035 5172 consecratio,

476 5192 582 5248 rite
632 5196 734 5250 sub
782 5194 1020 5266 ejusdem
1087 5197 1511 5253 consecrationis
1578 5205 1852 5267 ponuntur
1910 5212 2031 5271 my-

469 5282 664 5341 sterio.

546 5373 652 5429 Sed
681 5385 743 5432 ut
769 5377 994 5450 mystica
1026 5374 1411 5446 salutiferaque
1443 5376 1516 5433 sit
1543 5377 1884 5434 consecratio
1929 5392 2049 5434 om-

2140 4478 2266 4531 lutis
2293 4476 2547 4548 mysteria
2575 4471 2911 4529 sumentibus
2960 4470 3044 4523 vel
3073 4471 3396 4527 habentibus
3427 4486 3490 4527 ea
3518 4473 3720 4527 solum-

2140 4569 2297 4624 modo
2322 4568 2430 4623 sint
2465 4566 2730 4630 remedia,
2769 4563 2908 4618 istud
2935 4576 3066 4616 vero
3093 4562 3408 4632 mysterium
3438 4565 3717 4635 singulare

2144 4676 2250 4715 non
2298 4659 2477 4714 solum
2524 4655 2939 4719 celebrantibus,
2987 4662 3042 4706 et
3086 4653 3465 4723 gustantibus,
3521 4654 3616 4708 sed
3658 4664 3718 4708 et

2141 4748 2353 4804 cunctis
2376 4746 2621 4802 ﬁdelibus
2652 4754 2760 4798 tam
2799 4744 3066 4799 defunctis
3091 4757 3250 4812 quam
3278 4743 3412 4797 vivis
3432 4743 3568 4797 adeo
3591 4757 3717 4811 pro-

2147 4839 2280 4901 iicit,
2312 4843 2450 4891 utet
2480 4834 2585 4889 vivi
2617 4834 2670 4887 in
2703 4832 3017 4888 inﬁrmitate
3046 4831 3130 4886 vel
3159 4832 3501 4887 tribulatione
3525 4830 3710 4900 positi,
3740 4884 3743 4887 ,

2146 4928 2395 4999 quamvis
2422 4923 2608 4996 procul
2634 4923 2893 4988 existant,
2922 4937 2991 4975 ex
3019 4922 3123 4976 hoc
3151 4922 3392 4977 levamen
3438 4922 3711 4986 sentiant;

2146 5029 2201 5074 et
2227 5018 2483 5083 defuncti,
2527 5018 2667 5072 sicut
2711 5028 2862 5069 saera
2911 5012 3189 5081 Scriptura
3221 5020 3484 5077 testatur,
3527 5026 3625 5083 pro
3653 5026 3716 5065 se

2147 5108 2329 5164 oll'erri
2363 5107 2599 5175 ejusdem
2627 5104 2868 5176 mysterii
2901 5103 3130 5157 hostiam
3162 5116 3259 5172 per
3282 5103 3518 5160 visiones
3541 5116 3712 5172 appe-

2149 5208 2283 5254 tant.
2313 5198 2380 5253 Et
2404 5197 2620 5261 merito,
2668 5194 2949 5263 quoniam,
3015 5192 3157 5246 sicut
3200 5194 3571 5263 unusquisque
3616 5207 3714 5261 per

2146 5293 2473 5364 baptismum
2506 5294 2557 5346 in
2592 5290 2808 5346 Christo
2838 5286 3172 5351 renascitur,
3205 5286 3276 5339 ita
3307 5296 3360 5340 et
3388 5300 3489 5355 per
3516 5298 3709 5354 corpo-

2147 5383 2223 5436 ris
2250 5396 2317 5437 ac
2344 5379 2621 5450 sanguinis
2647 5378 2727 5432 sui
2754 5382 3094 5431 sacramenta
3122 5374 3382 5437 reﬁcitur,
3405 5388 3473 5431 ne
3496 5374 3716 5429 deﬁciat
