3998 5450
314 239 414 298 ΙΞ9

1310 235 1583 293 υιΑιοῦ.
1624 235 1714 290 DE
1755 231 2008 291 TRIBUS
2043 233 2600 303 QUrESTlONIBUS.

3482 242 3584 303 I50

311 372 543 421 carnem.
572 366 624 412 et
648 356 774 412 bibit
819 371 990 411 meum
1016 355 1353 427 sanguinem,
1384 356 1442 411 in
1483 369 1567 409 me
1604 362 1798 420 manet,
1845 363 1893 408 et
1922 362 1974 423 Α
1998 358 2180 405 autem
2211 352 2460 421 probatio
2487 356 2724 411 maxime
2749 367 2849 426 per
2878 354 3139 426 mysteria
3173 355 3352 414 divina
3380 359 3587 432 agitur,

420 466 475 503 m
499 464 585 502 ρο.

420 466 475 503 m
499 464 585 502 eo.

306 464 523 595 qinter
542 538 666 596 tunc
693 539 858 596 etiam
886 539 1341 595 considerandum
1366 547 1451 595 est
1470 553 1630 608 quam
1655 552 1895 610 congrua

306 629 575 690 elementa
618 634 688 689 ad
741 633 1100 689 sanctissima:
1143 632 1435 688 oblationis
1481 632 1736 702 mysteria
1788 630 1896 686 sint

304 732 602 794 assumpta.
635 722 797 779 Sicut
839 724 982 778 enirn
1026 724 1185 793 panis
1227 720 1532 791 corporalis
1566 721 1893 775 exteriorem

302 816 576 871 hominem
611 816 850 871 maxime
876 815 1169 879 confortat,
1200 823 1255 869 et
1282 815 1466 869 vinum
1513 812 1750 866 laetificat
1770 852 1785 876 ,
1819 812 1890 865 ita

298 908 460 962 etiam
495 909 695 963 eadem
724 908 1017 964 verborum
1049 907 1356 963 divinorum
1402 906 1606 960 virtute
1647 904 1894 960 sanctifi-

298 1007 416 1053 cata
449 999 744 1069 aptissime
771 999 915 1054 illius
942 999 1170 1069 figuram
1201 998 1539 1068 exprimunt,
1578 997 1697 1067 qui,
1747 996 1890 1050 inte-

296 1088 496 1143 riorem
530 1088 813 1144 hominem
845 1090 1178 1152 confortans,
1210 1089 1349 1143 dixit
1376 1105 1389 1142 :
1440 1087 1555 1159 Ego
1580 1103 1696 1142 sunt
1738 1087 1889 1156 panis

294 1178 453 1242 rit-its,
477 1179 575 1247 qui
594 1178 663 1232 de
683 1177 812 1233 caelo
834 1177 1100 1232 descendi.
1124 1178 1186 1233 Si
1212 1177 1330 1248 quis
1367 1193 1434 1231 ea:
1456 1177 1553 1230 hoc
1578 1192 1712 1246 pane
1740 1192 1888 1229 man—

290 1270 591 1336 ducarerit,
648 1273 779 1325 vivet
809 1273 864 1326 in
899 1258 1177 1325 a'termtm.
1209 1270 1278 1323 Et
1322 1270 1559 1324 iterum:
1612 1266 1724 1337 Ego
1773 1283 1889 1321 sum

291 1362 404 1416 ritis
431 1378 582 1416 rem.
613 1362 753 1429 Quia
779 1378 968 1419 omnes
999 1362 1067 1415 ad
1095 1376 1155 1418 se
1189 1361 1563 1431 confugientes
1594 1358 1884 1422 confortat,

292 1450 478 1507 dicens
506 1469 521 1504 :
566 1449 748 1506 Venite
774 1453 846 1506 ad
875 1468 953 1506 me
978 1468 1156 1506 omnes
1191 1451 1281 1521 qui
1322 1449 1577 1504 laboratis
1604 1460 1652 1505 et
1684 1450 1887 1503 onerati

289 1542 432 1607 estis,
460 1553 514 1596 et
548 1560 647 1613 ego
682 1543 916 1610 reﬁciam
946 1559 1058 1597 vos.
1106 1542 1350 1612 Itemque
1375 1558 1390 1594 :
1418 1539 1479 1596 Si
1507 1540 1623 1611 quis
1647 1540 1780 1605 sitit,
1810 1555 1886 1594 ve-

291 1635 396 1687 niat
419 1635 495 1688 ad
523 1652 631 1703 nte,
658 1645 707 1690 et
734 1636 897 1690 bibat.
930 1635 1017 1702 Et,
1048 1644 1107 1689 ut
1133 1635 1432 1704 vulgariter
1452 1633 1664 1703 loquar,
1706 1629 1885 1700 Cujus—

1996 440 2123 511 quia
2147 456 2336 496 eorum
2363 442 2617 499 virtutem
2643 442 2779 500 fides
2803 443 2919 501 sola
2952 457 3382 516 argumentatur.
3576 508 3577 511 η

2065 528 2172 585 Per
2191 528 2431 586 diﬂlcilia
2459 546 2675 603 quoque
2696 534 3119 607 uniuscujusque
3143 538 3277 594 fides
3302 539 3583 612 probatur,

1994 620 2137 677 sicut
2155 621 2411 677 Abrahar.
2441 622 2544 690 Qui
2574 638 2699 679 cum
2728 639 2842 680 rem
2868 626 3137 684 difﬁcilem
3167 629 3268 685 sibi
3293 646 3325 686 a
3357 631 3586 688 Domino

1993 712 2316 784 promissam
2346 716 2578 781 audiret,
2612 731 2736 773 mox
2762 718 2968 789 absque
3003 719 3299 778 difIideutia
3329 726 3583 789 credidit,

1994 822 2098 861 non
2131 806 2497 873 considerans,
2546 820 2604 865 ut
2651 810 2941 879 Apostolus
2985 812 3138 881 dicit,
3197 832 3385 887 corpus
3430 833 3585 874 suum

1959 909 2304 988 .emortuum,
2347 916 2467 953 cum
2506 900 2616 969 fere
2640 911 2847 955 centum
2877 913 3006 957 88681
3037 921 3316 972 annorum,
3344 917 3393 961 οε
3415 924 3586 963 σηιονο

1991 994 2136 1041 tuam
2171 990 2377 1043 vulvam
2413 988 2584 1045 Sane.
2616 989 2723 1047 Sed
2758 992 3086 1060 confortatus
3119 1006 3194 1049 est
3226 997 3280 1051 in
3303 998 3427 1065 (ide,
3451 999 3585 1053 dans

1984 1073 2232 1146 'gloriam'
2264 1078 2385 1147 Deo.
2430 1081 2829 1152 plenissimcque
2880 1084 3047 1137 sciens
3096 1086 3219 1153 quia
3266 1103 3587 1160 quiecunquc

1987 1170 2226 1235 promisit
2257 1170 2419 1237 Deus,
2447 1184 2629 1240 potens
2648 1184 2721 1227 est
2750 1184 2797 1227 et
2821 1174 3024 1243 facere;
3049 1176 3265 1247 ideoque
3291 1190 3588 1250 reputemus

1988 1268 2063 1312 est
2103 1259 2181 1315 illi
2214 1261 2283 1314 ad
2313 1262 2580 1331 justitiam
2614 1263 2789 1335 (liam.
2824 1270 2919 1336 Iv).

2059 1349 2258 1409 Eadem
2292 1340 2796 1425 etiampromcruit,
2834 1375 2980 1426 cum,
3018 1361 3168 1417 Isaac
3199 1362 3367 1419 filium
3397 1380 3578 1432 suum,

1988 1455 2151 1513 super
2188 1460 2298 1513 quo
2336 1446 2438 1501 sibi
2471 1450 2698 1504 seminis
2732 1451 3127 1521 multiplicaudi
3159 1455 3424 1512 factaest
3461 1474 3588 1527 pro-

1988 1533 2388 1604 missio,jussus
2412 1537 2630 1606 offerre,
2666 1555 2772 1595 non
2805 1542 3017 1598 distulit
3039 1550 3261 1615 propter
3291 1536 3585 1618 promissas

1987 1625 2328 1692 posteritatis
2357 1624 2630 1693 effectum,
2657 1645 2757 1686 nec
2792 1641 3014 1702 propter
3039 1634 3211 1704 ipsius
3242 1637 3317 1691 rei
3358 1636 3589 1693 diflicttl'~

289 1739 505 1795 cunque
543 1726 805 1782 elementi
832 1726 1127 1783 rcfeCtione
1155 1725 1396 1781 exterior
1443 1724 1607 1779 homo
1655 1722 1889 1779 maxime
1925 1721 1968 1780 ll
2000 1721 2194 1780 ιειιειιις
2228 1718 2324 1770 ὃτι]
2357 1726 2563 1773 lautum
2607 1721 2750 1789 quod
2783 1719 3078 1790 jubebatur
3110 1725 3315 1779 studuit
3338 1726 3585 1797 iit-plcre.

290 1817 636 1873 confurtatur
668 1827 725 1875 et
750 1820 1078 1888 lmtifiaatur,
1111 1820 1356 1891 ejusdem
1384 1817 1705 1874 vocabulum
1732 1817 1889 1873 Chri-

288 1923 404 1964 szus
433 1911 760 1966 interiorem
794 1912 1068 1967 hominem
1096 1913 1410 1967 confortans
1441 1918 1496 1966 et
1520 1910 1769 1966 reficiens
1796 1925 1889 1979 ap-

294 2003 503 2058 tissime
530 2004 788 2058 Sortitur.

356 2117 461 2172 Sed
494 2133 622 2172 cmn
656 2119 724 2173 dc
751 2119 1133 2189 mysteriorum
1164 2119 1467 2175 cteloslium
1498 2118 1697 2172 virtute
1724 2116 1888 2186 loqui-

291 2225 429 2273 mur,
459 2209 727 2265 Convenit
752 2210 917 2264 etiam
942 2209 1284 2280 aliquatenus
1304 2211 1601 2279 explanare
1623 2225 1722 2263 cur
1747 2223 1885 2278 aqua

291 2320 406 2354 cuin
439 2318 622 2356 sacra:
648 2301 943 2357 oblationis
971 2303 1095 2356 vino
1142 2303 1414 2358 miscenda
1473 2303 1543 2356 sit
1588 2302 1640 2355 in
1695 2301 1883 2356 calice.

291 2391 453 2460 llujus
475 2410 611 2465 ergo
633 2410 857 2450 causam
884 2394 1222 2449 admistionis
1250 2394 1437 2464 paucis
1455 2408 1664 2463 expono
1685 2391 1883 2447 verbis.

289 2485 421 2549 Quia
449 2484 625 2556 igitur
651 2483 853 2540 Christi
892 2487 957 2540 de
990 2486 1156 2540 latere
1197 2485 1443 2556 perfosso
1487 2486 1541 2539 iu
1579 2499 1744 2539 cruce
1771 2499 1887 2538 ma-

288 2577 437 2631 navit
477 2578 690 2648 pariter
719 2578 940 2647 sanguis
974 2588 1028 2632 et
1074 2582 1238 2649 aqua,
1285 2562 1603 2633 sanctorum
1663 2576 1883 2630 Patrum

284 2669 533 2723 decrevit
560 2671 835 2725 sententia
879 2671 1063 2725 viuum
1111 2684 1328 2741 semper
1376 2685 1516 2739 aqua
1565 2669 1780 2724 misceri
1833 2669 1884 2722 in

280 2760 571 2828 mysteriis
625 2759 873 2825 Christi,
932 2771 988 2815 ut
1053 2777 1175 2832 qua:
1229 2760 1388 2816 simul
1450 2776 1572 2814 cum
1622 2760 1886 2830 sanguine

280 2852 492 2908 Christi
527 2854 706 2921 fluxit,
735 2853 787 2908 in
819 2852 937 2923 ejus
967 2855 1130 2909 etiam
1160 2853 1442 2923 sanguinis
1489 2853 1745 2923 mysterio
1787 2852 1886 2905 mi-

279 2957 569 3000 sceretur;
588 2943 714 3000 llzcc
737 2945 863 3016 quia
891 2955 1017 3001 sunt
1044 2954 1193 3013 nota,
1210 2945 1447 3001 breviter
1468 2942 1885 3014 perstrinximus

282 3037 425 3107 ipsa.

864 3128 1091 3185 CAPUT
1130 3120 1316 3185 XLlX.

286 3243 524 3312 Exponit
548 3243 812 3297 Utlilonus
832 3261 937 3313 qua
962 3244 1165 3298 ratione
1188 3245 1257 3298 ad
1276 3245 1385 3299 lucc
1407 3245 1567 3313 latius
1582 3241 1887 3313 exponenda

366 3316 579 3368 deiatns
604 3319 696 3381 sit,
723 3315 983 3384 pluraque
1008 3316 1071 3368 de
1092 3314 1218 3382 [idet'
1265 3316 1492 3385 efﬁcacia
1524 3317 1811 3384 subjungit.

361 3427 460 3483 llis
521 3428 709 3497 itaque
760 3427 843 3481 de-
877 3426 1263 3496 mysteriorum
1308 3427 1571 3497 qualitate
1623 3426 1886 3496 prolatis,

287 3532 486 3585 precor
511 3529 595 3584 ut,
622 3518 667 3573 si
697 3518 820 3574 fidei
848 3533 1021 3573 sacra:
1036 3508 1314 3573 contraria
1338 3519 1562 3574 minime
1586 3519 1886 3584 videantur,

308 3627 407 3681 pro
438 3611 582 3665 nulla
614 3612 905 3668 verborum
937 3610 1238 3665 rusticitate
1262 3611 1346 3666 vel
1377 3627 1497 3666 mea
1537 3611 1743 3665 vilitate
1805 3626 1890 3665 re-

293 3713 581 3773 Spuantur.
624 3702 681 3758 Si
732 3717 883 3767 vero,
904 3705 1054 3772 quod
1104 3703 1291 3758 absit!
1335 3701 1678 3772 reperiantur
1705 3716 1892 3756 errore

302 3795 485 3863 aliquo
507 3795 778 3859 involuta,
796 3796 1161 3865 corrigantur,
1178 3808 1385 3871 quaeso,
1405 3793 1708 3849 intentione
1733 3809 1888 3863 puta.

302 3885 684 3941 Verumtamen
712 3901 878 3956 spero
913 3888 1039 3955 quia
1080 3900 1421 3956 nequaquam
1451 3885 1737 3956 multiplici
1773 3897 1886 3941 tra-

303 3976 448 4032 ditus
472 3993 593 4032 sum
622 3978 801 4034 errori
831 4018 847 4043 ,
885 3992 1011 4033 cum
1042 3988 1152 4031 tam
1193 3986 1380 4032 sancta
1405 3987 1460 4031 et
1506 3979 1775 4048 praecipua
1826 3979 1892 4033 de

297 4072 573 4140 mysteriis
602 4070 804 4125 divinis
845 4069 1117 4124 credenda
1160 4068 1394 4138 protuli;
1453 4069 1580 4139 quia
1629 4071 1890 4138 scriptum

296 4173 376 4215 est
406 4180 419 4215 ;
446 4162 616 4217 Nemo
635 4172 799 4231 potest
824 4162 998 4216 dicere
1019 4158 1275 4217 Dominus
1294 4159 1475 4228 Iesus,
1500 4161 1603 4216 nisi
1621 4161 1672 4215 in
1690 4160 1893 4233 Spiritu

296 4268 499 4313 sancto.

368 4374 540 4428 Porro
582 4370 821 4429 intentio
857 4379 914 4427 et
951 4386 1119 4427 causa
1163 4370 1377 4426 dicendi
1411 4369 1527 4425 haec
1570 4369 1671 4424 fuit
1709 4368 1893 4437 hujus-

1992 1807 2225 1863 Credens
2247 1809 2417 1865 tilium
2445 1811 2771 1868 moriturmn
2796 1828 2955 1883 posse
2986 1817 3316 1881 resuscitari,
3357 1827 3417 1875 ut
3445 1819 3498 1873 in
3519 1835 3587 1875 eo

1994 1898 2318 1970 impleretur
2356 1905 2583 1959 seminis
2616 1906 3010 1976 multiplicandi
3051 1911 3359 1978 promissio.
3399 1911 3589 1983 Itaque

1990 1996 2190 2050 meruit
2214 1998 2402 2052 audire
2431 2037 2446 2052 .
2479 1995 2588 2052 Per
2617 2000 2975 2070 memetipsunt
2999 2004 3213 2071 juraei,
3242 2004 3368 2057 dicit
3396 2005 3583 2059 Demi-

1992 2101 2108 2147 nns,
2134 2087 2258 2156 quia
2296 2088 2467 2155 fecisti
2505 2105 2608 2142 rem
2636 2090 2793 2155 lianc,
2822 2098 3003 2144 etnon
3041 2092 3315 2161 pepercisti
3352 2093 3466 2161 ﬁlio
3491 2105 3583 2147 tuo

1990 2176 2254 2245 unigenito
2279 2187 2490 2246 propter
2513 2194 2617 2241 me,
2647 2179 2948 2233 benedicam
2974 2180 3106 2243 tibi;
3130 2190 3179 2235 et
3217 2182 3587 2245 benedicentur

1988 2265 2043 2317 in
2074 2265 2269 2319 semine
2293 2277 2384 2320 tuo
2421 2284 2598 2322 attines
2629 2252 2795 2323 tribus
2839 2278 3015 2335 terrm,
3059 2269 3185 2340 quia
3213 2271 3429 2326 obedisti
3476 2274 3587 2327 voci

1990 2372 2116 2410 mea:
2146 2356 2302 2427 (Gen.
2329 2358 2491 2429 xxtt).

2061 2446 2205 2502 Idem
2229 2464 2447 2519 quoque
2478 2449 2604 2505 fidei
2635 2450 2889 2506 meritum
2915 2451 3162 2508 obtinere
3182 2451 3434 2507 videntur
3460 2452 3583 2523 qni-

1987 2555 2201 2610 cunque
2243 2543 2577 2598 voluntatem
2613 2543 2889 2613 propriam
2927 2558 3024 2614 pro
3061 2544 3160 2600 Dei
3200 2559 3389 2600 amore
3433 2544 3585 2601 fran-

1987 2641 2139 2703 gunt,
2181 2635 2263 2690 vel
2296 2638 2441 2690 varia
2470 2637 2725 2692 vitiorum
2769 2636 3040 2693 incentiva
3083 2640 3183 2709 per
3223 2637 3317 2693 Dei
3355 2641 3586 2708 gratiam

1985 2738 2044 2779 sc
2070 2735 2417 2794 superaturos
2437 2728 2684 2782 credunt.
2714 2726 2929 2794 Quanto
2949 2727 3094 2783 enim
3128 2728 3244 2784 lucc
3276 2739 3406 2784 sunt
3439 2727 3582 2785 diili-

1987 2815 2199 2880 ciliora,
2233 2825 2384 2871 tanto
2412 2818 2633 2887 prmmia
2670 2826 2949 2873 merentur
2974 2818 3202 2889 majora.

2059 2906 2343 2972 Quomodo
2370 2917 2551 2961 autem
2588 2907 2721 2963 fides
2744 2906 3030 2977 cujuslibet
3062 2908 3323 2978 probetur
3353 2926 3452 2980 per
3487 2911 3587 2965 atl-

1988 3013 2165 3059 versa,
2185 2996 2416 3065 plurima
2442 3006 2753 3051 sanctorum
2782 3007 3081 3069 martyrum
3111 3007 3381 3054 testantur
3405 3009 3586 3054 certa-

1913 3078 1955 3138 C
1991 3089 2156 3143 mina.
2180 3089 2313 3144 Fide
2341 3104 2574 3158 namque
2604 3090 2676 3143 ita
2715 3078 2934 3144 fuerunt
2960 3092 3157 3145 muniti
3191 3100 3249 3146 ut
3273 3092 3436 3148 nullis
3464 3106 3584 3162 po:-

1989 3195 2179 3235 uarum
2216 3179 2295 3234 vel
2320 3180 2706 3235 adversitatum
2733 3179 3115 3235 afﬂictionibus
3142 3190 3367 3251 possent
3416 3183 3586 3247 vinci,

1989 3276 2131 3329 sicut
2174 3275 2438 3344 scriptum
2498 3285 2583 3329 est
2615 3293 2627 3328 :
2656 3272 2837 3329 Sancti
2887 3290 2982 3344 per
3026 3275 3185 3343 ﬁdem
3229 3276 3464 3329 uicerunt
3504 3291 3591 3328 re-

1991 3384 2117 3438 gna,
2148 3376 2256 3422 etc.
2291 3366 2478 3438 (Hebr.
2512 3366 2640 3435 xu).
3365 3379 3372 3385 ‘

2062 3458 2201 3513 Ecce
2232 3459 2429 3514 audisti
2472 3469 2675 3528 quanta
2706 3459 2845 3513 bona
2878 3457 3010 3514 fides
3043 3467 3320 3528 operetur,
3370 3469 3424 3515 et
3453 3461 3594 3529 quid

1990 3549 2132 3604 inter
2160 3551 2294 3605 alias
2321 3551 2552 3605 virtutes
2574 3550 2742 3605 mixta
2766 3559 3061 3605 mercatur.
3089 3550 3230 3606 Audi
3253 3552 3417 3607 etiam
3445 3566 3593 3607 nunc

1991 3642 2116 3710 quia
2141 3641 2463 3712 plerumque
2484 3642 2674 3697 eadem
2703 3643 2856 3708 fides,
2886 3658 3010 3697 cum
3034 3643 3171 3698 desit
3194 3642 3430 3699 facultas
3460 3644 3595 3699 alia-

1993 3750 2111 3788 rum
2145 3736 2426 3801 virtutum,
2453 3734 2566 3790 sola
2599 3745 2839 3790 meretur
2869 3751 3030 3805 regna
3051 3736 3321 3802 coelestia,
3349 3738 3491 3793 sicut
3525 3738 3593 3793 de

1993 3825 2203 3879 latrone
2235 3825 2450 3895 legitur.
2476 3825 2573 3881 llic
2601 3825 2769 3891 enim,
2799 3842 2923 3882 cum
2948 3828 3082 3882 nihil
3109 3828 3235 3883 boni
3262 3829 3405 3883 aliud
3427 3844 3594 3899 quam

1993 3919 2218 3974 credere
2243 3918 2528 3987 potuisset,
2556 3933 2653 3987 per
2688 3919 2861 3989 ipsam
2890 3918 3073 3986 fidem,
3104 3934 3267 3988 quam
3296 3920 3409 3975 Deo
3436 3919 3597 3973 ρκιιία

1993 4009 2124 4064 bere
2156 4009 2354 4078 petuit,
2388 4009 2622 4062 maxima
2659 4010 2913 4077 perennis
2957 4010 3081 4063 vita:
3116 4009 3339 4079 prtemia
3382 4023 3595 4078 prome-

1994 4099 2101 4153 ruit
2137 4098 2290 4169 (Luc.
2327 4097 2512 4168 χχιιι).
2544 4097 2683 4154 lluic
2726 4099 2904 4153 simile
2949 4099 3079 4168 quid
3111 4100 3167 4154 in
3216 4100 3324 4154 vita
3369 4099 3596 4154 Patrum

1994 4188 2292 4243 invenitur.
3584 4208 3589 4213 η

2068 4280 2196 4333 Erat
2226 4294 2482 4349 namque,
2530 4278 2673 4333 sicut
2703 4280 2775 4334 ibi
2805 4279 3021 4350 legitur,
3052 4282 3311 4336 meretrix
3342 4282 3594 4352 quaedam

1999 4370 2194 4423 mltilos
2223 4370 2471 4424 homines
2496 4371 2719 4423 trahens
2753 4371 2806 4425 in
2839 4370 3421 4440 perditionis‘foveasn.
3449 4372 3587 4441 Qua:

297 4465 463 4518 modi.
490 4463 623 4518 Cum
656 4463 806 4517 enim
847 4462 1099 4532 superius
1139 4461 1206 4516 de
1249 4460 1503 4516 facultate
1528 4460 1666 4516 bene
1698 4462 1888 4531 agendi
1926 4450 1966 4505 ἱ)
1997 4463 2124 4518 dum
2158 4479 2187 4516 a
2215 4463 2479 4517 monacho
2514 4457 2768 4532 quodam,
2808 4461 2976 4519 fratre
3001 4463 3209 4519 scilicet
3237 4466 3587 4536 suocarripe-

298 4558 445 4612 varia
472 4557 613 4611 ratio
634 4565 912 4628 ageretur,
941 4554 1172 4625 probare
1197 4552 1442 4608 volebam
1481 4562 1680 4622 quanta
1708 4562 1763 4610 et
1784 4551 1895 4622 jam

299 4648 525 4706 facultas
579 4656 728 4705 esset
777 4647 918 4702 bene
966 4646 1159 4719 agendi
1214 4645 1269 4700 in
1322 4645 1525 4701 virtute
1571 4644 1715 4701 fidei.
1762 4644 1896 4699 Nam

298 4749 497 4809 quanto
527 4739 697 4794 latior
725 4746 782 4792 et
808 4736 1175 4807 perspicacior
1203 4746 1285 4791 est
1308 4736 1374 4789 ad
1405 4750 1603 4790 arcana
1645 4735 1899 4805 quaelibet

301 4830 552 4902 capienda
597 4829 768 4893 fides,
819 4834 969 4883 tanto
997 4826 1290 4898 ampliores
1328 4827 1467 4882 bene
1506 4828 1697 4897 agendi
1735 4827 1900 4883 habet

297 4929 458 4998 vires;
487 4929 588 4987 sed
619 4937 815 4983 tamen
844 4938 949 4978 non
978 4923 1051 4978 ita
1084 4924 1389 4988 vircs‘suas
1413 4930 1652 4991 exercet,
1673 4930 1731 4977 ut
1754 4921 1897 4977 nulla

288 5027 517 5098 patiatur
540 5020 818 5095 opposita
849 5016 927 5072 vel
952 5015 1247 5071 contraria.
1268 5010 1501 5070 Perfidia
1524 5030 1756 5085 namque
1784 5030 1901 5070 om-

278 5125 460 5199 nisque
488 5128 670 5177 error
701 5109 761 5167 ci
798 5107 1078 5178 oppositus
1099 5106 1367 5173 sentitur,
1399 5101 1529 5159 dum
1554 5104 1727 5161 fidelis
1754 5105 1875 5175 quis
1892 5137 1907 5176 ί

268 5235 358 5297 quc
398 5212 601 5273 varias
646 5198 877 5260 erroris
921 5198 1108 5268 spinas
1135 5207 1245 5253 tam
1274 5198 1329 5253 in
1361 5211 1421 5252 se
1448 5211 1609 5266 quam
1657 5208 1814 5253 extra
1844 5212 1903 5251 se

255 5286 392 5378 οἰνιηε
424 5304 705 5383 patitur.
738 5290 907 5347 Juxta
939 5304 999 5345 se
1026 5290 1267 5361 quidem,
1300 5303 1400 5361 per
1425 5286 1651 5383 subtiles
1673 5287 1903 5383 infideli-

161 5410 175 5422 ο
262 5410 374 5450 hac
404 5377 865 5450 Sanitationes;
894 5389 1050 5437 extra
1072 5395 1132 5437 se
1152 5388 1281 5436 vero
1304 5394 1404 5450 per
1423 5377 1633 5448 aliquos
1655 5381 1902 5436 seducto-

2005 4566 2160 4611 retur
2179 4564 2234 4609 et
2264 4556 2330 4611 ad
2359 4555 2736 4627 pmuitcntiam
2765 4540 3173 4627 provocaretur,
3198 4574 3321 4614 mox
3343 4558 3600 4615 obe.liens

2000 4646 2156 4703 fratri
2201 4662 2302 4701 suo
2350 4647 2573 4718 reliquit
2609 4657 2836 4703 cunctas
2884 4647 3026 4703 soliti
3078 4649 3322 4705 oflicinas
3366 4650 3599 4720 peccati.

2000 4740 2243 4810 Cumque
2263 4741 2655 4810 egrederentur
2678 4740 2885 4811 pariter
2910 4740 3082 4797 frater
3106 4750 3159 4797 et
3193 4758 3376 4808 soror,
3412 4742 3602 4797 videns

2001 4833 2300 4888 monachos
2326 4834 2587 4902 quosdam
2629 4833 2732 4887 sibi
2777 4834 3021 4901 obviare,
3051 4834 3188 4891 dixit
3214 4836 3388 4892 frater
3423 4837 3601 4890 sorori

2002 4924 2220 4979 charte:
2248 4924 2453 4980 Secede
2482 4922 2758 4996 paululum
2805 4925 2871 4980 de
2912 4925 3021 4990 via,
3062 4926 3236 4983 donec
3278 4926 3438 4980 turba
3474 4938 3596 4993 pcr-

2004 5025 2247 5071 transeat
2267 5018 2394 5083 ista,
2425 5030 2493 5071 ne
2521 5030 2620 5070 nos
2645 5014 2944 5089 incongrue
2966 5026 3342 5075 commeantes
3367 5014 3599 5068 seanda-

1954 5174 1959 5179 ,
2005 5107 2117 5162 ltun
2144 5108 2423 5178 patiantur
2448 5107 2718 5162 videntes.
2753 5108 2875 5176 Quo
2906 5106 3050 5163 facto
3077 5121 3200 5178 post
3226 5103 3480 5176 ptrsillum
3514 5117 3603 5156 re-

2003 5212 2193 5259 vocata
2232 5211 2317 5258 est
2352 5202 2420 5256 ad
2450 5201 2597 5257 illum
2631 5198 2773 5267 feed.
2811 5201 2968 5256 Cruc.
3011 5215 3110 5270 per
3145 5195 3342 5267 illum].
3378 5194 3603 5257 Eamus,

2005 5294 2197 5365 inquit,
2222 5309 2435 5365 precor,
2468 5293 2521 5347 in
2553 5290 2699 5346 viam
2745 5302 3014 5356 nostram,
3059 5307 3236 5346 soror.
3283 5286 3375 5341 illa
3423 5294 3603 5339 autem

2009 5403 2115 5443 non
2145 5388 2527 5450 respondente,
2553 5398 2808 5450 quaerens
2837 5383 3041 5439 invenit
3063 5393 3182 5437 eam
3204 5377 3426 5435 obilsse.
3451 5374 3606 5430 Tunc
