3998 5450
480 265 574 322 151
1492 265 1789 320 OTIILONI
1833 263 2132 320 MONACHI
2173 267 2230 320 S.
2274 266 2692 322 EMMERAMMI
2737 265 2741 268 “
3643 271 3741 324 132

469 381 521 436 ei
553 381 691 434 Deus
731 380 911 433 omnia
963 379 1183 445 delicta,
1206 389 1260 434 et
1293 387 1412 449 post
1437 380 1576 434 hanc
1605 379 1769 433 vita...
1815 379 2054 448 requiem
2082 384 2132 441 Α
2232 381 2373 435 Bene
2402 381 2603 434 docens
2623 389 2679 434 et
2720 379 2857 434 male
2894 379 3080 434 vivens
3108 381 3356 445 virtutes,
3382 395 3516 450 quas
3550 384 3743 451 prazdi-

471 473 542 527 sit
568 472 757 540 adepta
799 485 1108 540 perennem.

543 563 646 630 Qui
687 578 817 633 ergo
861 563 1007 631 cupit
1047 562 1322 617 Christum
1367 561 1587 627 imitari,
1613 561 1775 616 habet
1827 560 2062 630 undique

471 655 711 722 exempla
745 641 880 708 bene
909 654 1153 718 vivendi;
1197 655 1360 708 habet
1384 655 1546 708 etiam
1576 668 1643 708 ex
1683 653 1860 723 aliqua
1909 663 2062 722 parte

472 736 781 799 facultatem
833 746 972 800 bene
1023 747 1236 817 agendi.
1298 746 1566 802 Czeterum
1641 747 1865 801 omnino
1914 755 2062 801 errat

471 837 561 905 qui
611 850 707 905 per
761 849 950 905 pacem
1000 848 1056 890 et
1112 837 1280 892 otium
1344 852 1402 892 se
1453 837 1668 906 assequi
1729 834 2057 905 triumphum

469 935 639 995 putat.

537 1015 607 1068 11.
637 1015 806 1082 Quam
834 1017 1000 1071 variis
1033 1017 1192 1086 plena
1223 1018 1448 1088 dapibus
1471 1025 1685 1071 constat
1717 1024 1805 1070 tua
1835 1018 2050 1072 mensa!
2075 990 2095 1006 .

468 1106 600 1159 Nam
628 1123 751 1160 eum
777 1109 1062 1176 perpaucis
1101 1108 1333 1162 recreari
1359 1107 1570 1176 postulo
1591 1107 1790 1161 verbis.

469 1195 585 1249 Mox
622 1197 750 1250 mihi
780 1197 991 1250 diversa
1023 1197 1285 1254 doctrina:
1317 1197 1413 1252 das
1443 1197 1718 1252 alimenta.

468 1287 615 1340 IIanc
646 1289 806 1357 igitur
835 1303 1046 1343 Cinnam
1077 1289 1284 1343 cwlesti
1310 1289 1561 1358 dogmate
1590 1288 1802 1362 plenam

467 1378 572 1444 Qui
598 1378 736 1433 bona
765 1389 960 1434 cuncta
983 1389 1135 1434 creat
1159 1373 1320 1434 'solita
1353 1381 1556 1450 pietate
1593 1380 1871 1450 rependat.

1237 1469 1297 1523 L.

814 1559 1066 1625 Mai-alia,
1121 1571 1286 1614 metra
1323 1570 1370 1614 et
1413 1562 1694 1616 sententiis.

465 1655 608 1710 Ante
641 1655 732 1709 Dei
765 1656 968 1709 vultum
997 1655 1068 1710 nil
1098 1656 1246 1726 pravi
1276 1663 1494 1711 constat
1517 1655 1764 1709 iuultnut.

463 1743 570 1797 Ant
596 1745 718 1814 quis
744 1756 932 1814 sponte
958 1762 1053 1799 sua
1082 1746 1222 1799 mala
1258 1746 1430 1815 punit,
1462 1745 1576 1799 sive
1601 1744 1856 1800 coactus?

462 1836 702 1892 Bellator
727 1837 905 1902 fortis,
931 1839 1021 1907 qui
1054 1853 1112 1893 se
1137 1840 1337 1908 poterit
1372 1853 1648 1908 superare.

465 1928 641 1983 Bestia
667 1930 912 1985 crudelis
936 1940 1018 1984 est
1048 1945 1143 1984 eor
1166 1945 1344 2000 pravae
1371 1928 1638 1984 mulieris.

461 2019 774 2076 Cmmuunis
805 2023 1026 2076 morbus
1053 2021 1415 2076 communiter
1446 2029 1529 2074 est
1554 2019 1874 2090 abigendus.

460 2109 683 2179 Corrige
711 2120 762 2164 te
784 2113 1016 2180 primum
1036 2152 1050 2175 ,
1081 2111 1172 2180 qui
1205 2121 1386 2165 rector
1410 2111 1484 2164 sis
1510 2110 1758 2164 aliorum.

462 2199 660 2255 Doctor
688 2202 959 2271 perfectus
983 2219 1102 2271 qua:
1136 2203 1238 2257 rite
1260 2203 1417 2257 docet
1450 2202 1600 2271 prius
1623 2201 1829 2271 implet.

462 2290 668 2346 Divitiae
696 2308 838 2347 vera:
868 2301 993 2348 sunt
1019 2294 1277 2346 virtutqu
1306 2293 1445 2346 bona
1473 2305 1724 2361 quaeque.

458 2378 744 2450 Eloquium
771 2389 1018 2434 sanctum
1051 2381 1346 2449 pretiosum
1377 2380 1436 2433 fit
1466 2394 1628 2448 super
1653 2393 1865 2432 aurum.

458 2471 553 2525 Est
577 2471 731 2540 quasi
759 2487 854 2526 vas
881 2487 1131 2536 vacuum,
1158 2473 1244 2527 cui
1273 2487 1402 2525 cura
1432 2471 1583 2525 deest
1610 2470 1936 2524 animarum.

457 2562 745 2617 Fructibus
773 2578 836 2616 ex
863 2563 1108 2632 propriis
1137 2562 1299 2616 arbor
1325 2561 1673 2633 cognoscitur
1697 2560 1898 2616 omnis.

457 2652 607 2706 Finis
647 2653 902 2722 praecepti
935 2661 1150 2707 constat
1178 2652 1397 2706 dilectio
1426 2651 1652 2707 Christi.

459 2742 679 2796 Grande
707 2742 883 2797 scelus
910 2743 1100 2811 gramli
1128 2742 1308 2796 studio
1335 2742 1494 2796 debet
1520 2742 1789 2810 superari.

457 2830 642 2885 Gratia
670 2832 781 2886 sola
811 2832 904 2886 Dei
934 2848 1068 2900 quos
1091 2831 1199 2886 vult
1237 2832 1364 2886 facit
1393 2832 1500 2885 alta
1533 2834 1752 2886 mereri.

455 2919 686 2974 IIorrida
719 2920 855 2975 bella
880 2922 1019 2993 gerit
1046 2921 1136 2992 qui
1163 2921 1309 2992 pacis
1340 2920 1545 2975 hedera
1575 2923 1802 2991 spernit.

457 3013 734 3067 Ilazrentes
760 3021 917 3067 terra:
943 3019 1218 3082 nequeunt
1243 3011 1397 3066 subdi
1429 3011 1672 3065 theoriaz.

2165 481 2271 534 cat,
2305 470 2543 524 moribus
2569 470 2812 524 infatuat.

2234 563 2440 617 Bellum
2467 565 2730 632 optimum
2772 563 2972 633 agitur,
3018 578 3140 617 cum
3187 562 3409 632 spiritus
3453 564 3604 618 carni
3653 565 3744 618 ad-

2163 666 2434 710 versatur.

2235 745 2477 801 Brevitas
2501 747 2621 800 vitae
2649 746 2934 814 praesentis
2958 747 3230 814 pensanda
3256 755 3338 800 est
3362 745 3429 799 ab
3453 747 3740 799 universis.

2231 837 2351 892 Cito
2384 837 2435 890 in
2472 837 2698 892 crimina
2746 835 2951 905 majora
2979 838 3184 891 corruit
3209 836 3299 906 qui
3330 851 3497 906 parva
3525 852 3623 906 pro
3666 835 3744 890 ui-

2160 929 2268 984 hilo
2293 929 2460 983 ducit.

2227 1018 2424 1072 Curam
2450 1019 2502 1073 iu
2535 1020 2698 1074 rebus
2733 1019 2957 1075 minime
2995 1020 3318 1074 necessariis
3346 1034 3506 1090 agere
3544 1035 3741 1090 pecea-

2161 1117 2273 1161 tum
2304 1117 2389 1162 est
2415 1110 2640 1181 grande.
2670 1133 2672 1135 >

2226 1195 2404 1266 Caput
2438 1206 2521 1252 est
2565 1197 2848 1253 discordia:
2876 1197 2966 1269 qui
3009 1213 3076 1254 ex
3121 1198 3498 1254 communibus
3523 1199 3740 1269 propria

2157 1288 2338 1343 studet
2362 1286 2562 1343 facere.

2174 1427 2176 1429 ,
2227 1379 2339 1432 Deo
2382 1379 2514 1432 nihil
2558 1378 2685 1432 mali
2732 1387 2817 1433 est
2861 1379 3256 1450 imputandum,
3301 1380 3741 1450 quandoquidem

2155 1471 2273 1542 ipso
2301 1471 2441 1524 malo
2471 1471 2642 1524 utitur
2665 1471 2732 1525 ad
2762 1472 2981 1532 bonum.
3323 1519 3326 1522 .

2225 1559 2446 1616 Difficile
2471 1560 2760 1631 corrigitur
2795 1562 3032 1631 nequitia
3060 1579 3222 1633 quam
3244 1562 3480 1634 concipit
3535 1562 3660 1634 quis
3688 1564 3741 1616 in

2154 1653 2406 1723 pueritia.

2079 1729 2128 1788 Β
2225 1746 2300 1800 De
2324 1755 2546 1814 peccato
2575 1747 2628 1801 in
2659 1756 2939 1815 peccatum
2963 1747 3326 1816 corruuntqui
3355 1747 3524 1801 Deum
3549 1746 3743 1801 timere

2151 1845 2206 1891 et
2231 1852 2414 1890 amare
2447 1837 2745 1907 negligunt.

2221 1927 2630 1996 Eleemosyuam
2671 1926 2816 1981 illam
2863 1927 3003 1981 Dens
3045 1936 3380 1989 exsecratur,
3409 1941 3528 1996 qua:
3557 1940 3625 1981 ex
3653 1943 3742 1980 ra-

2150 2017 2272 2086 pina
2306 2015 2592 2085 praabetnr.
3269 2069 3274 2074 ,

2219 2104 2380 2160 Errat
2408 2104 2661 2159 facillime
2691 2105 2782 2174 qui
2821 2121 2926 2160 non
2955 2115 3110 2161 curat
3134 2121 3241 2176 quo
3267 2107 3466 2160 rectius
3491 2116 3704 2174 pergat.

2220 2197 2297 2251 Ex
2337 2197 2513 2250 alieno
2558 2197 2797 2266 periculo
2837 2196 3048 2268 sapiens
3090 2189 3149 2254 se
3193 2200 3416 2270 corrigit
3453 2211 3506 2254 et
3549 2215 3740 2254 emcn-

2149 2289 2257 2342 dat.

2215 2379 2442 2435 Frustra
2478 2395 2574 2451 pro
2618 2379 2790 2434 salute
2817 2379 3059 2449 corporis
3103 2377 3401 2446 laboratur,
3431 2379 3533 2434 nisi
3576 2378 3740 2434 simul

2146 2471 2339 2526 animae
2366 2471 2510 2526 salus
2540 2461 2868 2527 obtineatur.

2216 2560 2444 2614 Fallitur
2486 2561 2797 2614 omnimodo
2829 2560 2919 2631 qui
2968 2575 3118 2630 spem
3161 2573 3312 2614 suam
3358 2557 3510 2629 ponit
3538 2559 3590 2612 in
3636 2559 3737 2614 Im-

2147 2652 2290 2706 mine
2318 2651 2401 2704 vel
2431 2651 2482 2705 in
2516 2651 2617 2705 hoc
2653 2651 2875 2706 saeculo.

2217 2742 2396 2797 Facile
2451 2740 2675 2796 offendit
2725 2743 2816 2811 qui
2873 2758 2979 2795 non
3028 2741 3290 2812 eptimis,
3341 2739 3435 2796 sed
3483 2741 3740 2811 pessimis

2145 2833 2358 2904 placere
2390 2837 2560 2903 cupit.

2215 2926 2362 2981 Gula:
2395 2937 2449 2980 et
2484 2926 2708 2980 luxuria:
2735 2925 2946 2981 deditus
2985 2935 3332 2995 comparatur
3356 2923 3621 2992 jnmentis
3650 2925 3737 2979 in-

2094 3079 2111 3097 .
2144 3017 2480 3087 sipientibns.

455 3103 621 3174 Impia
650 3119 878 3174 qumque
923 3081 1146 3158 studens
1189 3102 1375 3171 nequit
1407 3102 1458 3155 in
1507 3102 1720 3169 Christo
1759 3101 1875 3157 fore
1917 3118 2036 3169 pru-
2067 3081 2112 3138 C
2193 3081 2386 3160 Crave
2415 3115 2500 3160 est
2531 3115 2809 3175 peccatum
2851 3107 2994 3161 unde
3030 3106 3230 3178 aliquis
3275 3105 3536 3175 peccandi
3567 3106 3736 3159 sumit

387 3185 389 3187 ’
454 3194 671 3250 Invidiae
702 3195 894 3265 plenus
915 3209 1077 3264 super
1101 3208 1290 3248 omnes
1315 3201 1492 3247 exstat
1520 3207 1744 3262 egenus.
1825 3191 2004 3263 [dc-ns.

455 3288 663 3342 Chares
686 3301 846 3341 nemo
871 3285 1240 3354 snosChristo
1275 3297 1587 3354 praeponere
1608 3283 1786 3338 debet.

454 3376 570 3432 Lux
598 3387 799 3432 :eterna
831 3377 955 3446 piis,
987 3375 1224 3429 teuebra:
1248 3382 1373 3428 sunt
1399 3386 1611 3442 semper
1640 3371 1859 3440 iniquis.

454 3467 687 3522 anbos
718 3467 998 3538 praecingit
1019 3467 1109 3536 qni
1141 3465 1322 3521 carnis
1350 3475 1474 3520 vota
1510 3462 1810 3534 restringit.

455 3558 643 3629 Magna
674 3560 827 3626 quies
853 3557 1019 3612 animi
1050 3557 1225 3612 vitare
1253 3557 1465 3627 negotia
1489 3554 1697 3610 mundi.

454 3647 596 3702 Mors
627 3648 766 3702 mala
793 3649 1058 3710 vincetur,
1077 3647 1120 3700 si
1143 3647 1344 3716 jugiler
1363 3654 1488 3700 ante
1517 3646 1758 3700 timetur.

453 3739 569 3792 Non
604 3741 802 3806 poterit
831 3739 936 3792 dici
974 3753 1134 3807 quam
1162 3737 1326 3790 multa
1358 3737 1428 3791 sit
1453 3751 1543 3790 ars
1567 3736 1791 3791 inituici.

454 3827 532 3882 Nc
561 3828 778 3884 tardare
807 3828 958 3894 velis,
990 3828 1032 3881 si
1058 3842 1218 3897 quem
1250 3836 1567 3880 convertere
1590 3825 1780 3896 possis.

455 3920 499 3973 Ο
529 3919 747 3987 quantis
786 3919 932 3972 curis
969 3934 1121 3972 mens
1151 3918 1354 3988 indiget
1380 3917 1632 3972 onmibus
1654 3917 1833 3972 horis!

455 4009 729 4063 Orandum
762 4025 993 4080 semper,
1019 4025 1085 4064 ne
1119 4010 1443 4065 seducamur
1481 4008 1550 4062 ab
1581 4008 1755 4064 hoste.

453 4099 693 4156 Peccans
718 4101 958 4172 quotidie
979 4101 1193 4156 studeat
1224 4117 1282 4156 se
1307 4117 1431 4155 mox
1452 4115 1730 4170 reparare.

457 4194 703 4264 I’rmceps
734 4192 799 4246 ad
830 4193 994 4247 risum
1023 4206 1262 4262 praeceps
1283 4205 1497 4262 quoque
1520 4189 1692 4244 fertur
1714 4189 1780 4243 ad
1811 4188 1966 4243 iram.

455 4284 625 4348 Quam
658 4283 972 4338 tenebrosus
1007 4299 1180 4348 amor,
1205 4299 1312 4352 quo
1340 4283 1476 4337 lucis
1495 4281 1767 4352 spernitur
1791 4280 2033 4336 Auctor!

456 4373 721 4439 Quantum
753 4374 871 4444 plus
898 4373 1078 4428 valeas
1103 4383 1308 4429 tantum
1341 4372 1662 4427 submittere
1693 4370 1930 4427 Christo.

457 4461 598 4516 Rara
639 4462 770 4517 fides
796 4464 999 4518 hoiuini
1028 4464 1312 4518 tribuenda
1352 4473 1455 4526 est,
1497 4477 1596 4532 pro
1620 4461 1802 4515 dolor!
1835 4461 2004 4515 omni.

456 4553 570 4607 Rex
599 4553 718 4623 pius
746 4564 795 4608 et
815 4551 995 4625 justus
1025 4555 1204 4608 studet
1230 4555 1333 4609 hoc
1355 4554 1498 4624 quod
1523 4553 1719 4608 dicitur
1752 4567 1891 4608 esse.

457 4645 513 4697 Si
559 4645 639 4698 vis
682 4645 902 4709 salvari,
946 4645 1021 4699 nil
1055 4645 1179 4700 huic
1212 4643 1352 4716 [cod.
1389 4643 1548 4698 Cruc.
1597 4641 1746 4716 hinc]
1789 4658 2040 4715 praepone

1834 4735 2036 4808 [saluli.

459 4829 609 4896 Saepe
630 4829 828 4882 bonum
853 4830 1096 4898 cupimus
1117 4829 1260 4898 quod
1283 4842 1406 4883 mox
1435 4844 1531 4884 nos
1557 4827 1699 4884 nolle
1723 4827 2031 4898 probamus,

457 4919 709 4981 Terrenis
735 4919 948 4973 inhians
977 4923 1061 4974 vix
1087 4919 1387 4989 spiritualia
1413 4919 1606 4973 credit.

457 5008 532 5062 Te
555 5009 738 5062 laesum
769 5009 950 5072 crede,
972 5025 1094 5064 eum
1124 5009 1304 5064 cernis
1324 5022 1592 5077 quemque
1617 5005 1819 5060 dolere.

459 5097 719 5154 Utilitatis
744 5114 898 5153 amor
919 5101 1026 5154 cito
1052 5100 1240 5171 suadet
1268 5100 1398 5168 quid
1423 5100 1492 5152 sit
1515 5095 1801 5167 agendum.

461 5187 530 5241 Ut
568 5189 704 5256 lapis
730 5189 907 5242 omnis
937 5189 1116 5250 homo,
1142 5189 1244 5242 nisi
1274 5189 1450 5242 mollis
1479 5196 1669 5257 agatur
1694 5183 1761 5237 ab
1781 5183 1915 5237 alto.

453 5275 553 5346 .V'is
578 5278 762 5345 ingens
791 5277 953 5331 animi
985 5277 1183 5331 nullius
1205 5278 1361 5330 laude
1390 5277 1615 5330 moveri.

529 5364 870 5433 Arrugaulia,
915 5381 1035 5435 quae
1083 5367 1276 5420 divites
1327 5366 1380 5419 iu
1423 5366 1618 5435 opibus
1659 5365 1889 5428 extollit,
1922 5362 2029 5430 ipsa

2142 3197 2468 3266 exetnplum.

2212 3285 2392 3341 Gratis
2415 3301 2446 3340 a
2480 3287 2586 3341 Deo
2615 3285 2738 3338 data
2767 3286 2936 3356 gratis
2960 3287 3122 3342 etiam
3165 3295 3290 3342 sunt
3318 3288 3386 3341 ab
3416 3287 3734 3340 hominibus

2143 3376 2340 3431 danda.
3123 3427 3125 3429 ,

2166 3492 2171 3498 ·
2213 3465 2325 3520 Hoc
2366 3465 2544 3521 studio
2572 3467 2812 3522 converti
2859 3467 3090 3538 quisque
3129 3466 3289 3522 debet
3331 3467 3399 3520 ad
3440 3468 3582 3522 bona
3621 3482 3734 3538 quo

2141 3567 2398 3626 operatus
2427 3566 2512 3610 est
2537 3557 2696 3610 mala.

2211 3645 2515 3700 Hnmilibus
2553 3653 2608 3698 et
2646 3644 2891 3700 fidelibus
2918 3647 3114 3700 divinas
3141 3646 3276 3715 legis
3317 3645 3579 3717 mysteria
3626 3661 3730 3714 pa-

2142 3742 2288 3798 tent;
2313 3733 2572 3802 superbos
2601 3743 2780 3788 autem
2819 3744 2874 3788 et
2903 3735 3146 3790 infideles
3181 3735 3368 3790 latent.

2212 3823 2469 3878 Homines
2497 3823 2618 3894 plus
2646 3840 2807 3893 quam
2836 3825 3006 3881 Deum
3033 3826 3225 3880 timere
3258 3841 3364 3881 nou
3393 3834 3481 3880 est
3515 3825 3736 3896 religio-

2141 3914 2228 3970 nis
2257 3913 2599 3969 Christiana}.

2210 4008 2396 4064 I-lmres
2418 4019 2472 4064 et
2501 4010 2834 4080 propinquus
2859 4018 2942 4065 est
2971 4009 3270 4080 Spiritualis
3295 4010 3528 4065 amicus.

2209 4096 2352 4168 Ignis
2387 4099 2835 4168 concupiscentia:
2882 4100 3118 4154 carnalis
3161 4108 3364 4169 quanto
3392 4099 3598 4154 diutius
3641 4115 3734 4154 ar-

2140 4191 2269 4245 dere
2295 4189 2648 4259 permittitur,
2693 4199 2842 4243 tanto
2868 4188 3134 4244 difficilius
3168 4190 3551 4259 exstinguitur.

2213 4279 2504 4335 Infirmitas
2576 4279 2755 4334 carnis
2821 4278 2866 4332 si
2929 4279 3200 4349 patienter
3232 4279 3589 4340 sustineatur,
3649 4287 3734 4333 cst

2068 4422 2116 4481 υ
2141 4372 2295 4442 quasi
2325 4371 2672 4442 purgatorius
2708 4371 2867 4440 ignis.

2209 4461 2399 4517 Juveni
2440 4462 2514 4516 nil
2559 4463 2728 4532 magis
2769 4461 2988 4515 noxium
3034 4461 3308 4516 invenitur
3349 4475 3512 4530 quam
3549 4470 3608 4514 ut
3637 4477 3730 4515 vo-

2140 4553 2402 4609 luntatem
2447 4553 2722 4623 propriam
2770 4560 3052 4620 sequatur.

2211 4644 2464 4713 Iniuriam
2508 4657 2760 4712 magnam
2806 4641 3051 4696 Creatori
3101 4640 3235 4697 facit
3281 4642 3375 4710 qui
3417 4650 3730 4695 creaturam

2141 4734 2303 4786 ullam
2325 4733 2444 4803 plus
2471 4747 2634 4801 quam
2678 4731 2832 4786 illum
2863 4731 3057 4800 diligit.

2213 4819 2411 4873 Laudis
2446 4821 2699 4874 humanae
2734 4817 2928 4874 avidus
2971 4818 3167 4873 divina:
3213 4815 3594 4872 retributionis
3645 4834 3731 4872 re-

2143 4909 2285 4980 spuit
2330 4923 2546 4962 munus.

2211 5000 2399 5068 Longo
2444 5013 2544 5052 usu
2585 4996 2903 5052 discendum
2933 5005 3018 5052 est
3053 4997 3272 5068 quando
3298 4996 3552 5065 cuiquam
3583 4989 3729 5068 loqui

2144 5091 2224 5146 vel
2275 5100 2454 5144 tacere
2493 5089 2799 5164 conveniat.
3116 5075 3120 5078 ’

2212 5179 2392 5234 Licet
2424 5177 2607 5233 multis
2643 5177 2750 5229 vita
2804 5186 2892 5228 tua
2922 5175 3157 5243 placeat,
3209 5177 3302 5229 tibi
3355 5175 3570 5244 placere
3622 5194 3728 5232 non

2141 5273 2320 5326 debet.

2214 5360 2492 5414 Lateutem
2528 5356 2836 5427 superbiam
2883 5354 2958 5408 nil
3006 5357 3179 5426 magis
3209 5357 3516 5426 comprimit
3564 5373 3730 5424 quam
