  <div class='ocr_page' id='page_1' title='image "/cluster/home/n/w/nwhite01/storage/ocr_20150623/146/hvd.32044015471832/072.png"; bbox 0 0 3998 5450; ppageno 0'>
   <div class='ocr_carea' id='block_1_1' title="bbox 225 319 313 375">
    <p class='ocr_par' dir='ltr' id='par_1_1' title="bbox 225 319 313 375">
     <span class='ocr_line' id='line_1_1' title="bbox 225 319 313 375; baseline 0.011 -1"><span class='ocrx_word' id='word_1_1' title='bbox 225 319 313 375; x_wconf 62' lang='grc'><strong>155</strong></span> 
     </span>
    </p>
   </div>
   <div class='ocr_carea' id='block_1_2' title="bbox 1176 310 2459 381">
    <p class='ocr_par' dir='ltr' id='par_1_2' title="bbox 1176 310 2459 381">
     <span class='ocr_line' id='line_1_2' title="bbox 1176 310 2459 381; baseline 0.002 -14"><span class='ocrx_word' id='word_1_2' title='bbox 1176 310 1448 373; x_wconf 71' lang='lat' dir='ltr'><strong>DIALOG.</strong></span> <span class='ocrx_word' id='word_1_3' title='bbox 1488 311 1576 368; x_wconf 83' lang='lat' dir='ltr'><strong>DE</strong></span> <span class='ocrx_word' id='word_1_4' title='bbox 1613 310 1869 369; x_wconf 76' lang='lat' dir='ltr'><strong>TRIBUS</strong></span> <span class='ocrx_word' id='word_1_5' title='bbox 1905 312 2459 381; x_wconf 73' lang='grc' dir='ltr'><strong>ΟυιΕΞἹΊΟΝΙΒυΒ.</strong></span> 
     </span>
    </p>
   </div>
   <div class='ocr_carea' id='block_1_3' title="bbox 3340 314 3442 370">
    <p class='ocr_par' dir='ltr' id='par_1_3' title="bbox 3340 314 3442 370">
     <span class='ocr_line' id='line_1_3' title="bbox 3340 314 3442 370; baseline 0.029 -3"><span class='ocrx_word' id='word_1_6' title='bbox 3340 314 3442 370; x_wconf 65' lang='grc'><strong>154</strong></span> 
     </span>
    </p>
   </div>
   <div class='ocr_carea' id='block_1_4' title="bbox 276 424 3442 497">
    <p class='ocr_par' dir='ltr' id='par_1_4' title="bbox 276 424 3442 497">
     <span class='ocr_line' id='line_1_4' title="bbox 276 424 3442 497; baseline -0.002 -9"><span class='ocrx_word' id='word_1_7' title='bbox 276 431 434 488; x_wconf 70' lang='lat' dir='ltr'><strong>Mollis</strong></span> <span class='ocrx_word' id='word_1_8' title='bbox 480 439 533 485; x_wconf 89' lang='lat' dir='ltr'><strong>et</strong></span> <span class='ocrx_word' id='word_1_9' title='bbox 572 427 864 485; x_wconf 87' lang='lat' dir='ltr'><strong>dissolutus</strong></span> <span class='ocrx_word' id='word_1_10' title='bbox 892 443 999 486; x_wconf 91' lang='lat' dir='ltr'><strong>non</strong></span> <span class='ocrx_word' id='word_1_11' title='bbox 1044 427 1146 496; x_wconf 91' lang='lat' dir='ltr'><strong>vir,</strong></span> <span class='ocrx_word' id='word_1_12' title='bbox 1190 426 1287 483; x_wconf 88' lang='lat' dir='ltr'><strong>sed</strong></span> <span class='ocrx_word' id='word_1_13' title='bbox 1334 425 1532 483; x_wconf 81' lang='lat' dir='ltr'><strong>mulier</strong></span> <span class='ocrx_word' id='word_1_14' title='bbox 1558 436 1643 483; x_wconf 86' lang='lat' dir='ltr'><strong>est</strong></span> <span class='ocrx_word' id='word_1_15' title='bbox 1686 425 1763 481; x_wconf 83' lang='lat' dir='ltr'><strong>di-</strong></span> <span class='ocrx_word' id='word_1_16' title='bbox 1790 429 1839 487; x_wconf 81' lang='grc' dir='ltr'><strong>Δ</strong></span> <span class='ocrx_word' id='word_1_17' title='bbox 1936 424 2098 483; x_wconf 85' lang='lat' dir='ltr'><strong>Salus</strong></span> <span class='ocrx_word' id='word_1_18' title='bbox 2137 435 2224 483; x_wconf 86' lang='lat' dir='ltr'><strong>est</strong></span> <span class='ocrx_word' id='word_1_19' title='bbox 2265 426 2491 483; x_wconf 82' lang='lat' dir='ltr'><strong>divitum</strong></span> <span class='ocrx_word' id='word_1_20' title='bbox 2539 424 2828 483; x_wconf 86' lang='lat' dir='ltr'><strong>subvenire</strong></span> <span class='ocrx_word' id='word_1_21' title='bbox 2869 425 3280 482; x_wconf 69' lang='lat' dir='ltr'><strong>necessitatibus</strong></span> <span class='ocrx_word' id='word_1_22' title='bbox 3304 442 3442 497; x_wconf 86' lang='lat' dir='ltr'><strong>pau-</strong></span> 
     </span>
    </p>
   </div>
   <div class='ocr_carea' id='block_1_5' title="bbox 270 525 414 581">
    <p class='ocr_par' dir='ltr' id='par_1_5' title="bbox 270 525 414 581">
     <span class='ocr_line' id='line_1_5' title="bbox 270 525 414 581; baseline -0.021 0"><span class='ocrx_word' id='word_1_23' title='bbox 270 525 414 581; x_wconf 87' lang='lat' dir='ltr'><strong>udus.</strong></span> 
     </span>
    </p>
   </div>
   <div class='ocr_carea' id='block_1_6' title="bbox 216 544 1512 681">
    <p class='ocr_par' dir='ltr' id='par_1_6' title="bbox 216 544 1512 681">
     <span class='ocr_line' id='line_1_6' title="bbox 270 544 414 581; baseline -0.021 0"><span class='ocrx_word' id='word_1_24' title='bbox 270 544 414 581; x_wconf 74' lang='lat' dir='ltr'><strong>nitus.</strong></span> 
     </span>
     <span class='ocr_line' id='line_1_7' title="bbox 216 544 1512 681; baseline -0.003 -14"><span class='ocrx_word' id='word_1_25' title='bbox 216 544 450 669; x_wconf 41' lang='lat' dir='ltr'><strong>ellulier</strong></span> <span class='ocrx_word' id='word_1_26' title='bbox 479 611 609 666; x_wconf 83' lang='lat' dir='ltr'><strong>dans</strong></span> <span class='ocrx_word' id='word_1_27' title='bbox 632 627 797 679; x_wconf 80' lang='lat' dir='ltr'><strong>opera</strong></span> <span class='ocrx_word' id='word_1_28' title='bbox 829 610 1017 665; x_wconf 89' lang='lat' dir='ltr'><strong>virtuti</strong></span> <span class='ocrx_word' id='word_1_29' title='bbox 1060 610 1143 665; x_wconf 87' lang='lat' dir='ltr'><strong>vir</strong></span> <span class='ocrx_word' id='word_1_30' title='bbox 1179 618 1359 681; x_wconf 84' lang='lat' dir='ltr'><strong>potest</strong></span> <span class='ocrx_word' id='word_1_31' title='bbox 1385 609 1512 666; x_wconf 87' lang='lat' dir='ltr'><strong>dici.</strong></span> 
     </span>
    </p>
   </div>
   <div class='ocr_carea' id='block_1_7' title="bbox 273 698 1763 771">
    <p class='ocr_par' dir='ltr' id='par_1_7' title="bbox 273 698 1763 771">
     <span class='ocr_line' id='line_1_8' title="bbox 273 698 1763 771; baseline -0.002 -13"><span class='ocrx_word' id='word_1_32' title='bbox 273 703 438 758; x_wconf 80' lang='lat' dir='ltr'><strong>Militis</strong></span> <span class='ocrx_word' id='word_1_33' title='bbox 469 701 756 771; x_wconf 82' lang='lat' dir='ltr'><strong>cujuslibet</strong></span> <span class='ocrx_word' id='word_1_34' title='bbox 786 701 1045 757; x_wconf 71' lang='lat' dir='ltr'><strong>fortitudo</strong></span> <span class='ocrx_word' id='word_1_35' title='bbox 1079 716 1186 757; x_wconf 91' lang='lat' dir='ltr'><strong>non</strong></span> <span class='ocrx_word' id='word_1_36' title='bbox 1228 700 1544 771; x_wconf 93' lang='lat' dir='ltr'><strong>agnoscitur</strong></span> <span class='ocrx_word' id='word_1_37' title='bbox 1573 698 1677 754; x_wconf 92' lang='lat' dir='ltr'><strong>nisi</strong></span> <span class='ocrx_word' id='word_1_38' title='bbox 1708 698 1763 755; x_wconf 90' lang='lat' dir='ltr'><strong>in</strong></span> 
     </span>
    </p>
   </div>
   <div class='ocr_carea' id='block_1_8' title="bbox 213 794 350 850">
    <p class='ocr_par' dir='ltr' id='par_1_8' title="bbox 213 794 350 850">
     <span class='ocr_line' id='line_1_9' title="bbox 213 794 350 850; baseline -0.029 0"><span class='ocrx_word' id='word_1_39' title='bbox 213 794 350 850; x_wconf 84' lang='lat' dir='ltr'><strong>bello.</strong></span> 
     </span>
    </p>
   </div>
   <div class='ocr_carea' id='block_1_9' title="bbox 274 880 1766 955">
    <p class='ocr_par' dir='ltr' id='par_1_9' title="bbox 274 880 1766 955">
     <span class='ocr_line' id='line_1_10' title="bbox 274 880 1766 955; baseline -0.005 -16"><span class='ocrx_word' id='word_1_40' title='bbox 274 884 435 940; x_wconf 76' lang='lat' dir='ltr'><strong>Nescit</strong></span> <span class='ocrx_word' id='word_1_41' title='bbox 465 899 601 955; x_wconf 89' lang='lat' dir='ltr'><strong>pene</strong></span> <span class='ocrx_word' id='word_1_42' title='bbox 644 880 773 953; x_wconf 88' lang='lat' dir='ltr'><strong>quid</strong></span> <span class='ocrx_word' id='word_1_43' title='bbox 822 881 974 937; x_wconf 84' lang='lat' dir='ltr'><strong>labor</strong></span> <span class='ocrx_word' id='word_1_44' title='bbox 1021 882 1093 937; x_wconf 90' lang='lat' dir='ltr'><strong>sit</strong></span> <span class='ocrx_word' id='word_1_45' title='bbox 1138 880 1230 952; x_wconf 88' lang='lat' dir='ltr'><strong>qui</strong></span> <span class='ocrx_word' id='word_1_46' title='bbox 1273 894 1549 951; x_wconf 77' lang='lat' dir='ltr'><strong>nunquam</strong></span> <span class='ocrx_word' id='word_1_47' title='bbox 1576 886 1766 933; x_wconf 86' lang='lat' dir='ltr'><strong>contra</strong></span> 
     </span>
    </p>
   </div>
   <div class='ocr_carea' id='block_1_10' title="bbox 212 971 1301 1045">
    <p class='ocr_par' dir='ltr' id='par_1_10' title="bbox 212 971 1301 1045">
     <span class='ocr_line' id='line_1_11' title="bbox 212 971 1301 1045; baseline -0.006 -14"><span class='ocrx_word' id='word_1_48' title='bbox 212 975 497 1045; x_wconf 85' lang='lat' dir='ltr'><strong>spiritualcs</strong></span> <span class='ocrx_word' id='word_1_49' title='bbox 531 973 808 1043; x_wconf 76' lang='lat' dir='ltr'><strong>nequitias</strong></span> <span class='ocrx_word' id='word_1_50' title='bbox 832 981 1043 1028; x_wconf 88' lang='lat' dir='ltr'><strong>certare</strong></span> <span class='ocrx_word' id='word_1_51' title='bbox 1073 971 1301 1027; x_wconf 84' lang='lat' dir='ltr'><strong>studuit.</strong></span> 
     </span>
    </p>
   </div>
   <div class='ocr_carea' id='block_1_11' title="bbox 267 1061 1766 1136">
    <p class='ocr_par' dir='ltr' id='par_1_11' title="bbox 267 1061 1766 1136">
     <span class='ocr_line' id='line_1_12' title="bbox 267 1061 1766 1136; baseline -0.005 -15"><span class='ocrx_word' id='word_1_52' title='bbox 267 1065 422 1121; x_wconf 82' lang='lat' dir='ltr'><strong>Nemo</strong></span> <span class='ocrx_word' id='word_1_53' title='bbox 446 1081 505 1120; x_wconf 90' lang='lat' dir='ltr'><strong>se</strong></span> <span class='ocrx_word' id='word_1_54' title='bbox 528 1073 843 1136; x_wconf 81' lang='lat' dir='ltr'><strong>peccantem</strong></span> <span class='ocrx_word' id='word_1_55' title='bbox 875 1063 1063 1118; x_wconf 84' lang='lat' dir='ltr'><strong>credat</strong></span> <span class='ocrx_word' id='word_1_56' title='bbox 1083 1064 1206 1119; x_wconf 88' lang='lat' dir='ltr'><strong>ideo</strong></span> <span class='ocrx_word' id='word_1_57' title='bbox 1232 1063 1410 1117; x_wconf 84' lang='lat' dir='ltr'><strong>minus</strong></span> <span class='ocrx_word' id='word_1_58' title='bbox 1435 1061 1766 1132; x_wconf 88' lang='lat' dir='ltr'><strong>puniendum</strong></span> 
     </span>
    </p>
   </div>
   <div class='ocr_carea' id='block_1_12' title="bbox 210 1156 1428 1230">
    <p class='ocr_par' dir='ltr' id='par_1_12' title="bbox 210 1156 1428 1230">
     <span class='ocr_line' id='line_1_13' title="bbox 210 1156 1428 1230; baseline -0.002 -19"><span class='ocrx_word' id='word_1_59' title='bbox 210 1158 331 1230; x_wconf 87' lang='lat' dir='ltr'><strong>quod</strong></span> <span class='ocrx_word' id='word_1_60' title='bbox 361 1158 754 1213; x_wconf 87' lang='lat' dir='ltr'><strong>multitudinem</strong></span> <span class='ocrx_word' id='word_1_61' title='bbox 791 1157 1035 1213; x_wconf 85' lang='lat' dir='ltr'><strong>imitetur</strong></span> <span class='ocrx_word' id='word_1_62' title='bbox 1061 1156 1428 1227; x_wconf 84' lang='lat' dir='ltr'><strong>peccantium.</strong></span> 
     </span>
    </p>
   </div>
   <div class='ocr_carea' id='block_1_13' title="bbox 268 1244 1768 1317">
    <p class='ocr_par' dir='ltr' id='par_1_13' title="bbox 268 1244 1768 1317">
     <span class='ocr_line' id='line_1_14' title="bbox 268 1244 1768 1317; baseline -0.002 -15"><span class='ocrx_word' id='word_1_63' title='bbox 268 1248 465 1303; x_wconf 77' lang='lat' dir='ltr'><strong>Nullum</strong></span> <span class='ocrx_word' id='word_1_64' title='bbox 514 1257 730 1303; x_wconf 76' lang='lat' dir='ltr'><strong>constat</strong></span> <span class='ocrx_word' id='word_1_65' title='bbox 776 1247 975 1302; x_wconf 87' lang='lat' dir='ltr'><strong>malum</strong></span> <span class='ocrx_word' id='word_1_66' title='bbox 1013 1262 1122 1317; x_wconf 87' lang='lat' dir='ltr'><strong>quo</strong></span> <span class='ocrx_word' id='word_1_67' title='bbox 1171 1246 1311 1303; x_wconf 83' lang='lat' dir='ltr'><strong>Deus</strong></span> <span class='ocrx_word' id='word_1_68' title='bbox 1345 1262 1453 1302; x_wconf 89' lang='lat' dir='ltr'><strong>non</strong></span> <span class='ocrx_word' id='word_1_69' title='bbox 1489 1254 1674 1300; x_wconf 80' lang='lat' dir='ltr'><strong>utatur</strong></span> <span class='ocrx_word' id='word_1_70' title='bbox 1700 1244 1768 1300; x_wconf 87' lang='lat' dir='ltr'><strong>ad</strong></span> 
     </span>
    </p>
   </div>
   <div class='ocr_carea' id='block_1_14' title="bbox 208 1338 647 1408">
    <p class='ocr_par' dir='ltr' id='par_1_14' title="bbox 208 1338 647 1408">
     <span class='ocr_line' id='line_1_15' title="bbox 208 1338 647 1408; baseline 0.002 -17"><span class='ocrx_word' id='word_1_71' title='bbox 208 1338 397 1408; x_wconf 82' lang='lat' dir='ltr'><strong>aliquod</strong></span> <span class='ocrx_word' id='word_1_72' title='bbox 445 1340 647 1392; x_wconf 88' lang='lat' dir='ltr'><strong>bonum</strong></span> 
     </span>
    </p>
   </div>
   <div class='ocr_carea' id='block_1_15' title="bbox 269 1424 1768 1499">
    <p class='ocr_par' dir='ltr' id='par_1_15' title="bbox 269 1424 1768 1499">
     <span class='ocr_line' id='line_1_16' title="bbox 269 1424 1768 1499; baseline -0.001 -17"><span class='ocrx_word' id='word_1_73' title='bbox 269 1428 591 1499; x_wconf 79' lang='lat' dir='ltr'><strong>Negligeutia</strong></span> <span class='ocrx_word' id='word_1_74' title='bbox 629 1437 685 1483; x_wconf 91' lang='lat' dir='ltr'><strong>et</strong></span> <span class='ocrx_word' id='word_1_75' title='bbox 739 1427 988 1483; x_wconf 87' lang='lat' dir='ltr'><strong>otiositas</strong></span> <span class='ocrx_word' id='word_1_76' title='bbox 1034 1427 1309 1483; x_wconf 85' lang='lat' dir='ltr'><strong>hominem</strong></span> <span class='ocrx_word' id='word_1_77' title='bbox 1357 1425 1425 1481; x_wconf 85' lang='lat' dir='ltr'><strong>ad</strong></span> <span class='ocrx_word' id='word_1_78' title='bbox 1485 1424 1768 1482; x_wconf 90' lang='lat' dir='ltr'><strong>interitum</strong></span> 
     </span>
    </p>
   </div>
   <div class='ocr_carea' id='block_1_16' title="bbox 207 1516 1111 1581">
    <p class='ocr_par' dir='ltr' id='par_1_16' title="bbox 207 1516 1111 1581">
     <span class='ocr_line' id='line_1_17' title="bbox 207 1516 1111 1581; baseline -0.007 -1"><span class='ocrx_word' id='word_1_79' title='bbox 207 1530 400 1581; x_wconf 87' lang='lat' dir='ltr'><strong>ducunt.</strong></span> <span class='ocrx_word' id='word_1_80' title='bbox 1101 1516 1111 1527; x_wconf 87' lang='grc'><em>’</em></span> 
     </span>
    </p>
   </div>
   <div class='ocr_carea' id='block_1_17' title="bbox 268 1611 1518 1671">
    <p class='ocr_par' dir='ltr' id='par_1_17' title="bbox 268 1611 1518 1671">
     <span class='ocr_line' id='line_1_18' title="bbox 268 1611 1518 1671; baseline -0.003 0"><span class='ocrx_word' id='word_1_81' title='bbox 268 1613 441 1671; x_wconf 87' lang='lat' dir='ltr'><strong>Omnis</strong></span> <span class='ocrx_word' id='word_1_82' title='bbox 475 1614 596 1670; x_wconf 89' lang='lat' dir='ltr'><strong>dies</strong></span> <span class='ocrx_word' id='word_1_83' title='bbox 627 1613 781 1669; x_wconf 87' lang='lat' dir='ltr'><strong>velut</strong></span> <span class='ocrx_word' id='word_1_84' title='bbox 808 1613 1031 1669; x_wconf 83' lang='lat' dir='ltr'><strong>ultimus</strong></span> <span class='ocrx_word' id='word_1_85' title='bbox 1060 1611 1380 1669; x_wconf 88' lang='lat' dir='ltr'><strong>tractandus</strong></span> <span class='ocrx_word' id='word_1_86' title='bbox 1411 1619 1518 1669; x_wconf 92' lang='lat' dir='ltr'><strong>est.</strong></span> 
     </span>
    </p>
   </div>
   <div class='ocr_carea' id='block_1_18' title="bbox 265 1704 1341 1775">
    <p class='ocr_par' dir='ltr' id='par_1_18' title="bbox 265 1704 1341 1775">
     <span class='ocr_line' id='line_1_19' title="bbox 265 1704 1341 1775; baseline -0.005 -13"><span class='ocrx_word' id='word_1_87' title='bbox 265 1704 507 1762; x_wconf 76' lang='lat' dir='ltr'><strong>Oratione</strong></span> <span class='ocrx_word' id='word_1_88' title='bbox 525 1706 793 1761; x_wconf 87' lang='lat' dir='ltr'><strong>continua</strong></span> <span class='ocrx_word' id='word_1_89' title='bbox 823 1715 1153 1775; x_wconf 83' lang='lat' dir='ltr'><strong>superantur</strong></span> <span class='ocrx_word' id='word_1_90' title='bbox 1189 1704 1341 1760; x_wconf 88' lang='lat' dir='ltr'><strong>vitia.</strong></span> 
     </span>
    </p>
   </div>
   <div class='ocr_carea' id='block_1_19' title="bbox 1760 534 2074 590">
    <p class='ocr_par' dir='ltr' id='par_1_19' title="bbox 1760 534 2074 590">
     <span class='ocr_line' id='line_1_20' title="bbox 1760 534 2074 590; baseline -0.003 -16"><span class='ocrx_word' id='word_1_91' title='bbox 1760 560 1765 566; x_wconf 87' lang='lat'><strong>.</strong></span> <span class='ocrx_word' id='word_1_92' title='bbox 1863 534 2074 590; x_wconf 86' lang='lat' dir='ltr'><strong>perum.</strong></span> 
     </span>
    </p>
   </div>
   <div class='ocr_carea' id='block_1_20' title="bbox 1934 606 3448 682">
    <p class='ocr_par' dir='ltr' id='par_1_20' title="bbox 1934 606 3448 682">
     <span class='ocr_line' id='line_1_21' title="bbox 1934 606 3448 682; baseline 0 -18"><span class='ocrx_word' id='word_1_93' title='bbox 1934 608 2146 665; x_wconf 86' lang='lat' dir='ltr'><strong>Summi</strong></span> <span class='ocrx_word' id='word_1_94' title='bbox 2182 609 2451 682; x_wconf 85' lang='lat' dir='ltr'><strong>Principis</strong></span> <span class='ocrx_word' id='word_1_95' title='bbox 2482 609 2718 667; x_wconf 84' lang='lat' dir='ltr'><strong>ministri</strong></span> <span class='ocrx_word' id='word_1_96' title='bbox 2766 609 3034 680; x_wconf 84' lang='lat' dir='ltr'><strong>imprimis</strong></span> <span class='ocrx_word' id='word_1_97' title='bbox 3081 618 3210 665; x_wconf 87' lang='lat' dir='ltr'><strong>sunt</strong></span> <span class='ocrx_word' id='word_1_98' title='bbox 3257 606 3448 680; x_wconf 80' lang='lat' dir='ltr'><strong>provi-</strong></span> 
     </span>
    </p>
   </div>
   <div class='ocr_carea' id='block_1_21' title="bbox 1867 698 2051 754">
    <p class='ocr_par' dir='ltr' id='par_1_21' title="bbox 1867 698 2051 754">
     <span class='ocr_line' id='line_1_22' title="bbox 1867 698 2051 754; baseline -0.005 0"><span class='ocrx_word' id='word_1_99' title='bbox 1867 698 2051 754; x_wconf 90' lang='lat' dir='ltr'><strong>dendi.</strong></span> 
     </span>
    </p>
   </div>
   <div class='ocr_carea' id='block_1_22' title="bbox 1939 789 3203 869">
    <p class='ocr_par' dir='ltr' id='par_1_22' title="bbox 1939 789 3203 869">
     <span class='ocr_line' id='line_1_23' title="bbox 1939 789 3203 869; baseline 0.001 -25"><span class='ocrx_word' id='word_1_100' title='bbox 1939 789 2207 861; x_wconf 80' lang='lat' dir='ltr'><strong>Superbia</strong></span> <span class='ocrx_word' id='word_1_101' title='bbox 2244 790 2358 845; x_wconf 89' lang='lat' dir='ltr'><strong>sola</strong></span> <span class='ocrx_word' id='word_1_102' title='bbox 2389 791 2692 862; x_wconf 87' lang='lat' dir='ltr'><strong>corrumpit</strong></span> <span class='ocrx_word' id='word_1_103' title='bbox 2721 792 2904 846; x_wconf 85' lang='lat' dir='ltr'><strong>omnia</strong></span> <span class='ocrx_word' id='word_1_104' title='bbox 2934 791 3096 846; x_wconf 87' lang='lat' dir='ltr'><strong>bona.</strong></span> <span class='ocrx_word' id='word_1_105' title='bbox 3200 862 3203 869; x_wconf 28' lang='grc' dir='ltr'>ι</span> 
     </span>
    </p>
   </div>
   <div class='ocr_carea' id='block_1_23' title="bbox 1937 884 3452 956">
    <p class='ocr_par' dir='ltr' id='par_1_23' title="bbox 1937 884 3452 956">
     <span class='ocr_line' id='line_1_24' title="bbox 1937 884 3452 956; baseline 0 -15"><span class='ocrx_word' id='word_1_106' title='bbox 1937 884 2233 956; x_wconf 74' lang='lat' dir='ltr'><strong>Scriptura:</strong></span> <span class='ocrx_word' id='word_1_107' title='bbox 2283 901 2454 941; x_wconf 77' lang='lat' dir='ltr'><strong>sacra:</strong></span> <span class='ocrx_word' id='word_1_108' title='bbox 2502 886 2785 942; x_wconf 81' lang='lat' dir='ltr'><strong>meditatio</strong></span> <span class='ocrx_word' id='word_1_109' title='bbox 2838 895 3072 942; x_wconf 88' lang='lat' dir='ltr'><strong>mentem</strong></span> <span class='ocrx_word' id='word_1_110' title='bbox 3140 886 3375 942; x_wconf 87' lang='lat' dir='ltr'><strong>retrahit</strong></span> <span class='ocrx_word' id='word_1_111' title='bbox 3420 902 3452 941; x_wconf 90' lang='lat' dir='ltr'><strong>a</strong></span> 
     </span>
    </p>
   </div>
   <div class='ocr_carea' id='block_1_24' title="bbox 1866 980 2317 1051">
    <p class='ocr_par' dir='ltr' id='par_1_24' title="bbox 1866 980 2317 1051">
     <span class='ocr_line' id='line_1_25' title="bbox 1866 980 2317 1051; baseline -0.004 -16"><span class='ocrx_word' id='word_1_112' title='bbox 1866 980 2103 1051; x_wconf 83' lang='lat' dir='ltr'><strong>cogitatu</strong></span> <span class='ocrx_word' id='word_1_113' title='bbox 2136 980 2317 1035; x_wconf 80' lang='lat' dir='ltr'><strong>noxio.</strong></span> 
     </span>
    </p>
   </div>
   <div class='ocr_carea' id='block_1_25' title="bbox 1938 1069 3454 1141">
    <p class='ocr_par' dir='ltr' id='par_1_25' title="bbox 1938 1069 3454 1141">
     <span class='ocr_line' id='line_1_26' title="bbox 1938 1069 3454 1141; baseline 0.002 -16"><span class='ocrx_word' id='word_1_114' title='bbox 1938 1069 2123 1126; x_wconf 80' lang='lat' dir='ltr'><strong>Tenax</strong></span> <span class='ocrx_word' id='word_1_115' title='bbox 2157 1070 2240 1126; x_wconf 91' lang='lat' dir='ltr'><strong>vel</strong></span> <span class='ocrx_word' id='word_1_116' title='bbox 2270 1072 2527 1141; x_wconf 86' lang='lat' dir='ltr'><strong>prodigus</strong></span> <span class='ocrx_word' id='word_1_117' title='bbox 2567 1072 2816 1136; x_wconf 85' lang='lat' dir='ltr'><strong>nimium,</strong></span> <span class='ocrx_word' id='word_1_118' title='bbox 2866 1071 3026 1127; x_wconf 88' lang='lat' dir='ltr'><strong>ambo</strong></span> <span class='ocrx_word' id='word_1_119' title='bbox 3070 1073 3122 1128; x_wconf 91' lang='lat' dir='ltr'><strong>in</strong></span> <span class='ocrx_word' id='word_1_120' title='bbox 3148 1088 3313 1128; x_wconf 89' lang='lat' dir='ltr'><strong>unum</strong></span> <span class='ocrx_word' id='word_1_121' title='bbox 3365 1074 3454 1128; x_wconf 87' lang='lat' dir='ltr'><strong>ni-</strong></span> 
     </span>
    </p>
   </div>
   <div class='ocr_carea' id='block_1_26' title="bbox 1869 1161 2669 1218">
    <p class='ocr_par' dir='ltr' id='par_1_26' title="bbox 1869 1161 2669 1218">
     <span class='ocr_line' id='line_1_27' title="bbox 1869 1161 2669 1218; baseline -0.001 0"><span class='ocrx_word' id='word_1_122' title='bbox 1869 1162 2109 1218; x_wconf 85' lang='lat' dir='ltr'><strong>mietatis</strong></span> <span class='ocrx_word' id='word_1_123' title='bbox 2149 1161 2428 1217; x_wconf 84' lang='lat' dir='ltr'><strong>confluunt</strong></span> <span class='ocrx_word' id='word_1_124' title='bbox 2456 1163 2669 1217; x_wconf 86' lang='lat' dir='ltr'><strong>vitium.</strong></span> 
     </span>
    </p>
   </div>
   <div class='ocr_carea' id='block_1_27' title="bbox 1941 1253 3455 1326">
    <p class='ocr_par' dir='ltr' id='par_1_27' title="bbox 1941 1253 3455 1326">
     <span class='ocr_line' id='line_1_28' title="bbox 1941 1253 3455 1326; baseline 0.001 -16"><span class='ocrx_word' id='word_1_125' title='bbox 1941 1253 2326 1325; x_wconf 83' lang='lat' dir='ltr'><strong>Temperaturn</strong></span> <span class='ocrx_word' id='word_1_126' title='bbox 2353 1268 2515 1309; x_wconf 91' lang='lat' dir='ltr'><strong>omne</strong></span> <span class='ocrx_word' id='word_1_127' title='bbox 2556 1262 2667 1310; x_wconf 86' lang='lat' dir='ltr'><strong>tam</strong></span> <span class='ocrx_word' id='word_1_128' title='bbox 2703 1255 2816 1311; x_wconf 90' lang='lat' dir='ltr'><strong>Deo</strong></span> <span class='ocrx_word' id='word_1_129' title='bbox 2841 1270 3003 1326; x_wconf 90' lang='lat' dir='ltr'><strong>quam</strong></span> <span class='ocrx_word' id='word_1_130' title='bbox 3033 1255 3343 1312; x_wconf 85' lang='lat' dir='ltr'><strong>hominibus</strong></span> <span class='ocrx_word' id='word_1_131' title='bbox 3370 1263 3455 1313; x_wconf 87' lang='lat' dir='ltr'><strong>est</strong></span> 
     </span>
    </p>
   </div>
   <div class='ocr_carea' id='block_1_28' title="bbox 1871 1345 3453 1417">
    <p class='ocr_par' dir='ltr' id='par_1_28' title="bbox 1871 1345 3453 1417">
     <span class='ocr_line' id='line_1_29' title="bbox 1871 1345 3453 1417; baseline 0.002 -15"><span class='ocrx_word' id='word_1_132' title='bbox 1871 1345 2223 1417; x_wconf 87' lang='lat' dir='ltr'><strong>acceptabile.</strong></span> <span class='ocrx_word' id='word_1_133' title='bbox 2828 1379 2833 1383; x_wconf 61' lang='grc' dir='ltr'><em>η</em></span> <span class='ocrx_word' id='word_1_134' title='bbox 3452 1364 3453 1367; x_wconf 75' lang='lat'>‘</span> 
     </span>
    </p>
   </div>
   <div class='ocr_carea' id='block_1_29' title="bbox 1943 1435 3457 1508">
    <p class='ocr_par' dir='ltr' id='par_1_29' title="bbox 1943 1435 3457 1508">
     <span class='ocr_line' id='line_1_30' title="bbox 1943 1435 3457 1508; baseline 0.001 -18"><span class='ocrx_word' id='word_1_135' title='bbox 1943 1435 2144 1507; x_wconf 90' lang='lat' dir='ltr'><strong>Tepide</strong></span> <span class='ocrx_word' id='word_1_136' title='bbox 2171 1436 2416 1493; x_wconf 85' lang='lat' dir='ltr'><strong>viventes</strong></span> <span class='ocrx_word' id='word_1_137' title='bbox 2449 1436 2745 1493; x_wconf 83' lang='lat' dir='ltr'><strong>Christiani</strong></span> <span class='ocrx_word' id='word_1_138' title='bbox 2792 1435 3061 1493; x_wconf 70' lang='lat' dir='ltr'><strong>difﬁcilius</strong></span> <span class='ocrx_word' id='word_1_139' title='bbox 3112 1436 3457 1508; x_wconf 77' lang='lat' dir='ltr'><strong>corriguntur</strong></span> 
     </span>
    </p>
   </div>
   <div class='ocr_carea' id='block_1_30' title="bbox 1873 1528 3127 1599">
    <p class='ocr_par' dir='ltr' id='par_1_30' title="bbox 1873 1528 3127 1599">
     <span class='ocr_line' id='line_1_31' title="bbox 1873 1528 3127 1599; baseline 0 -18"><span class='ocrx_word' id='word_1_140' title='bbox 1873 1542 2035 1599; x_wconf 90' lang='lat' dir='ltr'><strong>quam</strong></span> <span class='ocrx_word' id='word_1_141' title='bbox 2065 1528 2279 1599; x_wconf 89' lang='lat' dir='ltr'><strong>pagani.</strong></span> <span class='ocrx_word' id='word_1_142' title='bbox 3122 1530 3127 1537; x_wconf 71' lang='lat'><em>‘</em></span> 
     </span>
    </p>
   </div>
   <div class='ocr_carea' id='block_1_31' title="bbox 1945 1617 2990 1690">
    <p class='ocr_par' dir='ltr' id='par_1_31' title="bbox 1945 1617 2990 1690">
     <span class='ocr_line' id='line_1_32' title="bbox 1945 1617 2990 1690; baseline 0.001 -18"><span class='ocrx_word' id='word_1_143' title='bbox 1945 1617 2150 1673; x_wconf 85' lang='lat' dir='ltr'><strong>Tacere</strong></span> <span class='ocrx_word' id='word_1_144' title='bbox 2180 1619 2273 1688; x_wconf 85' lang='lat' dir='ltr'><strong>qui</strong></span> <span class='ocrx_word' id='word_1_145' title='bbox 2305 1619 2502 1683; x_wconf 91' lang='lat' dir='ltr'><strong>nescit,</strong></span> <span class='ocrx_word' id='word_1_146' title='bbox 2535 1619 2710 1675; x_wconf 86' lang='lat' dir='ltr'><strong>nescit</strong></span> <span class='ocrx_word' id='word_1_147' title='bbox 2736 1631 2793 1674; x_wconf 87' lang='lat' dir='ltr'><strong>et</strong></span> <span class='ocrx_word' id='word_1_148' title='bbox 2823 1619 2990 1690; x_wconf 89' lang='lat' dir='ltr'><strong>loqui.</strong></span> 
     </span>
    </p>
   </div>
   <div class='ocr_carea' id='block_1_32' title="bbox 1948 1707 3458 1781">
    <p class='ocr_par' dir='ltr' id='par_1_32' title="bbox 1948 1707 3458 1781">
     <span class='ocr_line' id='line_1_33' title="bbox 1948 1707 3458 1781; baseline 0.003 -20"><span class='ocrx_word' id='word_1_149' title='bbox 1948 1707 2135 1763; x_wconf 78' lang='lat' dir='ltr'><strong>Viator</strong></span> <span class='ocrx_word' id='word_1_150' title='bbox 2150 1708 2240 1764; x_wconf 90' lang='lat' dir='ltr'><strong>ille</strong></span> <span class='ocrx_word' id='word_1_151' title='bbox 2265 1709 2461 1765; x_wconf 88' lang='lat' dir='ltr'><strong>stultus</strong></span> <span class='ocrx_word' id='word_1_152' title='bbox 2493 1719 2577 1766; x_wconf 87' lang='lat' dir='ltr'><strong>est</strong></span> <span class='ocrx_word' id='word_1_153' title='bbox 2605 1710 2695 1780; x_wconf 89' lang='lat' dir='ltr'><strong>qui</strong></span> <span class='ocrx_word' id='word_1_154' title='bbox 2734 1709 2786 1764; x_wconf 90' lang='lat' dir='ltr'><strong>in</strong></span> <span class='ocrx_word' id='word_1_155' title='bbox 2815 1711 3029 1776; x_wconf 88' lang='lat' dir='ltr'><strong>itinere,</strong></span> <span class='ocrx_word' id='word_1_156' title='bbox 3059 1724 3271 1764; x_wconf 71' lang='lat' dir='ltr'><strong>amoma</strong></span> <span class='ocrx_word' id='word_1_157' title='bbox 3302 1719 3458 1781; x_wconf 79' lang='lat' dir='ltr'><strong>prata</strong></span> 
     </span>
    </p>
   </div>
   <div class='ocr_carea' id='block_1_33' title="bbox 263 1773 3350 1869">
    <p class='ocr_par' dir='ltr' id='par_1_33' title="bbox 263 1773 3350 1869">
     <span class='ocr_line' id='line_1_34' title="bbox 263 1773 3350 1869; baseline 0.001 -16"><span class='ocrx_word' id='word_1_158' title='bbox 263 1797 404 1854; x_wconf 88' lang='lat' dir='ltr'><strong>Oculi</strong></span> <span class='ocrx_word' id='word_1_159' title='bbox 458 1797 802 1869; x_wconf 87' lang='lat' dir='ltr'><strong>petulantes,</strong></span> <span class='ocrx_word' id='word_1_160' title='bbox 850 1773 1034 1853; x_wconf 80' lang='lat' dir='ltr'><strong>cordis</strong></span> <span class='ocrx_word' id='word_1_161' title='bbox 1094 1795 1360 1852; x_wconf 74' lang='lat' dir='ltr'><strong>luxuriosi</strong></span> <span class='ocrx_word' id='word_1_162' title='bbox 1409 1804 1539 1852; x_wconf 88' lang='lat' dir='ltr'><strong>sunt</strong></span> <span class='ocrx_word' id='word_1_163' title='bbox 1584 1793 1770 1866; x_wconf 86' lang='lat' dir='ltr'><strong>prudi-</strong></span> <span class='ocrx_word' id='word_1_164' title='bbox 1802 1773 1848 1834; x_wconf 74' lang='grc' dir='ltr'><strong>Β</strong></span> <span class='ocrx_word' id='word_1_165' title='bbox 1875 1797 2238 1868; x_wconf 86' lang='lat' dir='ltr'><strong>conspiciens,</strong></span> <span class='ocrx_word' id='word_1_166' title='bbox 2266 1773 2988 1869; x_wconf 47' lang='lat' dir='ltr'><strong>obliviscitur-quotenderc</strong></span> <span class='ocrx_word' id='word_1_167' title='bbox 3011 1773 3350 1869; x_wconf 70' lang='lat' dir='ltr'><strong>disponebat.</strong></span> 
     </span>
    </p>
   </div>
   <div class='ocr_carea' id='block_1_34' title="bbox 206 1899 343 1944">
    <p class='ocr_par' dir='ltr' id='par_1_34' title="bbox 206 1899 343 1944">
     <span class='ocr_line' id='line_1_35' title="bbox 206 1899 343 1944; baseline -0.007 0"><span class='ocrx_word' id='word_1_168' title='bbox 206 1899 343 1944; x_wconf 83' lang='lat' dir='ltr'><strong>tores.</strong></span> 
     </span>
    </p>
   </div>
   <div class='ocr_carea' id='block_1_35' title="bbox 264 1979 1770 2051">
    <p class='ocr_par' dir='ltr' id='par_1_35' title="bbox 264 1979 1770 2051">
     <span class='ocr_line' id='line_1_36' title="bbox 264 1979 1770 2051; baseline -0.003 -13"><span class='ocrx_word' id='word_1_169' title='bbox 264 1980 433 2051; x_wconf 81' lang='lat' dir='ltr'><strong>Opere</strong></span> <span class='ocrx_word' id='word_1_170' title='bbox 471 1980 679 2037; x_wconf 86' lang='lat' dir='ltr'><strong>melius</strong></span> <span class='ocrx_word' id='word_1_171' title='bbox 719 1995 884 2051; x_wconf 86' lang='lat' dir='ltr'><strong>quam</strong></span> <span class='ocrx_word' id='word_1_172' title='bbox 923 1980 1108 2038; x_wconf 84' lang='lat' dir='ltr'><strong>verbis</strong></span> <span class='ocrx_word' id='word_1_173' title='bbox 1152 1981 1297 2037; x_wconf 83' lang='lat' dir='ltr'><strong>Deus</strong></span> <span class='ocrx_word' id='word_1_174' title='bbox 1339 1979 1669 2050; x_wconf 65' lang='lat' dir='ltr'><strong>praedicatur</strong></span> <span class='ocrx_word' id='word_1_175' title='bbox 1713 1988 1770 2033; x_wconf 89' lang='lat' dir='ltr'><strong>et</strong></span> 
     </span>
    </p>
   </div>
   <div class='ocr_carea' id='block_1_36' title="bbox 206 2071 445 2127">
    <p class='ocr_par' dir='ltr' id='par_1_36' title="bbox 206 2071 445 2127">
     <span class='ocr_line' id='line_1_37' title="bbox 206 2071 445 2127; baseline 0.008 -2"><span class='ocrx_word' id='word_1_176' title='bbox 206 2071 445 2127; x_wconf 81' lang='lat' dir='ltr'><strong>laudatur.</strong></span> 
     </span>
    </p>
   </div>
   <div class='ocr_carea' id='block_1_37' title="bbox 258 2160 1773 2232">
    <p class='ocr_par' dir='ltr' id='par_1_37' title="bbox 258 2160 1773 2232">
     <span class='ocr_line' id='line_1_38' title="bbox 258 2160 1773 2232; baseline -0.002 -14"><span class='ocrx_word' id='word_1_177' title='bbox 258 2162 406 2220; x_wconf 86' lang='lat' dir='ltr'><strong>Positi</strong></span> <span class='ocrx_word' id='word_1_178' title='bbox 450 2164 507 2219; x_wconf 91' lang='lat' dir='ltr'><strong>in</strong></span> <span class='ocrx_word' id='word_1_179' title='bbox 556 2163 775 2220; x_wconf 87' lang='lat' dir='ltr'><strong>deliciis</strong></span> <span class='ocrx_word' id='word_1_180' title='bbox 820 2164 1101 2229; x_wconf 85' lang='lat' dir='ltr'><strong>attendere</strong></span> <span class='ocrx_word' id='word_1_181' title='bbox 1143 2172 1422 2227; x_wconf 81' lang='lat' dir='ltr'><strong>nequeunt</strong></span> <span class='ocrx_word' id='word_1_182' title='bbox 1466 2170 1668 2232; x_wconf 90' lang='lat' dir='ltr'><strong>quanta</strong></span> <span class='ocrx_word' id='word_1_183' title='bbox 1698 2160 1773 2216; x_wconf 86' lang='lat' dir='ltr'><strong>sit</strong></span> 
     </span>
    </p>
   </div>
   <div class='ocr_carea' id='block_1_38' title="bbox 202 2256 653 2326">
    <p class='ocr_par' dir='ltr' id='par_1_38' title="bbox 202 2256 653 2326">
     <span class='ocr_line' id='line_1_39' title="bbox 202 2256 653 2326; baseline 0.002 -17"><span class='ocrx_word' id='word_1_184' title='bbox 202 2269 333 2324; x_wconf 64' lang='lat' dir='ltr'><strong>pinna</strong></span> <span class='ocrx_word' id='word_1_185' title='bbox 369 2256 653 2326; x_wconf 87' lang='lat' dir='ltr'><strong>perennis.</strong></span> 
     </span>
    </p>
   </div>
   <div class='ocr_carea' id='block_1_39' title="bbox 257 2340 1771 2415">
    <p class='ocr_par' dir='ltr' id='par_1_39' title="bbox 257 2340 1771 2415">
     <span class='ocr_line' id='line_1_40' title="bbox 257 2340 1771 2415; baseline 0.003 -18"><span class='ocrx_word' id='word_1_186' title='bbox 257 2342 496 2399; x_wconf 87' lang='lat' dir='ltr'><strong>Parentes</strong></span> <span class='ocrx_word' id='word_1_187' title='bbox 529 2344 593 2399; x_wconf 86' lang='lat' dir='ltr'><strong>in</strong></span> <span class='ocrx_word' id='word_1_188' title='bbox 627 2352 835 2399; x_wconf 87' lang='lat' dir='ltr'><strong>tantum</strong></span> <span class='ocrx_word' id='word_1_189' title='bbox 881 2343 1142 2415; x_wconf 77' lang='lat' dir='ltr'><strong>diligendi</strong></span> <span class='ocrx_word' id='word_1_190' title='bbox 1192 2353 1319 2399; x_wconf 85' lang='lat' dir='ltr'><strong>sunt</strong></span> <span class='ocrx_word' id='word_1_191' title='bbox 1364 2352 1420 2399; x_wconf 86' lang='lat' dir='ltr'><strong>et</strong></span> <span class='ocrx_word' id='word_1_192' title='bbox 1470 2340 1771 2401; x_wconf 82' lang='lat' dir='ltr'><strong>honorandi</strong></span> 
     </span>
    </p>
   </div>
   <div class='ocr_carea' id='block_1_40' title="bbox 203 2434 1390 2507">
    <p class='ocr_par' dir='ltr' id='par_1_40' title="bbox 203 2434 1390 2507">
     <span class='ocr_line' id='line_1_41' title="bbox 203 2434 1390 2507; baseline 0 -18"><span class='ocrx_word' id='word_1_193' title='bbox 203 2445 427 2505; x_wconf 86' lang='lat' dir='ltr'><strong>quantum</strong></span> <span class='ocrx_word' id='word_1_194' title='bbox 452 2437 529 2492; x_wconf 77' lang='lat' dir='ltr'><strong>illi</strong></span> <span class='ocrx_word' id='word_1_195' title='bbox 564 2436 802 2507; x_wconf 84' lang='lat' dir='ltr'><strong>subjecti</strong></span> <span class='ocrx_word' id='word_1_196' title='bbox 824 2443 951 2493; x_wconf 89' lang='lat' dir='ltr'><strong>sunt</strong></span> <span class='ocrx_word' id='word_1_197' title='bbox 979 2452 1195 2492; x_wconf 89' lang='lat' dir='ltr'><strong>summo</strong></span> <span class='ocrx_word' id='word_1_198' title='bbox 1220 2434 1390 2491; x_wconf 85' lang='lat' dir='ltr'><strong>Patri.</strong></span> 
     </span>
    </p>
   </div>
   <div class='ocr_carea' id='block_1_41' title="bbox 255 2523 1772 2599">
    <p class='ocr_par' dir='ltr' id='par_1_41' title="bbox 255 2523 1772 2599">
     <span class='ocr_line' id='line_1_42' title="bbox 255 2523 1772 2599; baseline -0.001 -19"><span class='ocrx_word' id='word_1_199' title='bbox 255 2526 525 2583; x_wconf 88' lang='lat' dir='ltr'><strong>Peccatum</strong></span> <span class='ocrx_word' id='word_1_200' title='bbox 570 2526 1118 2598; x_wconf 77' lang='lat' dir='ltr'><strong>peccato,adjicitur,</strong></span> <span class='ocrx_word' id='word_1_201' title='bbox 1162 2541 1288 2582; x_wconf 88' lang='lat' dir='ltr'><strong>eum</strong></span> <span class='ocrx_word' id='word_1_202' title='bbox 1330 2525 1385 2581; x_wconf 88' lang='lat' dir='ltr'><strong>id</strong></span> <span class='ocrx_word' id='word_1_203' title='bbox 1414 2525 1559 2599; x_wconf 87' lang='lat' dir='ltr'><strong>quod</strong></span> <span class='ocrx_word' id='word_1_204' title='bbox 1584 2523 1772 2594; x_wconf 83' lang='lat' dir='ltr'><strong>nequi-</strong></span> 
     </span>
    </p>
   </div>
   <div class='ocr_carea' id='block_1_42' title="bbox 202 2617 1466 2690">
    <p class='ocr_par' dir='ltr' id='par_1_42' title="bbox 202 2617 1466 2690">
     <span class='ocr_line' id='line_1_43' title="bbox 202 2617 1466 2690; baseline -0.004 -17"><span class='ocrx_word' id='word_1_205' title='bbox 202 2628 270 2673; x_wconf 84' lang='lat' dir='ltr'><strong>ter</strong></span> <span class='ocrx_word' id='word_1_206' title='bbox 291 2629 491 2690; x_wconf 82' lang='lat' dir='ltr'><strong>gestum</strong></span> <span class='ocrx_word' id='word_1_207' title='bbox 525 2628 626 2684; x_wconf 82' lang='lat' dir='ltr'><strong>est</strong></span> <span class='ocrx_word' id='word_1_208' title='bbox 654 2618 905 2690; x_wconf 83' lang='lat' dir='ltr'><strong>nequiter</strong></span> <span class='ocrx_word' id='word_1_209' title='bbox 940 2620 1105 2675; x_wconf 88' lang='lat' dir='ltr'><strong>etiam</strong></span> <span class='ocrx_word' id='word_1_210' title='bbox 1136 2617 1466 2675; x_wconf 80' lang='lat' dir='ltr'><strong>defenditur.</strong></span> 
     </span>
    </p>
   </div>
   <div class='ocr_carea' id='block_1_43' title="bbox 257 2710 1774 2783">
    <p class='ocr_par' dir='ltr' id='par_1_43' title="bbox 257 2710 1774 2783">
     <span class='ocr_line' id='line_1_44' title="bbox 257 2710 1774 2783; baseline -0.001 -17"><span class='ocrx_word' id='word_1_211' title='bbox 257 2711 459 2769; x_wconf 87' lang='lat' dir='ltr'><strong>Plurimi</strong></span> <span class='ocrx_word' id='word_1_212' title='bbox 511 2710 843 2778; x_wconf 78' lang='lat' dir='ltr'><strong>infamiam,</strong></span> <span class='ocrx_word' id='word_1_213' title='bbox 892 2712 1052 2783; x_wconf 85' lang='lat' dir='ltr'><strong>pauci</strong></span> <span class='ocrx_word' id='word_1_214' title='bbox 1108 2726 1238 2767; x_wconf 87' lang='lat' dir='ltr'><strong>vero</strong></span> <span class='ocrx_word' id='word_1_215' title='bbox 1286 2719 1472 2766; x_wconf 88' lang='lat' dir='ltr'><strong>reatus</strong></span> <span class='ocrx_word' id='word_1_216' title='bbox 1515 2719 1774 2766; x_wconf 81' lang='lat' dir='ltr'><strong>verentur</strong></span> 
     </span>
    </p>
   </div>
   <div class='ocr_carea' id='block_1_44' title="bbox 200 2806 1461 2883">
    <p class='ocr_par' dir='ltr' id='par_1_44' title="bbox 200 2806 1461 2883">
     <span class='ocr_line' id='line_1_45' title="bbox 200 2806 1461 2883; baseline 0 -24"><span class='ocrx_word' id='word_1_217' title='bbox 200 2806 558 2861; x_wconf 83' lang='lat' dir='ltr'><strong>conscientiam</strong></span> <span class='ocrx_word' id='word_1_218' title='bbox 573 2845 590 2859; x_wconf 92' lang='lat'><strong>.</strong></span> <span class='ocrx_word' id='word_1_219' title='bbox 1384 2870 1387 2873; x_wconf 96' lang='lat'><em>_</em></span> <span class='ocrx_word' id='word_1_220' title='bbox 1456 2878 1461 2883; x_wconf 26' lang='lat'><strong><em>‘</em></strong></span> 
     </span>
    </p>
   </div>
   <div class='ocr_carea' id='block_1_45' title="bbox 257 2895 1773 2968">
    <p class='ocr_par' dir='ltr' id='par_1_45' title="bbox 257 2895 1773 2968">
     <span class='ocr_line' id='line_1_46' title="bbox 257 2895 1773 2968; baseline 0.001 -19"><span class='ocrx_word' id='word_1_221' title='bbox 257 2895 347 2963; x_wconf 84' lang='lat' dir='ltr'><strong>Qui</strong></span> <span class='ocrx_word' id='word_1_222' title='bbox 394 2912 683 2968; x_wconf 89' lang='lat' dir='ltr'><strong>nunquam</strong></span> <span class='ocrx_word' id='word_1_223' title='bbox 733 2897 921 2952; x_wconf 88' lang='lat' dir='ltr'><strong>didicit</strong></span> <span class='ocrx_word' id='word_1_224' title='bbox 970 2896 1219 2962; x_wconf 88' lang='lat' dir='ltr'><strong>subesse,</strong></span> <span class='ocrx_word' id='word_1_225' title='bbox 1269 2895 1398 2951; x_wconf 90' lang='lat' dir='ltr'><strong>nulli</strong></span> <span class='ocrx_word' id='word_1_226' title='bbox 1433 2903 1610 2967; x_wconf 89' lang='lat' dir='ltr'><strong>potest</strong></span> <span class='ocrx_word' id='word_1_227' title='bbox 1667 2896 1773 2951; x_wconf 89' lang='lat' dir='ltr'><strong>rite</strong></span> 
     </span>
    </p>
   </div>
   <div class='ocr_carea' id='block_1_46' title="bbox 200 3001 420 3055">
    <p class='ocr_par' dir='ltr' id='par_1_46' title="bbox 200 3001 420 3055">
     <span class='ocr_line' id='line_1_47' title="bbox 200 3001 420 3055; baseline 0 -13"><span class='ocrx_word' id='word_1_228' title='bbox 200 3001 420 3055; x_wconf 67' lang='lat' dir='ltr'><strong>prmesse.</strong></span> 
     </span>
    </p>
   </div>
   <div class='ocr_carea' id='block_1_47' title="bbox 258 3075 1741 3149">
    <p class='ocr_par' dir='ltr' id='par_1_47' title="bbox 258 3075 1741 3149">
     <span class='ocr_line' id='line_1_48' title="bbox 258 3075 1741 3149; baseline -0.001 -18"><span class='ocrx_word' id='word_1_229' title='bbox 258 3075 532 3148; x_wconf 83' lang='lat' dir='ltr'><strong>Quousque</strong></span> <span class='ocrx_word' id='word_1_230' title='bbox 564 3076 778 3132; x_wconf 87' lang='lat' dir='ltr'><strong>homini</strong></span> <span class='ocrx_word' id='word_1_231' title='bbox 812 3092 916 3133; x_wconf 91' lang='lat' dir='ltr'><strong>non</strong></span> <span class='ocrx_word' id='word_1_232' title='bbox 936 3076 1228 3149; x_wconf 86' lang='lat' dir='ltr'><strong>displicent</strong></span> <span class='ocrx_word' id='word_1_233' title='bbox 1255 3075 1395 3131; x_wconf 90' lang='lat' dir='ltr'><strong>mala</strong></span> <span class='ocrx_word' id='word_1_234' title='bbox 1431 3091 1462 3130; x_wconf 92' lang='lat' dir='ltr'><strong>a</strong></span> <span class='ocrx_word' id='word_1_235' title='bbox 1503 3075 1741 3139; x_wconf 84' lang='lat' dir='ltr'><strong>sefacta</strong></span> 
     </span>
    </p>
   </div>
   <div class='ocr_carea' id='block_1_48' title="bbox 200 3170 1004 3240">
    <p class='ocr_par' dir='ltr' id='par_1_48' title="bbox 200 3170 1004 3240">
     <span class='ocr_line' id='line_1_49' title="bbox 200 3170 1004 3240; baseline 0.006 -15"><span class='ocrx_word' id='word_1_236' title='bbox 200 3182 398 3240; x_wconf 81' lang='lat' dir='ltr'><strong>regnant</strong></span> <span class='ocrx_word' id='word_1_237' title='bbox 423 3172 475 3227; x_wconf 91' lang='lat' dir='ltr'><strong>in</strong></span> <span class='ocrx_word' id='word_1_238' title='bbox 501 3187 578 3228; x_wconf 88' lang='lat' dir='ltr'><strong>eo</strong></span> <span class='ocrx_word' id='word_1_239' title='bbox 611 3170 764 3225; x_wconf 89' lang='lat' dir='ltr'><strong>vitia.</strong></span> <span class='ocrx_word' id='word_1_240' title='bbox 1000 3225 1004 3230; x_wconf 91' lang='lat'><strong>.</strong></span> 
     </span>
    </p>
   </div>
   <div class='ocr_carea' id='block_1_49' title="bbox 257 3259 1764 3333">
    <p class='ocr_par' dir='ltr' id='par_1_49' title="bbox 257 3259 1764 3333">
     <span class='ocr_line' id='line_1_50' title="bbox 257 3259 1764 3333; baseline -0.004 -15"><span class='ocrx_word' id='word_1_241' title='bbox 257 3260 372 3329; x_wconf 76' lang='lat' dir='ltr'><strong>Qua:</strong></span> <span class='ocrx_word' id='word_1_242' title='bbox 413 3264 659 3333; x_wconf 89' lang='lat' dir='ltr'><strong>quisque</strong></span> <span class='ocrx_word' id='word_1_243' title='bbox 700 3261 832 3316; x_wconf 88' lang='lat' dir='ltr'><strong>velit</strong></span> <span class='ocrx_word' id='word_1_244' title='bbox 859 3270 1064 3317; x_wconf 89' lang='lat' dir='ltr'><strong>metere</strong></span> <span class='ocrx_word' id='word_1_245' title='bbox 1091 3261 1241 3330; x_wconf 90' lang='lat' dir='ltr'><strong>prius</strong></span> <span class='ocrx_word' id='word_1_246' title='bbox 1268 3259 1428 3315; x_wconf 87' lang='lat' dir='ltr'><strong>debet</strong></span> <span class='ocrx_word' id='word_1_247' title='bbox 1473 3260 1764 3315; x_wconf 86' lang='lat' dir='ltr'><strong>seminare.</strong></span> 
     </span>
    </p>
   </div>
   <div class='ocr_carea' id='block_1_50' title="bbox 256 3349 1771 3422">
    <p class='ocr_par' dir='ltr' id='par_1_50' title="bbox 256 3349 1771 3422">
     <span class='ocr_line' id='line_1_51' title="bbox 256 3349 1771 3422; baseline -0.003 -16"><span class='ocrx_word' id='word_1_248' title='bbox 256 3352 512 3419; x_wconf 78' lang='lat' dir='ltr'><strong>Quantum</strong></span> <span class='ocrx_word' id='word_1_249' title='bbox 552 3352 686 3422; x_wconf 85' lang='lat' dir='ltr'><strong>quis</strong></span> <span class='ocrx_word' id='word_1_250' title='bbox 734 3352 790 3407; x_wconf 90' lang='lat' dir='ltr'><strong>in</strong></span> <span class='ocrx_word' id='word_1_251' title='bbox 837 3351 1145 3406; x_wconf 88' lang='lat' dir='ltr'><strong>luunilitate</strong></span> <span class='ocrx_word' id='word_1_252' title='bbox 1190 3350 1487 3421; x_wconf 87' lang='lat' dir='ltr'><strong>profecerit</strong></span> <span class='ocrx_word' id='word_1_253' title='bbox 1520 3359 1576 3405; x_wconf 92' lang='lat' dir='ltr'><strong>et</strong></span> <span class='ocrx_word' id='word_1_254' title='bbox 1605 3349 1771 3403; x_wconf 84' lang='lat' dir='ltr'><strong>casti-</strong></span> 
     </span>
    </p>
   </div>
   <div class='ocr_carea' id='block_1_51' title="bbox 202 3443 1201 3513">
    <p class='ocr_par' dir='ltr' id='par_1_51' title="bbox 202 3443 1201 3513">
     <span class='ocr_line' id='line_1_52' title="bbox 202 3443 1201 3513; baseline 0 -16"><span class='ocrx_word' id='word_1_255' title='bbox 202 3453 313 3507; x_wconf 82' lang='lat' dir='ltr'><strong>tate,</strong></span> <span class='ocrx_word' id='word_1_256' title='bbox 340 3454 547 3500; x_wconf 87' lang='lat' dir='ltr'><strong>tantmn</strong></span> <span class='ocrx_word' id='word_1_257' title='bbox 583 3443 699 3499; x_wconf 86' lang='lat' dir='ltr'><strong>Deo</strong></span> <span class='ocrx_word' id='word_1_258' title='bbox 723 3443 1201 3513; x_wconf 87' lang='lat' dir='ltr'><strong>appropinquabit.</strong></span> 
     </span>
    </p>
   </div>
   <div class='ocr_carea' id='block_1_52' title="bbox 260 3529 1771 3605">
    <p class='ocr_par' dir='ltr' id='par_1_52' title="bbox 260 3529 1771 3605">
     <span class='ocr_line' id='line_1_53' title="bbox 260 3529 1771 3605; baseline -0.001 -17"><span class='ocrx_word' id='word_1_259' title='bbox 260 3534 405 3591; x_wconf 78' lang='lat' dir='ltr'><strong>Ratio</strong></span> <span class='ocrx_word' id='word_1_260' title='bbox 433 3536 687 3590; x_wconf 86' lang='lat' dir='ltr'><strong>humana</strong></span> <span class='ocrx_word' id='word_1_261' title='bbox 715 3543 849 3605; x_wconf 87' lang='lat' dir='ltr'><strong>quot</strong></span> <span class='ocrx_word' id='word_1_262' title='bbox 896 3534 1170 3604; x_wconf 84' lang='lat' dir='ltr'><strong>perversis</strong></span> <span class='ocrx_word' id='word_1_263' title='bbox 1215 3529 1633 3604; x_wconf 87' lang='lat' dir='ltr'><strong>cogitationibus</strong></span> <span class='ocrx_word' id='word_1_264' title='bbox 1682 3545 1771 3587; x_wconf 87' lang='lat' dir='ltr'><strong>re-</strong></span> 
     </span>
    </p>
   </div>
   <div class='ocr_carea' id='block_1_53' title="bbox 198 3622 1457 3692">
    <p class='ocr_par' dir='ltr' id='par_1_53' title="bbox 198 3622 1457 3692">
     <span class='ocr_line' id='line_1_54' title="bbox 198 3622 1457 3692; baseline 0 -16"><span class='ocrx_word' id='word_1_265' title='bbox 198 3622 387 3688; x_wconf 88' lang='lat' dir='ltr'><strong>nititur,</strong></span> <span class='ocrx_word' id='word_1_266' title='bbox 426 3632 506 3679; x_wconf 91' lang='lat' dir='ltr'><strong>tot</strong></span> <span class='ocrx_word' id='word_1_267' title='bbox 541 3639 794 3679; x_wconf 84' lang='lat' dir='ltr'><strong>coronas</strong></span> <span class='ocrx_word' id='word_1_268' title='bbox 827 3622 1074 3679; x_wconf 66' lang='lat' dir='ltr'><strong>caelestes</strong></span> <span class='ocrx_word' id='word_1_269' title='bbox 1097 3633 1457 3692; x_wconf 89' lang='lat' dir='ltr'><strong>promeretur.</strong></span> 
     </span>
    </p>
   </div>
   <div class='ocr_carea' id='block_1_54' title="bbox 261 3710 1771 3784">
    <p class='ocr_par' dir='ltr' id='par_1_54' title="bbox 261 3710 1771 3784">
     <span class='ocr_line' id='line_1_55' title="bbox 261 3710 1771 3784; baseline 0 -18"><span class='ocrx_word' id='word_1_270' title='bbox 261 3710 609 3770; x_wconf 79' lang='lat' dir='ltr'><strong>Resnrrectio</strong></span> <span class='ocrx_word' id='word_1_271' title='bbox 637 3713 817 3784; x_wconf 86' lang='lat' dir='ltr'><strong>prima</strong></span> <span class='ocrx_word' id='word_1_272' title='bbox 862 3720 948 3767; x_wconf 89' lang='lat' dir='ltr'><strong>est</strong></span> <span class='ocrx_word' id='word_1_273' title='bbox 991 3725 1279 3783; x_wconf 88' lang='lat' dir='ltr'><strong>resurgere</strong></span> <span class='ocrx_word' id='word_1_274' title='bbox 1322 3727 1353 3767; x_wconf 90' lang='lat' dir='ltr'><strong>a</strong></span> <span class='ocrx_word' id='word_1_275' title='bbox 1389 3711 1536 3767; x_wconf 85' lang='lat' dir='ltr'><strong>vitiis</strong></span> <span class='ocrx_word' id='word_1_276' title='bbox 1584 3713 1639 3766; x_wconf 92' lang='lat' dir='ltr'><strong>iu</strong></span> <span class='ocrx_word' id='word_1_277' title='bbox 1670 3711 1771 3766; x_wconf 89' lang='lat' dir='ltr'><strong>hac</strong></span> 
     </span>
    </p>
   </div>
   <div class='ocr_carea' id='block_1_55' title="bbox 199 3803 1211 3859">
    <p class='ocr_par' dir='ltr' id='par_1_55' title="bbox 199 3803 1211 3859">
     <span class='ocr_line' id='line_1_56' title="bbox 199 3803 1211 3859; baseline 0.005 -5"><span class='ocrx_word' id='word_1_278' title='bbox 199 3803 311 3859; x_wconf 81' lang='lat' dir='ltr'><strong>vita.</strong></span> <span class='ocrx_word' id='word_1_279' title='bbox 1210 3856 1211 3859; x_wconf 44' lang='grc' dir='ltr'><strong>η</strong></span> 
     </span>
    </p>
   </div>
   <div class='ocr_carea' id='block_1_56' title="bbox 260 3893 1773 3969">
    <p class='ocr_par' dir='ltr' id='par_1_56' title="bbox 260 3893 1773 3969">
     <span class='ocr_line' id='line_1_57' title="bbox 260 3893 1773 3969; baseline 0.002 -22"><span class='ocrx_word' id='word_1_280' title='bbox 260 3893 517 3964; x_wconf 79' lang='lat' dir='ltr'><strong>Raptores</strong></span> <span class='ocrx_word' id='word_1_281' title='bbox 566 3896 875 3952; x_wconf 83' lang='lat' dir='ltr'><strong>alienarum</strong></span> <span class='ocrx_word' id='word_1_282' title='bbox 926 3912 1109 3953; x_wconf 88' lang='lat' dir='ltr'><strong>rerum</strong></span> <span class='ocrx_word' id='word_1_283' title='bbox 1156 3895 1258 3969; x_wconf 87' lang='lat' dir='ltr'><strong>ipsi</strong></span> <span class='ocrx_word' id='word_1_284' title='bbox 1314 3896 1637 3968; x_wconf 84' lang='lat' dir='ltr'><strong>quandoque</strong></span> <span class='ocrx_word' id='word_1_285' title='bbox 1682 3909 1773 3950; x_wconf 86' lang='lat' dir='ltr'><strong>ra-</strong></span> 
     </span>
    </p>
   </div>
   <div class='ocr_carea' id='block_1_57' title="bbox 204 3984 852 4054">
    <p class='ocr_par' dir='ltr' id='par_1_57' title="bbox 204 3984 852 4054">
     <span class='ocr_line' id='line_1_58' title="bbox 204 3984 852 4054; baseline 0.006 -17"><span class='ocrx_word' id='word_1_286' title='bbox 204 3984 393 4054; x_wconf 83' lang='lat' dir='ltr'><strong>pientur</strong></span> <span class='ocrx_word' id='word_1_287' title='bbox 425 3989 495 4043; x_wconf 89' lang='lat' dir='ltr'><strong>ad</strong></span> <span class='ocrx_word' id='word_1_288' title='bbox 537 3987 852 4044; x_wconf 87' lang='lat' dir='ltr'><strong>interitum.</strong></span> 
     </span>
    </p>
   </div>
   <div class='ocr_carea' id='block_1_58' title="bbox 264 4074 1779 4159">
    <p class='ocr_par' dir='ltr' id='par_1_58' title="bbox 264 4074 1779 4159">
     <span class='ocr_line' id='line_1_59' title="bbox 264 4074 1779 4159; baseline 0 -29"><span class='ocrx_word' id='word_1_289' title='bbox 264 4076 489 4149; x_wconf 81' lang='lat' dir='ltr'><strong>Reprobi</strong></span> <span class='ocrx_word' id='word_1_290' title='bbox 517 4081 578 4135; x_wconf 88' lang='lat' dir='ltr'><strong>in</strong></span> <span class='ocrx_word' id='word_1_291' title='bbox 618 4079 723 4135; x_wconf 90' lang='lat' dir='ltr'><strong>hoc</strong></span> <span class='ocrx_word' id='word_1_292' title='bbox 750 4076 950 4159; x_wconf 72' lang='lat' dir='ltr'><strong>smculo</strong></span> <span class='ocrx_word' id='word_1_293' title='bbox 979 4076 1278 4150; x_wconf 86' lang='lat' dir='ltr'><strong>fatigantur</strong></span> <span class='ocrx_word' id='word_1_294' title='bbox 1316 4075 1604 4134; x_wconf 88' lang='lat' dir='ltr'><strong>desideriis</strong></span> <span class='ocrx_word' id='word_1_295' title='bbox 1642 4082 1699 4131; x_wconf 91' lang='lat' dir='ltr'><strong>et</strong></span> <span class='ocrx_word' id='word_1_296' title='bbox 1723 4074 1779 4130; x_wconf 90' lang='lat' dir='ltr'><strong>in</strong></span> 
     </span>
    </p>
   </div>
   <div class='ocr_carea' id='block_1_59' title="bbox 205 4165 713 4228">
    <p class='ocr_par' dir='ltr' id='par_1_59' title="bbox 205 4165 713 4228">
     <span class='ocr_line' id='line_1_60' title="bbox 205 4165 713 4228; baseline 0.004 -7"><span class='ocrx_word' id='word_1_297' title='bbox 205 4165 366 4225; x_wconf 89' lang='lat' dir='ltr'><strong>futuro</strong></span> <span class='ocrx_word' id='word_1_298' title='bbox 403 4171 713 4228; x_wconf 85' lang='lat' dir='ltr'><strong>ldrtnentis.</strong></span> 
     </span>
    </p>
   </div>
   <div class='ocr_carea' id='block_1_60' title="bbox 1749 3115 1844 3204">
    <p class='ocr_par' dir='ltr' id='par_1_60' title="bbox 1749 3115 1844 3204">
     <span class='ocr_line' id='line_1_61' title="bbox 1749 3115 1844 3204; baseline 0 0"><span class='ocrx_word' id='word_1_299' title='bbox 1749 3115 1844 3204; x_wconf 67' lang='grc' dir='ltr'>Ὀ</span> 
     </span>
    </p>
   </div>
   <div class='ocr_carea' id='block_1_61' title="bbox 1946 1889 3256 1961">
    <p class='ocr_par' dir='ltr' id='par_1_61' title="bbox 1946 1889 3256 1961">
     <span class='ocr_line' id='line_1_62' title="bbox 1946 1889 3256 1961; baseline 0 -16"><span class='ocrx_word' id='word_1_300' title='bbox 1946 1889 2047 1945; x_wconf 85' lang='lat' dir='ltr'><strong>Ubi</strong></span> <span class='ocrx_word' id='word_1_301' title='bbox 2080 1905 2188 1946; x_wconf 86' lang='lat' dir='ltr'><strong>non</strong></span> <span class='ocrx_word' id='word_1_302' title='bbox 2216 1900 2303 1946; x_wconf 89' lang='lat' dir='ltr'><strong>est</strong></span> <span class='ocrx_word' id='word_1_303' title='bbox 2331 1891 2493 1947; x_wconf 88' lang='lat' dir='ltr'><strong>timor</strong></span> <span class='ocrx_word' id='word_1_304' title='bbox 2527 1892 2646 1957; x_wconf 86' lang='lat' dir='ltr'><strong>Dei,</strong></span> <span class='ocrx_word' id='word_1_305' title='bbox 2676 1892 2747 1953; x_wconf 88' lang='lat' dir='ltr'><strong>ibi</strong></span> <span class='ocrx_word' id='word_1_306' title='bbox 2776 1906 2998 1961; x_wconf 82' lang='lat' dir='ltr'><strong>regnum</strong></span> <span class='ocrx_word' id='word_1_307' title='bbox 3026 1890 3256 1961; x_wconf 87' lang='lat' dir='ltr'><strong>peccati.</strong></span> 
     </span>
    </p>
   </div>
   <div class='ocr_carea' id='block_1_62' title="bbox 1948 1982 3458 2056">
    <p class='ocr_par' dir='ltr' id='par_1_62' title="bbox 1948 1982 3458 2056">
     <span class='ocr_line' id='line_1_63' title="bbox 1948 1982 3458 2056; baseline 0.001 -21"><span class='ocrx_word' id='word_1_308' title='bbox 1948 1982 2134 2039; x_wconf 81' lang='lat' dir='ltr'><strong>Victus</strong></span> <span class='ocrx_word' id='word_1_309' title='bbox 2161 1985 2229 2039; x_wconf 86' lang='lat' dir='ltr'><strong>ab</strong></span> <span class='ocrx_word' id='word_1_310' title='bbox 2262 2000 2370 2039; x_wconf 93' lang='lat' dir='ltr'><strong>uno</strong></span> <span class='ocrx_word' id='word_1_311' title='bbox 2405 1985 2647 2056; x_wconf 90' lang='lat' dir='ltr'><strong>quolibet</strong></span> <span class='ocrx_word' id='word_1_312' title='bbox 2682 1986 2814 2040; x_wconf 91' lang='lat' dir='ltr'><strong>vitio</strong></span> <span class='ocrx_word' id='word_1_313' title='bbox 2851 1986 2960 2040; x_wconf 91' lang='lat' dir='ltr'><strong>cito</strong></span> <span class='ocrx_word' id='word_1_314' title='bbox 3002 1984 3202 2038; x_wconf 84' lang='lat' dir='ltr'><strong>labitur</strong></span> <span class='ocrx_word' id='word_1_315' title='bbox 3246 1983 3301 2038; x_wconf 89' lang='lat' dir='ltr'><strong>in</strong></span> <span class='ocrx_word' id='word_1_316' title='bbox 3331 1982 3458 2036; x_wconf 85' lang='lat' dir='ltr'><strong>alia.</strong></span> 
     </span>
    </p>
   </div>
   <div class='ocr_carea' id='block_1_63' title="bbox 1943 2072 3458 2132">
    <p class='ocr_par' dir='ltr' id='par_1_63' title="bbox 1943 2072 3458 2132">
     <span class='ocr_line' id='line_1_64' title="bbox 1943 2072 3458 2132; baseline -0.002 -2"><span class='ocrx_word' id='word_1_317' title='bbox 1943 2074 2143 2130; x_wconf 77' lang='lat' dir='ltr'><strong>Voleus</strong></span> <span class='ocrx_word' id='word_1_318' title='bbox 2173 2075 2407 2131; x_wconf 90' lang='lat' dir='ltr'><strong>retinere</strong></span> <span class='ocrx_word' id='word_1_319' title='bbox 2456 2076 2749 2132; x_wconf 82' lang='lat' dir='ltr'><strong>sanitatem</strong></span> <span class='ocrx_word' id='word_1_320' title='bbox 2795 2075 2995 2131; x_wconf 88' lang='lat' dir='ltr'><strong>nullius</strong></span> <span class='ocrx_word' id='word_1_321' title='bbox 3046 2072 3272 2129; x_wconf 90' lang='lat' dir='ltr'><strong>irrideat</strong></span> <span class='ocrx_word' id='word_1_322' title='bbox 3299 2072 3458 2127; x_wconf 81' lang='lat' dir='ltr'><strong>infir-</strong></span> 
     </span>
    </p>
   </div>
   <div class='ocr_carea' id='block_1_64' title="bbox 1874 2168 2141 2224">
    <p class='ocr_par' dir='ltr' id='par_1_64' title="bbox 1874 2168 2141 2224">
     <span class='ocr_line' id='line_1_65' title="bbox 1874 2168 2141 2224; baseline -0.015 0"><span class='ocrx_word' id='word_1_323' title='bbox 1874 2168 2141 2224; x_wconf 87' lang='lat' dir='ltr'><strong>mitatem.</strong></span> 
     </span>
    </p>
   </div>
   <div class='ocr_carea' id='block_1_65' title="bbox 1942 2244 3461 2326">
    <p class='ocr_par' dir='ltr' id='par_1_65' title="bbox 1942 2244 3461 2326">
     <span class='ocr_line' id='line_1_66' title="bbox 1942 2244 3461 2326; baseline -0.002 -14"><span class='ocrx_word' id='word_1_324' title='bbox 1942 2256 2095 2312; x_wconf 90' lang='lat' dir='ltr'><strong>Ultra</strong></span> <span class='ocrx_word' id='word_1_325' title='bbox 2138 2256 2357 2311; x_wconf 88' lang='lat' dir='ltr'><strong>modum</strong></span> <span class='ocrx_word' id='word_1_326' title='bbox 2395 2266 2522 2312; x_wconf 93' lang='lat' dir='ltr'><strong>sunt</strong></span> <span class='ocrx_word' id='word_1_327' title='bbox 2548 2256 2764 2313; x_wconf 88' lang='lat' dir='ltr'><strong>delicati</strong></span> <span class='ocrx_word' id='word_1_328' title='bbox 2791 2257 2884 2326; x_wconf 90' lang='lat' dir='ltr'><strong>qui</strong></span> <span class='ocrx_word' id='word_1_329' title='bbox 2926 2255 3077 2311; x_wconf 89' lang='lat' dir='ltr'><strong>nulla</strong></span> <span class='ocrx_word' id='word_1_330' title='bbox 3107 2244 3335 2311; x_wconf 82' lang='lat' dir='ltr'><strong>adversa</strong></span> <span class='ocrx_word' id='word_1_331' title='bbox 3361 2269 3461 2309; x_wconf 80' lang='lat' dir='ltr'><strong>vo-</strong></span> 
     </span>
    </p>
   </div>
   <div class='ocr_carea' id='block_1_66' title="bbox 1873 2348 2467 2421">
    <p class='ocr_par' dir='ltr' id='par_1_66' title="bbox 1873 2348 2467 2421">
     <span class='ocr_line' id='line_1_67' title="bbox 1873 2348 2467 2421; baseline 0.007 -22"><span class='ocrx_word' id='word_1_332' title='bbox 1873 2348 1993 2404; x_wconf 91' lang='lat' dir='ltr'><strong>lunt</strong></span> <span class='ocrx_word' id='word_1_333' title='bbox 2018 2348 2156 2421; x_wconf 89' lang='lat' dir='ltr'><strong>pati.</strong></span> <span class='ocrx_word' id='word_1_334' title='bbox 2464 2374 2467 2379; x_wconf 63' lang='grc' dir='ltr'><strong>ι</strong></span> 
     </span>
    </p>
   </div>
   <div class='ocr_carea' id='block_1_67' title="bbox 2334 2440 2992 2501">
    <p class='ocr_par' dir='ltr' id='par_1_67' title="bbox 2334 2440 2992 2501">
     <span class='ocr_line' id='line_1_68' title="bbox 2334 2440 2992 2501; baseline -0.003 -4"><span class='ocrx_word' id='word_1_335' title='bbox 2334 2440 2674 2501; x_wconf 83' lang='lat' dir='ltr'><strong>EPILOGUS</strong></span> <span class='ocrx_word' id='word_1_336' title='bbox 2721 2440 2992 2498; x_wconf 79' lang='lat' dir='ltr'><strong>OPERIS.</strong></span> 
     </span>
    </p>
   </div>
   <div class='ocr_carea' id='block_1_68' title="bbox 1946 2531 3463 2605">
    <p class='ocr_par' dir='ltr' id='par_1_68' title="bbox 1946 2531 3463 2605">
     <span class='ocr_line' id='line_1_69' title="bbox 1946 2531 3463 2605; baseline -0.002 -18"><span class='ocrx_word' id='word_1_337' title='bbox 1946 2532 2113 2589; x_wconf 87' lang='lat' dir='ltr'><strong>lsthic</strong></span> <span class='ocrx_word' id='word_1_338' title='bbox 2165 2534 2478 2605; x_wconf 87' lang='lat' dir='ltr'><strong>conscripta</strong></span> <span class='ocrx_word' id='word_1_339' title='bbox 2530 2533 2770 2605; x_wconf 83' lang='lat' dir='ltr'><strong>legentes</strong></span> <span class='ocrx_word' id='word_1_340' title='bbox 2813 2531 3134 2602; x_wconf 83' lang='lat' dir='ltr'><strong>suppliciter</strong></span> <span class='ocrx_word' id='word_1_341' title='bbox 3181 2545 3346 2601; x_wconf 91' lang='lat' dir='ltr'><strong>posco</strong></span> <span class='ocrx_word' id='word_1_342' title='bbox 3389 2544 3463 2585; x_wconf 84' lang='lat' dir='ltr'><strong>ne</strong></span> 
     </span>
    </p>
   </div>
   <div class='ocr_carea' id='block_1_69' title="bbox 1873 2618 3465 2692">
    <p class='ocr_par' dir='ltr' id='par_1_69' title="bbox 1873 2618 3465 2692">
     <span class='ocr_line' id='line_1_70' title="bbox 1873 2618 3465 2692; baseline -0.004 -13"><span class='ocrx_word' id='word_1_343' title='bbox 1873 2623 2215 2679; x_wconf 88' lang='lat' dir='ltr'><strong>solummodo</strong></span> <span class='ocrx_word' id='word_1_344' title='bbox 2242 2622 2588 2692; x_wconf 82' lang='lat' dir='ltr'><strong>superﬁciem</strong></span> <span class='ocrx_word' id='word_1_345' title='bbox 2630 2623 2942 2684; x_wconf 83' lang='lat' dir='ltr'><strong>verborum,</strong></span> <span class='ocrx_word' id='word_1_346' title='bbox 2972 2636 3094 2690; x_wconf 71' lang='lat' dir='ltr'><strong>qua:</strong></span> <span class='ocrx_word' id='word_1_347' title='bbox 3121 2619 3318 2675; x_wconf 88' lang='lat' dir='ltr'><strong>alicubi</strong></span> <span class='ocrx_word' id='word_1_348' title='bbox 3356 2618 3465 2673; x_wconf 85' lang='lat' dir='ltr'><strong>for-</strong></span> 
     </span>
    </p>
   </div>
   <div class='ocr_carea' id='block_1_70' title="bbox 1873 2710 3465 2785">
    <p class='ocr_par' dir='ltr' id='par_1_70' title="bbox 1873 2710 3465 2785">
     <span class='ocr_line' id='line_1_71' title="bbox 1873 2710 3465 2785; baseline -0.004 -16"><span class='ocrx_word' id='word_1_349' title='bbox 1873 2715 2017 2769; x_wconf 81' lang='lat' dir='ltr'><strong>sitan</strong></span> <span class='ocrx_word' id='word_1_350' title='bbox 2061 2713 2272 2785; x_wconf 88' lang='lat' dir='ltr'><strong>prolata</strong></span> <span class='ocrx_word' id='word_1_351' title='bbox 2302 2723 2430 2769; x_wconf 90' lang='lat' dir='ltr'><strong>sunt</strong></span> <span class='ocrx_word' id='word_1_352' title='bbox 2460 2714 2777 2785; x_wconf 86' lang='lat' dir='ltr'><strong>incongrue,</strong></span> <span class='ocrx_word' id='word_1_353' title='bbox 2828 2712 2923 2768; x_wconf 89' lang='lat' dir='ltr'><strong>sed</strong></span> <span class='ocrx_word' id='word_1_354' title='bbox 2970 2712 3149 2782; x_wconf 81' lang='lat' dir='ltr'><strong>potius</strong></span> <span class='ocrx_word' id='word_1_355' title='bbox 3184 2710 3465 2765; x_wconf 83' lang='lat' dir='ltr'><strong>attendant</strong></span> 
     </span>
    </p>
   </div>
   <div class='ocr_carea' id='block_1_71' title="bbox 1874 2804 3467 2874">
    <p class='ocr_par' dir='ltr' id='par_1_71' title="bbox 1874 2804 3467 2874">
     <span class='ocr_line' id='line_1_72' title="bbox 1874 2804 3467 2874; baseline -0.004 -11"><span class='ocrx_word' id='word_1_356' title='bbox 1874 2807 2061 2863; x_wconf 85' lang='lat' dir='ltr'><strong>intima</strong></span> <span class='ocrx_word' id='word_1_357' title='bbox 2108 2808 2526 2871; x_wconf 84' lang='lat' dir='ltr'><strong>sententiarum,</strong></span> <span class='ocrx_word' id='word_1_358' title='bbox 2575 2813 2886 2861; x_wconf 83' lang='lat' dir='ltr'><strong>scrutantes</strong></span> <span class='ocrx_word' id='word_1_359' title='bbox 2935 2805 2980 2860; x_wconf 89' lang='lat' dir='ltr'><strong>si</strong></span> <span class='ocrx_word' id='word_1_360' title='bbox 3021 2819 3125 2874; x_wconf 86' lang='lat' dir='ltr'><strong>qua</strong></span> <span class='ocrx_word' id='word_1_361' title='bbox 3164 2804 3217 2857; x_wconf 93' lang='lat' dir='ltr'><strong>in</strong></span> <span class='ocrx_word' id='word_1_362' title='bbox 3257 2804 3339 2857; x_wconf 90' lang='lat' dir='ltr'><strong>eis</strong></span> <span class='ocrx_word' id='word_1_363' title='bbox 3378 2816 3467 2856; x_wconf 90' lang='lat' dir='ltr'><strong>re-</strong></span> 
     </span>
    </p>
   </div>
   <div class='ocr_carea' id='block_1_72' title="bbox 1874 2892 3467 2968">
    <p class='ocr_par' dir='ltr' id='par_1_72' title="bbox 1874 2892 3467 2968">
     <span class='ocr_line' id='line_1_73' title="bbox 1874 2892 3467 2968; baseline -0.003 -17"><span class='ocrx_word' id='word_1_364' title='bbox 1874 2897 2037 2968; x_wconf 86' lang='lat' dir='ltr'><strong>periri</strong></span> <span class='ocrx_word' id='word_1_365' title='bbox 2086 2897 2259 2967; x_wconf 89' lang='lat' dir='ltr'><strong>possit</strong></span> <span class='ocrx_word' id='word_1_366' title='bbox 2306 2896 2594 2951; x_wconf 65' lang='lat' dir='ltr'><strong>mdificatio</strong></span> <span class='ocrx_word' id='word_1_367' title='bbox 2640 2896 2969 2950; x_wconf 85' lang='lat' dir='ltr'><strong>animarum.</strong></span> <span class='ocrx_word' id='word_1_368' title='bbox 3018 2893 3157 2962; x_wconf 83' lang='lat' dir='ltr'><strong>Quid</strong></span> <span class='ocrx_word' id='word_1_369' title='bbox 3204 2894 3346 2948; x_wconf 90' lang='lat' dir='ltr'><strong>enim</strong></span> <span class='ocrx_word' id='word_1_370' title='bbox 3378 2892 3467 2947; x_wconf 90' lang='lat' dir='ltr'><strong>illa</strong></span> 
     </span>
    </p>
   </div>
   <div class='ocr_carea' id='block_1_73' title="bbox 1874 2983 3470 3056">
    <p class='ocr_par' dir='ltr' id='par_1_73' title="bbox 1874 2983 3470 3056">
     <span class='ocr_line' id='line_1_74' title="bbox 1874 2983 3470 3056; baseline -0.003 -15"><span class='ocrx_word' id='word_1_371' title='bbox 1874 2986 2094 3055; x_wconf 87' lang='lat' dir='ltr'><strong>prodest</strong></span> <span class='ocrx_word' id='word_1_372' title='bbox 2118 2986 2297 3050; x_wconf 86' lang='lat' dir='ltr'><strong>lcetio,</strong></span> <span class='ocrx_word' id='word_1_373' title='bbox 2346 2986 2400 3041; x_wconf 90' lang='lat' dir='ltr'><strong>in</strong></span> <span class='ocrx_word' id='word_1_374' title='bbox 2429 3001 2538 3056; x_wconf 90' lang='lat' dir='ltr'><strong>qua</strong></span> <span class='ocrx_word' id='word_1_375' title='bbox 2568 2986 2753 3055; x_wconf 81' lang='lat' dir='ltr'><strong>legens</strong></span> <span class='ocrx_word' id='word_1_376' title='bbox 2780 2985 2914 3041; x_wconf 87' lang='lat' dir='ltr'><strong>nihil</strong></span> <span class='ocrx_word' id='word_1_377' title='bbox 2954 2984 3102 3039; x_wconf 84' lang='lat' dir='ltr'><strong>aliud</strong></span> <span class='ocrx_word' id='word_1_378' title='bbox 3146 2983 3349 3047; x_wconf 89' lang='lat' dir='ltr'><strong>studet,</strong></span> <span class='ocrx_word' id='word_1_379' title='bbox 3384 2983 3470 3037; x_wconf 84' lang='lat' dir='ltr'><strong>ni-</strong></span> 
     </span>
    </p>
   </div>
   <div class='ocr_carea' id='block_1_74' title="bbox 1876 3073 3467 3146">
    <p class='ocr_par' dir='ltr' id='par_1_74' title="bbox 1876 3073 3467 3146">
     <span class='ocr_line' id='line_1_75' title="bbox 1876 3073 3467 3146; baseline -0.004 -14"><span class='ocrx_word' id='word_1_380' title='bbox 1876 3077 1951 3132; x_wconf 87' lang='lat' dir='ltr'><strong>hil</strong></span> <span class='ocrx_word' id='word_1_381' title='bbox 2007 3076 2319 3146; x_wconf 85' lang='lat' dir='ltr'><strong>investigat,</strong></span> <span class='ocrx_word' id='word_1_382' title='bbox 2384 3077 2577 3131; x_wconf 88' lang='lat' dir='ltr'><strong>nisiut</strong></span> <span class='ocrx_word' id='word_1_383' title='bbox 2630 3076 2951 3145; x_wconf 90' lang='lat' dir='ltr'><strong>scriptorem</strong></span> <span class='ocrx_word' id='word_1_384' title='bbox 3000 3073 3086 3128; x_wconf 84' lang='lat' dir='ltr'><strong>vel</strong></span> <span class='ocrx_word' id='word_1_385' title='bbox 3147 3073 3467 3127; x_wconf 87' lang='lat' dir='ltr'><strong>dictatorem</strong></span> 
     </span>
    </p>
   </div>
   <div class='ocr_carea' id='block_1_75' title="bbox 1880 3166 3471 3238">
    <p class='ocr_par' dir='ltr' id='par_1_75' title="bbox 1880 3166 3471 3238">
     <span class='ocr_line' id='line_1_76' title="bbox 1880 3166 3471 3238; baseline -0.004 -16"><span class='ocrx_word' id='word_1_386' title='bbox 1880 3168 2261 3238; x_wconf 85' lang='lat' dir='ltr'><strong>reprehendat,</strong></span> <span class='ocrx_word' id='word_1_387' title='bbox 2293 3168 2447 3237; x_wconf 89' lang='lat' dir='ltr'><strong>quasi</strong></span> <span class='ocrx_word' id='word_1_388' title='bbox 2490 3167 2604 3235; x_wconf 90' lang='lat' dir='ltr'><strong>ipse</strong></span> <span class='ocrx_word' id='word_1_389' title='bbox 2648 3177 2810 3222; x_wconf 78' lang='lat' dir='ltr'><strong>tanta:</strong></span> <span class='ocrx_word' id='word_1_390' title='bbox 2847 3166 2921 3221; x_wconf 90' lang='lat' dir='ltr'><strong>sit</strong></span> <span class='ocrx_word' id='word_1_391' title='bbox 2964 3166 3205 3221; x_wconf 67' lang='lat' dir='ltr'><strong>scicntia:</strong></span> <span class='ocrx_word' id='word_1_392' title='bbox 3257 3172 3317 3218; x_wconf 93' lang='lat' dir='ltr'><strong>ut</strong></span> <span class='ocrx_word' id='word_1_393' title='bbox 3353 3179 3471 3217; x_wconf 90' lang='lat' dir='ltr'><strong>om-</strong></span> 
     </span>
    </p>
   </div>
   <div class='ocr_carea' id='block_1_76' title="bbox 1873 3255 3472 3328">
    <p class='ocr_par' dir='ltr' id='par_1_76' title="bbox 1873 3255 3472 3328">
     <span class='ocr_line' id='line_1_77' title="bbox 1873 3255 3472 3328; baseline -0.003 -17"><span class='ocrx_word' id='word_1_394' title='bbox 1873 3259 1963 3312; x_wconf 88' lang='lat' dir='ltr'><strong>nia</strong></span> <span class='ocrx_word' id='word_1_395' title='bbox 2012 3258 2182 3328; x_wconf 85' lang='lat' dir='ltr'><strong>possit</strong></span> <span class='ocrx_word' id='word_1_396' title='bbox 2236 3258 2667 3326; x_wconf 85' lang='lat' dir='ltr'><strong>reprehendere?</strong></span> <span class='ocrx_word' id='word_1_397' title='bbox 2719 3256 3030 3327; x_wconf 86' lang='lat' dir='ltr'><strong>hujusmodi</strong></span> <span class='ocrx_word' id='word_1_398' title='bbox 3078 3255 3247 3327; x_wconf 85' lang='lat' dir='ltr'><strong>igitur</strong></span> <span class='ocrx_word' id='word_1_399' title='bbox 3300 3255 3472 3313; x_wconf 88' lang='lat' dir='ltr'><strong>lector</strong></span> 
     </span>
    </p>
   </div>
   <div class='ocr_carea' id='block_1_77' title="bbox 1872 3347 3471 3420">
    <p class='ocr_par' dir='ltr' id='par_1_77' title="bbox 1872 3347 3471 3420">
     <span class='ocr_line' id='line_1_78' title="bbox 1872 3347 3471 3420; baseline 0.001 -20"><span class='ocrx_word' id='word_1_400' title='bbox 1872 3363 1981 3418; x_wconf 88' lang='lat' dir='ltr'><strong>quo</strong></span> <span class='ocrx_word' id='word_1_401' title='bbox 2010 3348 2130 3416; x_wconf 88' lang='lat' dir='ltr'><strong>plus</strong></span> <span class='ocrx_word' id='word_1_402' title='bbox 2144 3348 2264 3403; x_wconf 87' lang='lat' dir='ltr'><strong>aliis</strong></span> <span class='ocrx_word' id='word_1_403' title='bbox 2283 3358 2441 3418; x_wconf 86' lang='lat' dir='ltr'><strong>parat</strong></span> <span class='ocrx_word' id='word_1_404' title='bbox 2469 3350 2913 3420; x_wconf 86' lang='lat' dir='ltr'><strong>reprehensionis</strong></span> <span class='ocrx_word' id='word_1_405' title='bbox 2944 3348 3181 3412; x_wconf 84' lang='lat' dir='ltr'><strong>foveam,</strong></span> <span class='ocrx_word' id='word_1_406' title='bbox 3211 3361 3276 3402; x_wconf 90' lang='lat' dir='ltr'><strong>eo</strong></span> <span class='ocrx_word' id='word_1_407' title='bbox 3306 3347 3471 3402; x_wconf 86' lang='lat' dir='ltr'><strong>citius</strong></span> 
     </span>
    </p>
   </div>
   <div class='ocr_carea' id='block_1_78' title="bbox 1874 3438 3469 3512">
    <p class='ocr_par' dir='ltr' id='par_1_78' title="bbox 1874 3438 3469 3512">
     <span class='ocr_line' id='line_1_79' title="bbox 1874 3438 3469 3512; baseline -0.004 -16"><span class='ocrx_word' id='word_1_408' title='bbox 1874 3442 1993 3512; x_wconf 88' lang='lat' dir='ltr'><strong>ipse</strong></span> <span class='ocrx_word' id='word_1_409' title='bbox 2059 3442 2249 3497; x_wconf 87' lang='lat' dir='ltr'><strong>incidit</strong></span> <span class='ocrx_word' id='word_1_410' title='bbox 2303 3442 2359 3496; x_wconf 91' lang='lat' dir='ltr'><strong>in</strong></span> <span class='ocrx_word' id='word_1_411' title='bbox 2410 3441 2578 3507; x_wconf 91' lang='lat' dir='ltr'><strong>illam,</strong></span> <span class='ocrx_word' id='word_1_412' title='bbox 2637 3451 2825 3511; x_wconf 89' lang='lat' dir='ltr'><strong>raptus</strong></span> <span class='ocrx_word' id='word_1_413' title='bbox 2872 3440 3126 3495; x_wconf 90' lang='lat' dir='ltr'><strong>videlicet</strong></span> <span class='ocrx_word' id='word_1_414' title='bbox 3183 3440 3365 3493; x_wconf 88' lang='lat' dir='ltr'><strong>subito</strong></span> <span class='ocrx_word' id='word_1_415' title='bbox 3413 3438 3469 3492; x_wconf 88' lang='lat' dir='ltr'><strong>in</strong></span> 
     </span>
    </p>
   </div>
   <div class='ocr_carea' id='block_1_79' title="bbox 1873 3529 3465 3606">
    <p class='ocr_par' dir='ltr' id='par_1_79' title="bbox 1873 3529 3465 3606">
     <span class='ocr_line' id='line_1_80' title="bbox 1873 3529 3465 3606; baseline -0.003 -22"><span class='ocrx_word' id='word_1_416' title='bbox 1873 3530 2164 3601; x_wconf 88' lang='lat' dir='ltr'><strong>reprobum</strong></span> <span class='ocrx_word' id='word_1_417' title='bbox 2213 3545 2433 3586; x_wconf 89' lang='lat' dir='ltr'><strong>sensum</strong></span> <span class='ocrx_word' id='word_1_418' title='bbox 2486 3545 2594 3606; x_wconf 89' lang='lat' dir='ltr'><strong>quo</strong></span> <span class='ocrx_word' id='word_1_419' title='bbox 2641 3529 2900 3585; x_wconf 88' lang='lat' dir='ltr'><strong>seductus</strong></span> <span class='ocrx_word' id='word_1_420' title='bbox 2950 3536 3045 3583; x_wconf 89' lang='lat' dir='ltr'><strong>aut</strong></span> <span class='ocrx_word' id='word_1_421' title='bbox 3102 3539 3316 3583; x_wconf 90' lang='lat' dir='ltr'><strong>secreto</strong></span> <span class='ocrx_word' id='word_1_422' title='bbox 3369 3538 3465 3581; x_wconf 91' lang='lat' dir='ltr'><strong>aut</strong></span> 
     </span>
    </p>
   </div>
   <div class='ocr_carea' id='block_1_80' title="bbox 1871 3616 3471 3691">
    <p class='ocr_par' dir='ltr' id='par_1_80' title="bbox 1871 3616 3471 3691">
     <span class='ocr_line' id='line_1_81' title="bbox 1871 3616 3471 3691; baseline -0.004 -15"><span class='ocrx_word' id='word_1_423' title='bbox 1871 3622 2037 3676; x_wconf 90' lang='lat' dir='ltr'><strong>etiam</strong></span> <span class='ocrx_word' id='word_1_424' title='bbox 2081 3618 2295 3690; x_wconf 89' lang='lat' dir='ltr'><strong>publice</strong></span> <span class='ocrx_word' id='word_1_425' title='bbox 2341 3619 2559 3691; x_wconf 90' lang='lat' dir='ltr'><strong>aliquod</strong></span> <span class='ocrx_word' id='word_1_426' title='bbox 2589 3619 2896 3676; x_wconf 82' lang='lat' dir='ltr'><strong>committat</strong></span> <span class='ocrx_word' id='word_1_427' title='bbox 2948 3628 3253 3689; x_wconf 88' lang='lat' dir='ltr'><strong>peccatum.</strong></span> <span class='ocrx_word' id='word_1_428' title='bbox 3314 3616 3471 3673; x_wconf 85' lang='lat' dir='ltr'><strong>Unde</strong></span> 
     </span>
    </p>
   </div>
   <div class='ocr_carea' id='block_1_81' title="bbox 1873 3709 3476 3780">
    <p class='ocr_par' dir='ltr' id='par_1_81' title="bbox 1873 3709 3476 3780">
     <span class='ocr_line' id='line_1_82' title="bbox 1873 3709 3476 3780; baseline -0.002 -14"><span class='ocrx_word' id='word_1_429' title='bbox 1873 3710 2020 3766; x_wconf 88' lang='lat' dir='ltr'><strong>omni</strong></span> <span class='ocrx_word' id='word_1_430' title='bbox 2049 3710 2254 3764; x_wconf 88' lang='lat' dir='ltr'><strong>erranti</strong></span> <span class='ocrx_word' id='word_1_431' title='bbox 2286 3710 2436 3779; x_wconf 86' lang='lat' dir='ltr'><strong>prius</strong></span> <span class='ocrx_word' id='word_1_432' title='bbox 2459 3710 2766 3780; x_wconf 88' lang='lat' dir='ltr'><strong>compassio</strong></span> <span class='ocrx_word' id='word_1_433' title='bbox 2802 3725 2965 3780; x_wconf 85' lang='lat' dir='ltr'><strong>quam</strong></span> <span class='ocrx_word' id='word_1_434' title='bbox 3010 3709 3364 3780; x_wconf 86' lang='lat' dir='ltr'><strong>reprehensio</strong></span> <span class='ocrx_word' id='word_1_435' title='bbox 3389 3717 3476 3763; x_wconf 89' lang='lat' dir='ltr'><strong>cst</strong></span> 
     </span>
    </p>
   </div>
   <div class='ocr_carea' id='block_1_82' title="bbox 1879 3799 3474 3872">
    <p class='ocr_par' dir='ltr' id='par_1_82' title="bbox 1879 3799 3474 3872">
     <span class='ocr_line' id='line_1_83' title="bbox 1879 3799 3474 3872; baseline -0.003 -17"><span class='ocrx_word' id='word_1_436' title='bbox 1879 3800 2205 3864; x_wconf 84' lang='lat' dir='ltr'><strong>adhibenda,</strong></span> <span class='ocrx_word' id='word_1_437' title='bbox 2239 3799 2393 3870; x_wconf 84' lang='lat' dir='ltr'><strong>juxta</strong></span> <span class='ocrx_word' id='word_1_438' title='bbox 2426 3800 2552 3854; x_wconf 89' lang='lat' dir='ltr'><strong>illud</strong></span> <span class='ocrx_word' id='word_1_439' title='bbox 2573 3800 2816 3872; x_wconf 82' lang='lat' dir='ltr'><strong>Apostoli</strong></span> <span class='ocrx_word' id='word_1_440' title='bbox 2852 3819 2865 3855; x_wconf 89' lang='lat'><strong>:</strong></span> <span class='ocrx_word' id='word_1_441' title='bbox 2904 3799 3035 3867; x_wconf 67' lang='lat' dir='ltr'><strong>Qui:</strong></span> <span class='ocrx_word' id='word_1_442' title='bbox 3058 3800 3379 3869; x_wconf 83' lang='lat' dir='ltr'><strong>inﬁrmatur,</strong></span> <span class='ocrx_word' id='word_1_443' title='bbox 3424 3806 3474 3852; x_wconf 83' lang='lat' dir='ltr'><strong>et</strong></span> 
     </span>
    </p>
   </div>
   <div class='ocr_carea' id='block_1_83' title="bbox 1879 3888 3477 3964">
    <p class='ocr_par' dir='ltr' id='par_1_83' title="bbox 1879 3888 3477 3964">
     <span class='ocr_line' id='line_1_84' title="bbox 1879 3888 3477 3964; baseline -0.001 -21"><span class='ocrx_word' id='word_1_444' title='bbox 1879 3905 1972 3959; x_wconf 82' lang='lat' dir='ltr'><strong>ego</strong></span> <span class='ocrx_word' id='word_1_445' title='bbox 2003 3904 2107 3943; x_wconf 81' lang='lat' dir='ltr'><strong>non</strong></span> <span class='ocrx_word' id='word_1_446' title='bbox 2136 3889 2413 3959; x_wconf 77' lang='lat' dir='ltr'><strong>inﬁrmor?</strong></span> <span class='ocrx_word' id='word_1_447' title='bbox 2462 3888 2547 3962; x_wconf 76' lang='lat' dir='ltr'><strong>(II</strong></span> <span class='ocrx_word' id='word_1_448' title='bbox 2591 3890 2715 3946; x_wconf 84' lang='lat' dir='ltr'><strong>Cor.</strong></span> <span class='ocrx_word' id='word_1_449' title='bbox 2766 3890 2848 3964; x_wconf 71' lang='grc' dir='ltr'><strong>ι.)</strong></span> <span class='ocrx_word' id='word_1_450' title='bbox 2902 3891 2970 3946; x_wconf 88' lang='grc' dir='ltr'>Ει</span> <span class='ocrx_word' id='word_1_451' title='bbox 3018 3892 3211 3947; x_wconf 86' lang='lat' dir='ltr'><strong>iterum</strong></span> <span class='ocrx_word' id='word_1_452' title='bbox 3260 3889 3477 3944; x_wconf 76' lang='lat' dir='ltr'><strong>:‘Alter</strong></span> 
     </span>
    </p>
   </div>
   <div class='ocr_carea' id='block_1_84' title="bbox 1882 3976 3479 4054">
    <p class='ocr_par' dir='ltr' id='par_1_84' title="bbox 1882 3976 3479 4054">
     <span class='ocr_line' id='line_1_85' title="bbox 1882 3976 3479 4054; baseline 0 -21"><span class='ocrx_word' id='word_1_453' title='bbox 1882 3978 2104 4033; x_wconf 76' lang='lat' dir='ltr'><strong>alterius</strong></span> <span class='ocrx_word' id='word_1_454' title='bbox 2134 3996 2295 4034; x_wconf 83' lang='lat' dir='ltr'><strong>onera</strong></span> <span class='ocrx_word' id='word_1_455' title='bbox 2331 3990 2556 4052; x_wconf 78' lang='lat' dir='ltr'><strong>portate,</strong></span> <span class='ocrx_word' id='word_1_456' title='bbox 2581 3992 2630 4038; x_wconf 87' lang='lat' dir='ltr'><strong>et</strong></span> <span class='ocrx_word' id='word_1_457' title='bbox 2650 3983 2725 4038; x_wconf 77' lang='lat' dir='ltr'><strong>sic</strong></span> <span class='ocrx_word' id='word_1_458' title='bbox 2749 3980 3100 4054; x_wconf 79' lang='lat' dir='ltr'><strong>adimplebitis</strong></span> <span class='ocrx_word' id='word_1_459' title='bbox 3127 3981 3289 4053; x_wconf 86' lang='lat' dir='ltr'><strong>legent</strong></span> <span class='ocrx_word' id='word_1_460' title='bbox 3322 3976 3479 4035; x_wconf 73' lang='lat' dir='ltr'><strong>Clari-</strong></span> 
     </span>
    </p>
   </div>
   <div class='ocr_carea' id='block_1_85' title="bbox 1885 4069 2252 4143">
    <p class='ocr_par' dir='ltr' id='par_1_85' title="bbox 1885 4069 2252 4143">
     <span class='ocr_line' id='line_1_86' title="bbox 1885 4069 2252 4143; baseline 0.011 -18"><span class='ocrx_word' id='word_1_461' title='bbox 1885 4071 1952 4125; x_wconf 75' lang='lat' dir='ltr'><strong>sti</strong></span> <span class='ocrx_word' id='word_1_462' title='bbox 1976 4069 2120 4143; x_wconf 80' lang='lat' dir='ltr'><strong>(Gal.</strong></span> <span class='ocrx_word' id='word_1_463' title='bbox 2152 4074 2252 4129; x_wconf 75' lang='lat' dir='ltr'><strong>Vt‘.</strong></span> 
     </span>
    </p>
   </div>
   <div class='ocr_carea' id='block_1_86' title="bbox 526 4438 3121 4504">
    <p class='ocr_par' dir='ltr' id='par_1_86' title="bbox 526 4438 3121 4504">
     <span class='ocr_line' id='line_1_87' title="bbox 526 4438 3121 4504; baseline -0.002 -2"><span class='ocrx_word' id='word_1_464' title='bbox 526 4438 897 4502; x_wconf 79' lang='lat' dir='ltr'><strong>OTHLONI</strong></span> <span class='ocrx_word' id='word_1_465' title='bbox 942 4438 1225 4502; x_wconf 82' lang='lat' dir='ltr'><strong>SUMMA</strong></span> <span class='ocrx_word' id='word_1_466' title='bbox 1272 4438 1694 4501; x_wconf 76' lang='lat' dir='ltr'><strong>DlCTOBUM</strong></span> <span class='ocrx_word' id='word_1_467' title='bbox 1730 4440 1850 4502; x_wconf 63' lang='lat' dir='ltr'><strong>Dia?</strong></span> <span class='ocrx_word' id='word_1_468' title='bbox 1880 4440 2314 4504; x_wconf 80' lang='lat' dir='ltr'><strong>MYSTERIIS</strong></span> <span class='ocrx_word' id='word_1_469' title='bbox 2357 4439 2670 4502; x_wconf 77' lang='lat' dir='ltr'><strong>NUMERI</strong></span> <span class='ocrx_word' id='word_1_470' title='bbox 2714 4438 3121 4501; x_wconf 77' lang='lat' dir='ltr'><strong>TERNARII.</strong></span> 
     </span>
    </p>
   </div>
   <div class='ocr_carea' id='block_1_87' title="bbox 1187 4600 2479 4678">
    <p class='ocr_par' dir='ltr' id='par_1_87' title="bbox 1187 4600 2479 4678">
     <span class='ocr_line' id='line_1_88' title="bbox 1187 4600 2479 4678; baseline 0.004 -17"><span class='ocrx_word' id='word_1_471' title='bbox 1187 4602 1438 4678; x_wconf 77' lang='lat' dir='ltr'><strong>Quanta</strong></span> <span class='ocrx_word' id='word_1_472' title='bbox 1478 4618 1639 4662; x_wconf 82' lang='lat' dir='ltr'><strong>oena</strong></span> <span class='ocrx_word' id='word_1_473' title='bbox 1668 4601 1735 4663; x_wconf 81' lang='lat' dir='ltr'><strong>in</strong></span> <span class='ocrx_word' id='word_1_474' title='bbox 1764 4600 2053 4664; x_wconf 74' lang='lat' dir='ltr'><strong>trinitate</strong></span> <span class='ocrx_word' id='word_1_475' title='bbox 2086 4606 2479 4668; x_wconf 74' lang='lat' dir='ltr'><strong>consistant?</strong></span> 
     </span>
    </p>
   </div>
   <div class='ocr_carea' id='block_1_88' title="bbox 265 4786 3482 4865">
    <p class='ocr_par' dir='ltr' id='par_1_88' title="bbox 265 4786 3482 4865">
     <span class='ocr_line' id='line_1_89' title="bbox 265 4786 3482 4865; baseline -0.001 -15"><span class='ocrx_word' id='word_1_476' title='bbox 265 4796 571 4865; x_wconf 79' lang='lat' dir='ltr'><strong>Agnoscens</strong></span> <span class='ocrx_word' id='word_1_477' title='bbox 618 4804 785 4847; x_wconf 89' lang='lat' dir='ltr'><strong>omne</strong></span> <span class='ocrx_word' id='word_1_478' title='bbox 837 4790 1041 4844; x_wconf 89' lang='lat' dir='ltr'><strong>bonum</strong></span> <span class='ocrx_word' id='word_1_479' title='bbox 1091 4787 1145 4844; x_wconf 90' lang='lat' dir='ltr'><strong>in</strong></span> <span class='ocrx_word' id='word_1_480' title='bbox 1177 4788 1422 4844; x_wconf 89' lang='lat' dir='ltr'><strong>trinitate</strong></span> <span class='ocrx_word' id='word_1_481' title='bbox 1455 4788 1776 4851; x_wconf 88' lang='lat' dir='ltr'><strong>consistere,</strong></span> <span class='ocrx_word' id='word_1_482' title='bbox 1810 4790 1857 4849; x_wconf 90' lang='lat' dir='ltr'><strong>D</strong></span> <span class='ocrx_word' id='word_1_483' title='bbox 1884 4787 1974 4842; x_wconf 90' lang='lat' dir='ltr'><strong>diu</strong></span> <span class='ocrx_word' id='word_1_484' title='bbox 2000 4787 2068 4842; x_wconf 92' lang='lat' dir='ltr'><strong>ad</strong></span> <span class='ocrx_word' id='word_1_485' title='bbox 2106 4786 2385 4847; x_wconf 89' lang='lat' dir='ltr'><strong>Christum</strong></span> <span class='ocrx_word' id='word_1_486' title='bbox 2434 4791 2660 4852; x_wconf 90' lang='lat' dir='ltr'><strong>minime</strong></span> <span class='ocrx_word' id='word_1_487' title='bbox 2713 4792 2963 4851; x_wconf 85' lang='lat' dir='ltr'><strong>conversi</strong></span> <span class='ocrx_word' id='word_1_488' title='bbox 3011 4791 3294 4849; x_wconf 87' lang='lat' dir='ltr'><strong>fuerimus.</strong></span> <span class='ocrx_word' id='word_1_489' title='bbox 3347 4790 3482 4848; x_wconf 84' lang='lat' dir='ltr'><strong>Tres</strong></span> 
     </span>
    </p>
   </div>
   <div class='ocr_carea' id='block_1_89' title="bbox 212 4880 1778 4957">
    <p class='ocr_par' dir='ltr' id='par_1_89' title="bbox 212 4880 1778 4957">
     <span class='ocr_line' id='line_1_90' title="bbox 212 4880 1778 4957; baseline -0.003 -16"><span class='ocrx_word' id='word_1_490' title='bbox 212 4887 367 4943; x_wconf 81' lang='lat' dir='ltr'><strong>studui</strong></span> <span class='ocrx_word' id='word_1_491' title='bbox 393 4885 715 4957; x_wconf 79' lang='lat' dir='ltr'><strong>explanare,</strong></span> <span class='ocrx_word' id='word_1_492' title='bbox 747 4897 859 4953; x_wconf 89' lang='lat' dir='ltr'><strong>quo</strong></span> <span class='ocrx_word' id='word_1_493' title='bbox 889 4880 1048 4938; x_wconf 87' lang='lat' dir='ltr'><strong>modo</strong></span> <span class='ocrx_word' id='word_1_494' title='bbox 1079 4889 1286 4936; x_wconf 90' lang='lat' dir='ltr'><strong>tantum</strong></span> <span class='ocrx_word' id='word_1_495' title='bbox 1332 4880 1532 4936; x_wconf 91' lang='lat' dir='ltr'><strong>bonum</strong></span> <span class='ocrx_word' id='word_1_496' title='bbox 1559 4881 1778 4951; x_wconf 83' lang='lat' dir='ltr'><strong>agnosci</strong></span> 
     </span>
    </p>
   </div>
   <div class='ocr_carea' id='block_1_90' title="bbox 209 4971 1798 5053">
    <p class='ocr_par' dir='ltr' id='par_1_90' title="bbox 209 4971 1798 5053">
     <span class='ocr_line' id='line_1_91' title="bbox 209 4971 1798 5053; baseline -0.002 -22"><span class='ocrx_word' id='word_1_497' title='bbox 209 4979 377 5045; x_wconf 83' lang='lat' dir='ltr'><strong>possit.</strong></span> <span class='ocrx_word' id='word_1_498' title='bbox 414 4976 525 5033; x_wconf 88' lang='lat' dir='ltr'><strong>Sed</strong></span> <span class='ocrx_word' id='word_1_499' title='bbox 557 4974 831 5046; x_wconf 89' lang='lat' dir='ltr'><strong>imprimis</strong></span> <span class='ocrx_word' id='word_1_500' title='bbox 858 4971 1143 5028; x_wconf 88' lang='lat' dir='ltr'><strong>dicendum</strong></span> <span class='ocrx_word' id='word_1_501' title='bbox 1177 4972 1320 5044; x_wconf 87' lang='lat' dir='ltr'><strong>quod</strong></span> <span class='ocrx_word' id='word_1_502' title='bbox 1350 4973 1515 5028; x_wconf 89' lang='lat' dir='ltr'><strong>etiam</strong></span> <span class='ocrx_word' id='word_1_503' title='bbox 1544 4974 1798 5053; x_wconf 29' lang='lat' dir='ltr'><strong>primum,</strong></span> 
     </span>
    </p>
   </div>
   <div class='ocr_carea' id='block_1_91' title="bbox 212 5062 1781 5135">
    <p class='ocr_par' dir='ltr' id='par_1_91' title="bbox 212 5062 1781 5135">
     <span class='ocr_line' id='line_1_92' title="bbox 212 5062 1781 5135; baseline -0.002 -13"><span class='ocrx_word' id='word_1_504' title='bbox 212 5076 297 5135; x_wconf 84' lang='lat' dir='ltr'><strong>est,</strong></span> <span class='ocrx_word' id='word_1_505' title='bbox 322 5078 375 5125; x_wconf 89' lang='lat' dir='ltr'><strong>et</strong></span> <span class='ocrx_word' id='word_1_506' title='bbox 396 5082 673 5125; x_wconf 87' lang='lat' dir='ltr'><strong>summum</strong></span> <span class='ocrx_word' id='word_1_507' title='bbox 701 5062 1028 5133; x_wconf 89' lang='lat' dir='ltr'><strong>cunctisque</strong></span> <span class='ocrx_word' id='word_1_508' title='bbox 1061 5063 1309 5121; x_wconf 86' lang='lat' dir='ltr'><strong>fidelibus</strong></span> <span class='ocrx_word' id='word_1_509' title='bbox 1336 5066 1572 5121; x_wconf 80' lang='lat' dir='ltr'><strong>maxime</strong></span> <span class='ocrx_word' id='word_1_510' title='bbox 1610 5074 1781 5120; x_wconf 82' lang='lat' dir='ltr'><strong>atten-</strong></span> 
     </span>
    </p>
   </div>
   <div class='ocr_carea' id='block_1_92' title="bbox 205 5153 1780 5227">
    <p class='ocr_par' dir='ltr' id='par_1_92' title="bbox 205 5153 1780 5227">
     <span class='ocr_line' id='line_1_93' title="bbox 205 5153 1780 5227; baseline -0.002 -14"><span class='ocrx_word' id='word_1_511' title='bbox 205 5159 434 5215; x_wconf 76' lang='lat' dir='ltr'><strong>dendnm.</strong></span> <span class='ocrx_word' id='word_1_512' title='bbox 465 5160 525 5213; x_wconf 92' lang='lat' dir='ltr'><strong>ln</strong></span> <span class='ocrx_word' id='word_1_513' title='bbox 556 5160 742 5215; x_wconf 87' lang='lat' dir='ltr'><strong>tribus</strong></span> <span class='ocrx_word' id='word_1_514' title='bbox 786 5168 1021 5223; x_wconf 88' lang='lat' dir='ltr'><strong>namque</strong></span> <span class='ocrx_word' id='word_1_515' title='bbox 1048 5158 1313 5227; x_wconf 88' lang='lat' dir='ltr'><strong>personis,</strong></span> <span class='ocrx_word' id='word_1_516' title='bbox 1358 5153 1562 5222; x_wconf 88' lang='lat' dir='ltr'><strong>Patris,</strong></span> <span class='ocrx_word' id='word_1_517' title='bbox 1591 5166 1649 5212; x_wconf 92' lang='lat' dir='ltr'><strong>et</strong></span> <span class='ocrx_word' id='word_1_518' title='bbox 1688 5156 1780 5211; x_wconf 62' lang='lat' dir='ltr'><strong>Fio</strong></span> 
     </span>
    </p>
   </div>
   <div class='ocr_carea' id='block_1_93' title="bbox 202 5243 1782 5322">
    <p class='ocr_par' dir='ltr' id='par_1_93' title="bbox 202 5243 1782 5322">
     <span class='ocr_line' id='line_1_94' title="bbox 202 5243 1782 5322; baseline 0.001 -21"><span class='ocrx_word' id='word_1_519' title='bbox 202 5249 266 5313; x_wconf 86' lang='lat' dir='ltr'><strong>lii,</strong></span> <span class='ocrx_word' id='word_1_520' title='bbox 290 5263 339 5306; x_wconf 91' lang='lat' dir='ltr'><strong>et</strong></span> <span class='ocrx_word' id='word_1_521' title='bbox 364 5251 606 5322; x_wconf 88' lang='lat' dir='ltr'><strong>Spiritus</strong></span> <span class='ocrx_word' id='word_1_522' title='bbox 652 5246 867 5310; x_wconf 88' lang='lat' dir='ltr'><strong>sancti,</strong></span> <span class='ocrx_word' id='word_1_523' title='bbox 895 5243 1127 5306; x_wconf 89' lang='lat' dir='ltr'><strong>Trinitas</strong></span> <span class='ocrx_word' id='word_1_524' title='bbox 1164 5264 1377 5306; x_wconf 89' lang='lat' dir='ltr'><strong>summa</strong></span> <span class='ocrx_word' id='word_1_525' title='bbox 1419 5249 1692 5316; x_wconf 89' lang='lat' dir='ltr'><strong>consistit;</strong></span> <span class='ocrx_word' id='word_1_526' title='bbox 1725 5257 1782 5304; x_wconf 91' lang='lat' dir='ltr'><strong>et</strong></span> 
     </span>
    </p>
   </div>
   <div class='ocr_carea' id='block_1_94' title="bbox 196 5335 1784 5408">
    <p class='ocr_par' dir='ltr' id='par_1_94' title="bbox 196 5335 1784 5408">
     <span class='ocr_line' id='line_1_95' title="bbox 196 5335 1784 5408; baseline 0.001 -17"><span class='ocrx_word' id='word_1_527' title='bbox 196 5342 364 5397; x_wconf 77' lang='lat' dir='ltr'><strong>exinde</strong></span> <span class='ocrx_word' id='word_1_528' title='bbox 399 5356 571 5397; x_wconf 79' lang='lat' dir='ltr'><strong>omne</strong></span> <span class='ocrx_word' id='word_1_529' title='bbox 598 5346 821 5400; x_wconf 83' lang='lat' dir='ltr'><strong>bonum</strong></span> <span class='ocrx_word' id='word_1_530' title='bbox 856 5335 1059 5405; x_wconf 90' lang='lat' dir='ltr'><strong>incipit.</strong></span> <span class='ocrx_word' id='word_1_531' title='bbox 1101 5340 1305 5397; x_wconf 83' lang='lat' dir='ltr'><strong>Deinde</strong></span> <span class='ocrx_word' id='word_1_532' title='bbox 1329 5353 1460 5396; x_wconf 89' lang='lat' dir='ltr'><strong>vero</strong></span> <span class='ocrx_word' id='word_1_533' title='bbox 1491 5340 1595 5396; x_wconf 90' lang='lat' dir='ltr'><strong>alia</strong></span> <span class='ocrx_word' id='word_1_534' title='bbox 1622 5335 1784 5408; x_wconf 88' lang='lat' dir='ltr'><strong>cupio</strong></span> 
     </span>
    </p>
   </div>
   <div class='ocr_carea' id='block_1_95' title="bbox 1887 4880 3484 4950">
    <p class='ocr_par' dir='ltr' id='par_1_95' title="bbox 1887 4880 3484 4950">
     <span class='ocr_line' id='line_1_96' title="bbox 1887 4880 3484 4950; baseline -0.001 -14"><span class='ocrx_word' id='word_1_535' title='bbox 1887 4894 2103 4950; x_wconf 87' lang='lat' dir='ltr'><strong>qnoque</strong></span> <span class='ocrx_word' id='word_1_536' title='bbox 2158 4881 2507 4941; x_wconf 86' lang='lat' dir='ltr'><strong>diversitates</strong></span> <span class='ocrx_word' id='word_1_537' title='bbox 2560 4884 2614 4938; x_wconf 90' lang='lat' dir='ltr'><strong>in</strong></span> <span class='ocrx_word' id='word_1_538' title='bbox 2655 4885 2802 4942; x_wconf 91' lang='lat' dir='ltr'><strong>omni</strong></span> <span class='ocrx_word' id='word_1_539' title='bbox 2843 4891 3097 4940; x_wconf 90' lang='lat' dir='ltr'><strong>creatura</strong></span> <span class='ocrx_word' id='word_1_540' title='bbox 3154 4880 3484 4939; x_wconf 88' lang='lat' dir='ltr'><strong>consistunt.</strong></span> 
     </span>
    </p>
   </div>
   <div class='ocr_carea' id='block_1_96' title="bbox 1886 4968 3488 5049">
    <p class='ocr_par' dir='ltr' id='par_1_96' title="bbox 1886 4968 3488 5049">
     <span class='ocr_line' id='line_1_97' title="bbox 1886 4968 3488 5049; baseline 0.004 -23"><span class='ocrx_word' id='word_1_541' title='bbox 1886 4972 1995 5029; x_wconf 78' lang='lat' dir='ltr'><strong>Aut</strong></span> <span class='ocrx_word' id='word_1_542' title='bbox 2022 4975 2165 5029; x_wconf 88' lang='lat' dir='ltr'><strong>enim</strong></span> <span class='ocrx_word' id='word_1_543' title='bbox 2190 4986 2274 5032; x_wconf 87' lang='lat' dir='ltr'><strong>est</strong></span> <span class='ocrx_word' id='word_1_544' title='bbox 2315 4976 2622 5044; x_wconf 88' lang='lat' dir='ltr'><strong>rationalis,</strong></span> <span class='ocrx_word' id='word_1_545' title='bbox 2652 4989 2713 5036; x_wconf 88' lang='lat' dir='ltr'><strong>ut</strong></span> <span class='ocrx_word' id='word_1_546' title='bbox 2735 4977 2912 5049; x_wconf 81' lang='lat' dir='ltr'><strong>angeli</strong></span> <span class='ocrx_word' id='word_1_547' title='bbox 2940 4985 2995 5030; x_wconf 89' lang='lat' dir='ltr'><strong>et</strong></span> <span class='ocrx_word' id='word_1_548' title='bbox 3018 4976 3218 5040; x_wconf 85' lang='lat' dir='ltr'><strong>homo;</strong></span> <span class='ocrx_word' id='word_1_549' title='bbox 3261 4969 3345 5025; x_wconf 72' lang='lat' dir='ltr'><strong>vel</strong></span> <span class='ocrx_word' id='word_1_550' title='bbox 3369 4968 3488 5022; x_wconf 67' lang='lat' dir='ltr'><strong>ani-</strong></span> 
     </span>
    </p>
   </div>
   <div class='ocr_carea' id='block_1_97' title="bbox 1886 5057 3491 5139">
    <p class='ocr_par' dir='ltr' id='par_1_97' title="bbox 1886 5057 3491 5139">
     <span class='ocr_line' id='line_1_98' title="bbox 1886 5057 3491 5139; baseline -0.008 -19"><span class='ocrx_word' id='word_1_551' title='bbox 1886 5066 2065 5133; x_wconf 85' lang='lat' dir='ltr'><strong>malis,</strong></span> <span class='ocrx_word' id='word_1_552' title='bbox 2093 5075 2152 5120; x_wconf 90' lang='lat' dir='ltr'><strong>ut</strong></span> <span class='ocrx_word' id='word_1_553' title='bbox 2177 5071 2360 5126; x_wconf 89' lang='lat' dir='ltr'><strong>omnia</strong></span> <span class='ocrx_word' id='word_1_554' title='bbox 2407 5083 2529 5139; x_wconf 73' lang='lat' dir='ltr'><strong>qua:</strong></span> <span class='ocrx_word' id='word_1_555' title='bbox 2546 5066 2683 5124; x_wconf 82' lang='lat' dir='ltr'><strong>ﬂatu</strong></span> <span class='ocrx_word' id='word_1_556' title='bbox 2709 5070 2858 5125; x_wconf 87' lang='lat' dir='ltr'><strong>vitali</strong></span> <span class='ocrx_word' id='word_1_557' title='bbox 2886 5068 3004 5123; x_wconf 82' lang='lat' dir='ltr'><strong>sine</strong></span> <span class='ocrx_word' id='word_1_558' title='bbox 3034 5069 3251 5123; x_wconf 84' lang='lat' dir='ltr'><strong>ratione</strong></span> <span class='ocrx_word' id='word_1_559' title='bbox 3275 5057 3491 5129; x_wconf 89' lang='lat' dir='ltr'><strong>potiun-</strong></span> 
     </span>
    </p>
   </div>
   <div class='ocr_carea' id='block_1_98' title="bbox 1887 5157 3382 5231">
    <p class='ocr_par' dir='ltr' id='par_1_98' title="bbox 1887 5157 3382 5231">
     <span class='ocr_line' id='line_1_99' title="bbox 1887 5157 3382 5231; baseline -0.002 -19"><span class='ocrx_word' id='word_1_560' title='bbox 1887 5164 2008 5226; x_wconf 88' lang='lat' dir='ltr'><strong>tur;</strong></span> <span class='ocrx_word' id='word_1_561' title='bbox 2047 5168 2141 5214; x_wconf 87' lang='lat' dir='ltr'><strong>aut</strong></span> <span class='ocrx_word' id='word_1_562' title='bbox 2166 5172 2423 5220; x_wconf 89' lang='lat' dir='ltr'><strong>neutrum</strong></span> <span class='ocrx_word' id='word_1_563' title='bbox 2450 5160 2680 5228; x_wconf 86' lang='lat' dir='ltr'><strong>habens,</strong></span> <span class='ocrx_word' id='word_1_564' title='bbox 2714 5170 2773 5217; x_wconf 88' lang='lat' dir='ltr'><strong>ut</strong></span> <span class='ocrx_word' id='word_1_565' title='bbox 2811 5159 3017 5231; x_wconf 89' lang='lat' dir='ltr'><strong>lapides</strong></span> <span class='ocrx_word' id='word_1_566' title='bbox 3054 5169 3110 5213; x_wconf 93' lang='lat' dir='ltr'><strong>et</strong></span> <span class='ocrx_word' id='word_1_567' title='bbox 3139 5157 3382 5213; x_wconf 73' lang='lat' dir='ltr'><strong>arbores-</strong></span> 
     </span>
    </p>
   </div>
   <div class='ocr_carea' id='block_1_99' title="bbox 1904 5234 3491 5325">
    <p class='ocr_par' dir='ltr' id='par_1_99' title="bbox 1904 5234 3491 5325">
     <span class='ocr_line' id='line_1_100' title="bbox 1904 5234 3491 5325; baseline -0.012 -20"><span class='ocrx_word' id='word_1_568' title='bbox 1904 5318 1912 5323; x_wconf 28' lang='lat'><em>.</em></span> <span class='ocrx_word' id='word_1_569' title='bbox 1960 5252 2090 5308; x_wconf 89' lang='lat' dir='ltr'><strong>ltem</strong></span> <span class='ocrx_word' id='word_1_570' title='bbox 2121 5260 2232 5306; x_wconf 83' lang='lat' dir='ltr'><strong>tres</strong></span> <span class='ocrx_word' id='word_1_571' title='bbox 2258 5264 2388 5311; x_wconf 85' lang='lat' dir='ltr'><strong>sunt</strong></span> <span class='ocrx_word' id='word_1_572' title='bbox 2410 5250 2614 5325; x_wconf 89' lang='lat' dir='ltr'><strong>gradus</strong></span> <span class='ocrx_word' id='word_1_573' title='bbox 2640 5252 2965 5323; x_wconf 83' lang='lat' dir='ltr'><strong>sanctitatis.</strong></span> <span class='ocrx_word' id='word_1_574' title='bbox 3009 5249 3228 5304; x_wconf 90' lang='lat' dir='ltr'><strong>Primus</strong></span> <span class='ocrx_word' id='word_1_575' title='bbox 3252 5234 3491 5309; x_wconf 88' lang='lat' dir='ltr'><strong>quidem,</strong></span> 
     </span>
    </p>
   </div>
   <div class='ocr_carea' id='block_1_100' title="bbox 1887 5337 3495 5417">
    <p class='ocr_par' dir='ltr' id='par_1_100' title="bbox 1887 5337 3495 5417">
     <span class='ocr_line' id='line_1_101' title="bbox 1887 5337 3495 5417; baseline -0.014 -18"><span class='ocrx_word' id='word_1_576' title='bbox 1887 5346 1981 5414; x_wconf 89' lang='lat' dir='ltr'><strong>qui</strong></span> <span class='ocrx_word' id='word_1_577' title='bbox 2021 5356 2078 5402; x_wconf 92' lang='lat' dir='ltr'><strong>et</strong></span> <span class='ocrx_word' id='word_1_578' title='bbox 2104 5347 2399 5417; x_wconf 79' lang='lat' dir='ltr'><strong>maximus,</strong></span> <span class='ocrx_word' id='word_1_579' title='bbox 2452 5352 2718 5402; x_wconf 90' lang='lat' dir='ltr'><strong>constans</strong></span> <span class='ocrx_word' id='word_1_580' title='bbox 2747 5348 2801 5402; x_wconf 92' lang='lat' dir='ltr'><strong>in</strong></span> <span class='ocrx_word' id='word_1_581' title='bbox 2833 5348 2943 5399; x_wconf 82' lang='lat' dir='ltr'><strong>vita</strong></span> <span class='ocrx_word' id='word_1_582' title='bbox 2973 5337 3259 5409; x_wconf 83' lang='lat' dir='ltr'><strong>virginali;</strong></span> <span class='ocrx_word' id='word_1_583' title='bbox 3307 5340 3495 5381; x_wconf 82' lang='lat' dir='ltr'><strong>secun-</strong></span> 
     </span>
    </p>
   </div>
  </div>
