3998 5450
503 360 605 419 153i

1496 364 1794 422 OTllLON‘l
1835 366 2144 426 MONACHI
2181 369 2239 424 S.
2283 366 2705 424 ΕΜΜΕΒΑΜΜΙ

3658 373 3758 427 136

501 489 717 539 novem,
759 452 959 544 quique
1007 485 1114 530 tam
1138 477 1358 546 angelos
1400 492 1560 546 quam
1608 481 1853 536 homines
1882 480 2081 552 angeli-
2105 484 2162 545 Α
2256 477 2395 534 Sunt
2422 478 2584 534 etiam
2614 489 2724 533 tres
2770 478 3016 545 virtutes,
3054 477 3107 534 ld
3146 487 3232 534 est
3264 477 3415 544 ﬁdes,
3444 493 3593 550 spes,
3625 485 3759 537 eba-

477 579 626 617 'cam
660 565 821 618 vitam
849 574 1134 634 sequentes
1177 567 1475 637 signiticat;
1510 570 1614 623 alia
1642 572 1695 627 in
1728 574 1964 637 senario,
1991 571 2085 641 qui

504 671 718 725 quoque
752 667 808 713 et
835 657 1148 713 dualitatem
1181 668 1242 715 ’et
1273 663 1568 718 trinitatem
1601 666 1809 734 recipit,
1855 666 1906 720 in
1940 668 2084 721 vitiis

504 749 593 800 diu
616 748 882 816 iacentes.
928 751 1021 804 sed
1060 753 1274 806 tandem
1304 768 1620 820 conversos;
1672 756 1830 811 tertia
1873 757 2086 811 binatio

504 838 731 909 aliisque
779 841 1018 895 numeris
1060 840 1377 898 dualitatezu
1426 853 1635 900 tantum
1676 847 2082 916 recipientibtus,

502 944 601 1000 per
627 946 762 998 quos
786 930 836 991 in
863 932 1003 987 malo
1035 945 1444 1002 perseverantes
1471 938 1865 1008 significantur.

575 1021 713 1076 Sunt
762 1026 926 1078 etiam
974 1026 1074 1079 tria
1123 1042 1319 1096 genera
1368 1031 1758 1099 oppositurum,
1793 1031 1846 1087 in
1892 1034 2091 1102 quibus

502 1125 705 1182 quanta
756 1116 1128 1171 misericordia
1186 1120 1395 1174 Domini
1441 1122 1512 1175 sit
1554 1121 1607 1176 in
1653 1123 1903 1179 homines
1945 1124 2087 1181 valet

502 1207 636 1261 satis
682 1208 922 1278 agnosci.
958 1207 1193 1273 Quorum
1238 1210 1447 1265 scilicet
1473 1228 1638 1267 unum
1672 1215 1725 1267 in
1756 1216 1967 1271 diabolo
2002 1232 2089 1271 εοο

503 1299 708 1369 ciisquc
747 1300 866 1368 ejus
919 1301 1089 1357 semel
1146 1305 1496 1372 peccantibus
1536 1315 1590 1361 ct
1642 1315 1821 1361 tamen
1875 1323 2089 1378 semper

503 1389 775 1443 damnatis
813 1391 1093 1458 consistit;
1126 1394 1271 1448 aliud
1299 1410 1429 1449 vero
1460 1397 1511 1450 in
1543 1396 1851 1451 hominibus
1894 1400 2090 1468 quibus

505 1488 600 1533 aut
630 1479 773 1533 nulla
817 1481 1009 1536 salutis
1036 1493 1254 1536 attenta:
1296 1485 1535 1554 cognitio
1579 1486 1700 1540 data
1740 1496 1846 1549 est,
1888 1487 1968 1541 vel
1996 1488 2087 1556 qui

505 1574 737 1626 Scientes
766 1588 870 1627 non
904 1574 976 1628 ita
1025 1588 1054 1627 a
1110 1575 1336 1631 Domino
1382 1577 1728 1646 eorriguntur
1776 1587 1835 1632 ut
1875 1579 2088 1641 veniam

503 1672 851 1728 mercantur;
908 1665 1128 1719 tertium
1175 1675 1260 1721 est
1309 1666 1362 1721 in
1410 1667 1673 1738 jumentis
1720 1670 1917 1738 quibus
1945 1670 2089 1723 nulla

506 1752 788 1808 rationalis
812 1755 1039 1809 scientia
1065 1758 1188 1810 data
1213 1767 1297 1812 est
1321 1757 1461 1814 sicut
1485 1758 1661 1814 nobis.
1693 1760 1751 1813 Si
1786 1760 1948 1828 igitur
1975 1762 2089 1815 hzec

504 1845 608 1897 tria
638 1840 959 1914 opponimus
988 1847 1162 1911 nobis,
1194 1848 1286 1917 qui
1336 1848 1462 1903 licet
1511 1836 2089 1919 quotidiepcccemns,
2121 1829 2165 1889 Β

507 1940 663 1993 venia
713 1949 892 1993 tamen
942 1941 1098 1995 nobis
1142 1950 1229 1995 est
1277 1943 1573 2011 promissa;
1618 1943 1662 1997 si
1717 1944 2089 2011 paenitentiam

505 2046 753 2099 agamus,
792 2038 918 2085 tunc
947 2031 1141 2086 merito
1167 2032 1408 2088 dicemus
1438 2033 2092 2102 quoniam.miaerirordia

504 2122 716 2175 Domini
748 2121 903 2190 plena
941 2133 1013 2177 est
1051 2131 1191 2177 terra
1220 2121 1396 2195 (Psal.
1426 2125 1625 2196 xxx").

574 2213 706 2268 ltem
741 2214 841 2268 tria
872 2223 1191 2285 argumenta
1217 2215 1586 2282 inveniuntur,
1634 2217 1687 2272 in
1728 2219 1923 2286 quibus
1950 2234 2090 2272 cnn-

504 2318 593 2362 cta
626 2308 717 2361 Dei
760 2308 992 2378 flagella,
1036 2309 1090 2364 in
1137 2310 1239 2365 hoc
1293 2309 1494 2365 saeculo
1523 2309 1688 2375 facta,
1721 2311 1862 2366 bona
1909 2320 1959 2365 et
2007 2310 2095 2382 pia

504 2415 625 2457 esse
656 2401 974 2469 probantur.
1004 2399 1183 2456 Unum
1232 2402 1451 2472 quidem
1499 2411 1585 2457 est
1621 2404 1674 2457 in
1708 2404 1791 2457 his
1837 2403 1928 2473 qui
1973 2404 2099 2457 mite

507 2503 694 2548 tuntur
720 2495 787 2549 ad
815 2493 1054 2549 scholam
1102 2495 1184 2550 vel
1222 2495 1288 2549 ad
1334 2496 1635 2563 quamlibet
1679 2508 1850 2549 artem
1888 2497 2099 2549 discen-

506 2582 653 2649 dam,
686 2599 847 2652 quam
877 2599 1036 2640 nemo
1077 2584 1195 2640 sine
1237 2583 1463 2654 ﬂagellis
1494 2586 1705 2642 discere
1730 2583 1905 2649 valet;
1954 2582 2098 2637 aliud

505 2684 589 2730 est
620 2675 671 2729 in
704 2674 789 2728 his
820 2673 1017 2744 quibus
1057 2690 1156 2744 pro
1202 2674 1518 2730 inﬁrmitate
1553 2676 1857 2744 superanda
1901 2675 2100 2729 amari-

507 2767 639 2826 tudo
684 2768 965 2822 medicina:
1001 2769 1293 2822 exhibetur
1339 2784 1568 2839 magna;
1613 2768 1831 2824 tertium
1865 2782 1992 2823 vero
2017 2777 2103 2822 est

509 2860 564 2913 in
593 2858 678 2915 his
698 2859 793 2928 qui
837 2859 902 2911 ad
932 2868 1136 2914 tantam
1167 2859 1452 2915 stultitiam
1498 2870 1876 2931 prorumpunt,
1915 2871 1973 2915 ut
2004 2879 2099 2918 Leo

513 2960 718 3017 queant
756 2951 917 3005 aliter
959 2953 1024 3004 ad
1051 2951 1230 3006 debita
1267 2951 1389 3021 jura
1419 2954 1573 3008 subdi
1605 2954 1706 3007 nisi
1735 2954 1900 3009 variis
1928 2959 2102 3013 modis

511 3042 714 3099 fuerint
751 3041 956 3098 afﬂicti.
1000 3042 1321 3113 llujusmodi
1359 3046 1523 3115 igitur
1563 3044 1771 3114 ﬂagella
1807 3062 1931 3100 cum
1982 3045 2101 3100 fue-‘

2186 568 2319 624 ritas
2344 586 2357 621 :
2390 568 2442 622 in
2466 568 2663 636 quibus
2696 568 2873 623 omnis
2902 568 3200 638 spiritualis
3230 569 3337 624 vita
3368 578 3423 624 et
3458 571 3679 642 incipit.
3706 583 3773 632 σι

2186 664 2422 719 maxime
2454 661 2542 719 had
2593 663 2982 732 perchtioncm
3038 665 3230 719 tendit.
3283 665 3388 720 Per
3435 665 3764 722 charitatcm

2183 755 2327 810 enim
2355 768 2516 809 omne
2540 755 2736 811 bonum
2770 754 3070 824 perﬁcitur.

2256 844 2383 899 Hme
2413 845 2574 913 igitur
2603 861 2668 899 ac
2710 846 2795 900 his
2823 846 3021 901 similia
3050 846 3350 916 spiritualis
3391 849 3769 920 intelligentia:

2186 934 2351 999 dicta,
2383 951 2502 1006 qua:
2534 937 2588 991 in
2635 928 2788 991 libris
2832 937 2966 991 meis
3001 936 3231 993 inveniri
3260 949 3488 1009 possunt
3534 944 3764 1012 scripta,

2184 1034 2241 1080 et
2266 1026 2592 1098 investigare
2630 1034 2684 1080 et
2728 1026 2969 1084 scribere
2997 1029 3201 1093 studui,
3231 1044 3353 1083 cum
3400 1030 3604 1085 multos
3634 1046 3767 1099 pru-

2188 1117 2384 1172 dcntire
2430 1117 2706 1173 saecularis
2745 1128 3017 1174 amatores
3057 1134 3339 1174 cernerem
3385 1130 3685 1191 occupatos
3715 1124 3768 1176 in

2187 1212 2398 1281 spherae
2425 1221 2480 1267 et
2506 1211 2768 1283 horologii
2802 1221 2857 1267 et
2886 1213 3166 1268 astrolabii
3206 1213 3416 1280 labore,
3448 1229 3546 1270 nec
3576 1230 3683 1269 non
3715 1215 3769 1269 in

2189 1301 2338 1355 varia
2367 1301 2642 1356 stellarum
2667 1301 3140 1372 contemplatione.
3179 1302 3309 1370 Qua:
3334 1304 3546 1359 scilicet
3577 1321 3771 1374 qnam-

2190 1392 2272 1447 vis
2303 1400 2359 1447 et
2401 1408 2502 1463 ego
2541 1393 2722 1448 dicere
2751 1406 2989 1463 possem,
3026 1409 3124 1463 pro
3169 1408 3235 1449 eo
3293 1404 3472 1450 tamen
3517 1396 3665 1465 quod
3713 1397 3772 1451 in

2190 1481 2297 1537 illis
2328 1482 2635 1537 laborantes
2669 1482 2880 1552 inspexi
2910 1484 3147 1538 deiicere
3173 1484 3226 1538 in
3255 1484 3341 1538 via
3374 1484 3488 1548 Dei,
3523 1486 3576 1540 id
3602 1495 3689 1540 est
3715 1486 3773 1540 in

2191 1576 2480 1631 dilectione
2510 1575 2605 1631 Dei
2634 1584 2688 1631 ct
2712 1561 2967 1646 proximi,
2998 1577 3048 1628 in
3082 1575 3385 1632 humilitate
3408 1576 3639 1649 aliisque
3663 1579 3780 1634 vir-

2195 1667 2416 1732 tutibus,
2443 1666 2682 1720 anitnum
2711 1681 2888 1721 meum
2913 1667 2982 1720 ab
3005 1667 3085 1721 eis
3116 1668 3309 1722 averti.

2264 1759 2330 1813 Et
2352 1768 2412 1813 ut
2440 1762 2540 1817 hoc
2568 1759 2765 1813 melius
2790 1759 3043 1814 credatur
3070 1761 3214 1829 quod
3245 1759 3312 1815 de
3341 1761 3643 1829 prudentia:
3672 1774 3778 1817 s:c-

2194 1844 2392 1904 cularis
2422 1849 2755 1903 amatoribus
2779 1849 2893 1918 jam
2928 1844 3063 1914 dixi,
3105 1848 3409 1919 exemplum
3441 1850 3678 1905 referam
3708 1853 3779 1908 de

2193 1941 2426 2011 qupdam
2456 1941 2675 1995 homine
2704 1956 2813 2010 pra:
2848 1940 3033 1994 multis
3070 1940 3412 2011 prudentiam
3454 1943 3779 1998 stimularent

2195 2042 2482 2102 sequente,
2506 2034 2745 2104 mihique
2772 2033 3078 2089 notissimo.
3096 2032 3249 2088 Hune
3272 2050 3506 2105 namque
3531 2035 3662 2090 licet
3679 2051 3782 2105 per

2195 2129 2391 2182 multos
2424 2143 2596 2194 annos
2637 2127 2914 2181 docuerim
2946 2127 3083 2181 bene
3126 2127 3390 2192 scribere,
3438 2141 3586 2182 recte
3610 2130 3775 2197 juxta

2196 2221 2604 2291 grammaticam
2632 2220 2829 2292 legere,
2854 2220 2958 2274 rite
2975 2217 3127 2287 juxta
3155 2218 3323 2273 Boctii
3348 2221 3782 2276 monocbordum

2196 2313 2446 2384 psallere,
2472 2313 2877 2381 smpissimeque
2896 2325 3020 2364 eum
3050 2311 3351 2365 monuerim
3374 2325 3685 2380 praecavere
3713 2308 3797 2365 ne'

2198 2418 2228 2457 ε
2257 2405 2540 2473 prudentia
2577 2401 2825 2457 saeéulari
2857 2402 3216 2471 deciperetur,
3261 2401 3388 2456 licet
3430 2401 3597 2456 etiam
3630 2410 3787 2458 tanta

2197 2495 2298 2550 sibi
2333 2493 2597 2549 beneﬁcia
2638 2493 3001 2556 cxhibuerim,
3035 2502 3095 2546 ut
3124 2501 3397 2560 nequeant
3439 2491 3598 2549 facile
3620 2507 3787 2546 enar-

2199 2590 2335 2653 rari;
2368 2587 2546 2643 inveni
2579 2597 2759 2640 tamen
2806 2586 2859 2639 in
2897 2599 2963 2639 eo
2993 2584 3259 2654 quoddam
3291 2596 3460 2654 genus
3503 2585 3790 2655 sapientia:

2198 2680 2341 2750 quod
2379 2689 2435 2755 e_t
2478 2678 2622 2732 dictu
2670 2686 2725 2731 et
2771 2676 2959 2731 auditu
3009 2683 3226 2730 constat
3276 2674 3606 2729 miserabile.
3658 2675 3797 2729 Ideo‘

2199 2779 2379 2823 autem
2422 2769 2524 2822 hoc
2554 2781 2723 2837 genus
2762 2765 3043 2835 sapientiae
3071 2765 3306 2835 appello,
3355 2765 3479 2833 quia
3508 2764 3643 2832 'ipse
3686 2779 3791 2832 pro

2200 2860 2464 2931 sapientia
2493 2859 2622 2914 fecit
2653 2869 2708 2913 et
2753 2859 2929 2913 adhuc
2967 2856 3133 2922 facit,
3176 2866 3234 2911 ut
3261 2857 3468 2912 scilicet
3499 2858 3632 2910 mihi
3672 2873 3794 2910 ma-

2201 2953 2313 3009 lum
2344 2968 2444 3025 pro
2469 2954 2610 3008 bono
2638 2952 2848 3008 reddat.

2272 3043 2569 3113 Postquam
2616 3043 2781 3113 igitur
2828 3041 2979 3096 illum
3028 3041 3292 3104 instruxi,
3345 3039 3487 3095 sicut
3534 3039 3799 3108 superius

509 3134 624 3189 rint
658 3134 726 3188 ab
771 3134 1082 3188 hominibus
1109 3143 1286 3205 gesta,
1336 3146 1497 3190 nemo
1542 3136 1841 3205 peritorum
1881 3136 2101 3204 culpare
2129 3170 2174 3231 ρ
2205 3138 2341 3204 dixi,
2391 3140 2516 3192 tunc
2546 3124 2681 3207 ipse,
2732 3137 2888 3204 juxta
2943 3120 3106 3189 ritum
3155 3134 3460 3203 prudentiae
3506 3133 3798 3188 smcularis

511 3230 647 3284 solet
668 3229 779 3284 illa.
823 3228 979 3284 Unde
1018 3237 1071 3283 et
1113 3231 1294 3284 divina
1328 3229 1537 3301 ﬂagella
1587 3239 1735 3285 tanto
1767 3231 1946 3286 minus
1973 3240 2101 3286 sunt

511 3321 797 3391 culpanda,
823 3328 1026 3390 quanto
1056 3320 1230 3392 magis
1263 3323 1403 3376 Deus
1432 3330 1518 3376 cst
1549 3322 1756 3388 bonus;
1800 3322 1929 3391 quia
1961 3323 2104 3378 sicut

511 3413 774 3484 scriptum
797 3423 880 3468 cst
908 3431 923 3467 :
958 3413 1128 3469 Nemo
1158 3414 1343 3478 bonus,
1378 3415 1481 3468 nisi
1519 3413 1664 3469 solus
1699 3413 1855 3468 Deus.

595 3505 738 3559 Sunt
766 3515 819 3560 et
849 3505 953 3559 tria
995 3513 1261 3574 tempora,
1293 3505 1343 3558 id
1373 3513 1456 3560 est
1482 3506 1837 3576 prasteritum,
1866 3520 2104 3575 praesens

514 3607 567 3651 et
600 3597 841 3651 futurum
872 3612 886 3650 :
914 3595 967 3650 in
992 3598 1189 3666 quibus
1211 3612 1372 3651 omne
1399 3598 1543 3667 quod
1571 3597 1693 3663 l'uit,
1723 3605 1778 3651 et
1802 3606 1907 3662 est,
1932 3597 2103 3666 quod-

512 3704 619 3758 que
644 3688 736 3744 lict
760 3729 775 3754 ,
810 3688 1073 3742 retinetur
1095 3690 1251 3758 quasi
1277 3687 1589 3743 collectum.

587 3779 788 3835 Tribus
829 3792 1046 3848 quoque
1093 3779 1268 3832 modis
1312 3778 1454 3833 Deus
1499 3781 1565 3832 ad
1614 3794 1713 3834 nos
1764 3778 2005 3849 loquitur
2051 3779 2103 3833 in

519 3868 802 3936 Scriptura
851 3882 1032 3932 sacra,
1065 3868 1470 3937 pronuntiando
1511 3868 1782 3936 videlicet,
1824 3880 1881 3924 et
1919 3871 2106 3926 admo-

515 3959 723 4024 uendo,
755 3966 919 4029 atque
941 3957 1385 4028 increpandoni
1409 3958 1553 4013 enim
1580 3961 1959 4029 pronuntiatur
1983 3975 2101 4014 om-

517 4049 699 4116 nibus,
729 4058 849 4120 qua:
882 4051 1020 4104 bona
1054 4049 1136 4102 vel
1167 4049 1311 4103 mala
1342 4051 1471 4115 sint,
1505 4061 1560 4106 et
1593 4067 1712 4120 qua:
1732 4052 1904 4122 gloria
1939 4053 2107 4106 bono-

523 4156 644 4195 rum
669 4141 748 4195 vel
773 4156 931 4211 poena
958 4141 1221 4196 malorum
1248 4141 1487 4210 reposita
1509 4141 1579 4196 sit
1602 4142 1655 4195 in
1681 4140 1862 4197 futuro
1883 4141 2100 4197 seculo.

516 4230 587 4287 Ut
616 4233 666 4286 in
690 4232 984 4304 Erangelio
1010 4252 1024 4287 :
1060 4232 1165 4298 Qui
1194 4233 1501 4300 crediderit,
1530 4243 1577 4287 et
1605 4220 1900 4303 baptizatus
1923 4235 2103 4305 fuerit,

516 4324 689 4378 salvus
711 4326 845 4390 erit;
870 4324 960 4395 qui
980 4337 1153 4379 autent
1186 4341 1290 4392 non
1317 4324 1620 4390 crediderit,
1644 4327 2101 4380 condcmnubitur.

517 4416 586 4470 Et
635 4416 687 4470 in
731 4417 979 4484 psalmo:
1031 4415 1271 4471 Custodit
1311 4416 1565 4472 Dominus
1612 4434 1787 4472 omnes
1833 4419 2104 4501 diligentes

2203 3227 2397 3293 elatus,
2427 3232 2535 3281 nbn
2568 3225 2740 3279 solum
2776 3241 2838 3280 ea
2882 3240 3002 3294 qua:
3046 3240 3146 3295 ego
3179 3224 3253 3277 illi
3284 3225 3350 3278 de
3377 3224 3657 3278 communi
3700 3239 3797 3277 rc-

2203 3319 2328 3391 gula
2355 3316 2708 3374 monochordi
2739 3315 3011 3379 dixeram,
3042 3318 3134 3369 sed
3165 3316 3329 3369 etiam
3363 3316 3463 3370 hoc
3494 3316 3637 3384 quod
3668 3316 3793 3384 qni-

2204 3414 2327 3469 dam
2386 3414 2577 3467 Patres
2630 3409 2919 3467 scribendo
2972 3406 3256 3477 proferunt
3310 3407 3674 3476 contempsit,
3736 3416 3797 3460 et

2205 3514 2453 3575 potenter
2487 3504 2541 3557 in
2587 3499 2920 3555 carminibus
2961 3498 3221 3566 antiquis,
3261 3497 3420 3551 aliter
3441 3512 3605 3566 quam
3654 3496 3799 3552 mihi

2204 3603 2414 3649 rectum
2442 3592 2717 3648 videretur
2759 3590 3087 3646 emendavit.
3119 3587 3270 3643 Tunc
3305 3604 3406 3658 ego
3440 3598 3637 3659 putans
3663 3603 3795 3643 eum

2203 3683 2407 3753 aliquid
2454 3681 2731 3737 reminisci
2794 3690 3052 3750 quantam
3130 3679 3518 3749 benignitatem
3568 3678 3797 3733 sibimet

2204 3779 2449 3844 exhibui,
2491 3777 2689 3845 saepius
2738 3775 2884 3829 illum
2924 3773 3177 3828 admonui
3228 3757 3337 3825 tam
3377 3772 3595 3841 scriptis
3624 3787 3793 3841 quam

2206 3872 2369 3926 dictis
2397 3881 2457 3926 ut
2491 3878 2780 3925 attendere
2833 3869 3154 3939 dignaretur
3180 3866 3305 3936 quia
3336 3882 3440 3919 non
3472 3866 3797 3921 conveniret

2207 3972 2315 4017 tam
2346 3962 2561 4017 insolita
2591 3971 2649 4016 et
2676 3960 2924 4031 imperita
2947 3957 3272 4012 emendatio.
3303 3955 3375 4011 At
3401 3955 3512 4020 ille,
3545 3956 3798 4011 admoni-

2209 4051 2371 4107 tionis
2400 4067 2535 4106 mete
2579 4052 2741 4105 verba
2773 4064 2872 4119 pro
2910 4047 3077 4101 nihilo
3114 4042 3398 4114 deputans,
3441 4045 3492 4097 in
3517 4048 3796 4101 sententia

2208 4159 2302 4198 sua
2336 4134 2656 4214 permansit.
2690 4140 2934 4211 Cumque
2973 4153 3135 4209 sttper
3165 4126 3267 4193 hac
3298 4153 3359 4193 re
3396 4123 3684 4208 quererer,
3716 4139 3795 4193 si-

2207 4234 2367 4303 bique
2399 4233 2620 4304 querela
2664 4247 2782 4286 mea
2842 4245 2871 4284 a
2915 4229 3235 4297 quibusdam
3292 4227 3406 4282 suis
3448 4238 3615 4298 atque
3657 4228 3800 4284 meis

2208 4325 2396 4379 amicis
2440 4324 2759 4392 denuntiata
2822 4320 3034 4384 fuisset,
3085 4318 3410 4388 loquebatur
3462 4318 3537 4372 ita
3587 4319 3656 4375 de
3708 4334 3801 4375 me

2208 4418 2361 4489 quasi
2401 4417 2637 4472 nesciret
2662 4414 2784 4484 quis
2805 4427 3001 4476 essem,
3042 4410 3123 4465 vel
3150 4410 3278 4479 quid
3314 4408 3526 4465 vellem.
3557 4408 3798 4464 Tantam

518 4523 599 4574 se,
623 4518 675 4560 et
709 4522 886 4560 omnes
914 4515 1211 4574 peceatores
1256 4509 1539 4579 disperdat.
1584 4508 1662 4565 lbi
1709 4510 1876 4564 etiam
1915 4525 2105 4566 omnes
2130 4520 2186 4581 Ῑ)
2213 4510 2375 4579 igitur
2403 4508 2780 4578 negligentiam
2808 4519 2837 4556 a
2861 4501 3283 4571 prudentissimo
3312 4501 3487 4556 amico
3515 4516 3637 4554 mw
3661 4502 3799 4554 mihi

519 4598 880 4651 admonentur
915 4605 972 4650 ut
1013 4596 1223 4668 fugiant
1258 4614 1288 4651 a
1328 4600 1491 4664 malo,
1533 4600 1845 4670 faciantque
1878 4602 2099 4657 bonmn.

519 4688 592 4743 Ut
636 4689 689 4743 in
721 4689 1048 4758 Evangelio:
1105 4689 1322 4760 l’igilale
1363 4692 1507 4745 omni
1549 4704 1800 4763 tempore,
1853 4703 1907 4747 ut
1953 4692 2101 4762 digni

518 4778 813 4831 Imbemnini
839 4778 1017 4848 fugere
1051 4795 1168 4849 qua:
1196 4790 1410 4834 ventura
1440 4788 1581 4834 sunt.
1613 4781 1680 4835 Et
1706 4782 1756 4836 in
1786 4783 2050 4852 propheta
2084 4799 2097 4835 :

522 4858 755 4934 Qnterite
792 4868 1100 4935 Demittunt,
1127 4872 1251 4924 dum
1294 4872 1513 4925 inveniri
1540 4880 1726 4941 potest,
1756 4881 1860 4927 etc.
1896 4874 2099 4928 Eodem

523 4960 682 5015 modo
708 4961 1062 5030 increpantur
1091 4962 1161 5015 ibi
1185 4977 1375 5018 omnes
1400 4970 1713 5032 peccatores
1740 4981 1839 5019 cur
1869 4966 1919 5019 in
1950 4981 2099 5023 man-

523 5037 900 5107 datis'D‘omini
925 5053 1035 5108 sint
1066 5053 1228 5107 nimis
1257 5055 1610 5125 negligentes.
1641 5055 1807 5124 Cujus
1839 5057 2098 5112 nimirum

1136 5144 1479 5166 ..ψμεμημν-μ,Δ
1512 5147 1577 5166 2.-
1616 5164 1623 5165 κ
1666 5143 1730 5166 IV.
1776 5164 1781 5165 γ
1840 5149 1888 5166 ιο
1938 5147 2020 5166 19:,-
2064 5147 2069 5165 ς

526 5153 844 5166 δερ-Ἀωκιᾷιιμ
873 5153 912 5166 Ζ-
946 5153 1100 5166 --ν...1..-

2209 4602 2407 4658 factam
2425 4602 2545 4656 ideo
2567 4602 2653 4655 hic
2676 4595 2927 4669 patefeci,
2957 4603 3036 4661 ut,
3056 4593 3213 4662 juxta
3242 4593 3344 4646 hoc
3364 4593 3506 4662 quod
3533 4593 3801 4646 Dominus

2210 4698 2263 4751 in
2297 4694 2587 4766 Evangelia
2627 4693 2903 4756 admonet,
2949 4689 3174 4743 dicens:
3218 4687 3275 4741 Si
3315 4686 3601 4756 peccaverit
3648 4686 3704 4739 in
3751 4700 3801 4740 ta

2208 4791 2374 4857 frater
2399 4797 2541 4852 tuus,
2570 4784 2698 4839 vade
2720 4792 2767 4836 et
2798 4781 3000 4850 corripe
3020 4795 3135 4832 eum
3160 4778 3297 4830 inter
3335 4776 3558 4844 teipsttnt
3587 4775 3760 4828 solum
3777 4791 3803 4841 ,'

2211 4895 2379 4949 usque
2405 4880 2451 4933 si
2485 4874 2775 4930 Ecclesium
2807 4889 2910 4927 non
2941 4870 3191 4935 audierit,
3221 4871 3290 4924 sit
3321 4870 3416 4923 tibi
3455 4869 3593 4921 sicut
3622 4869 3800 4922 etimi-

2209 4986 2300 5025 cus
2325 4980 2371 5024 et
2401 4968 2733 5040 publicanus,
2782 4980 2880 5035 ego
2907 4964 3071 5018 etiam
3095 4959 3354 5015 Ecclesia:
3381 4958 3619 5013 dicerem
3665 4960 3803 5028 quid

2209 5078 2337 5134 erga
2360 5077 2446 5117 me
2472 5061 2695 5115 fecisset
2720 5059 2889 5113 frater
2916 5067 3089 5121 meus,
3119 5054 3342 5125 ipsaque
3361 5051 3638 5121 iudicaret
3664 5051 3799 5122 quid

2212 5156 2223 5166 ι
2667 5153 2680 5166 ι
2811 5149 2832 5166 Β
2912 5158 2941 5166 ν.
3007 5145 3052 5166 \Y
3102 5162 3135 5166 η-
3178 5161 3271 5166 μ---
3300 5147 3311 5166 1
3374 5146 3415 5166 Ι,
3454 5154 3657 5166 ----Αι-
3700 5160 3722 5166 -
3753 5145 3765 5166 I
3806 5142 3811 5147 ’

2912 5158 2941 5166 ν.
3007 5145 3052 5166 λῗ
3102 5162 3135 5166 η-
3178 5161 3271 5166 μ.--
3300 5147 3311 5166 Ι
3374 5146 3415 5166 Ι,
3454 5154 3622 5166 ---καί
