3998 5450
200 406 284 462 l3?
1407 405 1740 464 EPISTOLA
1782 408 1874 464 AD
1912 405 2201 466 AMICUM.
3319 418 3428 479 {38

912 617 3083 646 m—w

729 787 1980 930 unumunum
2040 793 2872 940 omnem:

1303 980 1616 1062 nomen!
1656 1003 2254 1061 EMMERAMMENSIS

1447 1177 2140 1296 EPISTOLA

484 1409 652 1523 ’ΒΕ
728 1419 1382 1522 PERMISSIONIS
1438 1420 1913 1522 BONOBUM
1958 1421 2084 1522 ET
2139 1421 2630 1526 MALOBUM
2686 1424 3053 1529 CAUSIS.

423 1648 533 1708 Ex
558 1647 698 1710 cod.
735 1666 846 1710 ms.
878 1645 1105 1727 inclyti
1131 1645 1498 1709 monasterii
1529 1645 1594 1710 S.
1635 1645 2070 1712 Emmerammi
2095 1649 2424 1714 Ratisbon.
2458 1653 2524 1715 in
2556 1652 2752 1717 lucem
2782 1663 3114 1718 oratracta

1457 1744 1495 1786 a
1523 1727 1595 1790 P.
1627 1728 1958 1790 Bernardo
1982 1728 2198 1791 Pez’io.
2417 1761 2424 1766 -

1124 1892 1450 1967 (Theseum:
1478 1892 1735 1949 Anecdot.
1772 1848 2083 1962 nocturn].
2112 1911 2174 1963 ιι,
2211 1911 2265 1968 p.
2287 1896 2443 1968 251.)

578 2281 580 2284 ,
1632 2220 1927 2284 INCIPIT

531 2398 1126 2494 EPISTOLA
1192 2399 1744 2495 OTHLONI
1819 2399 1971 2490 AD
2041 2397 2509 2496 AMICUM
2585 2403 2969 2531 SUUM,

827 2616 958 2680 Cur
991 2618 1151 2679 Deus
1183 2617 1350 2680 bona
1381 2623 1436 2680 et
1456 2615 1620 2678 mala
1643 2615 1998 2680 hominibus
2037 2618 2312 2681 accidere
2339 2621 2686 2700 permittat.

1555 2805 2000 2828 _

227 2925 464 3000 Quoniam
496 2929 650 2991 aatati
682 2944 819 2988 meae
840 2929 1243 3004 adveSperascit
1269 2941 1322 2990 et
1353 2933 1610 2994 inclinata
1637 2944 1722 2990 est
1748 2942 1794 3001 Α
1827 2933 1997 3008 (Paul.
2054 2948 2225 3001 xxxn,
2253 2927 2308 3008 Β)
2360 2936 2730 2996 misericordia
2768 2937 2980 2996 Domini
3025 2940 3234 3012 plenam
3289 2959 3409 3000 esse

168 3033 260 3088 jam
281 3025 404 3090 dies,
433 3040 600 3095 quam
645 3025 698 3080 in
752 3023 1022 3080 scribendi
1058 3034 1223 3095 atque
1265 3024 1500 3080 dictandi
1532 3025 1723 3081 notitia
1827 3043 2122 3100 agnoscere
2148 3031 2449 3086 valeamus.
3424 3084 3428 3088 λ

172 3129 225 3168 ex
249 3116 328 3170 Dei
355 3119 528 3188 gratia
563 3117 841 3187 quondam
875 3117 1062 3180 habui,
1112 3132 1322 3186 nequeo
1368 3118 1500 3187 proh
1529 3117 1716 3172 dolor!
1895 3117 2045 3174 Bona
2093 3119 2257 3188 igitur
2317 3121 2567 3192 quaelibet
2621 3129 2899 3196 nequeunt
2960 3125 3121 3183 aliter
3168 3143 3198 3183 a
3249 3131 3405 3186 nobis

173 3205 273 3260 talia
305 3210 458 3264 modo
505 3207 765 3280 proferre
795 3207 982 3272 verba,
1021 3222 1141 3278 quae
1173 3207 1257 3262 vel
1292 3208 1595 3278 sapientiae,
1637 3208 1722 3264 vel
1829 3211 2062 3279 prorsus
2091 3213 2335 3282 agnosci,
2361 3209 2464 3268 nisi
2499 3227 2595 3283 per
2615 3218 2892 3272 contraria
2931 3227 2988 3274 et
3028 3222 3272 3291 opposita
3303 3223 3404 3278 sibi

171 3295 381 3366 dignitati
413 3308 622 3354 vestrae
660 3298 772 3354 sint
815 3313 1074 3370 congrua.
1117 3296 1496 3354 Verumtamen
1526 3313 1627 3369 pro
1656 3305 1722 3354 eo
1824 3298 1987 3354 mala.
2031 3299 2086 3355 Si
2134 3302 2278 3356 enim
2323 3303 2495 3369 dives,
2525 3305 2609 3360 vel
2648 3321 2812 3362 sanus
2849 3309 3095 3365 existens
3125 3327 3404 3383 nunquam

168 3389 282 3455 quod
321 3391 567 3445 charitas
613 3397 796 3444 vestra
855 3389 1134 3445 humiliter
1179 3389 1405 3460 appetiit
1439 3391 1722 3472 parvitatis
1822 3402 1876 3447 te
1912 3392 2092 3462 inopia
2145 3394 2230 3448 vel
2284 3395 2598 3452 inﬁrmitate
2648 3399 2824 3470 aliqua
2879 3403 3111 3472 opprimi
3135 3408 3396 3470 verearis,

169 3491 274 3532 mea
298 3477 520 3545 litteras,
577 3480 869 3549 aggredior
919 3480 1261 3551 aliquomodo
1305 3471 1474 3537 vobis.
1504 3496 1716 3551 parere,
1822 3483 2046 3539 minie
2097 3486 2354 3552 attendis,
2406 3498 2667 3558 quantum
2699 3471 3056 3549 bonumisint
3105 3497 3305 3552 divitia:
3350 3512 3405 3554 et

165 3571 373 3628 eamdem
398 3573 666 3629 videlicet
691 3572 1011 3629 charitatem
1044 3574 1267 3644 cupiens
1307 3575 1564 3629 exhibere
1590 3574 1719 3630 obe-
1821 3576 2046 3641 sanitas,
2080 3583 2181 3632 nec
2212 3578 2320 3633 Deo
2351 3579 2554 3649 gratias
2587 3596 2748 3651 agere
2772 3597 2871 3653 pro
2907 3583 3212 3654 huiusmodi
3247 3591 3403 3644 donis

167 3661 540 3735 diendo,'quam
577 3675 636 3720 et
663 3680 760 3720 vos
781 3665 1099 3720 exhibuistis
1128 3667 1377 3735 petendo.
1409 3665 1546 3733 Quid
1573 3667 1718 3720 enim
1820 3663 2027 3720 studes.
2072 3664 2130 3720 Si
2175 3681 2304 3722 vero
2358 3668 2444 3723 his
2493 3668 2864 3728 inﬁrmitatem
2918 3685 3402 3748 paupertatemque

165 3750 338 3808 dulcius
365 3754 445 3809 vel
479 3753 869 3810 delectabilius
900 3768 1020 3809 esse
1043 3753 1490 3821 vaietcharitate,
1523 3771 1642 3825 qum
1665 3755 1718 3810 in
1821 3755 2113 3810 multorum
2149 3771 2430 3828 opponens
2457 3761 2688 3831 gratiam
2732 3763 2893 3818 simul
2915 3774 2970 3820 et
2997 3765 3260 3834 judicium
3306 3771 3400 3827 Dei

166 3847 337 3896 tantum
365 3843 648 3909 laudatur,
679 3853 740 3898 ut
765 3844 882 3915 ipse
904 3843 1047 3900 Deus
1067 3845 1304 3901 Charitas
1331 3861 1452 3900 esse
1475 3844 1720 3900 dicatur?
1820 3849 2141 3914 attenderis,
2186 3853 2324 3906 dona
2365 3853 2608 3922 profecto
2648 3855 2794 3912 illius
2842 3873 3140 3930 agnoscere
3175 3867 3398 3933 poteris.

166 3929 1317 4008 (Noun.1v,i6.)Undeprecorplaceatvobis
1337 3953 1444 4003 me,
1459 3947 1718 4008 quantum
1820 3939 1967 3996 Dona
1995 3943 2193 4013 quippe
2222 3943 2316 3999 Dei
2363 3959 2459 4016 per
2482 3947 2586 4002 hoc
2631 3951 2866 4007 maxime
2889 3929 3033 4008 dona
3067 3929 3189 4009 esse
3228 3971 3399 4027 agno-

166 4025 431 4091 possim,de
449 4027 729 4084 cbaritate
754 4029 943 4083 eadem
963 4028 1234 4098 hicloqui,
1252 4029 1469 4100 etjuxta
1488 4027 1716 4082 Psalmi-
1821 4043 2048 4087 scuntur
2078 4034 2221 4104 quod
2239 4105 2242 4108 ξ
2262 4036 2534 4092 interdum
2567 4039 2909 4108 auferuntur,
2943 4025 3397 4118 quodqueioppo-

166 4121 315 4171 stam:
352 4119 698 4190 Magniﬁcate
726 4119 1012 4175 Dominum
1051 4137 1276 4186 mecum,
1325 4130 1374 4174 et
1425 4119 1716 4174 exaltemus
1821 4125 2046 4179 sitorum
2097 4129 2358 4197 qualitate
2403 4131 2830 4203 distinguuntur.
2877 4135 3028 4192 Unde
3073 4140 3210 4194 satis
3250 4151 3400 4211 patet

166 4216 315 4300 nomen
333 4209 443 4276 eius
465 4212 523 4264 in
556 4211 787 4282 idipsum
811 4208 984 4281 (Psal.
1012 4229 1078 4267 xx
1091 4226 1208 4277 xm,
1233 4212 1310 4283 4).
1339 4211 1530 4266 Merito
1555 4213 1719 4282 igitur
1749 4297 1777 4300 _
1823 4223 1930 4270 tam
1948 4219 2172 4274 adversa
2194 4235 2313 4290 quae
2339 4221 2593 4293 dicuntur
2618 4224 2782 4290 mala,
2809 4242 2970 4295 quam
2993 4208 3398 4300 prospera—qum

165 4302 188 4339 ε
210 4294 346 4391 pubis
367 4306 447 4352 est
472 4301 703 4354 omnino
733 4301 1164 4371 magniﬁcandus
1196 4303 1287 4373 qui
1319 4318 1418 4358 nos
1442 4311 1499 4358 et
1528 4302 1593 4356 ad
1635 4303 1711 4358 si-
1747 4297 1791 4355 Β
1819 4306 1921 4360 dici
1963 4309 2134 4364 solent
2173 4310 2541 4382 bona,'pietati
2583 4323 2641 4370 ct
2687 4294 2942 4371 charitati
2984 4294 3178 4375 divin'm
3227 4294 3398 4391 depu-

167 4381 488 4482 ptilitudinem
526 4405 685 4445 suam
715 4391 950 4457 creavit,
979 4402 1031 4447 et
1057 4396 1268 4449 cunctis
1294 4393 1457 4448 rebus
1483 4393 1712 4448 visibili-
1822 4401 2005 4464 tanda,
2041 4411 2095 4456 et
2130 4417 2227 4472 pro
2273 4381 2719 4476 bisidiligendum
2745 4423 2865 4464 esse
2896 4409 3085 4479 Deum,
3119 4413 3210 4482 qui
3255 4381 3400 4470 sicut

153 4469 244 4574 llius
265 4482 570 4550 pmposuit.
589 4480 704 4537 Non
732 4484 913 4538 minus
942 4486 1105 4540 etiam
1136 4493 1353 4541 constat
1372 4485 1708 4557 diligendus;
1816 4505 1913 4559 per
1937 4469 2194 4561 prospera
2219 4469 2514 4562 consolari,
2532 4497 2604 4551 ita
2633 4513 2728 4568 per
2754 4499 2979 4555 adversa
3001 4469 3276 4576 corrigere
3299 4521 3397 4560 nos

165 4563 266 4628 quia
296 4579 574 4640 postquam
607 4571 662 4626 in
694 4573 930 4628 hominis
959 4574 1120 4643 primi
1151 4585 1306 4629 reatu
1339 4577 1708 4645 peccavimus,
1815 4581 1973 4635 solet.
2004 4580 2155 4636 Sicut
2178 4593 2234 4638 et
2265 4584 2480 4639 beatum
2509 4563 2733 4644 Paulum
2763 4593 3091 4660 apostolum,
3121 4563 3190 4650 ne
3231 4611 3289 4651 se
3337 4597 3393 4652 in

168 4666 251 4706 non
289 4661 590 4757 secundum
633 4664 932 4732 potentiam
964 4680 1115 4720 suam
1165 4666 1470 4736 meritaque
1521 4676 1708 4724 nostra
1813 4668 3393 4757 virtutibusplurimisquashabuitextolleret,colaphizari

159 4758 244 4800 ~nos
279 4749 592 4842 damnavit:
616 4756 711 4810 sed
744 4756 1040 4811 secundum
1081 4761 1313 4829 gratiam
1345 4775 1499 4814 suam
1552 4759 1710 4816 nobis
1811 4765 2061 4832 permisit
2083 4763 2170 4835 (II
2203 4765 2326 4820 Cor.
2353 4783 2455 4834 xu,
2477 4769 2554 4841 7).
2589 4770 2832 4842 Denique
2863 4776 3034 4833 multo
3062 4749 3384 4834 clementius

167 4837 293 4935 quasi
316 4850 464 4908 pater
507 4843 634 4900 ﬁliis
667 4846 965 4901 condolens
996 4858 1324 4904 coaeternum
1354 4849 1456 4904 sibi
1510 4849 1708 4922 Uuige-
1813 4851 2072 4912 fuitillum
2086 4837 3389 4941 peradversaoppressum—salvari,quaminpros-

168 4926 427 5035 nitumnpro
441 4938 798 5035 reparatione
825 4949 1011 4994 nostra
1035 4943 1200 5008 misit,
1233 4951 1292 4997 ut
1320 4941 1438 5012 ejus
1459 4943 1706 4999 doctrina
1811 4947 1957 5016 peris
2004 4926 2328 5019 permissum
2347 4993 2361 5018 ,
2385 4926 2531 5009 et
2561 4955 2664 5013 hoc
2691 4957 2745 5012 in
2778 4926 3086 5031 superbiam
3113 4926 3390 5035 delapsum

169 5017 409 5124 salutifera
441 5026 693 5084 instructi
745 5039 801 5085 et
855 5032 1226 5117 pmnitentiam
1283 5044 1568 5105 ageremus
1609 5053 1707 5108 pro
1809 5048 1910 5106 pro
1924 5017 2153 5094 crimine
2181 5047 2333 5099 tanto
2359 5043 2628 5102 damnari.
2653 5045 2790 5104 Hinc
2809 5017 2940 5121 ergo
2964 5017 3388 5124 daturrintell'gi,

168 5115 432 5210 commissis
443 5126 544 5210 v_et
607 5118 998 5178 beatitudinem
1033 5113 1526 5197 consequeremur
1581 5129 1706 5183 vitm
1809 5130 1933 5198 quia
1950 5131 2392 5204 adversitasqna,
2418 5143 2602 5193 tantus
2625 5139 2707 5192 vir
2731 5113 2902 5210 eguit:
2922 5141 3232 5203 hominibus
3253 5113 3388 5198 cun;

167 5203 400 5260 Petelinis.
443 5205 544 5261 Biis
592 5209 776 5270 itaque
827 5225 925 5270 pro
971 5229 1036 5268 eo
1065 5219 1206 5270 auod
1246 5225 1376 5270 sunt
1421 5220 1702 5270 notissima

1810 5218 1914 5270 clis
1939 5230 2024 5270 est
2072 5224 2400 5270 necessaria-
2443 5223 2595 5270 ﬂtlnd
2650 5203 2901 5270 nimii-um
2951 5234 3024 5270 in.
3080 5249 3200 5270 “eo
3247 5231 3389 5270 βαι-
