3998 5450
565 305 665 359 139

1587 304 1887 361 OTIILONI
1928 300 2232 360 MONACHI
2271 302 2330 359 ε.
2372 302 2805 360 EMMERAMMIL

3717 308 3817 363 H0

630 416 727 473 Est
755 425 806 472 et
838 417 1005 472 altera
1027 416 1309 472 cbaritatis
1329 415 1523 471 divina:
1547 431 1708 471 causa
1742 418 1797 482 in,
1817 416 2126 472 diversitate
2156 417 2203 475 Α
2231 410 2316 467 nis
2346 412 2505 484 primi
2534 413 3039 483 praevaricationem
3070 413 3123 469 ln
3165 430 3262 470 nos
3304 416 3505 471 factum
3532 416 3813 485 innuunt;

563 505 825 559 bonarum
853 505 1223 573 malarumque
1252 517 1434 558 rerum
1465 505 1628 560 nimis
1653 505 1949 575 pensanda.
2000 504 2137 570 Quia

561 595 705 649 enim
730 592 940 648 homini
974 595 1203 648 liberum
1234 592 1519 647 arbitrium
1549 595 1724 665 gratia
1773 594 1952 650 divina
2002 609 2136 648 con-

562 685 711 749 tulit,
768 693 825 738 ut
880 681 1250 755 unusquisque
1286 685 1609 754 probaretur
1654 696 1835 741 utrum
1870 686 2036 741 bonis
2066 698 2135 741 an

561 777 720 831 malis
754 778 915 831 rebus
943 776 1421 847 semetimpiicare
1444 776 1626 841 vellet,
1656 790 1880 833 necesse
1929 787 2050 833 erat
2075 786 2139 832 ut

560 877 617 922 et
662 869 803 923 bona
846 877 901 923 et
931 870 1070 923 mala
1100 883 1284 924 coram
1340 884 1405 924 eo
1440 878 1792 938 ponerentur,
1833 868 1887 923 in
1937 869 2136 941 quibus

559 957 878 1029 sibimetipsi
916 968 1076 1014 notus
1108 958 1259 1014 lieret
1289 959 1831 1029 experimentumqtte
1856 957 2139 1029 qualitatis

559 1062 672 1103 sum
714 1057 955 1119 caperet,
1013 1059 1068 1104 et
1120 1057 1181 1103 ιιι
1233 1048 1626 1118 querimoniam
1686 1048 1886 1104 uellam
1944 1057 2131 1103 contra

559 1136 728 1192 Deum
772 1138 973 1193 habere
1010 1147 1195 1210 posset
1227 1141 1279 1195 in
1334 1141 1439 1195 ltoc
1462 1140 1604 1209 quod
1634 1140 1771 1195 bene
1807 1140 2003 1211 agendi
2049 1139 2131 1194 fa-

559 1227 735 1283 cultas
762 1228 862 1283 sibi
899 1230 1023 1284 data
1049 1245 1156 1285 non
1190 1229 1401 1285 fuisset.
1451 1228 1623 1285 Tanta
1654 1245 1784 1300 ergo
1808 1230 2053 1287 cbaritas
2080 1238 2137 1285 et

561 1318 824 1387 sapientia
840 1317 934 1372 Dei
969 1328 1184 1390 semper
1218 1328 1303 1374 est
1340 1320 1684 1386 attendenda,
1718 1334 1934 1391 semper
1968 1332 2134 1376 vene-

558 1409 726 1464 randa
755 1418 812 1464 et
853 1408 1142 1481 diligenda,
1191 1411 1607 1481 mirandumqne
1636 1427 1849 1481 semper
1889 1412 2031 1481 quod
2076 1410 2131 1466 in

557 1500 704 1554 omni
734 1510 985 1555 creatura
1016 1499 1088 1554 nil
1117 1500 1319 1555 existat
1346 1501 1462 1556 sine
1493 1516 1676 1555 causa.
1716 1501 1823 1555 Aut
1845 1506 1988 1556 enim
2013 1501 2134 1555 ideo

556 1591 843 1646 diversitas
862 1601 945 1647 est
972 1592 1024 1645 in
1050 1592 1335 1658 creaturis,
1359 1601 1435 1657 ut,
1454 1592 1717 1662 sicutjatn
1743 1592 1876 1659 dixi,
1903 1592 2132 1648 invicem

555 1681 817 1752 oppositis
854 1680 1046 1737 melius
1092 1690 1447 1754 agnoscentes
1485 1682 1646 1749 bona,
1676 1683 1890 1752 probis
1929 1682 2134 1752 gratias

2238 517 2403 557 canes
2429 518 2558 558 vero
2594 513 2651 559 et
2691 516 2843 568 oves,
2873 513 3176 573 creteraque
3219 504 3472 560 animalia
3503 505 3817 565 hominibus

2240 589 2306 644 ad
2334 591 2635 648 subsidium
2667 608 2948 659 concessa,
2987 595 3357 664 virtutumque
3405 597 3648 652 omnium
3680 613 3820 668 quas

2239 681 2537 749 accipimus
2571 683 2745 750 dona,
2794 682 3118 739 inen‘abilem
3149 683 3359 740 ’divinre
3414 686 3655 755 pietatis,
3720 703 3821 743 nos

2228 767 2432 842 jugiter
2472 766 2814 842 procurantis
2844 774 3304 843 dispensationem
3332 770 3655 832 'ostendunt.
3701 777 3820 834 Sic-

2236 877 2343 934 que
2368 864 2430 918 ﬁt
2461 873 2520 918 ut
2546 865 2682 921 nihil
2707 865 2803 919 ﬁat
2833 866 2884 919 in
2915 876 3058 920 terra
3085 866 3230 935 quod
3257 882 3362 923 non
3389 868 3604 923 eveniat
3631 880 3729 924 aut
3751 884 3821 924 ex

2235 954 2423 1024 prima!
2464 954 2932 1024 praevaricationis
2994 970 3151 1025 pinna
3206 965 3299 1012 aut
3342 956 3537 1013 divina:
3597 958 3820 1028 pietatis

2235 1060 2422 1102 causa.
2449 1044 2689 1117 Quorum
2712 1047 2928 1116 quidem
2957 1061 3121 1101 unum
3146 1047 3311 1102 Deum
3343 1047 3559 1114 timere;
3588 1049 3820 1103 alterum

2232 1153 2364 1196 vero
2403 1155 2527 1195 eum
2558 1155 2740 1196 amare
2768 1155 2866 1193 nos
2906 1139 3082 1194 docet.
3126 1139 3225 1205 Qui
3266 1139 3394 1194 velit
3420 1151 3553 1211 ergo
3589 1137 3762 1193 evade
3790 1152 3824 1195 ο

2233 1243 2450 1300 paruam
2470 1238 2750 1295 aeternam,
2766 1229 2937 1300 fugiat
2955 1243 3098 1283 nunc
3121 1228 3188 1283 ad
3209 1229 3302 1284 Dei
3325 1230 3578 1299 gratiam,
3602 1229 3822 1285 discens

2235 1319 2289 1375 in
2312 1320 2501 1389 primis
2517 1335 2640 1376 eum
2658 1321 2872 1387 timere,
2898 1321 3090 1377 deinde
3116 1336 3247 1378 vero
3268 1335 3469 1377 amare.

2258 1402 2259 1407 “
2306 1410 2431 1467 Haec
2456 1412 2620 1484 igitur
2647 1414 2829 1469 omnia
2862 1413 3145 1470 Psalmista
3174 1415 3520 1471 considerans
3546 1430 3675 1470 cum
3722 1414 3819 1469 ad-

2234 1502 2528 1585 miratione
2568 1504 2745 1559 dixit:
2776 1505 2945 1571 Quam
2991 1498 3327 1576 inagniﬁcata
3361 1517 3482 1560 sunt
3511 1523 3671 1576 opera
3704 1516 3819 1569 tua,

2235 1592 2457 1677 Domine
2477 1593 2500 1646 .'
2527 1596 2705 1648 omnia
2735 1595 2791 1648 in
2832 1595 3090 1665 sapientia
3125 1594 3294 1664 fecisti
3320 1593 3493 1665 (Psal.
3529 1611 3659 1661 cm,
3698 1597 3819 1665 24).

2234 1681 2372 1738 Hinc
2399 1683 2596 1739 iterum
2627 1684 2766 1739 alias
2796 1684 2966 1739 dicit:
3011 1684 3284 1739 Mirubilia
3328 1702 3487 1755 opera
3537 1696 3652 1748 tua,
3711 1686 3822 1739 Do-

553 1774 667 1828 Dco
696 1788 1000 1843 ageremus,
1035 1776 1302 1844 nobisque
1340 1775 1405 1829 ab
1443 1789 1508 1829 eo
1544 1775 1669 1830 data
1716 1775 1935 1845 penitus
1962 1789 2130 1844 agno-
2157 1776 2208 1839 Β
2234 1774 2642 1839 mine,etanima
2661 1775 3043 1845 meacognoscit
3063 1774 3820 1845 nimis(Psal.cxxxvtn,H).

554 1878 856 1929 sceremus;
897 1872 991 1919 aut
1034 1863 1158 1919 ideo
1200 1872 1260 1917 ut
1297 1862 1349 1918 in
1398 1862 1624 1920 arbitrio
1654 1864 1817 1935 positi
1855 1864 1994 1919 bene
2039 1862 2127 1917 vel

553 1955 693 2010 male
723 1955 912 2026 agendi
943 1955 1152 2025 copiam
1184 1948 1507 2010 haberemus

627 2050 723 2104 Est
753 2049 917 2105 etiam
950 2049 1128 2103 adhuc
1164 2049 1337 2105 latens
1374 2049 1569 2104 divina:
1605 2048 1885 2118 sapientiae
1927 2054 1981 2101 et
2009 2046 2138 2100 cha-

554 2140 732 2194 ritatis
760 2154 921 2193 causa
941 2138 1146 2209 jugiter
1170 2139 1221 2193 in
1270 2138 1559 2204 creaturis,
1592 2139 1862 2208 rebusque
1909 2136 2136 2193 diversis

552 2227 850 2300 pensanda,
884 2242 1004 2299 qua!
1051 2228 1179 2283 licet
1227 2227 1572 2299 aliquatenus
1598 2227 1668 2283 ad
1699 2227 2010 2297 supradicta
2051 2241 2137 2282 νε-

553 2322 770 2392 spiciat,
802 2320 1038 2392 speciale
1065 2330 1240 2376 tamen
1289 2320 1545 2393 quiddam
1576 2320 1630 2376 in
1676 2336 1733 2376 se
1762 2327 1957 2392 gestat.
2002 2318 2136 2374 Dico

556 2425 794 2481 namque
843 2411 1165 2481 sapientiam
1206 2419 1262 2465 ct
1301 2410 1620 2466 cbaritatem
1664 2410 1959 2463 maximam
1985 2422 2132 2472 esse,

556 2502 701 2572 quod
726 2501 866 2556 Deus
887 2512 939 2556 et
956 2500 1219 2571 judicium
1244 2501 1446 2571 justum
1468 2515 1576 2571 qun
1600 2498 1873 2555 hominem
1897 2498 2133 2569 probans

552 2594 800 2663 permisit
831 2594 1048 2659 cadere,
1078 2602 1133 2647 et
1155 2593 1406 2665 gratiam,
1437 2609 1543 2663 qua
1577 2593 1828 2663 dignatus
1862 2601 1947 2647 est
1979 2591 2129 2646 illum

549 2696 831 2752 reparare,
878 2683 1254 2752 utrumquein
1294 2682 1558 2737 creaturis
1601 2683 1871 2752 rebusque
1911 2681 2129 2735 sibimet

551 2772 815 2841 oppositis
862 2772 983 2827 ideo
1024 2772 1264 2847 quotidie
1293 2773 1422 2842 agit,
1465 2771 1811 2842 quotidieque
1835 2771 2041 2841 pandit,
2070 2779 2131 2825 ut

553 2862 735 2918 omnis
759 2862 952 2928 homo,
979 2876 1279 2932 agnoscens
1325 2861 1584 2932 judicium
1606 2864 1746 2931 quod
1776 2872 2036 2925 meretur,
2062 2858 2130 2914 ad

550 2952 786 3009 oblatam
811 2952 913 3009 sibi
949 2952 1180 3025 gratiam
1201 2950 1371 3024 fugiat
1392 2960 1447 3007 et
1473 2966 1500 3006 a
1525 2949 1975 3030 malisppcribtts
1998 2965 2131 3009 con-

551 3051 821 3099 vertatur.
854 3042 1020 3114 Cujus
1042 3045 1118 3100 rei
1140 3044 1490 3116 explanandze
1504 3046 1673 3116 gratia
1697 3045 1928 3101 dicimus
1949 3057 2130 3097 exem-

2242 1865 2370 1920 llaac
2393 1866 2556 1921 etiam
2589 1865 2860 1920 mirabilia
2892 1880 3061 1934 opera
3083 1875 3294 1936 oportet
3319 1883 3418 1924 nos
3452 1865 3655 1938 jugiter
3686 1882 3822 1923 con-

2236 1954 2501 2019 siderare,
2553 1954 2824 2025 simulque
2867 1954 2987 2009 aliis
3029 1957 3225 2025 quibus
3272 1971 3417 2026 .opus
3460 1941 3571 2022 est,
3613 1958 3822 2027 quique

2237 2045 2531 2116 dignantur
2581 2046 2790 2111 audire,
2836 2045 3096 2101 debemus
3148 2046 3421 2101 intimare.
3472 2046 3817 2101 Cbaritatem

2237 2136 2453 2205 quippe,
2486 2150 2646 2206 quam
2679 2135 2821 2190 Deus
2851 2135 3006 2190 nobis
3036 2136 3279 2190 exhibuit
3310 2137 3475 2191 corda
3524 2145 3719 2191 nostra
3752 2135 3820 2189 il-

2237 2224 2539 2289 lustrando,
2566 2224 2751 2278 mundi
2785 2232 3151 2292 contemptum
3184 2223 3520 2293 inspirando,
3547 2239 3647 2278 nos
3677 2240 3821 2292 quo-

2235 2333 2340 2389 que
2387 2318 2507 2373 aliis
2540 2318 2814 2389 exhibere
2860 2317 3139 2383 debemus,
3186 2318 3529 2373 admonendo
3557 2331 3673 2380 eos,
3726 2325 3810 2378 ut,

2233 2425 2355 2464 cum
2409 2418 2618 2479 tempus
2662 2408 2951 2464 miscrendi
2981 2408 3073 2471 sit,
3124 2406 3332 2478 fugiant
3367 2423 3395 2460 a
3445 2416 3672 2461 ventura
3733 2406 3817 2458 ira

2234 2511 2481 2569 quarrant
2506 2498 2814 2563 Dominum,
2868 2498 2993 2551 dnm
3032 2497 3262 2552 inveniri
3306 2504 3503 2566 potest,
3557 2496 3820 2550 invocent

2232 2589 2426 2654 Deum,
2452 2588 2574 2643 dum
2596 2603 2761 2659 prope
2783 2596 2866 2643 est
2892 2587 3032 2657 (Isa.
3064 2603 3152 2653 ιγ,
3176 2587 3253 2657 6).
3298 2585 3437 2642 Nam
3481 2586 3645 2640 modo
3686 2601 3816 2639 cum

2231 2678 2564 2750 promittitur
2586 2681 2741 2735 venia
2755 2665 3054 2743 conversis,
3080 2694 3246 2750 prope
3257 2688 3339 2734 est
3356 2678 3614 2733 Dominus
3636 2676 3819 2731 omni-

2230 2773 2330 2827 bus
2361 2772 2736 2829 invocantibus
2760 2789 2881 2829 eum
2918 2774 2972 2828 in
3001 2773 3230 2849 veritate
3259 2770 3434 2843 (Paul.
3465 2784 3643 2832 cxuv,
3697 2767 3815 2836 18).

2232 2861 2383 2916 Tunc
2412 2877 2540 2918 vero
2571 2878 2691 2918 cum
2725 2862 2891 2932 judex
2918 2861 3200 2918 districtus
3238 2860 3565 2929 apparuerit,
3595 2856 3760 2926 longe
3785 2870 3815 2907 a

2229 2954 2608 3025 peccatoribus
2650 2954 2853 3020 existit,
2896 2953 3021 3024 quia
3048 2950 3348 3023 peccatoris
3392 2948 3594 3004 nullius
3618 2959 3817 3019 preces

2237 3048 2478 3103 exaudit.

554 3136 665 3208 pla.
699 3135 890 3194 Omnis
914 3152 1152 3208 namque
1182 3148 1433 3194 creatura
1461 3153 1583 3208 qua:
1611 3138 1766 3193 nobis
1796 3139 2134 3202 adversatur,
2163 3129 2211 3193 C
2311 3138 2579 3195 iudicium
2608 3148 2813 3193 tantum
2841 3136 3050 3195 cunctis
3072 3144 3157 3191 est
3177 3150 3321 3191 nunc
3345 3132 3682 3204 fugiendum,

557 3235 620 3282 ut
643 3228 750 3295 leo,
779 3228 937 3299 lupus
960 3237 1016 3284 et
1061 3244 1267 3294 mures,
1298 3230 1586 3300 vilitasque
1614 3229 1792 3285 omnis
1815 3245 1919 3300 qua
1955 3240 2141 3283 carna-

557 3320 686 3376 liter
720 3322 1144 3390 circumdamur,
1181 3338 1282 3379 nec
1311 3339 1418 3378 non
1461 3323 1590 3377 vitia
1623 3339 1744 3394 quae
1777 3324 1932 3381 nobis
1974 3323 2139 3395 spiri-

558 3412 783 3468 tuallter
807 3410 1181 3482 dominantur,
1209 3412 1412 3484 justum
1440 3413 1531 3469 Dei
1555 3412 1821 3484 judicium
1845 3430 1941 3487 per
1964 3417 2142 3474 homi-

2312 3234 2446 3288 Cum
2483 3240 2693 3302 tempus
2714 3231 2882 3286 venite
2907 3242 3223 3285 concessum
3253 3226 3495 3281 creditur
3518 3236 3658 3278 esse.

2313 3322 2438 3380 llaec
2464 3337 2565 3392 ego
2592 3320 2849 3379 mortales
2872 3319 3156 3375 attendere
3179 3319 3439 3390 deprecor
3460 3328 3672 3371 omnes.

2909 3410 3163 3482 Explicit.

787 3610 812 3641 ελ
1254 3618 1257 3619 ν

1127 3773 2381 3889 πειπιιωιιιιιε
2457 3766 3256 3887 οτιιιοΝι

1733 3993 2037 4052 MONACHI
2076 3988 2672 4049 EMMERAMMENSIS

976 4181 1449 4308 LIBER
1542 4178 1740 4304 DE
1839 4172 2356 4304 CUBSU
2452 4159 3397 4297 SPIRITUALI.

728 4430 805 4489 In
844 4426 1037 4488 lucem
1078 4420 1281 4484 editus
1315 4438 1393 4482 ea:
1421 4414 1560 4479 eod.
1590 4433 1704 4477 ms.
1741 4407 2089 4491 imperiali:
2115 4402 2479 4491 monasterii
2493 4394 3294 4491 sanet-Emmeramgnensis
3330 4388 3660 4453 Ratisban.

1287 4476 1480 4562 ιξῖὸξ
1506 4476 1892 4572 Ρ.οα.ςραῖὀ
1923 4486 2274 4550 Altlechncr
2304 4482 2704 4545 Benediutt'no
2736 4476 3105 4582 Mellicensi.

1037 4628 1214 4735 (Apud
1244 4661 1311 4715 ιι.
1333 4658 1395 4716 Β.
1428 4654 1765 4714 Bernardum
1786 4650 2029 4711 Pezium.
2068 4644 2730 4717 ThesauriAnecdotorum
2757 4636 3021 4696 novissimi
3040 4634 3127 4702 IlI,
3154 4647 3215 4701 ιι,
3245 4632 3395 4703 257.)

1443 4934 2070 5047 PROLOGUS
2139 4928 2466 5023 LIBRI
2537 4920 2963 5016 HUJUS.

650 5084 1074 5198 Audiensasimul
1098 5144 1154 5193 et
1174 5133 1361 5192 videns
1380 5130 1541 5200 longe
1565 5128 1785 5198 lateque
1805 5121 2032 5181 detineri
2056 5120 2146 5176 illa
2176 5121 2226 5182 ι)
2250 5115 2521 5189 principes
2538 5119 2887 5200 rectoresque
2905 5098 3072 5200 httjus
3089 5098 3279 5200 mpndi
3298 5094 3513 5153 videret
3528 5091 3819 5200 facie'tat‘es)

582 5193 881 5290 erroris-et—
918 5193 1223 5286 aillictiouis
1273 5226 1446 5295 signa,
1477 5193 1599 5294 quae
1635 5193 1710 5274 int
1733 5214 2024 5287 Evangelio
2052 5225 2153 5268 nec
2253 5207 2492 5279 cogitare
2532 5201 2674 5295 coepi
2714 5198 2847 5271 quid

586 5326 766 5381 nonin
796 5321 1101 5379 aliis‘iibris
1119 5317 1374 5390 praedicta
1402 5325 1532 5370 sunt
1553 5312 1619 5368 de
1654 5305 1967 5365 novissimis
1992 5301 2154 5371 bujus

586 5415 763 5450 ωηυιιιιῖ
798 5410 1131 5450 nummi-Hm:
1191 5408 1282 5450 and
1339 5420 1473 5450 nam!
1522 5400 1872 5450 nulli‘valens
1893 5395 2153 5450 prodesse

2983 5193 3101 5250 hac
3136 5191 3337 5246 facere
3357 5199 3606 5255 possem.
3656 5186 3818 5241 Dolor

2259 5274 2516 5367 namque,
2546 5292 2638 5362 qui
2668 5305 2767 5360 pro
2785 5279 3111 5356 negligentia
3135 5274 3667 5367 tantamibiinerat,
3693 5286 3826 5329 nun-

2260 5361 2424 5450 quam
2450 5398 2538 5440 me
2565 5361 2684 5436 sine
2708 5391 2840 5432 cura
2878 5368 3220 5442 permiserat.
3266 5365 3334 5420 Et
3377 5361 3660 5432 quomodo
3706 5374 3831 5437 poe-
