3998 5450
235 313 320 368 nt
1201 275 1206 282 ’
1393 271 1650 352 unus
1687 289 1919 353 cunsu
1963 247 2375 350 srtniruam.‘
2468 337 2478 348 .

3377 285 3481 344 ΗΞ

233 428 402 482 horam
446 420 676 492 pessima
705 416 894 485 jubere
937 424 991 469 et
1046 413 1396 484 perpetrare?
1437 412 1576 479 Quid
1636 413 1783 466 enim
1819 418 1866 474 Α
1895 420 1950 468 et
1992 409 2350 466 admouenda.
2410 402 2738 476 Quiacnim
2789 421 2884 477 per
2935 405 3134 461 multos
3158 399 3270 475 jam
3306 421 3479 464 annos

231 514 366 586 pejus
390 518 568 580 potest
588 523 726 572 esse,
759 520 920 575 quam
947 503 1150 572 judicia
1183 517 1411 571 qumque
1445 503 1789 568 subvertere,

232 603 413 662 nullam
439 600 630 670 indicii
659 598 772 651 veri
817 611 968 666 spem
1027 593 1287 663 subjectis
1331 591 1653 662 relinquere,
1706 607 1793 648 res

231 696 414 750 alienas
437 691 642 763 jugiter
669 688 1077 757 concupiscere,
1109 699 1312 754 easque
1336 685 1627 738 occasione
1654 700 1793 754 qua-

230 787 343 840 libet
369 781 609 847 auferre,
632 779 966 834 monasteria
1017 777 1128 833 Deo
1154 776 1465 844 sanctisque
1494 776 1612 845 ejus
1637 792 1793 830 man-

230 880 384 948 cipata
409 873 731 930 destruere?
761 870 968 939 Quibus
996 871 1040 926 si
1072 869 1158 924 vel
1184 883 1322 922 unus
1357 882 1486 936 ager
1510 868 1577 921 ad
1602 883 1790 922 eorum

230 971 601 1042 proprietatem
651 966 928 1036 pertinens
956 963 1283 1023 auferretur,
1309 975 1402 1015 seu
1439 975 1468 1012 a
1498 975 1661 1015 censu
1689 958 1792 1014 sibi

228 1065 408 1137 placito
427 1063 789 1125 minueretur,
806 1057 1098 1112 maximam
1116 1054 1217 1110 sibi
1241 1051 1563 1121 injustitiam
1593 1050 1792 1105 lactant

229 1163 589 1227 quererentur.
624 1150 735 1205 Nec
765 1159 942 1204 tamen
971 1146 1112 1202 scire
1153 1145 1336 1199 valent
1379 1153 1638 1212 quantam
1689 1141 1792 1213 ipsi

230 1244 456 1311 iniuriam
488 1242 602 1295 Deo
629 1241 683 1294 in
708 1239 844 1293 locis
866 1237 966 1291 sibi
988 1234 1297 1292 commissis
1315 1233 1540 1287 faciant.
1558 1230 1790 1286 Tantam

229 1338 368 1407 igitur
413 1333 697 1388 miseriam
750 1329 945 1399 schius
1003 1327 1310 1389 attendens,
1364 1339 1464 1379 nec
1503 1323 1794 1378 emendare

232 1429 411 1492 valens,
443 1423 679 1480 tractavi
731 1421 816 1477 vel
867 1419 1106 1476 scribere
1148 1417 1328 1485 aliqua
1383 1415 1449 1470 de
1499 1413 1795 1483 Scripturis

232 1520 406 1575 sanctis
433 1513 816 1572 exhortatoria
846 1513 1010 1575 dicta,
1040 1519 1098 1563 ut
1125 1509 1215 1578 qui
1242 1521 1493 1562 sermone
1519 1502 1792 1560 communi

231 1610 563 1679 dedignantur
592 1605 818 1674 corripi,
853 1602 1085 1656 lectione
1113 1599 1301 1654 saltem
1327 1611 1482 1652 sacra
1513 1594 1794 1665 corriganv

232 1711 318 1756 tur.
343 1701 485 1756 Unde
510 1712 714 1767 precor
744 1709 934 1749 omnes
968 1692 1079 1763 (qui
1118 1692 1233 1745 inec
1266 1689 1445 1758 legere
1475 1684 1790 1758 dignantur)

1895 502 2136 574 peccatis
2159 501 2498 572 exigentibus
2527 500 2748 571 penuria
2775 499 2988 570 frugum
3021 499 3343 555 laborabant
3373 499 3476 557 ιιοο

1896 593 2095 655 mines,
2119 607 2255 662 opus
2284 600 2366 645 est
2395 591 2695 645 rectoribus
2718 591 2818 644 hoc
2843 589 3150 659 providere!
3164 586 3292 659 quid
3313 604 3478 661 agen~

1895 685 2023 738 dum
2057 684 2128 739 sit
2156 699 2253 754 pro
2273 683 2514 754 ejusdem
2541 681 2783 752 penuriae
2807 682 2961 753 plaga
2986 681 3305 753 mitiganda.
3347 682 3478 737 Mul-

1897 774 2062 844 tiplex
2085 789 2321 842 namque
2347 773 2590 828 doctrina
2614 782 2724 827 tam
2755 773 2806 826 in
2839 773 3020 830 Veteri
3046 769 3208 844 quam
3240 774 3294 828 in
3324 768 3478 831 Novo

1895 866 2247 922 Testamento
2264 867 2536 920 invenitur
2552 867 2652 921 hoc
2664 865 2962 931 instruens,
2975 857 3481 938 tltquotieSCunqiie

1894 958 2051 1029 plaga
2080 957 2258 1027 aliqua
2290 957 2658 1027 superveniat,
2684 972 2809 1011 mox
2830 958 3075 1012 homines
3102 972 3200 1027 pro
3226 958 3472 1028 peccatis

1896 1051 2009 1105 suis
2045 1050 2420 1120 paenitentiam
2460 1058 2702 1120 agentes,
2726 1063 2890 1120 seque
2922 1052 3297 1115 emendantes,
3324 1067 3477 1107 com-

1895 1139 2134 1194 muniter
2159 1140 2412 1194 invocent
2443 1139 2610 1194 Deum
2639 1139 3188 1208 pro'necessitatibus
3221 1142 3351 1196 suis.
3379 1143 3476 1198 Sic

1893 1233 2091 1302 quippe
2105 1231 2356 1285 Ninivitae
2386 1231 3176 1301 conversimitigaveruntiram
3204 1233 3294 1289 Dei
3322 1233 3477 1303 (Ion.

1897 1324 1998 1393 In).
2017 1323 2090 1376 De
2107 1321 2625 1392 ﬁliisquoquelsracl
2649 1337 2788 1392 smpe
2809 1322 3030 1393 legitur:
3059 1316 3478 1392 Quiaclamave-

1897 1424 2015 1466 runt
2030 1415 2097 1466 ad
2112 1413 2393 1468 Dominum
2405 1431 2519 1467 cum
2533 1413 2930 1481 tribulurentur,
2943 1423 2989 1469 et
3006 1415 3070 1468 de
3087 1416 3476 1470 necessitatibus

1894 1504 2321 1558 eorumliberarit
2347 1521 2431 1558 eos
2460 1503 2630 1575 (Ρδαι.
2651 1505 2928 1577 (μιμεῖ-28)
2967 1503 3078 1560 Sub
3092 1507 3472 1562 nostrisetiam

1896 1599 2232 1670 temporibus
2260 1602 2455 1669 sapius
2499 1599 2746 1654 homines
2792 1599 2965 1670 plagis
3012 1600 3194 1654 multis
3246 1599 3474 1656 alllictos

1895 1691 2227 1756 audivimus;
2259 1692 2352 1746 sed
2399 1699 2680 1760 postquam
2713 1707 2812 1761 pro
2841 1691 3079 1759 peccatis
3108 1692 3222 1746 suis
3265 1694 3478 1746 conles‘

231 1805 294 1857 ut,
331 1801 382 1848 et
411 1791 633 1861 propria
660 1796 716 1842 et
758 1786 934 1840 aliena
981 1782 1226 1854 pericula
1275 1778 1646 1842 attendentes.
1677 1786 1794 1831 Slu-
1825 1774 1866 1830 Β
1899 1783 2108 1839 sionem
2141 1797 2204 1837 ac
2231 1768 2610 1852 pmnitentiam
2645 1793 2871 1851 agentes
2916 1796 2975 1836 se
3027 1768 3476 1846 emendaverunt,

231 1887 364 1939 deant
391 1899 448 1937 se
469 1881 824 1950 aliquatenus
853 1875 1171 1938 emendare,
1199 1879 1251 1927 et
1279 1884 1633 1940 quoscunque
1659 1883 1785 1938 pos-

230 1979 318 2032 sint
364 1976 686 2036 admonere,
739 1987 806 2026 ne
844 1970 966 2039 quis
1000 1966 1186 2022 credat
1225 1979 1282 2018 se
1322 1972 1635 2032 peccantem
1669 1963 1788 2015 ideo

231 2072 380 2125 minus
410 2068 753 2140 puniendum
786 2062 928 2133 quod
957 2058 1354 2114 multitudinem
1392 2055 1636 2109 imitatur
1663 2069 1788 2124 pec-

232 2170 460 2215 cautium.

289 2252 368 2306 Est
389 2252 554 2308 etiam
583 2265 678 2304 res
710 2247 812 2301 alia
843 2247 894 2301 in
949 2253 1192 2313 tempore
1241 2239 1463 2294 instanti
1513 2237 1787 2309 pensanda

1902 1888 2026 1928 mox
2058 1871 2264 1944 ﬂagella
2318 1872 2410 1927 Dei
2463 1879 2834 1928 cessaverunt.
2883 1871 2996 1926 Hoc
3032 1872 3216 1948 igitur,
3269 1887 3476 1941 quaeso,

1895 1949 2137 2018 rectores
2167 1972 2457 2033 pensantes
2487 1963 2829 2034 provideant,
2885 1963 3118 2034 qualiter
3164 1964 3476 2018 innumeras

1896 2053 2020 2109 bilis
2043 2055 2256 2109 vanitas
2285 2055 2386 2110 sub
2419 2055 2692 2109 modernis
2721 2057 3056 2126 temporibus
3077 2065 3268 2110 exorta
3293 2069 3477 2111 emen-

1897 2147 2071 2207 detur,
2111 2156 2167 2199 ut
2196 2145 2338 2201 Deus
2367 2145 2608 2214 placatus
2636 2146 2830 2216 populo
2859 2161 2956 2202 suo
2988 2147 3313 2204 misereatur

1660 2419 2016 2441 H

817 2550 1218 2633 INCIPIT
1280 2545 1581 2625 LIBER
1639 2545 1770 2620 DE
1825 2540 2154 2622 CURSU
2220 2539 2844 2619 SPIRITUALI.

723 2751 950 2808 CAPUT
989 2747 1280 2804 PRIMUM.

425 2846 563 2913 Quid
602 2847 673 2900 sit
698 2843 927 2898 stadium
961 2851 1008 2895 et
1039 2857 1222 2894 cursus
1253 2835 1562 2907 spiritualis.

290 2937 388 2992 Vos
423 2938 724 3008 apostolica
752 2975 767 2998 ,
820 2934 1018 2987 fratres
1048 2930 1376 2991 cliarissimi,
1409 2927 1668 3004 admonet.
1691 2939 1790 2979 nos

234 3028 387 3082 dicens
423 3047 435 3081 :
471 3026 707 3082 Nescitis
737 3025 874 3095 quod
897 3023 951 3076 hi
971 3024 1059 3093 qui
1080 3023 1133 3074 in
1161 3021 1330 3074 stadio
1352 3027 1588 3076 currunt,
1615 3031 1789 3070 omnes

1893 2741 1981 2796 sui
2027 2740 2316 2797 concordia
2345 2755 2514 2795 unum
2551 2749 2698 2805 sunt,
2726 2753 3102 2810 perseverans,
3136 2755 3274 2797 unus
3306 2741 3478 2797 idem-

1891 2849 1999 2904 qua:
2025 2850 2144 2910 esse
2173 2833 2486 2890 contendit?
2533 2833 2674 2900 Quid
2717 2849 2846 2888 vero
2873 2849 2969 2902 per
3017 2833 3136 2889 illos
3163 2849 3351 2889 omnes
3379 2834 3477 2904 qui

1895 2926 2054 2980 simul
2083 2935 2330 2991 currunt,
2359 2927 2452 2982 sed
2481 2925 2547 2980 ad
2578 2925 2754 2980 bravii
2783 2925 2971 2980 merita
2997 2941 3102 2979 non
3131 2926 3474 2994 perveniunt,

1893 3017 1998 3071 nisi
2037 3015 2135 3072 hos
2177 3017 2268 3088 qui
2301 3018 2367 3071 ad
2413 3016 2570 3073 iidem
2602 3016 2818 3086 quidem
2851 3031 3062 3071 sacram
3094 3018 3392 3084 venientes,
3420 3025 3476 3071 ct

233 3120 410 3186 quidem
431 3129 684 3182 currunt,
706 3116 799 3170 sed
825 3131 960 3168 unus
1005 3113 1189 3182 accipit
1221 3109 1494 3164 brevium?
1542 3104 1629 3161 Sic
1667 3122 1790 3160 cur-
1819 3145 1865 3206 C
1896 3105 2158 3160 bonorum
2191 3122 2414 3177 operum
2463 3107 2610 3160 initia
2644 3107 2981 3176 arripientes,
3015 3108 3081 3162 ad
3119 3117 3329 3178 tempus
3353 3123 3474 3163 cre-

235 3209 311 3261 rite
331 3250 343 3271 ,
377 3219 426 3262 ut
452 3207 913 3277 compt'elteudatis
964 3204 1016 3274 (1
1048 3203 1170 3258 Cor.
1201 3218 1280 3266 ix,
1309 3200 1424 3270 24).
1480 3198 1604 3253 Haec
1631 3198 1793 3269 igitur

234 3299 369 3351 verba
408 3299 562 3367 juxta
598 3298 840 3350 litteram
870 3304 926 3349 et
955 3293 1227 3348 carnalem
1269 3289 1680 3360 intelligentiam
1710 3302 1796 3341 re-

234 3383 382 3440 ferunt
409 3387 509 3442 boc
531 3387 686 3456 quod
715 3385 857 3454 apud
877 3385 1106 3454 gentiles
1137 3382 1408 3450 quondam
1437 3380 1713 3449 agebatur,
1739 3387 1796 3432 et

234 3478 380 3532 adhuc
407 3483 547 3549 apud
603 3479 869 3548 quosdam
903 3477 1099 3546 agitur.
1147 3475 1203 3529 ln
1247 3474 1367 3530 loco
1400 3486 1634 3541 namque
1671 3485 1794 3540 spa-

236 3568 348 3622 tioso
373 3580 422 3622 et
464 3569 529 3623 ad
562 3569 898 3624 currendum
931 3577 1058 3637 apto
1106 3567 1512 3629 convenientes,
1545 3564 1792 3619 bravium

235 3656 416 3725 aliquod
458 3659 526 3712 ad
573 3659 796 3727 signum
822 3657 975 3727 juxta
1023 3671 1333 3711 mensuram
1385 3654 1487 3709 sibi
1533 3654 1792 3726 placitam

226 3751 390 3814 procul
416 3758 751 3814 statuerunt,
788 3749 934 3818 quod
963 3747 1051 3815 ille
1080 3761 1220 3801 unus
1263 3746 1356 3816 qui
1404 3754 1630 3800 caeteros
1667 3761 1795 3816 pro-

235 3852 448 3898 curreret
499 3852 830 3911 accepturus
875 3849 995 3896 erat
1023 3858 1036 3895 :
1069 3855 1178 3910 quo
1209 3839 1374 3920 facto,
1405 3840 1495 3910 qui
1530 3841 1669 3894 inter
1699 3854 1792 3895 eos

237 3932 412 3990 strenui
455 3947 512 3990 et
562 3935 824 4006 agiliores
870 3935 1042 3990 videri
1081 3934 1393 4003 cupiebant,
1425 3942 1555 4002 quot
1586 3933 1793 3987 vicibus

237 4023 424 4092 placuit,
450 4025 1054 4084 certatimcurrebant.
1099 4025 1203 4078 Alii
1235 4039 1362 4079 vero
1390 4025 1458 4078 ad
1489 4022 1793 4090 liujusmodi

236 4120 573 4184 spectaculum
610 4118 819 4174 visendi
851 4117 1224 4178 tantummodo
1251 4115 1425 4186 gratia
1461 4113 1793 4169 confluentes

238 4207 444 4262 stabant.
492 4209 652 4265 Unde
700 4207 863 4264 etiam
900 4222 930 4261 a
959 4206 1186 4270 stando,
1238 4204 1343 4270 vel,
1389 4213 1448 4258 ut
1473 4204 1792 4272 quibusdam

238 4296 402 4366 placet,
433 4317 460 4355 a
485 4311 631 4356 statu
663 4300 834 4370 ipsius
865 4314 1058 4355 cursus
1101 4298 1245 4352 idem
1294 4297 1444 4352 locus
1474 4297 1784 4352 vocabatur.

241 4386 392 4458 Nuper
417 4407 630 4462 quoque
663 4390 767 4462 legi
817 4389 1048 4446 stadium
1092 4388 1304 4453 Grze'ce,
1329 4387 1556 4458 spatium
1600 4387 1790 4442 Latine

1899 3198 2053 3265 dunt,
2080 3200 2174 3254 sed
2196 3199 2249 3254 in
2280 3208 2518 3270 tempore
2549 3201 2862 3256 tentationis
2885 3201 3222 3267 recedentes,
3246 3202 3298 3256 in
3321 3201 3478 3257 bonis

1898 3294 2194 3361 persistere
2220 3294 2532 3365 negligunt?
2562 3291 2684 3349 llzec
2708 3294 2890 3363 igitur,
2920 3294 3119 3350 fratres
3143 3295 3473 3362 charissimi,

1899 3383 2262 3446 attendentes,
2290 3383 2367 3437 sic
2396 3368 2623 3447 currite,
2659 3392 2717 3438 ut
2765 3383 2938 3453 magis
2965 3385 3344 3439 connumerari
3376 3401 3474 3439 va-

1895 3474 2054 3530 leatis
2099 3475 2242 3530 inter
2267 3490 2466 3546 paucos
2496 3475 2700 3530 electos
2739 3476 2832 3544 qui
2878 3491 3041 3530 unum
3071 3491 3192 3532 esse
3230 3478 3472 3546 cupiunt,

1897 3577 1972 3632 et,
2007 3569 2058 3622 in
2087 3583 2152 3622 eo
2182 3583 2350 3638 usque
2379 3568 2446 3622 ad
2497 3568 2658 3623 tinem
2712 3568 2835 3622 vitae
2876 3580 3309 3639 perseverantes,
3342 3573 3474 3627 bra-

1895 3661 2041 3715 vium
2086 3659 2360 3715 felicitatis
2389 3668 2605 3716 aeterna:
2654 3661 2934 3731 percipere
2980 3671 3275 3724 merentur,
3309 3679 3472 3732 quam

1895 3753 2039 3808 inter
2068 3752 2332 3806 inﬁnitam
2379 3752 2731 3821 reproborum
2765 3754 3183 3817 multitudinem,
3214 3756 3303 3824 qui
3334 3757 3414 3810 sic
3441 3773 3472 3809 a

1892 3844 2346 3899 sollicitudinibus
2389 3852 2445 3899 et
2491 3843 2694 3899 divitiis
2735 3854 2901 3914 atque
2953 3846 3317 3915 voluptatibus
3351 3849 3475 3902 vita:

1895 3935 2054 4004 lmjus
2099 3935 2451 4002 sull‘ocanlur,
2503 3951 2570 3991 ne
2635 3937 2687 3990 in
2731 3937 2912 4007 aliquo
2950 3954 3114 4014 opere
3158 3940 3298 3996 bono
3332 3943 3477 4011 quod

1894 4035 2198 4094 cmperuut,
2231 4041 2581 4097 perseverare
2610 4027 2845 4082 valeant.

1897 4138 1919 4183 δ
1965 4118 2198 4173 Pcnsate
2225 4120 2386 4174 etiam
2415 4131 2617 4188 quanta
2651 4119 2905 4176 distantia
2938 4122 3006 4176 sit
3050 4123 3191 4176 inter
3218 4111 3332 4192 ejus
3361 4134 3476 4178 sta—

1895 4208 1968 4264 dii
1986 4210 2127 4279 quod
2145 4212 2214 4264 ab
2243 4210 2549 4267 hominibus
2575 4213 2849 4277 statuitur,
2867 4221 2919 4268 et
2939 4213 3076 4268 inter
3104 4214 3244 4269 illius
3271 4216 3414 4286 quod
3444 4231 3477 4271 a

1897 4301 2008 4358 Deo
2040 4311 2302 4356 statutum
2350 4289 2439 4358 est
2462 4318 2701 4375 cursum.
2751 4304 2827 4358 lbi
2857 4305 3052 4374 quippe
3078 4307 3288 4361 cunctis
3314 4307 3476 4378 simul

1897 4393 2242 4448 currentibus
2269 4407 2375 4447 una
2417 4408 2671 4448 mensura
2700 4402 2755 4448 et
2781 4395 2950 4449 bravii
2983 4405 3036 4452 et
3063 4398 3315 4453 currendi
3345 4414 3476 4468 pro-

239 4478 346 4534 dici.
370 4480 471 4537 Sed
503 4497 602 4538 nos
631 4482 990 4552 undecunque
1018 4489 1245 4537 vocatus
1273 4480 1342 4535 sit
1372 4479 1642 4547 illelocus
1671 4495 1789 4548 par-
1823 4514 1869 4573 υ
1897 4481 2093 4550 posita,
2124 4481 2284 4535 nullis
2312 4481 2417 4536 nisi
2463 4481 2817 4538 velocissimis
2868 4493 2922 4540 et
2967 4487 3271 4543 sanissimis
3317 4489 3477 4544 datur

241 4569 562 4639 vipendeutes
586 4613 602 4638 ,
646 4573 991 4650 attendamus
1039 4573 1212 4643 magis
1253 4572 1384 4642 quid
1413 4585 1511 4641 per
1539 4571 1787 4632 eumdem

242 4675 428 4718 cursum
476 4664 766 4736 Apostolus
815 4679 915 4720 nos
963 4664 1232 4720 instruere
1276 4663 1425 4719 velit.
1476 4662 1792 4733 Mysterium

243 4756 414 4826 quippe
446 4774 700 4830 magnum
734 4758 790 4813 in
838 4771 904 4812 eo
964 4757 1206 4832 agnovit.
1236 4770 1378 4823 esse,
1429 4771 1553 4811 cum
1613 4755 1790 4810 dixit:

247 4843 596 4916 Siq'currite,
661 4861 719 4905 ut
780 4851 1255 4918 camprebendatis,
1300 4848 1466 4915 Quasi
1541 4848 1790 4904 diceret:

249 4934 376 4992 Sicut
408 4940 480 4995 illi
515 4943 606 5012 qui
653 4941 708 4996 in
751 4941 927 5001 stadio
956 4950 1182 5001 currunt
1207 4939 1355 4996 omni
1387 4941 1545 4995 modo
1571 4939 1795 4996 student

248 5038 296 5082 ut
315 5034 666 5104 unusquisque
688 5033 864 5090 alium
893 5037 1155 5090 currendo
1180 5033 1486 5104 przecedat;
1518 5033 1589 5086 ita
1617 5042 1673 5088 et
1700 5046 1795 5087 vos

249 5124 432 5182 studete
457 5126 685 5196 qualiter
705 5125 844 5181 alios
873 5125 926 5179 in
953 5125 1265 5195 virtutibus,
1294 5134 1354 5182 et
1377 5125 1430 5179 in
1459 5125 1606 5180 omni
1629 5137 1795 5193 opere

251 5213 367 5271 bono
384 5219 715 5287 praecedatis.
745 5216 896 5271 Talis
916 5216 1056 5272 enim
1086 5233 1281 5276 cursus
1307 5215 1518 5295 cunctis
1542 5225 1626 5272 est
1650 5229 1795 5269 sem-

250 5322 329 5376 per
367 5315 614 5384 agendus.
662 5315 772 5370 Sed
817 5321 876 5368 et
916 5314 1016 5370 hoc
1061 5329 1404 5388 summopere
1451 5314 1787 5385 pensandum

1895 4586 2020 4641 spes
2045 4587 2264 4627 cursum
2297 4571 2456 4626 talem
2484 4575 2830 4644 aggrediendi
2858 4591 2872 4642 ;
2927 4576 2980 4631 in
3023 4577 3125 4634 hoc
3152 4587 3330 4634 autem
3359 4590 3475 4635 sta—

1897 4665 1984 4721 dio
2016 4666 2157 4736 quod
2177 4665 2331 4721 Deus
2358 4666 2576 4730 statuit,
2609 4677 2717 4722 tam
2761 4669 2964 4724 debiles
3000 4679 3058 4725 et
3089 4655 3287 4738 claudi,
3320 4688 3476 4729 senes

1897 4764 1952 4812 et
1983 4758 2206 4822 inﬁrmi,
2235 4773 2335 4813 nec
2363 4774 2470 4815 non
2513 4774 2778 4830 pauperes
2807 4775 2968 4830 quam
2997 4761 3250 4830 juvenes,
3281 4774 3334 4819 et
3362 4767 3478 4821 sani

1900 4860 2063 4920 atque
2114 4851 2330 4922 divites]
2376 4867 2600 4908 currere
2630 4861 2876 4924 possunt.
2926 4854 3185 4912 Servulus
3246 4841 3482 4930 namque

1895 4943 1984 5000 ille
2011 4944 2359 5016 paralyticus,
2393 4946 2459 5001 de
2484 4959 2592 5013 quo
2619 4945 2674 5000 in
2707 4945 3047 5015 Dialogorum
3091 4946 3232 5002 libro
3261 4960 3483 5005 sanctus

1896 5045 2088 5090 narrat
2136 5033 2470 5104 Gregorius,
2521 5049 2646 5090 cum
2699 5037 2819 5090 aliis
2865 5035 2921 5090 in
2953 5037 3263 5108 hujusmodi
3308 5039 3483 5092 stadio

1895 5126 2247 5184 currentibus
2293 5129 2426 5184 satis
2475 5125 2730 5183 celeriter
2780 5128 3044 5194 cucurrit,
3085 5139 3208 5183 cum
3258 5141 3320 5181 ea
3365 5143 3483 5196 qua:

1895 5219 1999 5274 sibi
2051 5220 2332 5292 possibilia
2377 5227 2538 5276 erant
2584 5219 2989 5290 promptissime
3037 5217 3263 5293 peregit.
3307 5218 3479 5297 Vidua

1895 5329 2112 5384 quoque
2139 5312 2228 5367 illa
2252 5312 2622 5388 pauperrima,
2646 5314 2711 5368 de
2733 5326 2838 5382 qua
2863 5310 2917 5364 in
2945 5307 3238 5379 Evangelio
3263 5306 3481 5377 legitur,
