3998 5450
554 341 651 399 N3

1625 339 1928 397 OTIILONI
1968 339 2275 397 MONACHI
2311 339 2369 395 S.
2414 340 2834 397 EMMERMIMI

3702 347 3804 402 tu

548 469 713 525 taque
743 459 956 513 vanitas
982 455 1055 511 sit
1082 469 1170 509 res
1203 451 1542 510 transitorias
1570 461 1625 508 et
1664 444 1884 509 fallaces
1913 462 2130 508 asternae
2160 458 2210 517 Α
2306 452 2829 511 Deindedicendum
2875 454 3052 525 qualis
3100 470 3292 512 cursus
3337 455 3407 511 sit
3450 457 3817 526 szcctalsrium,

543 550 788 606 felicitati
821 546 1165 621 praeponere?
1213 543 1472 611 Suflicere
1508 545 1937 616 namquenobis
1964 546 2129 602 debe-

544 654 629 700 ret
679 644 734 699 in
781 643 970 714 paucis
992 640 1639 712 'argumeutaripquanta
1667 639 1882 693 vanitas
1912 648 1967 692 et
1995 653 2129 708 pau-

542 747 728 813 pertas
800 735 1028 799 saeculi,
1085 741 1419 803 quantaeque
1486 731 1689 791 divitias
1748 731 1858 789 sint
1908 730 2129 799 pietatis

542 829 759 885 divinas.
810 826 962 881 Nunc
987 865 1001 891 ,
1049 825 1176 880 licet
1216 823 1395 880 omnis
1424 831 1673 879 creatura
1720 822 1774 879 in
1807 838 1907 897 nos
1933 821 2130 878 clamet

543 920 771 990 alicujus
814 916 1120 989 argumenti
1162 916 1358 981 modis,
1398 930 1502 972 nos
1532 924 1734 979 tamen,
1766 914 1901 983 proh
1930 913 2123 969 dolor!

541 1010 688 1066 velut
714 1010 883 1073 surdi,
919 1008 1232 1079 nullumque
1275 1023 1493 1064 sensum
1543 1007 1884 1077 spiritualem
1923 1007 2129 1062 baben-

545 1111 648 1170 tes,
681 1103 933 1157 audimus
960 1102 1177 1169 quidem
1204 1108 1471 1171 praecepta
1503 1098 1620 1166 Dei,
1652 1100 1934 1155 laudamus
1962 1100 2125 1154 etiam
2198 1152 2199 1155 η

541 1194 835 1263 aliquando
878 1193 1201 1264 sapientiam
1251 1192 1616 1261 pietatemque
1653 1191 1809 1261 ejus,
1863 1190 1957 1246 scd
2007 1198 2129 1260 post

540 1284 814 1343 modicum
847 1293 1057 1353 tempus
1084 1298 1146 1339 ea
1179 1299 1302 1353 qua:
1335 1284 1516 1339 verbis
1565 1283 1904 1338 laudavimus
1942 1283 2127 1352 Operi-

541 1374 644 1429 bns
671 1374 854 1445 pravis
879 1374 1361 1444 reprehendimus,
1410 1373 1482 1429 ita
1521 1383 1580 1427 ut
1610 1374 1891 1427 videamur
1916 1371 2128 1429 nescire

541 1462 627 1520 vel
654 1472 859 1534 quanta
885 1476 1047 1533 poena
1093 1462 1236 1517 male
1267 1461 1611 1527 facientibus,
1643 1461 1728 1515 vel
1759 1469 1956 1531 quanta
1986 1475 2129 1513 mer-
2160 1452 2166 1459 ’

540 1571 637 1612 ees
684 1555 822 1609 bene
874 1552 1197 1609 facientibus
1243 1560 1363 1622 post
1401 1552 1539 1608 hanc
1571 1553 1734 1607 vitam
1766 1553 1839 1607 sit
1868 1552 2125 1623 reposita.

542 1632 691 1700 lianc
715 1646 882 1716 igitur
908 1644 1290 1716 negligentiam
1319 1644 1373 1699 in
1399 1644 1679 1709 cordibus,
1703 1658 1907 1712 quzeso,
1932 1642 2128 1699 vestris

534 1725 785 1800 dolentes
810 1745 1038 1791 tractate
1064 1735 1299 1805 qualiter
1328 1750 1445 1789 eaut
1494 1734 1828 1799 etnendetis;
1858 1732 2128 1803 simulque

2226 565 2415 607 eorum
2446 554 2697 609 videlicet
2728 554 2818 625 qui
2842 594 2857 618 ,
2904 556 3152 625 quamvis
3200 557 3255 611 in
3284 556 3639 615 saecularibus
3669 563 3817 617 euris

2227 658 2413 729 positi,
2443 668 2666 729 sperant
2697 668 2874 713 tamen
2915 658 2968 713 in
3003 660 3252 726 Domino,
3279 670 3356 726 et,
3383 673 3647 731 quantum
3677 680 3816 734 prie-

2228 756 2451 824 valent,
2500 758 2642 813 inter
2668 757 2937 813 mundana
2968 759 3300 815 meditantur
3326 761 3527 817 divina.
3579 762 3822 821 Pensare

2227 857 2426 927 quippe
2453 857 2652 913 debent
2680 860 2806 928 quia
2846 860 2988 914 sicut
3016 860 3071 915 in
3123 859 3414 931 cujuslibet
3458 862 3638 931 magni
3675 862 3825 932 prin-

2228 957 2367 1027 cipis
2402 954 2565 1013 domo
2593 972 2757 1014 aurea
2802 956 2888 1015 vel
2937 969 3189 1031 argentea
3238 975 3367 1016 vasa
3414 961 3707 1025 habentur,
3747 964 3821 1018 ita

2227 1058 2391 1113 etiam
2440 1057 2614 1131 lignea
2656 1071 2713 1116 et
2758 1060 2967 1127 fictilia,
2997 1061 3252 1133 quodque
3278 1062 3460 1120 nullus
3488 1073 3644 1140 recte,
3675 1064 3820 1121 valet

2229 1154 2340 1217 dici
2369 1160 2642 1228 dominus,
2676 1159 2777 1219 nisi
2807 1164 2892 1218 cui
2935 1163 3138 1235 aliquis
3176 1165 3248 1219 sit
3288 1180 3495 1222 servus.
3544 1164 3821 1221 Prmlcrea

2229 1266 2524 1321 notandum
2555 1267 2681 1337 quia
2727 1268 2870 1323 sicut
2904 1268 3048 1323 Deus
3078 1268 3427 1325 multiformis
3452 1278 3535 1325 est
3560 1270 3613 1325 in
3643 1273 3823 1342 gratia

2229 1375 2283 1422 et
2333 1366 2570 1431 virtute,
2626 1364 2697 1420 ita
2751 1376 2807 1422 et
2860 1368 2911 1422 in
2970 1368 3249 1423 servitute.
3303 1369 3526 1426 Placent
3570 1373 3722 1427 enim
3772 1374 3823 1428 ei

2229 1458 2465 1512 maxime
2495 1458 2724 1528 Optima,
2756 1466 2909 1529 grata
2940 1452 3067 1513 sunt
3094 1460 3258 1513 etiam
3303 1460 3378 1514 illi
3408 1460 3549 1515 bona
3581 1461 3826 1527 minora,

2227 1562 2349 1617 qua:
2380 1547 2423 1602 si
2458 1562 2561 1602 non
2600 1557 2785 1602 essent
2811 1588 2826 1611 ,
2879 1563 3222 1619 nequaquam
3266 1550 3474 1605 diceret
3500 1551 3567 1605 de
3598 1549 3773 1605 Maria
3806 1566 3823 1605 :

2233 1637 2495 1709 Optimam
2518 1649 2717 1708 partem
2739 1639 2910 1710 elegit,
2932 1657 3050 1712 qua:
3072 1659 3177 1696 non
3197 1643 3469 1712 auferetur
3485 1643 3550 1698 ab
3572 1662 3633 1698 ea
3663 1643 3823 1716 (Luc.

2231 1747 2285 1796 ι,
2317 1730 2428 1801 42).
2483 1730 2698 1802 Optima
2746 1731 2977 1802 denique
3007 1749 3135 1803 pars
3164 1734 3268 1789 dici
3303 1735 3510 1805 nequit,
3537 1736 3641 1790 nisi
3674 1737 3827 1791 inter

541 1838 705 1884 acres
734 1828 986 1884 audiendi
1015 1827 1083 1882 ad
1128 1842 1190 1881 ea
1231 1827 1485 1881 exhibete
1535 1841 1657 1896 qua:
1686 1827 1753 1881 de
1778 1825 1938 1882 stadii
1966 1824 2131 1880 divini
2165 1814 2207 1874 Β
2236 1823 2361 1905 boni
2413 1824 2640 1879 minoris
2685 1834 2885 1895 partes.
2932 1823 3037 1883 Sed
3080 1838 3133 1881 et
3179 1827 3281 1882 hoc
3306 1868 3320 1892 ,
3369 1828 3512 1897 quod
3541 1830 3673 1884 dicit
3706 1847 3720 1883 :
3757 1826 3827 1884 1η

541 1935 702 1975 cursu
751 1919 929 1975 adhuc
974 1917 1220 1989 proferre
1264 1918 1447 1988 cupio.
1497 1916 1732 1973 Maxima
1781 1917 1983 1973 etenim
2035 1930 2125 1972 res

540 2011 738 2068 exinde
779 2010 926 2066 valet
971 2010 1246 2081 intelligi,
1295 2020 1459 2079 quam
1500 2007 1653 2078 juxta
1709 2009 1951 2065 scientia}
1994 2023 2129 2064 mea:

540 2107 866 2179 parvitatem
919 2105 1080 2176 cupio
1128 2105 1283 2159 vobis
1330 2103 1678 2173 aliquatenus
1722 2102 2024 2166 denudare,
2070 2109 2128 2154 ut

539 2197 882 2268 postmodum
911 2197 1209 2253 intentione
1241 2194 1433 2265 majwri
1464 2209 1584 2252 eam
1615 2192 1840 2249 valeatis
1869 2207 2121 2264 perscru-

545 2290 671 2346 tari.

1165 2375 1394 2433 ClPUT
1430 2376 1495 2433 ll.

543 2471 681 2539 Quot
721 2471 827 2527 sint
862 2456 1181 2524 currentium
1220 2470 1449 2539 species,
1490 2476 1538 2523 et
1575 2484 1679 2540 quo
1719 2466 1874 2522 modo
1917 2465 2127 2521 cuilibet

873 2541 1190 2596 currendum
1224 2541 1312 2606 ait,
1344 2540 1391 2594 si
1421 2549 1556 2595 recte
1583 2547 1783 2592 currat.
1852 2602 1857 2607 ο

615 2656 723 2714 Sed
754 2665 817 2712 ut
843 2654 1056 2712 facilius
1081 2669 1144 2710 ea
1190 2667 1311 2724 quae
1353 2654 1478 2709 inde
1505 2652 1751 2709 dicturus
1775 2665 1895 2706 sum
1928 2650 1981 2706 in
2011 2665 2127 2706 me-

540 2750 717 2807 moria
741 2748 990 2811 teneatis,
1017 2747 1195 2818 primo
1223 2745 1441 2815 quidem
1472 2744 1597 2815 quis
1625 2745 1697 2801 sit
1726 2760 1919 2801 cursus
1947 2745 2130 2815 cujus-

540 2842 672 2898 libet
700 2840 989 2911 specialis,
1039 2839 1232 2893 deinde
1261 2852 1393 2894 vero
1439 2838 1562 2909 quis
1591 2836 1858 2909 generalis
1883 2877 1898 2903 ,
1947 2837 2129 2893 dicere

541 2933 846 3003 aggrediar.
896 2930 1068 2986 Aliter
1111 2943 1347 3000 namque
1394 2944 1619 2986 currere
1662 2929 1880 2996 debent,
1920 2928 2011 2999 qui
2062 2929 2128 2983 ad

545 3025 860 3082 numastica:
891 3024 1014 3081 vitze
1039 3023 1431 3097 professionem
1462 3022 1814 3093 confugiunt,
1853 3022 2012 3077 aliter
2036 3022 2126 3090 qui

542 3118 598 3173 in
625 3114 869 3172 saeculari
897 3116 1007 3171 vita
1036 3115 1363 3179 censistnnt,
1394 3114 1552 3168 aliter
1573 3121 1817 3182 pastores
1843 3120 1896 3166 et
1918 3110 2129 3178 indices

2230 1914 2383 1968 domo
2410 1913 2588 1970 Patris
2610 1916 2710 1970 mei
2732 1917 3026 1972 mansiones
3049 1918 3228 1973 multa:
3246 1928 3367 1973 sunt
3394 1920 3578 1989 (Joan.
3605 1936 3714 1985 xrv,
3740 1921 3824 1992 Ξ),

2230 2008 2547 2065 meritorum
2597 2010 2941 2067 diversitates
2984 2010 3243 2066 ostendit.
3292 2012 3371 2066 Ex
3420 2011 3617 2082 quibus
3662 2013 3827 2067 colli-

2230 2102 2375 2174 gitur
2425 2103 2551 2173 quia
2601 2119 2707 2158 non
2759 2103 2932 2160 solum
2972 2103 3334 2174 spiritualium
3383 2104 3690 2169 hominum,
3726 2105 3827 2173 qui

2230 2208 2329 2265 per
2372 2207 2536 2247 aurea
2582 2202 2636 2247 et
2688 2201 2943 2265 argentea
2993 2208 3147 2258 vasa,
3183 2193 3551 2263 Optimumque
3584 2202 3824 2263 partem,

2229 2286 2322 2341 sed
2374 2287 2536 2342 etiam
2591 2287 2967 2353 satcnlarinm,
3032 2286 3123 2356 qui
3190 2300 3288 2357 per
3332 2286 3507 2357 lignea
3569 2297 3626 2341 et
3683 2286 3829 2341 ficti-

2230 2376 2324 2441 lia,
2353 2377 2686 2448 minorisqne
2749 2378 2875 2433 boni
2957 2388 3139 2450 partes
3219 2377 3640 2448 significantur,
3700 2394 3824 2433 ser-

2229 2469 2377 2523 vitus
2424 2469 2729 2524 necessaria
2778 2469 2843 2525 sit
2900 2470 2952 2525 in
3000 2478 3184 2525 sancta
3234 2469 3521 2537 Ecclesia,
3571 2486 3694 2540 qna:
3739 2479 3828 2525 est

2228 2559 2424 2613 sutnmi
2445 2558 2717 2629 principis
2744 2559 2954 2614 domus.
3000 2560 3125 2615 lltec
3151 2570 3357 2626 autem,
3391 2559 3588 2616 fratres
3617 2562 3826 2616 charis-

2229 2651 2371 2717 sitni,
2407 2651 2527 2707 ideo
2548 2652 2675 2715 dixi,
2712 2662 2771 2707 ut
2808 2653 2893 2709 his
2927 2656 3016 2724 qui
3051 2655 3106 2709 in
3135 2654 3377 2710 saeculari
3406 2655 3516 2710 vita
3565 2655 3667 2710 rite
3695 2672 3824 2711 con-

2232 2755 2524 2804 versantur
2568 2748 2853 2803 ostendam
2925 2749 3271 2819 aliqnomodo
3329 2764 3488 2821 posse
3535 2766 3661 2807 cum
3720 2753 3826 2821 spi-

2231 2836 2515 2893 ritualibus
2568 2838 2702 2893 viris
2763 2839 2817 2893 in
2893 2839 3028 2910 legis
3096 2839 3291 2895 divinae
3343 2841 3522 2895 stadio
3589 2856 3824 2895 concur-

2233 2944 2397 2997 rere,
2459 2938 2515 2985 et
2568 2931 2812 2986 caelestia
2884 2931 3091 3001 gaudia"
3148 2931 3469 3002 promereri.
3543 2931 3603 2986 Si
3673 2934 3821 2987 enim

2222 3019 2377 3089 juxta
2428 3020 2745 3077 substantia:
2793 3037 2904 3078 suae
2954 3022 3175 3078 modum
3239 3038 3503 3094 pauperes
3567 3039 3824 3079 recreare

2231 3111 2504 3174 studeant,
2534 3111 2580 3165 si
2614 3111 2855 3168 fraudem
2884 3114 3085 3169 nullam
3133 3115 3186 3169 in
3213 3114 3543 3186 agricultura
3571 3115 3824 3170 commit-

542 3209 831 3275 Ecclesiae,
873 3208 1032 3263 aliter
1073 3207 1163 3278 qni
1201 3206 1398 3261 litteris
1430 3203 1619 3259 imbuti
1667 3202 2005 3271 Scripturam
2033 3217 2124 3255 sa-
2153 3185 2197 3247 C
2233 3207 2386 3265 tant,
2431 3201 2692 3256 terminos
2728 3202 2982 3272 antiquos
3010 3185 3497 3275 transgredientes,
3550 3206 3594 3261 si
3639 3220 3822 3259 rerum

542 3315 692 3357 cram
721 3299 901 3373 legere
929 3298 1103 3355 solent
1137 3317 1150 3353 :
1184 3298 1403 3369 quidam
1449 3310 1581 3353 vero
1625 3310 1817 3351 cursus
1865 3304 1948 3350 cst
1985 3295 2124 3361 talis,

541 3401 603 3447 nt
629 3392 788 3448 simul
819 3391 1110 3447 conveniat
1139 3389 1412 3444 omnibus.

615 3485 719 3553 Qui
774 3485 827 3539 in
878 3485 988 3539 vita
1041 3480 1343 3538 monastica
1389 3488 1799 3537 commorantur
1847 3476 2128 3531 attendere

543 3578 739 3634 debent
771 3576 898 3648 quia
930 3577 1033 3632 hoc
1062 3574 1204 3647 quod
1245 3574 1530 3629 Psalutisla
1558 3587 1623 3627 ex
1648 3587 1879 3642 persona
1915 3571 2124 3625 Domini

543 3672 674 3728 dicit
699 3678 712 3726 ὲ
752 3669 963 3735 Vncate,
985 3680 1031 3724 et
1061 3669 1223 3724 ridete
1250 3668 1495 3738 quoniam
1521 3681 1613 3737 ego
1638 3683 1753 3720 sum
1779 3665 1915 3719 Deus
1949 3662 2123 3735 (l’snl.

544 3777 667 3827 ην,
700 3760 811 3832 ll),
840 3759 943 3815 illis
974 3757 1280 3829 specialiter
1304 3755 1506 3813 dictum
1536 3765 1637 3809 est.
1669 3755 1770 3824 Ipsi
1798 3753 1943 3808 enim
1978 3762 2127 3806 tanto

540 3853 663 3924 plus
692 3849 906 3908 caeteris
934 3865 1129 3905 vacare
1160 3859 1213 3904 et
1239 3847 1422 3903 videre
1467 3846 1661 3901 debent
1705 3847 1832 3917 quid
1864 3845 1932 3899 sit
1961 3841 2123 3909 Deus,

540 3954 747 4016 quanto
803 3945 981 3999 minus
1039 3940 1391 3996 saecularibus
1454 3938 1601 3994 curis
1663 3946 2025 4008 premuntur,
2072 3941 2127 3989 et

542 4044 746 4107 quanto
777 4036 1065 4091 certiorem
1095 4032 1297 4087 victum
1329 4040 1383 4086 ct
1413 4030 1666 4087 vestitum
1695 4027 1912 4098 aliaque
1940 4041 2127 4081 neces-

543 4130 688 4184 saria
710 4144 771 4182 ex
800 4126 1135 4198 impcnsione
1154 4126 1424 4197 communi
1451 4132 1652 4180 statuta
1677 4120 1893 4177 habent.
1923 4118 2127 4177 Vacat‘c

544 4231 722 4275 autem
749 4228 803 4275 et
829 4219 1014 4274 videre
1040 4232 1161 4288 qua:
1204 4217 1311 4272 sint
1357 4215 1558 4282 divina,
1591 4213 1721 4269 nihil
1752 4212 1897 4267 aliud
1929 4210 2126 4266 intelli-

542 4314 742 4380 gimus,
774 4311 875 4366 nisi
909 4308 1343 4379 contemplativm
1388 4307 1511 4362 vita:
1559 4304 1969 4378 perfectionem,
2006 4318 2127 4373 qua:

543 4402 793 4456 mnsistit
830 4400 882 4455 in
914 4399 1130 4471 vigiliis,
1164 4398 1216 4453 in
1247 4398 1516 4461 castitate,
1550 4397 1601 4450 in
1624 4394 1864 4466 jejnniis,
1914 4391 1967 4447 in
1996 4393 2128 4448 cha-

543 4494 727 4557 titate,
758 4493 811 4547 in
842 4498 1149 4561 contemptu
1178 4490 1452 4545 satcularis
1481 4504 1644 4551 curm,
1674 4488 1727 4541 in
1760 4486 2040 4557 patientia,
2073 4485 2124 4538 in

541 4583 872 4646 humilitate,
905 4583 958 4636 in
997 4582 1327 4647 obedientia,
1358 4579 1409 4634 in
1440 4579 1769 4649 benignitate
1799 4589 1850 4633 et
1876 4579 1927 4632 in
1960 4588 2125 4633 επηο-

544 4677 622 4731 ris
673 4673 962 4730 virtutibus
986 4714 1000 4739 ,
1052 4686 1171 4742 qua:
1226 4670 1538 4740 frequenter
1574 4669 1626 4723 in
1658 4667 1939 4738 Scriptura
1972 4668 2126 4721 sacra

544 4774 1059 4821 commemorantur.
1102 4761 1339 4818 Pcusarc
1368 4760 1530 4815 etiam
1577 4759 1771 4813 debent
1821 4757 2129 4828 spirituales

546 4859 645 4913 viri
677 4868 727 4912 ct
757 4857 987 4919 fctninar,
1023 4855 1147 4924 quia
1173 4854 1312 4908 sicut
1342 4851 1546 4922 lapides
1577 4850 1797 4921 pretiosi
1835 4865 1933 4921 pro
1964 4852 2129 4904 totius

544 4951 764 5006 fauriem
808 4948 1091 5020 praecipuae
1136 4956 1329 5000 ornatu
1380 4940 1670 5013 ponuntur.
1702 4941 1776 4996 ita
1814 4951 1867 4996 et
1897 4941 1993 5011 ipsi
2030 4956 2127 5011 pro

544 5052 864 5099 cunctorum
910 5041 964 5096 in
1010 5048 1196 5096 sancta
1259 5035 1496 5092 Ecclesia
1546 5035 1854 5105 degentium
1905 5033 2128 5105 specnio

543 5135 704 5207 positi
756 5140 928 5196 sunt,
979 5140 1040 5184 ut
1088 5129 1141 5183 in
1192 5143 1381 5183 eorum
1430 5127 1772 5196 aliquatenus
1807 5124 2129 5195 inSpieiatur

546 5224 838 5299 sanctitate
886 5221 1013 5290 quid
1050 5219 1119 5275 dc
1163 5218 1341 5273 divina
1384 5216 1711 5273 credendum
1761 5215 1831 5271 sit
1868 5215 2124 5286 puritate.

544 5314 683 5369 Nam
730 5314 783 5368 in
836 5310 1004 5366 nimio
1055 5310 1186 5365 solis
1233 5309 1521 5378 splendore
1588 5320 1875 5377 possumus
1918 5304 2128 5361 discere

532 5415 711 5450 =mtam
778 5397 848 5450 sit
916 5398 1177 5450 immensa
1230 5395 1617 5450 omninotentis
1672 5393 1765 5448 Dei
1815 5390 2058 5448 Charitas
2109 5411 2124 5448 :

2229 3303 2455 3343 suarum
2512 3290 2754 3345 decimas
2800 3292 3041 3347 tribuant
3091 3311 3104 3346 :
3157 3295 3200 3348 si
3251 3308 3310 3349 se
3357 3308 3388 3347 a
3430 3292 3823 3349 meretricibus

2227 3379 2567 3444 contineant,
2599 3390 2653 3437 et
2685 3381 2817 3436 liciti
2863 3384 3195 3439 matrimonii
3232 3385 3476 3455 copulam
3506 3394 3821 3454 sequentes,

2227 3472 2281 3526 in
2308 3472 2755 3542 Quadragesitna,
2787 3481 2843 3527 et
2884 3473 2936 3527 in
2968 3474 3092 3530 aliis
3125 3472 3349 3542 jejuniis
3381 3474 3683 3544 antiquitus
3711 3485 3822 3530 sta-

2229 3563 2379 3625 tutis,
2429 3577 2527 3617 nec
2573 3577 2678 3616 non
2716 3562 2769 3616 in
2815 3561 3027 3619 festivis
3059 3566 3396 3633 temporibus
3438 3579 3468 3618 a
3498 3563 3823 3633 conjugibns

2227 3656 2577 3720 abstineant,
2627 3655 2672 3709 si
2722 3654 2865 3711 filios
2912 3657 2980 3712 ad
3029 3658 3277 3712 timorem
3328 3670 3682 3727 amoremque
3727 3653 3822 3711 Dei

2227 3746 2522 3812 instruant,
2563 3744 2609 3799 si
2659 3745 2837 3815 turpia
2888 3754 2943 3801 et
2974 3745 3261 3801 inhonesta
3312 3745 3516 3801 ludicra
3556 3745 3822 3811 devitent,

2224 3837 2268 3894 si
2301 3835 2535 3891 fideliter
2563 3835 2649 3892 his
2678 3837 2877 3906 quibus
2906 3836 3107 3892 subditi
3153 3845 3280 3891 sunt
3309 3836 3516 3891 servire
3542 3835 3819 3900 studeant,

2226 3929 2273 3984 si
2322 3928 2444 3983 illas
2496 3928 2810 3998 incongrua:
2857 3942 3061 3983 rasurae
3104 3937 3161 3983 et
3208 3928 3539 3983 tnonstruosi
3590 3928 3816 3982 restitns

2226 4036 2422 4091 nugas,
2479 4035 2599 4090 qua:
2634 4020 2848 4086 noviter
2874 4035 2902 4075 a
2926 4020 3245 4090 quibusdam
3274 4020 3614 4076 stultissimis
3640 4004 3811 4074 homi-

2226 4112 2387 4167 nibus
2409 4112 2642 4166 iuventte
2674 4111 2756 4166 vel
2793 4109 2970 4165 allata-2
2999 4123 3128 4167 sunt
3158 4110 3287 4174 huc,
3321 4109 3580 4181 abjiciant
3607 4120 3813 4180 (pecea-

2229 4211 2345 4255 tum
2392 4216 2626 4272 namque
2657 4216 2914 4272 magnum
2953 4210 3041 4256 est
3091 4201 3233 4271 turpi
3266 4209 3322 4255 et
3366 4200 3579 4255 insolita
3628 4214 3823 4254 rasura

2232 4293 2317 4348 vel
2346 4293 2540 4348 vestitu
2575 4292 2868 4361 incedere),
2914 4293 2958 4347 si
2997 4292 3139 4347 ritus
3167 4292 3397 4363 gentiles
3421 4290 3741 4360 auguriandi
3767 4292 3820 4344 in

2238 4386 2405 4442 rebus
2441 4386 2609 4441 variis
2642 4399 2867 4456 prorsus
2895 4392 3339 4450 contemnentes,
3373 4383 3735 4438 universalem
3760 4381 3822 4435 ll-

2232 4478 2318 4533 dci
2350 4477 2722 4533 sinceritatem
2749 4516 2764 4542 ,
2793 4484 3056 4545 quantum
3088 4474 3347 4544 possibile
3386 4483 3472 4530 est
3502 4472 3818 4537 illitteratis,

2232 4568 2395 4625 coudc
2446 4574 2666 4623 teneant
2714 4566 2798 4621 :si
2829 4606 2844 4633 ,
2894 4566 3065 4622 Deum
3114 4574 3226 4620 tota
3283 4566 3483 4619 virtute
3511 4565 3817 4633 diligentes,

2235 4662 2449 4720 cunctis
2474 4676 2596 4733 qua:
2625 4660 2905 4730 possident
2947 4667 3284 4729 prati-ponant,
3333 4658 3565 4714 celerem
3597 4672 3819 4712 cursum

2233 4765 2399 4828 agunt
2441 4769 2562 4809 cum
2608 4752 2731 4806 aliis
2772 4753 2838 4806 ad
2888 4752 3053 4805 Deum
3087 4749 3453 4805 currentibus.
3490 4748 3819 4803 Dicoetiam

2234 4849 2408 4901 adhuc
2443 4844 2644 4914 aliquid
2695 4841 2973 4912 amplioris
3022 4841 3231 4911 gratim,
3264 4855 3371 4895 non
3418 4853 3485 4894 ex
3526 4852 3646 4893 mea
3678 4854 3819 4908 prat-

2232 4939 2559 5006 sumptinne,
2595 4934 2688 4990 sed
2739 4948 2805 4990 cx
2837 4932 3034 4989 divinae
3060 4932 3284 5003 pietatis
3323 4922 3713 4985 consolatione.
3762 4927 3821 4982 Si

2229 5027 2356 5098 quid
2387 5026 2442 5082 in
2475 5028 2559 5082 bis
2587 5026 2863 5091 omnibus,
2903 5036 3024 5094 quae
3064 5023 3178 5093 jam
3201 5021 3460 5086 diximus,
3523 5019 3822 5091 fragilitate

2230 5119 2468 5174 humana
2510 5117 2706 5174 devicti
2738 5113 3106 5186 peccaverint,
3152 5124 3208 5168 et
3251 5110 3823 5181 continuopmuitew

2228 5209 2357 5262 tiam
2385 5218 2608 5280 agentes
2652 5208 2762 5263 Deo
2787 5202 3166 5272 sacerdotique
3191 5216 3291 5257 suo
3318 5199 3570 5256 confiteri
3597 5214 3825 5256 curave-

2232 5299 2362 5365 rint,
2395 5299 2551 5353 venia
2596 5296 2861 5367 promissa
2892 5304 2975 5348 est
3004 5292 3132 5357 illis,
3175 5298 3472 5346 attestante
3500 5304 3564 5345 ac
3609 5289 3826 5345 dicente

2239 5394 2498 5450 nmnbcta
2533 5407 2547 5446 :
2585 5390 2644 5446 Si
2675 5391 2867 5450 impius
2910 5386 3068 5450 egerit
3098 5384 3451 5450 pmniteutiam
3480 5382 3547 5437 ab
3581 5383 3825 5437 omnibus
