3998 5450
200 356 288 425 ιδ

1338 371 1469 428 LIB.
1507 370 1600 425 ne
1634 334 1863 425 censu
1906 360 2313 435 SPlﬂlTUALl.

3348 382 3454 459 ita

214 478 264 533 Si
294 493 418 546 trito
466 491 672 541 tantam
720 486 947 558 gratiam
998 497 1292 558 sequentes
1331 489 1622 545 saeculares
1665 484 1767 541 viri
1799 486 1845 545 Α
1871 486 2024 554 juxta
2054 489 2395 548 Psa‘mistam
2439 493 2710 551 dicentem
2765 509 2780 548 :
2831 493 2995 565 Spero
3033 496 3088 551 in
3134 496 3360 554 Domino
3402 511 3449 554 et

196 590 306 630 cum
341 575 601 644 operibus
650 579 806 634 bouis
852 581 913 637 in
953 580 1114 650 hujus
1155 582 1277 637 vitm
1319 582 1495 638 stadio
1521 595 1765 648 currant,

196 664 244 717 in
268 662 427 718 domo
452 664 637 721 Patris
666 669 865 723 summi
904 686 1026 726 cum
1049 674 1265 729 caeteris
1290 673 1495 731 Christi
1518 675 1768 743 ﬁdelibus

197 759 412 807 teter-nas
439 757 752 811 mansiones
774 758 1113 817 obtinebunt.

254 842 434 910 Qualis
461 847 628 900 etiam
667 863 860 906 cursus
888 853 1196 922 specialiter
1223 858 1461 930 agendus
1486 859 1559 915 sit
1588 869 1767 930 pasto-

199 935 329 992 ribus
354 944 408 990 et
437 939 751 996 rectoribus
790 940 1072 1009 Ecclesiae,
1110 946 1224 1015 jam
1271 950 1519 1006 volumus
1562 938 1761 1008 dicere.

199 1029 265 1085 Ad
298 1029 442 1097 ipsos
485 1034 694 1103 quippe
720 1035 921 1091 dictum
951 1048 1037 1093 est
1070 1057 1082 1091 :
1115 1040 1324 1112 Diligitc
1346 1043 1608 1114 justitiam
1633 1088 1646 1109 ,
1675 1050 1765 1112 qui

199 1121 423 1181 'utdicatis
448 1135 652 1183 terram
693 1127 850 1199 (Sep.
875 1144 914 1193 t,
940 1131 1014 1199 l).
1058 1131 1164 1186 Et:
1212 1133 1446 1200 Quwritc
1475 1139 1760 1207 judicium,

198 1214 440 1270 subvenite
455 1234 730 1286 oppresso.
746 1220 987 1288 judicate
1001 1222 1220 1291 pupillo,
1248 1226 1509 1296 deicndite
1530 1229 1763 1295 viduam,

194 1312 234 1355 ct
260 1305 413 1359 uenite
462 1317 513 1359 et
552 1311 762 1379 arguit:
800 1327 902 1376 me,
929 1312 1056 1367 dicit
1099 1313 1356 1373 Dominus
1384 1317 1520 1388 (lsa.
1558 1336 1615 1384 ι,
1651 1321 1761 1391 17).

195 1393 260 1448 llli
287 1395 563 1467 denique,
594 1416 719 1454 cum
764 1417 867 1457 non
914 1404 1087 1459 solum
1137 1423 1239 1479 pro
1284 1409 1416 1471 suis,
1456 1412 1551 1466 sed
1598 1412 1762 1467 etiam

195 1501 278 1555 pro
303 1499 627 1545 cunctorum
676 1492 777 1547 sibi
808 1497 1221 1555 commissorum
1264 1500 1476 1557 delictis
1506 1502 1764 1558 reddituri

195 1578 289 1631 sint
315 1576 429 1634 Deo
463 1583 756 1648 rationem,
804 1587 1030 1657 amplius
1061 1605 1223 1661 quam
1269 1593 1373 1649 dici
1407 1596 1577 1665 possit
1622 1597 1765 1652 iudi-

196 1679 302 1738 gent
328 1679 420 1733 ut,
451 1672 658 1746 jugiter
686 1679 1029 1737 attendentes
1068 1683 1193 1753 quia
1233 1686 1316 1741 cui
1358 1686 1479 1756 plus
1514 1689 1766 1744 comunit-

196 1763 324 1826 titur,
360 1763 493 1833 plus
531 1767 601 1822 ab
632 1784 698 1824 eo
744 1771 1002 1842 exigitur,
1046 1775 1141 1832 sed
1171 1786 1226 1831 et
1271 1777 1402 1833 illud
1446 1780 1762 1835 :Jndicium

1868 581 1956 650 [ac
1995 582 2275 637 bonitatem
2304 583 2478 652 (Psul.
2519 602 2703 652 xxxvi,
2728 587 2821 657 '5);
2852 598 2907 643 et
2936 590 3131 657 iterum
3161 608 3175 645 :
3221 590 3451 649 l’irilitcr

1868 689 1986 741 age,
2034 684 2080 728 et
2123 674 2449 743 confortctnr
2492 693 2584 732 cor
2629 688 2801 743 (imm,
2834 690 2881 733 et
2925 681 3125 735 sustine
3165 680 3448 740 Dominum

1869 762 2041 833 (Psal.
2088 781 2233 828 xxvi,
2275 766 2381 834 Η).
2412 767 2725 825 clamaverit
2756 770 2822 824 ad
2869 769 3177 837 Dominum,
3203 788 3305 828 nec
3349 790 3463 847 au-_

1868 855 2030 911 dierit
2060 859 2332 913 daemones
2359 860 2846 916 circumvenientes
2873 871 2927 917 et
2958 864 3300 935 increpantes
3326 881 3448 919 eum

1868 956 1925 1001 ut
1973 958 2167 1013 taceat,
2214 959 2322 1003 stat
2346 950 2502 1007 Jesus
2529 960 2584 1007 et
2614 953 2744 1007 dicit
2784 955 2858 1018 ei,
2903 956 3044 1012 sicut
3090 964 3145 1011 et
3175 957 3450 1029 quondam

1868 1052 2012 1093 casco
2052 1040 2125 1095 illi
2155 1042 2221 1097 de
2256 1059 2365 1113 quo
2390 1045 2443 1099 in
2473 1043 2766 1117 Evangelia
2793 1047 2990 1101 dicitur
3017 1066 3029 1103 :
3061 1047 3202 1113 Quid
3244 1049 3338 1101 tibi
3378 1052 3453 1104 ris

1869 1128 2107 1198 faciam?l
2132 1130 2284 1202 (Luc.
2324 1149 2476 1198 xvttt,
2504 1135 2620 1207 41.)
2654 1136 2912 1204 Quamvis
2944 1139 3087 1193 cnim
3119 1155 3223 1194 non
3260 1140 3461 1211 audiam

1870 1237 1991 1292 mus
2015 1238 2201 1283 vocem
2230 1225 2465 1292 Domini,
2487 1228 2630 1284 sicut
2659 1229 2747 1284 ille
2770 1245 2945 1285 εωοιιε
2972 1231 3201 1305 audivit,
3229 1232 3468 1307 credere

1872 1317 2051 1365 tamen
2100 1311 2360 1369 debemus
2404 1314 2650 1371 eamdem
2692 1317 2926 1385 gratiam
2978 1318 3134 1374 nobis
3184 1319 3451 1389 prmstari,

1867 1416 1989 1471 qum
2017 1413 2072 1459 et
2121 1403 2219 1474 ipsi
2248 1405 2490 1473 prtestita
2518 1414 2622 1472 est,
2668 1408 2712 1463 si
2745 1407 2848 1463 hoc
2891 1409 3123 1479 petimus
3149 1410 3294 1479 quod
3340 1412 3455 1479 ipse

1867 1494 2045 1562 petiit,
2080 1494 2132 1549 id
2158 1504 2261 1560 est,
2290 1506 2344 1549 nt
2374 1496 2644 1553 videamus
2674 1497 2887 1573 (Ibid.).
2936 1499 3044 1555 Sed
3072 1501 3198 1570 quia
3232 1515 3329 1571 per
3353 1502 3457 1567 hoc

1869 1585 2081 1642 visibile
2110 1584 2316 1657 lumen,
2350 1589 2492 1659 quod
2534 1590 2627 1655 ille
2650 1592 2826 1662 petiit,
2858 1591 3162 1663 intelligere
3190 1592 3455 1649 debemus

1870 1675 2161 1743 invisibile,
2208 1679 2261 1733 id
2311 1688 2395 1734 est
2445 1680 2780 1752 spiritualem
2824 1682 3108 1743 scientiam
3138 1724 3155 1749 ,
3205 1683 3454 1740 eamdem

1868 1782 2086 1840 semper
2122 1767 2378 1842 appetere
2407 1773 2684 1842 debemus,
2716 1784 2777 1830 ut
2833 1776 2935 1833 hac
2977 1777 3230 1834 instructi
3261 1786 3452 1858 contra

194 1854 524 1912 durissimum
550 1860 606 1913 in
634 1860 716 1916 his
740 1864 829 1934 qni
859 1877 1114 1935 pransum.
1164 1868 1253 1937 ﬁet
1297 1869 1446 1941 (Sep.
1485 1887 1558 1936 τι,
1588 1872 1665 1942 6).
1714 1884 1769 1929 et

1874 1861 2188 1929 spirituales
2228 1874 2283 1919 et
2318 1864 2620 1923 invisibiles
2670 1867 2859 1925 hostes
2901 1879 3111 1927 certare
3151 1854 3457 1925 valeamus.

193 1948 324 2017 cujtts
350 1952 436 2005 rei
465 1955 791 2011 vocabulum
815 1971 1005 2029 gerant
1028 1962 1232 2033 (pastor
1255 1966 1400 2022 enim
1426 1982 1456 2022 a
1481 1972 1761 2041 pascendo,

192 2051 238 2094 et
263 2052 431 2097 rector
459 2060 490 2099 a
521 2048 745 2117 regendo
774 2052 952 2108 dictus
981 2065 1081 2121 est,
1113 2067 1337 2126 pascant
1362 2068 1417 2114 et
1446 2072 1631 2131 regant
1662 2062 1765 2124 sibi

192 2136 499 2193 commissos
570 2139 624 2194 in
690 2143 958 2213 veritate,
1006 2160 1164 2219 prout
1210 2152 1408 2222 cuique
1449 2156 1769 2224 agnoverint

193 2242 306 2294 opus
328 2244 482 2297 esse,
517 2233 690 2291 elatos
713 2236 906 2306 impios
934 2244 1254 2311 reprimant.
1290 2247 1521 2304 bundles
1550 2260 1605 2304 et
1637 2250 1765 2305 reli-

193 2319 381 2389 giosos,
415 2338 685 2396 pauperes
709 2329 1090 2405 simplicesque
1114 2335 1451 2395 defendendo
1481 2341 1765 2398 extollant.

197 2408 502 2471 Recolentes
531 2432 783 2489 quoque,
833 2424 958 2493 quia
1002 2427 1094 2495 qui
1147 2427 1200 2483 in
1232 2431 1351 2486 vice
1394 2432 1593 2489 Christi
1642 2445 1771 2491 sunt

196 2505 364 2570 positi,
399 2507 684 2589 Christum
729 2513 929 2570 debent
968 2517 1190 2585 imitari,
1224 2522 1294 2576 ita
1342 2523 1526 2578 vivant
1552 2534 1612 2580 ut
1642 2527 1769 2581 unl-

198 2593 288 2649 lum
316 2601 504 2667 pravis
538 2606 807 2675 exemplis
838 2624 1192 2682 corrumpant
1233 2617 1315 2672 vel
1346 2633 1441 2687 per
1476 2619 1768 2677 elationem

197 2703 301 2755 qua:
327 2692 667 2764 principibus
715 2697 971 2759 facillime
1003 2705 1269 2775 subrepit,
1301 2709 1383 2764 vel
1413 2726 1510 2780 per
1538 2713 1768 2768 vestium

196 2781 584 2850 pra-cipuarum
637 2788 1065 2858 superﬂuitatem
1112 2810 1233 2865 qua:
1290 2813 1321 2851 a
1373 2799 1620 2869 plurimis
1671 2818 1773 2860 nec

199 2871 432 2965 creditur
450 2889 579 2932 esse
601 2889 906 2948 peccatum,
932 2898 1038 2940 non
1066 2888 1470 2949 attendentibus
1521 2898 1666 2965 quod
1716 2896 1770 2952 in

199 2961 479 3058 Evangelio
505 2968 687 3042 legant
716 2973 867 3030 illum
888 2976 1131 3044 divitem,
1159 2980 1246 3037 hic
1270 2997 1507 3054 purpura
1533 2961 1589 3040 et
1609 2987 1772 3058 bysso

200 3053 457 3149 indutum,
501 3061 555 3116 in
599 3063 815 3121 inferno
848 3070 1113 3140 sepultum
1129 3073 1280 3144 (Luc.
1315 3076 1423 3145 Vl);
1456 3077 1541 3133 vel
1563 3053 1659 3149 per
1692 3080 1774 3135 fa-

200 3144 476 3242 miliarium
502 3167 797 3221 pravorum
824 3161 1073 3230 consilia,
1096 3180 1191 3221 seu
1221 3182 1318 3237 per
1337 3144 1623 3225 avaritiam
1656 3187 1773 3242 qum

1865 1951 1969 2022 ipsi
2002 1953 2234 2025 denique
2264 1956 2452 2012 tandiu
2489 1957 2752 2015 resistunt
2783 1968 2837 2017 et
2866 1960 3151 2035 increpant
3189 1975 3290 2017 nos
3318 1960 3459 2015 mul-

1869 2045 2086 2103 timodis
2138 2047 2546 2114 tentatiOnibus,
2579 2051 2817 2122 quandiu
2849 2052 3185 2110 arbitrantur
3220 2066 3319 2108 nos
3361 2068 3456 2107 va-

1868 2136 2040 2193 nitate
2069 2136 2249 2210 aliqua
2278 2138 2461 2193 seduci
2493 2154 2676 2210 posse.
2706 2141 2932 2199 Vanitas
2963 2153 3146 2198 autem
3191 2136 3373 2201 omnis
3398 2151 3457 2197 et

1864 2228 2115 2285 Otiositas
2147 2229 2293 2285 nullo
2322 2231 2481 2291 modo
2526 2231 2739 2288 facilius
2780 2244 3066 2303 superatur
3093 2250 3256 2305 quam
3286 2248 3458 2291 sacrit:

1868 2318 2121 2377 lectionis
2148 2323 2357 2388 studio;
2400 2324 2527 2395 quia
2576 2323 2704 2378 dum
2748 2325 2818 2379 ibi
2854 2325 3144 2395 inspicitur
3172 2342 3293 2396 qua:
3328 2341 3456 2396 pec-

1868 2421 1991 2481 cata
2037 2414 2274 2469 animam
2304 2423 2513 2468 tantum
2546 2414 2806 2484 polluant,
2854 2416 2927 2471 ιη’
2946 2416 3152 2472 minuta
3195 2426 3253 2473 et
3281 2417 3454 2473 inevi-

1872 2506 2059 2570 tabila,
2091 2507 2157 2561 de
2186 2508 2383 2576 quibus
2422 2506 2683 2577 scriptum
2729 2516 2812 2563 est
2845 2525 2858 2561 :
2909 2507 2978 2563 In
3013 2507 3193 2562 multis
3228 2508 3455 2578 offendi-

1869 2614 1986 2653 mus
2041 2615 2220 2655 omnes
2249 2598 2390 2669 (Jac.
2442 2615 2499 2655 tu
2530 2639 2545 2665 ,
2588 2599 2679 2671 2);
2710 2615 2830 2670 quae
2874 2601 3039 2656 etiam
3072 2601 3284 2673 penitus
3334 2617 3455 2657 eam

1869 2690 2158 2761 perditioni
2194 2690 2427 2755 tradant,
2476 2698 2537 2745 ut
2581 2691 2833 2760 capitalia
2876 2692 3126 2757 crimina,
3153 2692 3460 2766 quibusque

1871 2782 2049 2836 ιικκῆε
2074 2780 2264 2836 eadem
2294 2790 2576 2848 curentur,
2619 2782 2783 2837 timor
2813 2781 2904 2837 Dei
2934 2782 2986 2837 iu
3018 2781 3247 2853 legentis
3275 2783 3459 2841 animo

1872 2873 2139 2938 nascitur,
2167 2882 2223 2929 et
2249 2873 2500 2931 diabolus
2526 2873 2762 2951 fugatur.
3142 2926 3145 2931 ,
3304 2924 3307 2929 ,

1943 2966 2049 3022 Sed
2082 2975 2138 3022 et
2166 2966 2296 3039 illud
2328 2967 2400 3023 ibi
2429 2967 2659 3025 discitur
2700 2968 2841 3037 quod
2871 2969 3060 3040 utique
3088 2967 3460 3049 necessarium

1872 3066 1958 3113 est
1999 3059 2275 3124 omnibus,
2318 3058 2406 3113 vel
2452 3074 2514 3115 se
2563 3058 2648 3115 vel
2691 3060 2828 3129 alios
2875 3075 3063 3129 rqgere
3090 3060 3458 3127 -volentibus;

1873 3075 1958 3113 est
1999 3075 2275 3124 omnibus,
2318 3075 2406 3113 vet
2452 3075 2514 3115 se
2563 3075 2648 3115 vet
2691 3075 2828 3129 auos
2875 3077 2901 3114 r
2972 3077 3063 3116 ere
3090 3075 3458 3127 -v01enuuus;

1873 3151 2001 3221 quia
2034 3167 2140 3207 non
2174 3150 2349 3208 solum
2385 3168 2485 3223 pro
2513 3153 2755 3224 peccatis
2785 3075 2988 3236 ηοειξε
3015 3153 3299 3210 diabolica:
3345 3166 3463 3211 teu—

202 3235 247 3291 in
269 3247 470 3299 tantum
502 3245 763 3316 plurimos
792 3261 1031 3312 rectores
1058 3264 1167 3313 tam
1191 3235 1593 3319 θεριθείεειεοοε
1614 3235 1774 3334 φέρι,
1804 3246 1850 3310 C
1882 3241 2101 3298 tationis
2126 3241 2403 3334 molestias
2428 3243 2685 3314 patimur,
2713 3244 2807 3299 sed
2852 3235 3015 3300 etiam
3046 3242 3166 3300 ideo
3193 3252 3249 3300 ut
3281 3244 3460 3303 omni-

200 3329 473 3390 saeculares
502 3334 783 3395 obctemre
831 3342 991 3409 solet,
1034 3356 1094 3401 ut
1143 3364 1367 3405 munera
1400 3366 1567 3423 super
1615 3329 1793 3419 inuoo,

202 3426 373 3515 centes
402 3424 676 3496 accipiant
715 3444 1045 3504 causamque
1066 3435 1293 3504 iustitiae
1324 3457 1429 3496 non
1463 3444 1767 3515 requirant,

202 3510 288 3565 sed
333 3517 519 3571 omnia
571 3520 814 3579 habeant
867 3528 1083 3584 venalia
1150 3534 1445 3590 secundum
1508 3510 1779 3606 speranda

204 3604 430 3668 pecuniae
478 3607 643 3665 dona.
700 3611 851 3669 Talia
899 3616 1064 3688 igitur
1109 3633 1398 3680 sequentes
1446 3604 1553 3683 non
1605 3626 1778 3684 solum

208 3690 296 3762 ipsi
324 3698 547 3755 minime
575 3704 642 3759 ad
671 3706 916 3765 caelestia
954 3724 1206 3779 currunt,
1234 3720 1328 3772 sed
1355 3726 1410 3773 et
1443 3717 1580 3774 alios
1606 3732 1782 3775 exem-

208 3782 301 3852 plis
336 3789 446 3846 suis
493 3792 815 3864 impediunt.
860 3800 1181 3876 Quicunque
1219 3824 1349 3867 vero
1397 3826 1670 3872 rectorum
1716 3826 1781 3870 ea

210 3888 315 3973 qua:
340 3879 403 3934 ad
428 3894 743 3955 susceptum
776 3892 1012 3964 regimen
1043 3899 1337 3968 pertinent,
1372 3918 1534 3975 agere.
1559 3911 1782 3970 studue—

211 3976 325 4033 runt,
354 3986 467 4061 non
497 3975 632 4038 mihi
663 3993 799 4048 opus
827 3992 910 4038 est
942 3984 1126 4043 dicere
1151 4006 1321 4059 quam
1358 3996 1630 4057 salubrem
1657 4019 1782 4061 cur-

214 4069 315 4162 sum
346 4060 564 4131 iaciant,
592 4071 722 4138 quid
756 4071 808 4127 in
860 4076 966 4132 boc
1010 4093 1342 4141 mereantur.
1389 4088 1494 4159 lpsi
1546 4110 1780 4169 namque

213 4151 392 4259 optime
415 4158 594 4215 sciunt
620 4172 677 4218 et
713 4165 982 4226 bonorum
1011 4176 1254 4242 praemia,
1286 4188 1345 4234 et
1372 4151 1636 4241 malorum

215 4254 322 4295 nam
366 4246 628 4319 ruituram,
673 4264 728 4311 et
759 4261 1012 4328 quoniam
1038 4265 1372 4336 diligentibus
1403 4272 1571 4329 Deum
1604 4246 1781 4335 omnia

213 4344 538 4431 cooperantur
568 4344 626 4398 in
658 4345 851 4405 bonum
878 4350 1052 4422 (llam.
1083 4370 1201 4424 vin,
1227 4358 1341 4431 28).
1369 4361 1476 4418 Sed
1499 4367 1782 4425 satisltinc

215 4420 413 4484 dictum.

805 4535 1035 4594 CAPUT
1070 4540 1152 4599 Ill.

292 4607 554 4704 Quomodo
577 4637 794 4680 cursum
820 4642 974 4704 suum
1003 4629 1275 4689 instituant
1298 4636 1389 4704 qui
1412 4632 1688 4694 sacrarunt

450 4689 751 4747 lirtcrarum
775 4697 1049 4754 scientiam
1074 4689 1339 4759 consecuti
1364 4689 1505 4762 sunt.

272 4792 552 4869 Curramus
579 4820 727 4863 nunc
753 4807 1051 4876 aliorsum,
1077 4814 1321 4872 dicentes
1354 4818 1590 4887 qualiter
1639 4819 1778 4878 bene

214 4892 411 4944 currere
437 4893 653 4951 valeant
675 4898 768 4967 qui
803 4896 1147 4969 Scriptorum
1167 4922 1382 4963 sacram
1411 4907 1637 4981 legendo
1668 4911 1777 4968 ire-

212 4989 467 5042 qaeutant.
516 4987 799 5060 Inprimis
838 4991 1024 5059 itaque
1080 4999 1338 5057 convenit
1387 5001 1467 5070 eis
1493 5003 1775 5059 attendere

212 5078 263 5122 ιιι
296 5072 343 5128 in
375 5079 792 5155 quibuscunque
814 5081 972 5147 ,vitiis
1004 5101 1062 5143 se
1091 5080 1549 5162 reprehensibiles
1577 5094 1777 5151 exinde

208 5171 535 5235 cognoverint
574 5173 882 5231 emendare
909 5178 1170 5239 studeant.
1202 5183 1259 5239 Si
1282 5184 1428 5241 enim
1459 5200 1554 5254 pro
1589 5185 1775 5257 hujus-

364 5262 656 5294 ίιιΙΛσιΙῖΑ-ιιι
706 5280 772 5294 οιΑ
803 5263 875 5294 ιιι.
906 5262 1051 5294 Ιηηη..
1065 5273 1125 5294 .Ι--
1222 5291 1228 5293 Α
1272 5292 1277 5293 γ
1296 5292 1321 5293 νγ
1346 5292 1353 5293 κ
1376 5292 1379 5293 ν
1404 5290 1430 5294 ..

1878 3332 1982 3388 bus
2022 3336 2239 3389 easdem
2291 3333 2564 3392 molestias
2607 3334 2936 3406 patientibus
2982 3335 3215 3405 compati
3245 3343 3302 3390 et
3327 3349 3463 3391 eon-

1880 3423 2063 3481 dolere
2095 3424 2354 3484 sciamus.
2396 3424 2502 3482 Pro
2544 3440 2651 3495 qua
2693 3442 2752 3481 re
2781 3433 2836 3480 et
2860 3425 3309 3481 sanctus-Petrus
3332 3441 3465 3497 apo-

1876 3517 2053 3576 stolus
2133 3518 2447 3588 priusquam
2508 3527 2711 3574 sanctae
2778 3518 3037 3575 Ecclesia:
3089 3521 3459 3591 praeferretur,

1879 3610 2178 3681 permissus
2220 3618 2303 3666 est
2340 3609 2581 3680 graviter
2617 3610 2953 3682 delinquere.
3001 3612 3155 3669 Umle
3198 3612 3402 3669 audivit
3428 3628 3461 3668 a

1881 3704 2113 3761 Domino
2159 3722 2175 3759 :
2220 3705 2287 3759 Et
2316 3714 2373 3760 tu
2407 3705 2693 3777 aliquando
2717 3722 3016 3774 conversus,
3048 3706 3301 3776 conﬁrma
3344 3705 3485 3776 [ram

1880 3806 1984 3851 tres
2011 3805 2128 3851 tuos
2159 3795 2311 3868 (Luc.
2334 3812 2473 3865 xxu,
2514 3797 2629 3869 32).
2674 3796 2916 3868 Cumque
2942 3798 3059 3854 lucc
3083 3808 3245 3868 atque
3268 3795 3355 3853 bis
3384 3795 3462 3851 si-
3528 3812 3541 3821 ε

1881 3887 2029 3943 milia
2058 3888 2113 3943 in
2163 3887 2444 3958 Scriptura
2491 3902 2651 3947 sacra
2699 3887 2885 3958 legens
2933 3904 2992 3944 se
3028 3878 3321 3946 emendare
3347 3898 3466 3954 stu-

1881 3980 2078 4044 duerit,
2110 3987 2237 4035 tunc
2266 3979 2578 4050 aperientur
2605 3978 2657 4034 ei
2701 3978 3247 4047 hominisiuterioris
3295 3976 3463 4042 oculi,

1879 4079 1936 4127 et
1975 4060 2284 4142 intelligens
2301 4084 2424 4147 (pta:
2451 4085 2727 4141 nunquam
2756 4079 2918 4133 antea
2946 4070 3226 4135 intellexit,
3261 4080 3371 4127 tam
3390 4070 3457 4127 in

1881 4160 2183 4232 Scripturis
2229 4177 2395 4233 quam
2424 4162 2479 4217 in
2522 4161 2645 4217 aliis
2686 4163 3127 4229 rebus,,miratur-
3158 4164 3302 4233 quod
3350 4173 3459 4218 tam

1881 4255 2079 4315 surdus
2108 4264 2272 4326 atque
2298 4269 2476 4311 caecus
2504 4256 2775 4311 hactenus
2801 4255 2963 4313 fuerit
2982 4295 2999 4320 ,
3028 4255 3257 4326 ideoque
3290 4257 3464 4328 magis

1880 4362 1948 4402 ac
1975 4347 2149 4418 magis
2177 4347 2231 4402 in
2278 4345 2510 4402 lectione
2548 4361 2708 4403 sacra
2754 4346 3068 4416 proﬁciens,
3096 4346 3190 4418 qui
3218 4346 3368 4418 prius
3401 4348 3465 4405 ti:-

1876 4454 2037 4513 Fmens
2062 4453 2133 4495 ne
2156 4440 2466 4511 puniretur,
2488 4453 2588 4510 pro
2616 4441 2719 4496 hac
2753 4438 3094 4495 solummodo
3120 4454 3285 4496 causa
3312 4438 3463 4509 legit,

1881 4531 2116 4601 qualiter
2144 4544 2245 4600 pro
2260 4531 2410 4587 vitiis
2428 4534 2756 4607 perpetratis
2780 4531 2992 4590 veniam
3020 4541 3463 4601 consequeretur,

1805 4599 1861 4661 Ῑ)
1887 4599 2015 4682 tunc
2043 4638 2233 4703 amare
2262 4599 2659 4695 eincipiens'ob.
2680 4624 2783 4680 hoc
2826 4624 2988 4686 etiam
3021 4599 3247 4688 lectitat,
3295 4633 3351 4677 ut
3380 4640 3467 4678 sa-

1884 4716 2101 4787 pientia:
2141 4716 2470 4789 pietatisque
2515 4717 3010 4775 divinmmiracula
3047 4729 3328 4788 agnoscat,
3371 4731 3469 4786 gu-

1884 4818 2142 4880 stansque
2168 4822 2332 4878 quam
2361 4807 2549 4865 suavis
2566 4817 2652 4864 est
2677 4808 2942 4865 Dominus
2968 4805 3142 4878 (Paul.
3160 4821 3358 4881 sunt,
3388 4806 3467 4878 tl),

1870 4900 1938 4973 in
1968 4902 2087 4975 lege
2107 4903 2227 4975 ejus
2252 4902 2656 4960 meditaturldie
2682 4918 2749 4960 ac
2776 4913 2938 4961 nocte
2976 4899 3151 4971 (Psal.
3193 4918 3236 4967 ι.
3254 4900 3336 4972 2),
3386 4901 3463 4956 ita

1882 5003 1944 5051 ut
1963 5012 2068 5053 non
2094 4996 2268 5055 solum
2301 4996 2354 5051 in
2384 4995 2611 5055 historia
2649 5006 2704 5052 et
2730 4996 3019 5071 superﬁcie
3046 4996 3332 5055 verborum
3366 4993 3438 5047 im

1883 5097 2164 5158 moretur,
2218 5088 2312 5144 sed
2374 5087 2538 5142 etiam
2587 5088 2818 5158 mystica
2894 5102 3075 5158 rerum
3127 5089 3465 5140 sacramenta

1866 5191 2179 5248 .scrutetur,
2194 5194 2315 5250 qua:
2329 5179 2567 5235 maxime
2578 5177 2633 5237 in
2651 5178 2864 5243 Veteris
2875 5174 3208 5236 Testamenti
3229 5172 3462 5231 lectione

2929 5286 3040 5294 κη...
3091 5272 3140 5294 ε..
3171 5265 3385 5294 ΠιιηῗοΙΛ
3411 5272 3465 5294 ρο

1884 5290 1999 5294 ..-_-,
2048 5285 2058 5289 -
2145 5285 2232 5294 .--κ
2298 5285 2369 5294 ...ε
2413 5285 2644 5294 ..Α-..ηιοΔ
2684 5288 2762 5294 -..μ
