3998 5450
539 361 644 420 m
722 366 731 437 ς
794 415 800 425 .

1601 348 1901 417 OTHLONI
1942 354 2247 415 unuscui
2282 357 2340 414 s.
2380 359 2801 417 EMMERAMMI

3707 359 3807 417 με

539 485 684 531 tanta
703 458 1042 532 discretione
1072 472 1280 545 prolata
1328 472 1662 540 continetur,
1711 483 1768 529 ut
1794 474 1849 529 in
1890 472 2116 545 quibus-
2143 468 2190 529 A
2218 466 2678 541 bonorum,'nuuc
2702 491 2829 532 vero
2855 474 3140 531 deterrens
3165 489 3262 547 per
3282 475 3491 548 lapsum
3513 472 3803 541 maiorum,

533 567 660 624 dam
696 568 897 649 omnes
947 566 1234 637 sanandos
1281 564 1558 621 instruens
1598 566 1666 621 ad
1707 582 1772 621 se
1817 567 2020 630 trahat,
2063 565 2118 619 in

535 660 857 733 quibusdam
891 676 1022 719 vero
1068 676 1259 718 omnes
1306 658 1579 735 perituros
1628 660 1949 736 increpans;
1993 674 2117 725 cum

535 767 596 810 se
627 764 736 809 tam
768 751 951 810 subtili
982 755 1193 811 ratione
1218 760 1500 826 cerreptos
1530 771 1630 813 nec
1657 752 1937 812 attendere
1962 771 2123 811 cura-

530 847 731 914 verint,
753 861 857 909 nec
879 849 1312 915 etnendaverint,
1328 847 1474 917 juste
1502 848 1840 905 damnandos
1864 865 2117 920 praenun-

529 937 649 994 tiet.

606 1029 714 1087 Sed
752 1030 905 1102 prius
934 1030 1315 1089 salvandorum
1346 1033 1525 1103 aliqua
1554 1049 1817 1104 ponamus
1850 1033 2116 1106 exempla,

531 1123 728 1180 deinde
764 1125 1169 1183 consideremus
1213 1127 1335 1181 alia.
1382 1126 1440 1181 In
1470 1126 1704 1201 Abt-alue
1750 1144 1985 1199 namque
2014 1128 2121 1184 ﬁde

527 1227 586 1274 et
611 1217 921 1276 obedientia
944 1235 1132 1277 omnes
1158 1219 1342 1277 ﬁdeles
1357 1229 1412 1275 et
1438 1221 1754 1278 obedientes
1771 1222 1882 1278 suis
1909 1236 2117 1292 praece-

524 1311 634 1381 ptis
665 1308 903 1366 instruit.
933 1309 991 1365 ln
1028 1310 1221 1381 Ioseph
1263 1320 1318 1365 et
1347 1310 1610 1367 Susanna:
1635 1313 1907 1377 castitate,
1931 1326 2120 1367 omnes

528 1408 729 1458 castos.
752 1399 932 1463 anOb
958 1402 1241 1472 patientia,
1264 1417 1454 1458 omnes
1480 1404 1769 1474 patientes.
1792 1402 1848 1457 In
1873 1402 2122 1472 plurimis

529 1491 825 1549 virtutibus
845 1502 900 1548 et
918 1493 1258 1548 documentis
1274 1493 1442 1565 Moysi
1465 1493 1661 1564 populo
1674 1509 1771 1549 suo
1784 1493 1989 1563 praelati
2006 1509 2122 1549 om-

530 1598 630 1639 nes
654 1582 929 1656 praelatos.
946 1584 1004 1639 in
1033 1595 1261 1655 utroque
1283 1585 1473 1649 'l‘obia,
1499 1595 1651 1656 patre
1671 1585 1879 1641 scilicet
1898 1596 1951 1651 et
1987 1586 2118 1653 ﬁlio,

525 1674 581 1730 in
605 1683 759 1747 patre
776 1668 993 1745 quidem
1009 1675 1212 1747 optime
1242 1676 1469 1732 docente
1498 1676 1691 1753 ﬁlium,
1719 1677 1770 1731 in
1808 1663 1919 1732 ﬁlio
1940 1686 2121 1732 autem

522 1765 807 1824 obediente
830 1763 931 1838 per
956 1768 1138 1823 omnia
1165 1767 1306 1839 patri
1334 1781 1523 1822 omnes
1548 1777 1755 1838 patres,
1782 1775 1836 1820 et
1862 1767 2001 1822 ﬁlios
2025 1782 2125 1837 per

2222 565 2303 619 s'c
2349 565 2582 620 curratis
2627 566 2680 620 in
2728 565 3011 636 praesentis
3042 566 3167 622 vita:
3207 567 3383 624 stadio
3429 575 3701 637 quatenus
3741 564 3808 621 ad

2219 663 2438 717 arteriis:
2465 655 2753 715 felicitatis
2769 656 3017 716 bravium
3041 659 3327 731 pervenire
3346 656 3593 716 valeatis.

2825 774 3054 834 CAPUT
3100 776 3190 833 Ν.

2222 864 2361 934 Quot
2406 877 2456 924 et
2482 867 2905 944 ouante/ﬁrmis
2947 868 3071 928 bene
3102 869 3356 944 currendi
3400 869 3717 944 documenta
3756 877 3805 925 et

2290 941 2525 1009 exwtpla
2552 944 2604 996 in
2632 941 2828 997 Deinde
2856 944 3069 1014 ejusque
3093 941 3354 999 Psalterio
3384 941 3756 1016 reperiantur.‘

2288 1028 2406 1084 1am
2443 1032 2675 1087 diximus
2706 1048 2876 1102 pauca
2921 1035 2987 1089 de
3018 1033 3357 1106 profectuoso
3387 1051 3571 1099 cursu,
3623 1035 3715 1106 qui
3750 1035 3804 1091 in

2220 1118 2434 1177 Veteris
2466 1122 2799 1180 Testamenti
2851 1125 3086 1182 lectione
3132 1134 3313 1197 potest
3361 1127 3468 1199 agi.
3517 1124 3629 1182 Sed
3678 1126 3804 1197 quia

2220 1213 2397 1268 adhuc
2423 1213 2600 1285 aliqua
2634 1216 2830 1271 exinde
2855 1215 2986 1272 libet
3029 1216 3290 1287 proferre,
3323 1233 3608 1273 curramus
3662 1233 3806 1273 nunc

2221 1305 2289 1359 ad
2316 1316 2560 1361 sanctum
2591 1307 2925 1377 psalmistam
2953 1309 3143 1374 David,
3177 1308 3230 1364 in
3260 1324 3368 1379 quo
3403 1309 3548 1364 Deus
3590 1307 3807 1364 loeutus

2220 1406 2304 1455 est
2332 1405 2480 1452 tanta
2512 1400 2791 1470 mysteria.
2836 1407 2987 1455 tanta
3014 1400 3274 1456 beneﬁcia
3325 1410 3588 1471 tantaque
3615 1400 3810 1455 salutis

2223 1492 2565 1558 documenta,
2593 1502 2653 1548 ut
2679 1494 2730 1548 in
2764 1493 2855 1549 illo
2881 1509 2990 1550 uno
3014 1495 3192 1550 cuncti
3230 1494 3418 1550 ﬁdeles
3447 1493 3806 1550 sufﬁcientem

2222 1583 2520 1638 doctrinam
2562 1583 2763 1639 habere
2790 1584 3015 1654 possint.
3048 1584 3182 1639 Nam
3222 1594 3421 1655 prmter
3446 1584 3559 1648 illa,
3593 1600 3719 1654 qua:
3742 1583 3809 1638 de

2223 1694 2289 1734 eo
2318 1677 2371 1732 in
2410 1677 2615 1748 Regum
2642 1678 2781 1732 libro
2812 1677 3143 1742 referuntur,
3167 1678 3258 1734 ubi
3289 1688 3343 1733 et
3371 1677 3505 1747 lapsi
3538 1678 3591 1732 in
3616 1674 3619 1681 ’
3640 1675 3812 1732 scele-

2224 1770 2374 1824 ribus
2404 1769 2739 1824 multimodis
2766 1769 2831 1823 ad
2863 1769 3211 1824 obtinendam
3241 1769 3453 1824 veniam
3485 1767 3811 1824 confortan-

524 1856 835 1927 ltujusmodi
883 1857 1187 1915 doctrinam
1238 1866 1294 1915 et
1334 1859 1699 1915 obedientiam
1746 1860 2021 1914 admonet.
2056 1857 2111 1912 lu
2146 1841 2190 1901 Β
2222 1871 2329 1922 tur,
2361 1870 2417 1916 et
2461 1869 2667 1915 stantes
2698 1861 2930 1930 quadam
2977 1869 3359 1930 argumentosa
3406 1858 3620 1915 ratione
3666 1859 3810 1912 utin

521 1949 713 2005 talium
743 1950 909 2021 igitur
950 1951 1191 2007 virorum
1221 1952 1515 2007 virtutibus
1533 1965 1724 2007 omnes
1755 1950 1933 2005 adhuc
1958 1958 2109 2006 stan—
2217 1953 2376 2009 bonis
2404 1963 2756 2024 perseverent
2779 1953 3015 2008 maxime
3045 1953 3368 2016 incitantur,
3397 1967 3496 2021 per
3520 1951 3626 2006 hoc
3659 1950 3811 2006 scili-

521 2053 606 2100 tes
641 2041 818 2113 ad_se
857 2040 1080 2099 trahens
1129 2042 1389 2099 Dominus
1432 2042 1688 2098 admonet
1742 2051 1798 2097 et
1845 2042 2115 2111 promittit
2214 2053 2323 2112 cet,
2353 2046 2480 2115 quia
2511 2045 2650 2100 Dens
2678 2044 3058 2115 peccatoribus
3088 2045 3368 2100 conversis
3417 2051 3626 2097 tantam
3682 2058 3812 2112 gra-

520 2145 582 2192 nt
609 2135 654 2191 si
680 2133 733 2190 in
761 2135 963 2191 eisdem
988 2134 1279 2191 virtutibus
1304 2134 1707 2205 permanserint
1732 2173 1747 2199 ,
1798 2149 1904 2188 non
1936 2132 2112 2188 solum
2150 2148 2169 2173 ο
2215 2137 2346 2192 tiam
2377 2135 2626 2192 conferre
2652 2136 2906 2207 dignatur
2930 2152 2945 2200 ;
2975 2136 3145 2189 multo
3174 2135 3345 2205 magis
3372 2134 3459 2189 his
3487 2133 3810 2196 miseretur,

520 2227 579 2282 in
609 2227 712 2283 hoc
738 2227 936 2284 saeculo
964 2227 1216 2296 gratiam,
1248 2227 1343 2283 sed
1383 2226 1546 2283 etiam
1594 2226 1646 2283 in
1676 2225 1859 2281 futuro
1888 2225 2111 2296 prmmia

521 2327 725 2374 aeterna
776 2319 1098 2390 percipiant.
1160 2319 1215 2374 in
1269 2319 1349 2374 eis
1398 2327 1599 2381 autem,
1651 2318 1742 2390 qui
1790 2333 1887 2390 pro
1936 2317 2112 2387 negli-

519 2407 701 2479 gentia
756 2408 841 2464 vel
889 2410 1162 2479 superbia,
1212 2424 1310 2464 seu
1356 2423 1454 2479 pro
1505 2400 1915 2478 q’uibuscunque
1963 2407 2112 2462 vitiis

518 2500 695 2573 puniti
770 2501 1025 2572 leguntur
1099 2501 1153 2556 in
1218 2498 1401 2558 Veteri
1448 2501 1856 2564 Testamento,
1921 2513 2112 2555 omnes

520 2591 687 2648 simul
734 2592 1070 2663 negligentes
1131 2600 1189 2647 et
1253 2591 1472 2662 superbi
1543 2591 1773 2661 aliisque
1826 2586 1973 2644 vitiis
2018 2589 2112 2644 de-

518 2680 617 2736 diti
686 2680 834 2737 nunc
902 2681 1273 2752 corripiuntur
1342 2690 1400 2737 et
1466 2688 1912 2753 prmxndnentur,
1958 2688 2018 2737 ut
2061 2679 2109 2736 si

518 2788 582 2831 se
646 2789 753 2831 non
820 2775 1269 2841 emendaverint,
1320 2775 1472 2847 justo
1536 2777 1629 2832 Dei
1688 2777 1895 2848 judicio
1946 2754 2105 2832 reter-

517 2862 721 2920 naliter
790 2878 851 2919 se
916 2866 1217 2937 puniendos
1285 2866 1482 2922 sciant.
1558 2866 1615 2922 In
1685 2865 1801 2922 Heli
1876 2880 2111 2938 namque

520 2955 822 3013 sacerdotis
874 2956 1194 3029 negligentis
1241 2972 1368 3013 casu
1414 2972 1603 3014 omnes
1651 2957 1811 3013 simul
1865 2949 2109 3028 pastores

517 3046 854 3120 negligentes
916 3049 1175 3105 Dominus
1241 3048 1437 3121 arguit.
1520 3049 1578 3105 ln
1655 3051 2108 3105 murmurantium

521 3154 589 3195 ac
646 3140 1043 3211 impatientium
1099 3140 1331 3197 ﬁliorum
1380 3140 1548 3197 Israel
1599 3142 1924 3197 contritione
1986 3157 2107 3198 om-

2212 2227 2305 2297 qui
2335 2240 2399 2282 sei
2420 2226 2762 2282 centinentes
2789 2225 3119 2280 immaculati
3152 2225 3204 2279 in
3233 2226 3319 2278 via
3366 2223 3580 2279 Domini
3626 2236 3815 2294 perse-

2214 2327 2444 2382 verant;
2477 2318 2600 2386 quis
2628 2331 2890 2372 enarrare
2924 2313 3154 2370 sufﬁciat
3184 2330 3247 2370 ea
3296 2313 3647 2377 documenta,
3687 2322 3816 2381 qute‘

2213 2408 2267 2462 in
2290 2406 2555 2462 Psalterio
2577 2407 2798 2477 reperiri
2820 2406 3088 2477 possunt?
3109 2408 3166 2461 lu
3191 2421 3294 2476 qua
3319 2405 3573 2471 lectione,
3598 2418 3811 2474 quaeso,

2214 2502 2486 2557 invenitur
2519 2503 2692 2573 major
2739 2501 3056 2567 aediﬁcatio,
3101 2516 3262 2570 quam
3316 2501 3370 2555 in
3416 2498 3664 2570 p;altnis,
3717 2497 3813 2550 ubi

2213 2593 2541 2649 multimoda:
2562 2602 2619 2649 et
2651 2594 2841 2649 orandi
2863 2603 2919 2648 et
2943 2592 3170 2648 docendi
3201 2591 3482 2648 sententia:
3512 2589 3810 2652 habentur,

2212 2688 2304 2743 ubi
2334 2688 2509 2743 modis
2534 2687 2697 2743 variis
2744 2700 2972 2756 persona
3020 2684 3231 2760 Domini
3262 2699 3360 2739 nos
3396 2681 3680 2752 arguentis
3723 2678 3810 2733 vel

2214 2776 2550 2836 consolantis
2576 2778 2833 2844 infertur,
2865 2777 2955 2832 ubi
2987 2774 3218 2831 humiles
3236 2785 3291 2829 et
3320 2787 3587 2845 pauperes
3607 2771 3809 2841 spiritu

2213 2886 2548 2935 recreantur,
2581 2873 2671 2929 ubi
2712 2873 2864 2944 pravi
2896 2880 3135 2926 rectores
3165 2878 3219 2924 et
3257 2868 3471 2939 judices
3508 2882 3539 2920 a
3572 2864 3812 2920 Domino

2212 2968 2581 3036 increpantur,
2614 2966 2703 3022 ubi
2731 2964 3012 3020 conversis
3054 2971 3111 3016 et
3140 2960 3530 3032 prenit‘entibns
3560 2958 3808 3012 maxima

2212 3057 2532 3128 spesvenire
2552 3056 2906 3126 promittitur,
2922 3052 3101 3122 impiis
3126 3061 3306 3106 autem
3330 3059 3386 3105 et
3406 3047 3815 3120 negligentibus

2212 3164 2361 3204 mors
2389 3158 2593 3204 acterna
2628 3145 3029 3202 denuntiatur?
3073 3144 3314 3211 Quorum
3355 3143 3518 3197 etiam
3568 3140 3812 3210 plurima

518 3244 621 3288 nes
676 3230 1032 3304 impatientes
1097 3232 1347 3291 admonet
1421 3241 1482 3288 ut
1544 3240 1932 3288 convertantur
1955 3273 1970 3296 ,
2039 3248 2107 3289 ne
2134 3219 2181 3284 ο
2216 3249 2325 3293 tam
2360 3247 2547 3308 aperte
2580 3237 2928 3305 breviterque
2957 3233 3324 3303 proferuntur,
3354 3241 3415 3286 ut
3452 3229 3597 3285 nulla
3644 3243 3813 3283 exeu-

516 3322 716 3381 similia
737 3323 1032 3394 patiantur.
1057 3323 1112 3379 in
1142 3323 1635 3380 Nabuchodonosor
1652 3324 1793 3395 regis
1809 3323 2107 3379 lloloferni-

522 3430 630 3485 que
660 3415 747 3471 sui
775 3416 925 3472 ducis
956 3416 1327 3492 superbissimi
1361 3416 1764 3486 compressione
1788 3430 1978 3471 omnes
2020 3430 2111 3470 su—
2178 3414 2193 3459 ’ί

517 3504 716 3577 perbos
743 3507 1014 3578 print-ipes
1032 3507 1241 3578 judic‘at
1284 3507 1736 3583 comprimendos.
1778 3506 1833 3562 in
1865 3506 2112 3563 Sodomi-

519 3604 696 3652 tarum
723 3604 777 3653 et
803 3587 1280 3656 Gomdrrltteorum
1309 3600 1545 3668 pessime
1578 3597 1960 3654 foruicantiuvm
1983 3598 2113 3654 subv-

517 3691 768 3747 versione
789 3704 977 3748 omnes
998 3691 1052 3746 in
1077 3691 1265 3747 eodem
1295 3692 1524 3747 crimine
1544 3692 1901 3762 pordurantes
1929 3699 2112 3745 osten-

519 3782 603 3837 dit
662 3781 983 3852 puniendos.
1046 3783 1102 3838 In
1165 3782 1473 3839 Salomonis
1523 3782 1665 3854 regis
1724 3781 2109 3852 sapientissimi

524 3875 797 3944 apostasia
824 3876 889 3930 ad
922 3890 1111 3931 omnes
1142 3876 1362 3941 clamat,
1395 3891 1461 3931 ne
1486 3876 1608 3946 quis
1652 3875 1952 3946 prudentia:
1999 3888 2111 3930 suae

518 3968 800 4024 conﬁdens
821 3969 905 4026 vel
932 3969 1111 4041 aiiqua
1135 3970 1274 4027 dona
1307 3971 1487 4027 divina
1527 3956 1735 4027 meritis
1781 3971 1895 4026 suis
1940 3971 2111 4039 depu-

520 4068 645 4115 tans
677 4061 737 4115 in
760 4052 1005 4119 errorem
1030 4062 1262 4118 similem
1287 4064 1482 4118 cadere
1511 4063 1878 4134 permittatur.
1916 4061 1974 4117 In
2003 4061 2113 4118 Ab-

518 4150 689 4210 salom
718 4153 1012 4209 maximam
1037 4155 1180 4226 patri
1228 4154 1480 4226 iniuriam
1520 4154 1903 4218 machinantis,
1951 4161 2007 4208 et
2055 4154 2109 4208 in

522 4242 752 4300 duorum
776 4243 1021 4316 judicum
1050 4254 1239 4302 contra
1284 4244 1587 4302 Susannam
1625 4243 1818 4301 falsum
1863 4246 2111 4300 testimo-

519 4337 671 4393 nium
699 4332 1090 4409 proferentium
1119 4338 1487 4405 damnatione,
1520 4339 1731 4395 cunctis
1752 4337 1875 4394 ﬁliis
1900 4346 1951 4393 et
1967 4338 2111 4409 judi-

523 4428 678 4485 cibus
704 4429 1025 4487 terribiliter
1050 4430 1271 4493 iudicat,
1301 4430 1425 4500 quia
1449 4431 1494 4485 si
1524 4429 1719 4487 similia
1751 4429 1804 4484 in
1832 4438 2107 4500 parentes,

515 4519 605 4577 vel
627 4519 680 4576 in
709 4520 954 4578 subditos
975 4522 1433 4592 gerant,similem
1458 4537 1669 4592 quoque
1681 4516 2105 4586 damnationem,

516 4611 623 4669 nisi
651 4613 972 4684 ptenitentia
1010 4610 1274 4685 condigna
1312 4616 1752 4683 emendaverint,
1805 4616 2102 4670 incurrant.

592 4698 742 4758 Talia
771 4718 903 4775 ergo
932 4718 1039 4758 non
1068 4706 1292 4773 propter
1320 4703 1438 4759 illos
1461 4705 1817 4770 solummodo,
1857 4705 1947 4775 qni
1979 4709 2107 4761 tunc

518 4791 759 4849 damnati
785 4802 934 4857 sunt,
963 4804 1260 4850 evenerunt
1285 4811 1301 4860 ;
1338 4796 1432 4850 sed
1463 4795 1623 4850 etiam
1646 4805 1864 4864 propter
1893 4795 2106 4850 illorum

520 4883 935 4950 correctionem,
961 4885 1051 4955 qui
1068 4885 1119 4940 in
1139 4894 1378 4956 tempore
1404 4874 1655 4957 praesenti
1680 4895 2105 4951 commorantur,

517 4975 662 5033 sicut
688 4985 744 5031 et
777 4976 1069 5047 ApoStoius
1106 4979 1173 5033 de
1218 4978 1577 5048 quorumdam
1628 4978 1974 5045 antiquorum
2020 4976 2106 5030 inc

516 5065 682 5096 Ωιι-ἶ...
710 5064 918 5096 ῘΛΛιιΙηο
950 5068 1024 5096 τιῗο
1057 5085 1071 5096 ι
1102 5066 1226 5096 "non
1257 5068 1430 5096 δικ-..3η
1461 5067 1516 5096 ἔκ
1550 5067 1713 5096 Βηιηη-
1743 5064 2104 5096 ιυικίῖωιυιιιηκο

2213 3328 2353 3385 satio
2382 3329 2701 3400 ignorantia:
2730 3322 3368 3395 litteratistrelinquatur.

2284 3424 2350 3479 Et
2377 3430 2435 3476 ut
2464 3422 2578 3476 hare
2625 3421 2696 3474 ita
2727 3433 2848 3473 esse
2878 3416 3189 3487 probemus,
3239 3415 3423 3483 aliqua
3467 3412 3535 3467 de
3562 3409 3811 3481 pra'fatis

2213 3512 2499 3572 sententiis
2549 3509 2795 3579 exempla
2853 3509 2944 3563 bic
2990 3512 3273 3576 ponamus.
3310 3503 3484 3571 Quem
3524 3516 3659 3572 ergo
3706 3515 3810 3570 pro

2212 3604 2448 3681 peccatis
2477 3606 2591 3660 suis
2620 3592 3078 3673 intimas‘pre‘ces
3099 3598 3346 3669 proferre
3388 3596 3641 3658 delectat,
3675 3609 3809 3649 nus-

2212 3712 2372 3769 quam
2401 3699 2608 3767 aptiora
2638 3697 2703 3750 ad
2726 3695 2827 3749 hoc
2866 3694 3026 3748 verba
3064 3692 3268 3745 invenit
3294 3703 3455 3758 quam
3482 3687 3596 3741 haec
3628 3695 3760 3740 sunt
3788 3698 3806 3737 :

2213 3791 2464 3848 Miserere
2485 3790 2604 3855 mei,
2634 3787 2792 3850 Deus,
2814 3785 3099 3840 secundum
3121 3797 3363 3852 magnam
3385 3778 3810 3833 misericordiam

2212 3893 2361 3938 tuam
2389 3880 2562 3953 (Psal.
2599 3896 2689 3945 ιιι,
2724 3877 2796 3945 1³).
2827 3878 2892 3932 Et
2923 3895 2936 3931 :
2983 3874 3184 3929 Delicta
3221 3872 3515 3943 juventu'lis
3554 3887 3704 3931 meae,
3757 3878 3809 3923 et

2211 3973 2536 4042 ignorantias
2570 3985 2805 4024 measue
2826 3967 3119 4021 memineris
3153 3962 3326 4036 (Psat.
3371 3977 3519 4027 xxrv,
3562 3961 3638 4031 7).
3692 3959 3755 4014 Et
3788 3977 3804 4013 :

2212 4062 2444 4132 Adjutor
2492 4077 2637 4116 meus
2669 4068 2816 4126 esto,
2873 4056 3142 4120 Domine;
3184 4070 3249 4109 ne
3297 4051 3632 4120 derelinquas
3678 4065 3804 4114 me,

2213 4171 2375 4225 neque
2394 4154 2650 4224 despicias
2677 4168 2779 4215 me,
2807 4152 2967 4215 Deus,
2994 4147 3246 4203 salutaris
3275 4161 3421 4200 meus
3446 4141 3622 4213 (Psal.
3647 4157 3802 4206 xxvi,

2212 4247 2290 4317 9).
2323 4246 2637 4318 littjusmodi
2662 4254 2843 4300 autern
2879 4241 3205 4304 orationem,
3231 4253 3392 4309 quam
3426 4235 3803 4305 unusquisque

2212 4354 2311 4409 pro
2334 4355 2393 4394 se
2434 4339 2551 4409 ipso
2600 4336 2879 4392 effundere
2923 4342 3121 4402 potest,
3160 4330 3351 4400 psalmi
3402 4327 3588 4399 plures
3626 4326 3801 4382 conti-

2212 4436 2360 4483 nent.
2395 4426 2450 4481 Si
2481 4442 2609 4482 vero
2639 4440 2736 4494 pro
2764 4424 2988 4478 aliorum
3034 4421 3206 4476 salute
3235 4418 3601 4475 communiter
3643 4427 3802 4469 orare

2212 4518 2563 4582 voluerimus,
2596 4518 2757 4571 verba
2805 4510 3156 4568 nihilominus
3188 4514 3255 4566 ad
3286 4512 3390 4565 hoc
3418 4510 3706 4579 aptissima
3748 4508 3802 4559 iu

2212 4612 2294 4666 eis
2343 4611 2664 4673 invenimus,
2690 4617 2746 4661 ut
2774 4624 2788 4660 :
2815 4605 3029 4662 Saluum
3075 4605 3161 4674 {ac
3193 4603 3443 4673 populum
3476 4612 3653 4665 tuum,
3696 4600 3802 4653 Da.

2210 4704 2373 4764 mine,
2400 4711 2446 4754 et
2469 4699 2677 4753 benedic
2698 4696 2993 4751 Iurreditati
3020 4704 3143 4756 tute,
3174 4701 3280 4748 etc.
3314 4689 3487 4763 (Psal.
3514 4705 3692 4754 xxvrt,
3723 4689 3803 4757 8).

2209 4791 2278 4847 Et
2302 4806 2319 4849 ι
2343 4787 2674 4852 Convertere,
2720 4786 2976 4848 Domine,
3017 4797 3284 4853 usquequo
3308 4821 3324 4845 ,
3367 4790 3417 4834 et
3455 4779 3809 4848 deprecabilis

2208 4892 2315 4938 esto
2336 4898 2491 4952 super
2509 4880 2679 4935 servos
2701 4889 2818 4932 tuos
2837 4874 3008 4946 (Psal.
3034 4888 3255 4937 LXXXIX,
3280 4872 3390 4941 15).
3417 4872 3485 4925 Et
3510 4888 3524 4926 :
3553 4870 3805 4935 Domine,

2208 4968 2570 5029 misericordia
2599 4981 2691 5027 tua
2720 4972 2775 5024 in
2799 4968 3047 5022 statutum
3072 4964 3244 5037 (Psal.
3266 4979 3518 5027 cxxxvtt,
3550 4963 3668 5036 10).
3696 4965 3764 5018 Et
3788 4982 3803 5017 :

2214 5064 2385 5096 11......
2441 5061 2714 5096 mnu-unm'
2746 5071 2955 5096 nmo-um
3000 5074 3063 5096 nn
3116 5058 3383 5096 Λυσανία-ὅσι’
3415 5052 3610 5096 Ιιήδὸάὶ
3697 5057 3805 5096 Qal
