3998 5450
238 296 337 353 H9

1414 287 1549 347 LIB.
1591 289 1680 344 DE
1714 288 1944 347 CURSU
1988 287 2396 346 SPIRITUALL

3403 285 3504 347 13.0

237 403 465 463 Ostende
492 403 672 468 nobis,
698 401 934 467 Domine,
956 400 1370 459 misericordiam
1397 411 1564 467 tuam,
1588 411 1649 456 ,ει
1674 400 1820 461 salu-
1853 410 1897 462 Λ
1928 403 2098 455 atinas
2130 399 2300 474 (l’sal.
2335 417 2532 464 sunt,
2576 402 2653 475 9).
2695 400 2927 468 Qua-rite
2970 399 3250 456 Dominum
3286 411 3333 453 et
3379 374 3504 453 vivet

236 508 345 551 tare
369 503 528 548 luunt
549 493 627 545 da
648 492 791 547 nobis
820 489 872 563 (1
878 490 1043 563 bitt).

303 584 453 640 Inter
492 583 620 638 tunc
657 596 999 653 summopere
1023 581 1300 653 pensanda
1333 590 1463 652 sunt
1485 590 1536 637 et
1566 580 1655 637 illa
1678 579 1824 636 Psal-

237 676 409 733 mistm
465 673 668 740 dicta,
715 672 912 743 quibus
961 672 1251 729 edocemur
1307 671 1441 729 nihil
1496 673 1563 727 de
1621 671 1828 729 meritis

239 767 437 825 nostris
465 780 837 837 prmsumere,
860 764 956 822 sed
982 773 1150 821 totum
1182 764 1291 820 Deo
1321 767 1601 835 deputare,
1646 764 1691 819 si
1721 779 1827 834 qua

238 861 404 915 virtus
432 857 524 913 vel
556 857 792 914 scientia
845 857 896 912 in
947 856 1103 913 nobis
1133 858 1422 926 reperitur.
1474 856 1622 911 Talis
1647 865 1827 911 autem

238 948 479 1003 doctrina
528 947 855 1016 agnoscitur
898 962 996 1016 per
1042 949 1157 1004 hanc
1216 946 1425 1001 verba:
1482 945 1692 1000 Domini
1753 955 1828 999 est

236 1037 373 1094 salus
400 1037 588 1108 (Psal.
624 1053 708 1103 ιιι,
738 1036 815 1107 9).
846 1037 950 1093 Et:
982 1037 1193 1092 Domini
1228 1047 1303 1093 est
1334 1038 1621 1107 assumptio
1650 1046 1829 1090 nostra

239 1129 407 1201 (Psal.
448 1144 730 1197 cxxxvut,
780 1129 890 1201 19).
922 1128 989 1184 Et
1014 1146 1029 1184 :
1058 1128 1254 1184 Scitote
1293 1116 1543 1202 quoniam
1574 1120 1830 1181 Dominus

238 1224 341 1293 ipse
371 1230 448 1277 est
480 1221 675 1288 Deus;
714 1221 823 1293 ipse
849 1221 970 1291 fecit
1001 1237 1116 1287 nos,
1154 1230 1201 1277 et
1236 1237 1339 1275 non
1389 1220 1488 1293 ipsi
1529 1237 1622 1275 nos
1654 1219 1827 1293 (Psal.

242 1327 378 1376 scis,
403 1312 484 1379 5).
518 1310 697 1366 Docet
726 1325 942 1382 quoque
962 1325 1063 1367 nos
1087 1325 1245 1365 orare
1278 1326 1376 1380 pro
1409 1310 1598 1366 eadem
1630 1326 1711 1377 re,
1749 1310 1834 1366 di-

243 1418 393 1460 cens:
426 1401 713 1470 Con/irata
737 1403 857 1485 iter,
887 1402 1052 1468 Deus,
1083 1402 1222 1473 quod
1249 1411 1491 1469 operatus
1524 1417 1579 1455 es
1600 1401 1653 1454 in
1685 1401 1830 1455 nobis

246 1493 410 1566 (Psal.
453 1508 610 1549 uvn
639 1534 654 1561 ,
682 1494 797 1566 26).
829 1493 1032 1550 [lorum
1056 1495 1254 1565 quippe
1297 1492 1586 1550 verborum
1629 1492 1833 1548 doctri-

248 1601 359 1640 nam
399 1595 619 1657 quanto
670 1585 792 1654 quis
836 1585 997 1642 citius
1050 1585 1324 1642 credendo
1370 1584 1831 1655 apprehenderit,

249 1684 384 1728 tanto
404 1674 530 1744 plus
564 1675 624 1729 in
653 1686 970 1730 ctmctarum
1000 1676 1263 1730 virtutum
1291 1675 1484 1731 studiis
1511 1675 1749 1743 proﬁcit;
1779 1684 1834 1732 et

1927 493 2107 546 anima
2136 504 2299 547 vestra
2330 492 2504 564 (Psal.
2527 509 2714 558 uvm,
2744 492 2856 552 53).
2892 490 3122 546 ιωιειιιν
3154 508 3244 546 cor
3268 506 3505 562 qua-ren-

1927 583 2059 636 tium
2099 580 2378 636 Dominum
2406 579 2577 651 (Psal.
2613 598 2723 646 etv,
2747 582 2825 653 5).
2859 581 3100 636 Accedite
3128 576 3197 635 ad
3226 578 3420 637 Deum.
3457 586 3504 631 et

1927 671 2339 736 illuminamini,
2396 681 2445 726 et
2502 670 2663 742 [acies
2725 683 2905 726 vestra:
2953 688 3059 725 non
3113 668 3511 740 confundentur

1929 764 2100 839 (Psal.
2132 781 2323 828 χχχιιι,
2355 764 2428 835 6).
2464 764 2713 835 Moxque,
2738 766 2880 819 velut
2912 763 3105 833 aliquis
3136 764 3204 820 ab
3230 779 3295 819 eo
3316 760 3507 834 exqui-

1930 866 2071 911 reret
2099 874 2201 925 qua
2222 856 2413 911 ﬁducia
2436 856 2558 911 talia
2582 856 2940 926 prmnitleret,
2960 854 3257 924 subiunxit,
3284 856 3502 913 dicens:

1930 947 2040 1002 Iste
2066 965 2263 1018 pauper
2295 948 2413 1017 (per
2454 948 2597 1016 quod
2628 946 2875 1000 videlicet
2904 947 3253 1016 semetipsum
3298 948 3507 1018 signiti-

1929 1038 2038 1109 cat)
2069 1030 2311 1093 clamavit
2332 1049 2379 1093 et
2405 1037 2659 1092 Dominus
2687 1037 2952 1093 exaudivit
2984 1035 3287 1106 eum(Psal.
3314 1054 3509 1109 xxxm,

1930 1134 2007 1203 7).
2039 1133 2118 1188 Ac
2146 1133 2190 1188 si
2230 1141 2418 1202 aperte
2445 1132 2651 1187 diceret
2679 1148 2692 1186 :
2729 1129 2883 1186 Sicut
2918 1145 3017 1199 ego
3058 1139 3311 1200 peccator
3339 1112 3512 1200 pcenii

1933 1224 2158 1279 tentiam
2184 1239 2350 1295 agens
2378 1238 2476 1293 pro
2505 1222 2743 1293 peccatis
2788 1221 2924 1276 meis
2967 1221 3194 1276 clamavi
3224 1223 3291 1278 ad
3333 1223 3514 1277 Domi-

1931 1331 2058 1371 num
2088 1324 2143 1369 et
2169 1314 2444 1369 examlivit
2486 1330 2600 1378 me,
2630 1313 2702 1369 ita
2733 1322 2787 1366 et
2811 1328 2905 1367 vos
2955 1313 3230 1380 exaudiet,
3257 1314 3302 1369 si
3340 1315 3513 1386 paeni-

1931 1403 2156 1459 tentiam
2183 1405 2425 1476 egeritis.
2455 1404 2769 1476 Hujusmodi
2804 1404 2968 1474 igitur
2998 1403 3178 1459 verbis
3220 1403 3514 1459 admonen-

1933 1503 2023 1551 tur
2051 1510 2240 1550 omnes
2270 1495 2444 1550 adhuc
2467 1494 2734 1558 carnales,
2773 1507 2828 1550 et
2857 1495 3024 1551 variis
3054 1495 3325 1551 illecebris
3349 1490 3515 1552 dediti

1931 1588 2001 1644 ad
2030 1588 2272 1644 melioris
2300 1587 2431 1642 vitae
2463 1587 2954 1643 conversationem.

2001 1680 2135 1737 Cum
2167 1695 2295 1735 vero
2323 1680 2519 1750 aliquis
2547 1695 2645 1751 per
2676 1678 2771 1736 Dei
2820 1680 3051 1753 gratiam
3084 1695 3380 1737 conversus
3409 1680 3517 1736 fre-

248 1765 687 1836 quandoeunque
733 1765 803 1821 ab
849 1764 949 1821 bac
998 1763 1103 1821 ﬁde
1150 1763 1333 1821 deﬁcit
1361 1765 1570 1819 meritis
1601 1766 1834 1836 propriis
1864 1774 1908 1835 Β
1937 1778 2203 1840 quentare
2253 1769 2486 1825 voluerit
2535 1768 2815 1842 psalmos,
2861 1786 3002 1841 quos
3034 1754 3168 1825 ideo
3198 1754 3522 1855 disponente

250 1856 507 1927 deputans
542 1856 1080 1929 ,pm'sctutn-suum,
1110 1856 1364 1912 continuo
1387 1896 1403 1922 ,
1455 1855 1536 1911 vel
1569 1867 1754 1926 aperte
1781 1858 1835 1913 in

252 1951 763 2030 aliquod.peceatum
777 1967 871 2007 seu
888 1951 1181 2023 perieulum
1196 1963 1455 2006 corruens
1469 1944 1834 2016 Confutulittw,

252 2040 327 2096 \el
351 2052 567 2100 secreto
591 2044 876 2116 graviores
916 2043 1076 2100 solito
1099 2042 1376 2101 molestias
1401 2043 1713 2099 teutationis
1738 2061 1834 2116 pa-

257 2132 421 2190 tietur.

314 2227 414 2283 Sed
442 2227 576 2297 quid
614 2242 777 2298 super
806 2228 908 2282 hac
931 2226 1163 2285 elatione
1186 2228 1268 2284 vel
1299 2244 1397 2301 pro
1422 2228 1660 2301 quolibet
1707 2228 1837 2282 vitio

259 2329 549 2390 perpetrato
597 2319 907 2376 faciendum
935 2321 1006 2377 sit
1035 2323 1213 2389 nobis,
1255 2325 1505 2378 admonet
1557 2338 1653 2377 nos
1694 2323 1835 2378 i.'em

262 2411 520 2481 Psalmista
537 2412 731 2468 dicens
750 2430 763 2467 :
782 2412 1113 2482 Conﬁtemini
1128 2415 1371 2482 Domino,
1384 2416 1630 2486 quoniam
1648 2417 1834 2480 bonus,

259 2504 485 2572 quoniam
508 2504 565 2558 in
587 2502 847 2558 steculum
871 2505 1229 2560 misericordia
1250 2506 1362 2576 ejus
1387 2504 1558 2579 (Psal.
1575 2522 1743 2573 cxvu,
1760 2506 1834 2578 1).

264 2592 374 2648 Post
423 2593 644 2665 lapsum
694 2594 837 2647 enim
892 2594 1026 2651 nihil
1074 2598 1224 2667 prius
1272 2595 1565 2668 gerendum
1614 2605 1696 2653 est
1743 2597 1835 2652 ulli

263 2698 403 2752 quam
429 2684 688 2741 conﬁteri
728 2685 982 2752 Domino,
1009 2687 1099 2757 qui
1146 2688 1494 2760 fragilitatem
1519 2688 1698 2744 sciens
1736 2688 1839 2743 bu-

267 2790 454 2829 manam
480 2790 709 2847 semper
747 2784 968 2846 paratus
993 2785 1075 2832 est
1106 2778 1174 2833 ad
1215 2779 1446 2833 veniam.
1484 2779 1547 2833 Et
1575 2789 1633 2835 ut
1661 2778 1837 2835 eﬁica-

267 2863 371 2919 cius
402 2867 718 2921 ostenderet
748 2868 1020 2933 omnibus,
1044 2867 1168 2938 quia
1200 2884 1297 2939 per
1325 2868 1715 2925 confessionem
1741 2886 1836 2940 pu-

270 2968 370 3008 ram
414 2956 668 3011 obtinere
737 2957 949 3026 possint
997 2968 1343 3028 peccatorum
1391 2959 1643 3025 veniam,
1697 2960 1836 3015 hanc

270 3047 679 3119 gratiam,quam
712 3048 825 3119 ipse
845 3060 1099 3120 expertus
1128 3061 1211 3106 est
1237 3051 1526 3115 aDomino,
1556 3051 1676 3105 aliis
1703 3051 1829 3106 inti-

1941 1862 2066 1922 Deo.
2093 1869 2151 1916 ut
2176 1862 2437 1927 creditur,
2466 1861 2618 1932 pueri
2647 1861 2945 1919 instruendi
2967 1870 3020 1918 et
3040 1862 3288 1933 primitus
3315 1861 3524 1918 discere

1937 1963 1992 2012 et
2016 1953 2327 2008 memoriter
2349 1953 2582 2008 retinere
2595 1950 2881 2021 iubentur,
2902 1959 2958 2006 ut
2978 1968 3165 2007 eorum
3181 1953 3357 2007 verbis
3380 1953 3523 2008 salu-

1942 2047 2116 2103 tiferis
2146 2043 2440 2118 aliquando
2486 2045 2795 2117 cempuncti
2831 2044 2897 2099 ad
2947 2044 3171 2099 meliora
3198 2045 3516 2107 trahantnri

1940 2138 2079 2194 sciat
2125 2138 2226 2193 bos
2265 2136 2560 2192 versiculos
2591 2132 2834 2192 oratione
2870 2135 3121 2191 continua
3155 2135 3386 2191 maxime
3420 2132 3523 2191 sibi

1940 2247 2058 2288 esse
2074 2232 2335 2286 notandus
2355 2250 2367 2286 :
2388 2231 2627 2294 Domine,
2658 2231 2728 2285 ad
2750 2241 2799 2285 te
2825 2231 3063 2300 confugi,
3089 2234 3215 2285 dare
3248 2248 3327 2284 me
3354 2230 3523 2297 facere

1941 2321 2258 2377 rolunta'em
2292 2332 2461 2381 tuam,
2501 2319 2625 2388 quia
2652 2317 2792 2371 Deus
2836 2335 2980 2371 meus
3016 2335 3069 2371 es
3099 2328 3176 2371 tu.
3218 2318 3407 2372 Notam
3438 2317 3523 2386 [ac

1942 2412 2071 2465 mihi
2094 2412 2226 2464 riam
2259 2410 2309 2464 in
2340 2427 2444 2480 qua
2472 2408 2754 2472 ambulem,
2793 2408 2915 2478 quia
2939 2413 3007 2461 ad
3036 2419 3083 2461 te
3116 2407 3523 2462 lerarianimam

1940 2502 2293 2575 meam(l'sal.
2320 2519 2485 2570 CXLII,
2503 2502 2551 2567 8_
2572 2502 2645 2571 9).
2677 2501 2929 2555 Illumina
2959 2501 3134 2555 oculos
3161 2518 3395 2566 meos,ne
3421 2494 3522 2555 an;

1938 2617 2095 2671 quam
2117 2599 2439 2653 obdormhm
2465 2597 2520 2650 in
2549 2606 2709 2650 morte
2733 2593 2905 2668 (Psal.
2937 2611 3031 2659 xu,
3060 2594 3135 2662 4).
3164 2592 3366 2663 Perﬁce
3384 2591 3523 2664 gres-

1940 2710 2030 2746 sus
2051 2707 2188 2744 meos
2210 2690 2262 2743 in
2275 2689 2471 2743 semitis
2494 2687 2623 2754 luis,
2649 2698 2702 2741 ut
2728 2705 2829 2741 non
2846 2700 3151 2741 mereantur
3172 2686 3381 2756 vestigia
3410 2702 3517 2738 mea
3568 2689 3577 2698 '

1941 2777 2113 2851 (Psal.
2158 2795 2276 2843 va,
2316 2776 2392 2846 ii).
2439 2774 2561 2830 Vias
2591 2786 2730 2841 tuas,
2758 2775 2998 2841 Domine,
3037 2778 3331 2827 demonstra
3362 2774 3523 2839 mihi’,

1939 2878 1987 2924 et
2018 2868 2226 2923 semitas
2256 2877 2372 2919 tuas
2407 2866 2533 2919 doce
2570 2881 2669 2918 me.
2714 2864 2889 2934 Dirige
2911 2879 2990 2916 me
3027 2862 3077 2915 in
3110 2863 3449 2924 veritatetua,
3477 2864 3519 2914 ei

1940 2961 2065 3013 doce
2092 2975 2191 3021 me,
2216 2957 2340 3028 quia
2373 2965 2430 3010 tu
2454 2972 2505 3009 es
2541 2954 2680 3009 Deus
2711 2953 2955 3008 Salvator
2981 2970 3123 3008 mens
3154 2953 3327 3023 (l’sal.
3376 2967 3526 3019 xxrv,

1939 3050 1994 3115 4,
2023 3051 2097 3118 5).
2142 3047 2320 3102 Deduc
2348 3063 2446 3113 me,
2478 3044 2721 3109 Domine,
2756 3063 2808 3099 tn
2843 3046 2922 3099 ria
2953 3056 3064 3108 tua,
3097 3054 3143 3099 et
3182 3036 3445 3114 ingrediar
3470 3047 3518 3098 in

271 3151 398 3191 mare
417 3139 625 3207 studet,
657 3139 844 3195 dicens
877 3155 892 3194 :
926 3140 1180 3195 Delictum
1218 3159 1388 3196 meum
1420 3132 1685 3213 cognitum
1707 3144 1830 3209 tibi,
1861 3132 1906 3193 C
1938 3141 2150 3194 veritate
2174 3150 2284 3192 tua.
2323 3135 2553 3190 Lwtetur
2575 3152 2664 3189 cor
2686 3152 2850 3188 nteant
2881 3144 2935 3187 ut
2959 3135 3137 3187 timeat
3166 3151 3349 3187 nomen
3375 3132 3518 3187 tuum

272 3223 493 3293 Dom'ne,
518 3227 645 3297 feci,
674 3240 722 3283 et
750 3229 1039 3301 injustitias
1068 3249 1210 3288 meas
1237 3250 1339 3288 non
1372 3233 1641 3287 abscondi.
1673 3232 1794 3287 Dixi
1818 3252 1830 3288 :

272 3317 547 3389 Can/itebor
571 3323 857 3381 adversum
902 3341 982 3380 me
1021 3325 1335 3396 injustitiam
1381 3344 1548 3381 meum
1590 3325 1832 3391 Domino,

274 3421 313 3465 et
330 3422 379 3465 tu
404 3414 654 3469 remisisti
675 3415 991 3486 impietatem
1015 3419 1216 3487 peccati
1243 3420 1341 3471 mei
1370 3417 1541 3487 (Psal.
1570 3433 1727 3482 χχιιι,
1757 3417 1832 3485 5).

274 3498 385 3554 Cum
425 3500 570 3558 enim
616 3513 739 3574 post
782 3504 1177 3562 confessionem
1211 3516 1489 3577 peractam
1537 3505 1832 3577 subiungit,

279 3588 477 3644 dicens:
508 3590 579 3645 Et
614 3601 669 3645 tu
703 3594 949 3647 remisisti
986 3593 1298 3665 impietate»:
1329 3597 1526 3664 peccati
1552 3596 1670 3658 mei,
1705 3595 1832 3661 bor-

276 3682 400 3731 tatur
426 3694 622 3736 omnes
652 3681 723 3735 ad
748 3681 1161 3750 confessionem,
1191 3693 1247 3736 ut
1285 3691 1337 3738 et
1364 3683 1462 3752 ipsi
1493 3698 1831 3753 consequan—

278 3776 353 3822 tur
370 3771 760 3828 remissionem.
790 3773 1184 3844 Muxquejuxta
1216 3775 1345 3829 illud
1373 3776 1512 3844 quod
1545 3775 1832 3844 Apostolus

281 3857 431 3915 dixit:
462 3860 599 3916 Ecce
626 3880 765 3917 nunc
793 3873 995 3933 tempus
1029 3865 1372 3933 acceptabile,
1404 3881 1519 3917 ecce
1546 3881 1684 3918 nunc
1719 3866 1832 3921 dies

279 3950 441 4007 salutis
485 3951 568 4025 (11
600 3950 725 4008 Cor.
759 3969 832 4018 vt,
862 3954 943 4023 2),
970 3962 1023 4008 et
1060 3956 1321 4024 propheta
1372 3970 1437 4010 ex
1471 3954 1681 4008 Domini
1710 3969 1833 4024 per-

282 4056 392 4098 sona
429 4045 555 4100 dicit
602 4063 618 4100 :
668 4030 734 4100 in
779 4057 1011 4117 tempore
1049 4047 1243 4118 placito
1288 4049 1531 4103 exaudiri
1576 4060 1624 4103 te
1692 4047 1826 4118 (Isa.

281 4143 417 4197 χιιι,
445 4132 538 4202 8),
585 4136 906 4205 pronuntiat
953 4144 1166 4206 tempus
1216 4135 1570 4193 confessionis
1604 4138 1829 4194 dicens:

285 4217 374 4275 Pro
402 4223 493 4277 hac
523 4224 773 4296 (subaudi
806 4242 879 4291 re,
904 4227 1028 4296 quia
1060 4236 1134 4291 tu,
1165 4226 1412 4293 Domine,
1440 4228 1667 4283 remittis
1696 4244 1827 4299 pec-

282 4322 380 4367 cata
401 4330 488 4385 per
514 4317 937 4389 confessionem)
965 4320 1135 4374 orabit
1158 4322 1227 4374 ad
1253 4331 1301 4375 te
1326 4324 1491 4376 omnis
1517 4339 1747 4386 sanans,
1775 4324 1831 4379 id

284 4410 378 4468 est,
420 4408 480 4462 ad
518 4409 682 4464 vitam
721 4419 983 4464 mternam
1027 4412 1459 4481 praedestinatus,
1506 4413 1559 4465 in
1601 4422 1827 4482 tempore

1936 3232 2109 3304 (Ps:.l.
2157 3246 2358 3293 Lxxxv,
2404 3228 2514 3300 11).
2572 3225 2791 3281 Cressus
2836 3243 2976 3280 meos
3027 3226 3195 3295 dirige
3240 3225 3519 3279 secundum

1918 3316 2196 3394 eloquium
2239 3331 2408 3383 tuum,
2452 3328 2500 3373 et
2536 3336 2637 3373 non
2674 3317 2971 3370 dominetur
3020 3317 3121 3370 mei
3173 3318 3340 3370 omnis
3386 3316 3514 3386 inju-

1934 3414 2075 3467 s'itia
2116 3409 2286 3481 (Psal.
2336 3426 2527 3475 cxvm,
2592 3408 2740 3479 135).
2790 3405 3007 3461 Faciem
3065 3418 3209 3462 tuam
3276 3407 3521 3461 illumina

1934 3520 2088 3568 super
2126 3518 2324 3555 servum
2375 3511 2542 3566 tuum,
2588 3509 2634 3553 et
2680 3497 2803 3551 doce
2837 3512 2917 3550 me
2954 3496 3361 3567 justiﬁcationes
3406 3507 3521 3549 tuas

1937 3592 2123 3664 (lbid.,
2164 3590 2306 3661 155).
2332 3588 2509 3644 Verba
2532 3588 2697 3660 igitur
2723 3585 2983 3641 orationis
3015 3593 3195 3650 tantm,
3224 3585 3351 3641 licet
3373 3586 3519 3639 omni

1935 3683 2136 3739 homini
2169 3681 2396 3755 gratiam
2424 3679 2662 3735 divinam
2700 3677 2967 3733 invocanti
3001 3675 3518 3739 satis‘conveniant,

1936 3774 2009 3829 illi
2043 3782 2219 3827 tamen
2249 3771 2339 3842 qui
2366 3770 2576 3826 noviter
2594 3781 2884 3825 conversus
2908 3765 3069 3821 fuerit
3091 3765 3291 3836 aliquid
3316 3768 3497 3837 Specie

1933 3867 2038 3923 lius
2066 3864 2353 3921 convenire
2384 3860 2655 3925 videntur,
2688 3861 2811 3930 quia
2849 3874 2949 3929 pro
2986 3873 3051 3913 eo
3081 3859 3223 3928 quod
3262 3859 3399 3912 viam
3429 3860 3505 3913 ad

1932 3959 2040 4015 huc
2070 3956 2170 4013 sibi
2200 3954 2525 4024 incognitam
2548 3950 2923 4016 diﬁicilcmque
2951 3950 3002 4004 in
3028 3949 3212 4004 multis
3237 3965 3514 4021 aggressm

1931 4062 2034 4117 est,
2078 4051 2311 4105 maxime
2336 4047 2537 4117 indiget
2565 4045 2667 4101 hac
2704 4044 2949 4099 oratione
2976 4046 3083 4113 qua
3109 4044 3277 4098 Deum
3316 4041 3515 4115 iugiter

1894 4158 1903 4173 '
1929 4150 2080 4214 petat
2114 4155 2174 4196 se
2202 4141 2413 4205 docere,
2444 4148 2498 4192 et
2526 4137 2758 4207 dirigere
2781 4145 2835 4190 et
2863 4135 3189 4190 illuminare.

2003 4237 2107 4293 Sed
2132 4237 2256 4307 quia
2292 4235 2471 4290 ethoc
2501 4231 2705 4302 indiget
2746 4239 2802 4283 ut
2853 4229 2905 4283 in
2947 4226 3186 4297 qualibet
3235 4225 3516 4295 Scriptura

1932 4345 2085 4386 sacra
2131 4341 2253 4383 sese
2298 4333 2542 4394 occupet,
2578 4322 2823 4393 psalmos
2860 4312 3085 4374 cantans
3115 4316 3321 4371 invenit
3348 4318 3400 4394 in
3432 4317 3517 4373 bis

1930 4420 2253 4482 orationem,
2283 4432 2387 4485 qua
2430 4431 2525 4484 pro
2553 4418 2722 4468 sacrae
2759 4411 3005 4467 lectionis
3052 4409 3327 4464 intellectu
3353 4389 3490 4465 '0in

287 4506 537 4559 opportuno
575 4497 750 4572 (Psal.
794 4515 946 4563 xxxi,
976 4501 1064 4572 6),
1093 4501 1146 4555 id
1193 4509 1304 4565 est,
1346 4502 1399 4554 in
1429 4511 1669 4571 tempore
1695 4519 1824 4571 pra:-

1935 4513 2109 4569 nendo
2133 4508 2447 4580 Specialiter‘
2468 4509 2635 4561 Deum
2666 4502 2920 4560 invocare
2945 4513 3121 4573 potest
3144 4519 3160 4557 :
3190 4518 3309 4574 quae
3336 4502 3517 4557 videli-

287 4584 420 4639 senti.
441 4585 566 4643 Item
590 4590 887 4645 exhortans
907 4605 1097 4646 omnes
1127 4589 1193 4644 ad
1219 4591 1590 4661 po-nitetitiatn
1615 4601 1669 4645 et
1699 4607 1828 4647 con-

288 4676 573 4745 Versionem,
604 4681 970 4737 certissimam
996 4692 1342 4753 peccatorum
1366 4698 1586 4738 suorum
1615 4685 1825 4740 veniam

289 4760 353 4813 eis
386 4780 412 4819 a
453 4768 670 4828 Domino
712 4773 1000 4841 promittit,
1037 4772 1222 4828 dicens
1257 4791 1269 4827 :
1320 4772 1522 4829 Al/evat
1569 4774 1826 4831 Dominus

292 4863 436 4906 omnes
487 4857 569 4926 qui
610 4870 899 4925 corruunt,
928 4871 975 4914 et
1016 4862 1167 4931 erigit
1219 4877 1394 4915 omnes
1433 4861 1588 4917 elisos
1639 4860 1811 4932 (Psal.

293 4953 440 5007 uuv,
472 4940 666 5019 14).“Ει
695 4964 711 5004 :
743 4949 897 5019 Apud
925 4950 1204 5005 Dominum
1245 4953 1637 5018 misericordia,
1667 4962 1717 5007 et
1738 4969 1826 5007 co-

295 5032 414 5144 ξξοεα
448 5040 580 5104 apud
612 5057 732 5095 eum
784 5043 1065 5112 redemptio
1114 5042 1288 5116 (Psal.
1339 5062 1534 5111 cxxu,
1586 5045 1661 5116 7).
1709 5045 1818 5102 Et:

1929 4599 2208 4655 eeloratin
2235 4597 2288 4651 in
2326 4594 2411 4651 bis
2445 4595 2693 4650 versibus
2734 4592 3077 4649 centinetur:
3112 4592 3295 4646 Revela
3340 4591 3516 4644 oculos

1929 4706 2090 4754 meos,
2117 4698 2163 4741 et
2189 4686 2525 4741 considerabo
2547 4685 2810 4740 mirabilia
2837 4684 2900 4737 de
2924 4683 3034 4754 lege
3056 4696 3180 4746 tua;
3214 4691 3269 4736 et
3295 4700 3307 4735 :
3333 4679 3517 4751 Legem

1908 4780 2060 4850 pone
2100 4778 2247 4839 mihi,
2295 4774 2534 4842 Domine,
2571 4778 2707 4832 viam
2725 4775 3168 4844 justiﬁcationum
3207 4784 3438 4837 tuorum,
3469 4783 3533 4858 et-

1926 4870 2194 4941 exquiram
2222 4885 2335 4924 eam
2357 4884 2576 4938 semper.
2621 4870 2700 4922 Da
2726 4869 2853 4922 mihi
2873 4866 3213 4928 intellectum,
3239 4873 3286 4917 et
3313 4874 3516 4917 scruta-

1928 4960 2021 5014 bor
2044 4958 2205 5029 legem
2239 4968 2381 5012 tuam
2423 4969 2469 5011 et
2498 4960 2791 5013 custodiam
2821 4958 2968 5012 illaut
3004 4959 3058 5010 in
3090 4964 3197 5008 toto
3227 4956 3382 5005 corde
3405 4967 3517 5004 meo

1925 5046 2098 5122 (Psal.
2124 5064 2312 5113 cxvm,
2345 5048 2433 5113 18,
2458 5048 2547 5112 ⁸55,
2574 5046 2686 5119 51).
2722 5040 2839 5103 Lex
2885 5047 3029 5102 enim
3067 5059 3098 5098 a
3138 5041 3349 5109 legendo
3378 5039 3519 5091 dici-
