3998 5450
465 286 562 342 151

1494 289 1799 350 οτιιιμοκι
1828 267 2147 346 uomunt
2173 284 2245 341 's.
2282 283 2708 350 EMMERMIMI

3494 305 3495 308 ~
3581 279 3731 354 ,tss

462 397 833 474 unusquisque
861 402 1151 476 fragilitate
1177 405 1354 462 adhuc
1394 405 1562 462 nimia
1610 406 1903 469 detinetur,
1930 400 2045 472 pie—
2073 404 2120 461 Α
2150 387 2402 457 admonet
2441 413 2559 467 nos,
2582 398 2806 456 dicens:
2841 395 3082 454 Viriliter
3118 401 3274 468 agite,
3319 403 3374 451 et
3409 394 3737 466 conferretur.

377 567 386 586 ἡ
461 497 546 545 tas
575 491 757 547 divina
782 509 886 548 non
913 495 1193 564 permittat
1229 510 1557 567 quemquam
1583 511 1750 566 supra
1792 495 1935 558 vires
1963 494 2051 550 de-

459 582 620 651 primi
645 623 662 650 ,
695 584 746 638 in
775 584 1021 655 profectu
1044 594 1224 643 tamen
1247 587 1475 660 longiori
1496 588 1703 658 positus
1726 588 1866 644 scire
1888 585 2049 642 debet

459 676 585 745 quia
621 676 808 732 eodem
842 679 1160 736 tentationis
1201 680 1323 752 igne
1365 696 1474 751 quo
1514 696 1622 740 non
1667 679 1839 736 solum
1889 675 2047 734 electi

345 823 356 837 ,
457 768 660 838 quique
688 768 1008 840 probantur,
1050 773 1145 830 sed
1172 773 1337 829 etiam
1391 775 1507 845 ipse
1551 775 1808 830 Dominus
1864 781 2048 828 noster

457 861 678 930 probari
711 861 902 926 voluit,
943 864 1253 934 probandus
1281 874 1386 922 est.
1427 866 1571 927 ldem
1603 880 1838 936 namque
1859 863 2044 919 Domi-

455 966 562 1007 nus
587 963 790 1019 noster,
813 954 951 1009 utin
977 955 1228 1013 omnibus
1249 956 1554 1028 exemplum
1578 956 1737 1012 nobis
1757 955 2044 1026 praeberet,

455 1044 656 1100 tentari
687 1061 745 1101 se
774 1039 1021 1118 permisit
1047 1062 1075 1101 a
1105 1046 1318 1104 diabolo
1349 1048 1562 1106 dicente
1589 1065 1605 1103 :
1637 1045 1697 1102 Si
1737 1045 1912 1101 Filius
1949 1045 2046 1101 Dei

453 1155 532 1202 es,
567 1139 653 1194 die
679 1151 733 1194 ut
762 1139 962 1211 lapides
992 1143 1079 1196 isti
1113 1159 1273 1212 panes
1299 1142 1431 1211 ﬁant
1478 1141 1694 1214 (Matth.
1736 1155 1813 1206 Iv,
1850 1138 1929 1211 5).
1980 1138 2046 1194 Et

454 1228 652 1284 iterum
675 1249 690 1285 :
721 1230 782 1286 Si
808 1230 856 1284 F
860 1232 984 1287 ilius
1004 1231 1103 1288 Dei
1141 1250 1219 1299 es,
1241 1233 1387 1288 mitte
1407 1243 1455 1288 te
1479 1234 1722 1290 deorsum
1747 1229 1934 1302 (Ibid,
1966 1222 2043 1298 6).

453 1319 533 1374 De
588 1319 884 1377 electorum
939 1337 1071 1378 vero
1123 1323 1422 1383 tentatione
1475 1323 1724 1379 dicitur:
1773 1319 2046 1391 Tanquam

452 1429 645 1467 aurum
676 1413 730 1467 in
757 1413 971 1484 fornace
992 1415 1227 1483 probavit
1259 1416 1444 1470 electos
1482 1413 1743 1469 Dominus
1774 1410 1930 1482 (Sap.
1958 1426 2044 1476 ιιι,

453 1504 531 1576 6).
572 1505 640 1559 Ει
666 1521 918 1562 rursum:
952 1505 1084 1573 Fili,
1108 1508 1359 1563 accedens
1390 1507 1459 1561 ad
1487 1506 1781 1562 seruitutem
1803 1502 1920 1574 Dei,
1960 1511 2044 1556 sta

452 1596 510 1651 in
533 1596 734 1660 iustitia
750 1607 799 1653 et
812 1599 1018 1664 timore,
1035 1609 1084 1654 et
1097 1616 1338 1670 praepara
1357 1599 1590 1654 animam
1618 1607 1761 1651 tuam
1785 1595 1854 1650 ad
1869 1602 2041 1649 tenta-

452 1691 647 1746 tionem
687 1689 880 1761 (Eccli.
922 1707 981 1758 ιι,
1017 1691 1090 1763 1).
1130 1692 1262 1760 Quae
1290 1691 1495 1747 scilicet
1527 1689 1708 1746 omnia
1739 1687 2042 1759 praecipuus

2153 507 2244 545 cor
2267 502 2512 557 vestrum,
2528 507 2702 546 omnes
2722 490 2810 561 qui
2825 489 3046 559 speratis
3066 490 3120 544 in
3135 487 3359 547 Domino
3381 486 3559 556 (Psat‘.
3585 502 3732 551 nn,

2153 577 2262 652 14).
2303 579 2433 637 Item
2456 581 2654 637 docens
2681 594 3117 650 unumquemque
3145 577 3379 649 qualiter
3409 591 3575 634 orare
3603 590 3734 632 eon-~

2152 682 2236 728 tra
2273 672 2580 744 spirituales
2616 672 2885 743 nequitias
2914 671 3130 736 debeat,
3161 670 3332 725 dicit:
3361 669 3524 734 Deus,
3555 669 3613 722 in
3647 667 3736 721 ad-

2141 765 2404 838 j‘utorium
2435 784 2605 823 meum
2632 768 2872 834 intende;
2894 767 3135 832 Domine,
3170 766 3241 820 ad
3269 765 3737 836 adiuuandum-nu

2150 856 2342 927 festina
2369 857 2539 930 (Psal.
2565 858 2816 929 thx,‘l),
2845 864 2973 925 elc.,
3010 870 3181 926 usque
3217 856 3284 910 ad
3313 854 3475 909 finem
3517 853 3733 923 psalmi.

2150 952 2230 1007 Ad
2251 951 2495 1008 eamdem
2519 967 2630 1008 rem
2654 965 2891 1023 congrue
2912 949 3400 1018 adbiberi'possunt
3422 946 3475 1000 bi
3501 944 3697 1016 psalmi
3719 960 3735 998 :

2149 1045 2364 1113 Judica,
2417 1043 2659 1111 Domine,
2712 1053 2947 1100 nocentes
2994 1060 3074 1098 me
3120 1039 3291 1114 (Psal.
3347 1039 3478 1110 xxv)
3508 1057 3522 1092 :
3551 1037 3622 1091 In
3667 1047 3736 1102 te,

2149 1137 2394 1204 Domine,
2416 1137 2620 1208 speravi
2649 1135 2822 1208 (Psal.
2855 1133 3019 1208 xxx);
3050 1134 3291 1187 miserere
3311 1131 3434 1195 mei,
3466 1129 3630 1192 Deus,
3653 1143 3736 1180 se-

2151 1228 2700 1302 cundum,etc.(Psal.
2726 1230 2803 1301 L);
2827 1229 2988 1296 Deus,
3003 1230 3058 1282 in
3080 1226 3384 1282 nominetuo
3401 1222 3574 1295 (Psal.
3593 1222 3733 1291 uti);

2148 1323 2309 1394 Eripe
2337 1340 2416 1381 me
2452 1323 2515 1378 de
2549 1323 2774 1377 inimicis
2807 1323 2951 1386 meis,
2981 1320 3120 1376 Deus
3155 1337 3298 1374 meus
3337 1315 3510 1390 (Psal.
3543 1327 3733 1387 LVIII);

2148 1413 2599 1481 Domine,e:caudi
2621 1413 2906 1467 orationem
2932 1428 3120 1478 meam,
3146 1420 3191 1465 et
3218 1410 3417 1466 clamor
3442 1418 3732 1473 meus,etc.

2148 1504 2320 1578 (Psal.
2359 1507 2458 1578 cr).
2507 1504 2642 1560 Hinc
2671 1512 2726 1562 et
2753 1498 3038 1573 Apostolus
3081 1501 3332 1557 admonet
3368 1515 3468 1555 nos
3502 1500 3732 1555 dicens:

2146 1597 2377 1670 Accipite
2413 1607 2737 1652 armaturam
2773 1596 2890 1664 Dei,
2937 1606 2994 1651 ut
3043 1595 3252 1666 possitis
3303 1605 3444 1649 stare
3485 1593 3738 1648 adversus

2145 1689 2366 1746 insidias
2391 1689 2591 1744 diaboli
2614 1687 2828 1761 (Epltes.
2861 1703 2935 1752 vr,
2963 1687 3069 1759 15).

449 1781 579 1836 vitae
605 1783 1125 1853 spiritualisdoctor
1163 1784 1450 1850 Psalmista
1486 1783 1858 1846 considerans,
1898 1781 2042 1836 dice-
2069 1755 2118 1814 Β
2220 1781 2365 1836 Inter
2389 1781 2510 1836 haec
2551 1755 2764 1851 quoque
2800 1755 3076 1835 sciendum
3104 1779 3376 1833 neminem
3406 1777 3742 1848 flagitiosum

447 1873 546 1933 hat
573 1891 588 1933 :
619 1875 875 1933 Dominus
904 1879 1190 1950 interrogat
1225 1878 1433 1953 justum
1459 1886 1508 1932 et
1541 1875 1755 1946 impium
1778 1891 1798 1941 ;
1831 1873 1923 1945 qui
1950 1889 2046 1926 au-

448 1976 553 2026 tem
582 1969 754 2039 diligit
778 1970 1105 2041 iniquitatem
1127 1971 1236 2025 odit
1257 1969 1490 2032 animum
1514 1983 1666 2022 suam
1690 1963 1861 2038 (Psal.
1885 1981 1940 2031 χ,
1964 1962 2042 2034 6).

450 2056 618 2125 Quasi
655 2058 862 2116 diceret
892 2076 908 2115 :
939 2061 1200 2117 Dominus
1229 2052 1429 2117 tentari
1465 2059 1732 2132 permittit
1757 2058 1965 2129 justum
1990 2063 2048 2112 et

446 2148 701 2220 impium,
738 2151 832 2210 sed
855 2150 1036 2223 justus
1067 2152 1272 2208 resistit
1306 2151 1563 2208 tentatori
1593 2149 1814 2222 suisque
1843 2148 2048 2205 suasio-

445 2241 643 2310 nibus;
691 2243 889 2314 impius
937 2255 1118 2301 autem
1147 2255 1241 2302 aut
1269 2245 1582 2303 incredulus
1618 2251 1923 2318 permanet,
1951 2249 2046 2298 aut

446 2335 519 2392 ad
553 2345 767 2408 tempus
789 2340 1041 2406 credens,
1070 2338 1165 2397 sed
1184 2339 1252 2416 in
1282 2349 1524 2411 tempore
1555 2337 1868 2403 tentationis
1894 2350 2046 2392 rece-

448 2425 585 2481 dens
618 2424 770 2499 (Luc.
800 2429 949 2500 vm),
980 2429 1100 2501 plus
1133 2429 1337 2501 appetit
1374 2429 1618 2486 carnalia
1638 2437 1694 2484 et
1733 2423 2042 2482 transitoria

448 2531 615 2592 quam
645 2516 886 2575 coelestia
923 2529 1234 2590 aeternaque
1263 2520 1460 2590 gaudia
1497 2516 1744 2586 adipisci.
1783 2515 1886 2582 Qui
1911 2528 2044 2584 ergo

447 2608 792 2679 iniquitatem
815 2609 966 2665 odire
991 2619 1045 2666 et
1073 2611 1311 2665 animam
1343 2625 1498 2665 suam
1530 2609 1754 2678 diligere
1773 2605 2042 2672 decernit,

445 2714 671 2758 necesse
701 2710 784 2764 est
823 2711 884 2755 ut
925 2715 1024 2771 per
1065 2702 1416 2756 tentationem
1454 2700 1820 2768 interrogetur
1861 2703 2043 2752 utrum

446 2793 507 2852 in
562 2792 867 2863 huiusmodi
911 2793 1035 2852 odio
1093 2802 1149 2850 et
1194 2793 1483 2852 dilectione
1537 2791 1832 2864 persistere
1889 2787 2041 2845 velit.

448 2885 608 2955 Smpe
634 2900 869 2958 namque
893 2886 1092 2944 accidit
1111 2894 1172 2942 ut
1191 2886 1355 2953 bona,
1379 2901 1499 2960 quae
1524 2884 1790 2955 coepimus
1812 2882 2043 2954 nisuque

445 2983 566 3033 toto
607 2977 870 3049 perficere
901 2977 1256 3046 decrevimus,
1297 2977 1620 3034 adveniente
1654 2974 1833 3046 aliqua
1867 2982 2043 3032 tenta-

446 3071 617 3136 tione,
644 3079 736 3126 aut
767 3070 835 3130 ad
865 3079 1098 3142 tempus,
1141 3069 1228 3128 vel
1274 3071 1417 3145 quod
1447 3078 1533 3126 est
1561 3069 1790 3139 nequius
1817 3067 2041 3124 omnino

443 3170 853 3232 postponamus.
895 3161 1174 3232 Quomodo
1201 3171 1380 3219 autem
1403 3161 1615 3232 lapsum
1643 3168 1850 3224 tantum
1875 3172 2042 3227 agno-

443 3270 602 3312 scere
625 3255 1009 3327 potuissemus,
1035 3253 1139 3310 nisi
1164 3253 1520 3324 interrogati?
1554 3251 1708 3313 Unde
1728 3251 2043 3308 omnimodo

446 3345 787 3416 pensandum
817 3354 901 3401 est
925 3359 1086 3416 quam
1107 3342 1309 3414 justus,
1338 3359 1500 3414 quam
1523 3343 1780 3414 providus
1819 3343 1890 3399 sit
1934 3343 2040 3397 Do-

447 3438 655 3506 minus,
684 3438 774 3510 qui
804 3451 904 3493 nos
930 3436 1282 3507 dispositione
1325 3436 1420 3496 tali
1465 3436 1762 3506 interrogat
1806 3433 1934 3504 quid
1965 3434 2040 3489 si-

448 3545 595 3597 mus,
627 3529 866 3600 quidque
899 3544 1000 3600 pro
1020 3529 1138 3601 ejus
1185 3543 1372 3591 amore
1412 3527 1594 3584 facere
1638 3526 1912 3582 velimus?
1951 3525 2044 3582 Sic

447 3619 621 3705 etiarn
659 3619 759 3678 Job
789 3622 1155 3705 interrogatus
1181 3630 1285 3686 est,
1317 3619 1534 3692 quando
1554 3618 1814 3689 plurimas
1860 3626 2042 3675 tenta-

445 3692 621 3770 tionis
637 3692 912 3772 molesiias
935 3728 966 3768 a
995 3692 1208 3774 diabolo
1232 3712 1502 3767 immissas
1533 3709 1774 3782 pertulit.
1817 3709 1924 3767 Sed
1956 3709 2046 3769 ille

448 3801 868 3874 interrogationi
911 3801 1289 3878 buic_iortiter
1316 3801 1613 3871 respondit,
1661 3816 1785 3862 cum
1829 3801 2044 3872 penitus

451 3894 771 3952 deliberavit
802 3893 972 3948 multo
1007 3892 1198 3949 melius
1235 3907 1356 3950 esse
1403 3893 1584 3955 omnia
1633 3894 1857 3952 adversa
1906 3894 2038 3963 pati,

449 3983 631 4045 oiunia
668 3984 804 4038 bona
842 3997 962 4054 qua:
1009 3984 1065 4040 in
1111 3985 1214 4040 hoc
1261 3983 1459 4042 saeculo
1506 3983 1768 4058 possedit,
1791 3984 2037 4056 perdere,

452 4091 618 4146 quam
648 4076 986 4146 iniquitatem
1014 4085 1122 4142 tam
1145 4078 1214 4137 ab
1237 4092 1405 4134 uxore
1433 4093 1593 4148 quam
1621 4078 1692 4135 ab
1722 4079 1914 4135 amicis
1939 4078 2043 4142 sibi

449 4175 762 4238 suggestam
789 4177 978 4229 contra
999 4167 1172 4226 Deum
1196 4178 1529 4239 perpetrare.
1564 4167 1642 4225 Ita
1665 4177 1720 4223 et
1743 4183 1842 4226 nos
1863 4167 2044 4233 facere

451 4261 713 4317 debemus
759 4260 813 4324 in
870 4262 1166 4318 tentatione
1213 4262 1393 4333 positi.
1435 4261 1569 4318 Cum
1610 4261 1754 4320 enim
1798 4261 2043 4325 diabolus

455 4354 614 4410 nobis
670 4347 1003 4427 suggesserit
1059 4355 1396 4425 superbiam,
1460 4355 1732 4426 inspirans
1794 4353 2044 4415 videlicet

454 4445 607 4500 cordi
642 4455 827 4501 nostro
854 4445 1023 4502 multo
1052 4445 1244 4503 melius
1274 4460 1395 4501 esse
1425 4459 1588 4515 super
1629 4443 1766 4502 alios
1811 4443 2044 4502 exaltari

457 4552 618 4606 quam
668 4536 917 4607 cuiquam
944 4537 1240 4610 sulijugari,
1272 4553 1371 4593 nos
1400 4538 1656 4594 continuo
1699 4537 2042 4599 attendentes

2146 1883 2369 1945 repente
2399 1889 2557 1944 posse
2606 1876 2679 1929 ita
2719 1889 2748 1926 a
2784 1872 3058 1928 consuetis
3091 1871 3386 1942 permutari
3437 1870 3747 1925 sceleribus

2147 1971 2227 2032 ut,
2259 1965 2385 2020 licet
2413 1963 2811 2020 ferventissimo
2834 1963 3026 2017 ardore
3055 1961 3195 2016 hosti
3228 1961 3451 2029 antiquo
3479 1959 3742 2014 reluctari

2145 2057 2380 2123 studeat,
2420 2073 2525 2112 non
2567 2057 2772 2126 absque
2801 2054 3022 2109 vulnere
3050 2052 3230 2122 aliquo
3264 2051 3547 2106 victoriam
3591 2048 3744 2105 obti-

2146 2162 2291 2212 neat.
2335 2150 2441 2208 Sed
2471 2151 2612 2206 Deus
2633 2150 2810 2212 sciens
2833 2157 2887 2203 et
2913 2156 3154 2202 nostram
3182 2145 3531 2217 fragilitatem
3563 2153 3619 2200 et
3641 2144 3744 2199 lto-

2145 2246 2307 2300 stium
2337 2241 2704 2298 fortitudinem
2728 2254 3066 2312 nequaquam
3093 2253 3190 2292 nos
3219 2238 3391 2292 victos
3412 2238 3521 2291 cito
3552 2235 3742 2305 despi-

2145 2339 2244 2405 cit,
2281 2338 2573 2392 dummodo
2612 2350 2862 2393 curemus
2900 2344 2960 2392 ut
3003 2349 3100 2388 nos
3147 2335 3341 2390 iterum
3392 2347 3739 2388 renovamus.

2145 2429 2280 2488 Cum
2320 2444 2450 2500 ergo
2487 2443 2781 2483 conversus
2831 2427 3056 2498 quilibet
3102 2426 3154 2480 in
3201 2425 3498 2480 certamine
3540 2439 3745 2494 magno

2144 2520 2353 2592 positus
2379 2519 2460 2574 vel
2490 2534 2587 2589 pro
2615 2517 2836 2574 vulnere
2862 2517 3090 2587 alicujus
3119 2524 3300 2572 reatus
3330 2515 3414 2572 vel
3439 2531 3537 2587 pro
3563 2517 3740 2572 tristi-

2147 2616 2219 2670 tia
2247 2613 2511 2686 passionis
2538 2611 2764 2667 insolita:
2790 2611 3100 2666 conturbari
3125 2609 3376 2680 emperit,
3404 2625 3508 2664 non
3529 2609 3743 2666 diuidat

2146 2707 2212 2763 de
2241 2706 2334 2760 Dei
2367 2705 2652 2774 adjutorio,
2682 2703 2776 2759 sed
2806 2719 2958 2759 suam
2997 2702 3264 2777 ignaviam
3314 2703 3605 2770 increpans
3657 2703 3742 2757 di-

2145 2808 2235 2856 cat
2263 2818 2275 2854 :
2307 2799 2484 2866 Quare
2507 2798 2672 2852 tristis
2713 2814 2789 2862 es,
2835 2795 3012 2850 anima
3035 2811 3174 2860 mea,
3195 2804 3243 2849 et
3274 2812 3434 2866 quare
3456 2795 3744 2850 conturbas

2143 2908 2226 2946 me
2246 2891 2271 2944 ?
2292 2889 2456 2960 Spera
2477 2889 2529 2942 in
2553 2888 2658 2943 Deo
2681 2888 2927 2958 quoniam
2951 2885 3122 2939 adhuc
3147 2887 3430 2956 conﬁtebor
3455 2886 3534 2940 illi
3557 2885 3738 2953 (Psal.

2144 3000 2276 3049 xui,
2303 2983 2378 3054 5).
2416 2981 2573 3035 laeta
2606 2996 2762 3050 super
2803 2979 3087 3033 Dominum
3122 2996 3300 3033 curam
3329 2989 3494 3045 tuam,
3539 2991 3588 3034 et
3628 2982 3746 3048 ipse

2145 3085 2194 3130 te
2227 3075 2449 3131 enutriet
2480 3073 2652 3143 (Psal.
2684 3088 2792 3136 LIV,
2831 3071 2943 3141 25).
2989 3070 3095 3137 Qui
3135 3072 3453 3141 propitiatur
3493 3071 3742 3131 omnibus

2068 3134 2113 3197 ς
2146 3165 2507 3236 iniquitatibus
2547 3165 2672 3228 tuis,
2705 3163 2797 3234 qui
2829 3171 2980 3215 sanat
3021 3177 3196 3214 onmes
3235 3159 3564 3228 inﬁrmitates
3591 3171 3738 3216 tuas.

2147 3258 2248 3327 Qui
2289 3258 2493 3312 redimit
2520 3257 2584 3311 de
2613 3256 2825 3316 interitu
2855 3256 3011 3310 vitam
3053 3265 3218 3319 tuam,
3248 3253 3337 3323 qui
3368 3263 3580 3307 coronat
3608 3263 3655 3306 te
3683 3254 3742 3306 in

2144 3335 2503 3409 misericordia
2552 3357 2600 3403 et
2649 3345 3088 3404 miserationibus.
3147 3344 3250 3410 Qui
3297 3344 3457 3414 replet
3494 3345 3550 3398 in
3586 3344 3743 3400 bonis

2143 3439 2460 3498 desiderium
2499 3449 2669 3504 tuum,
2702 3437 3032 3492 renovabitur
3056 3445 3112 3492 ut
3141 3435 3332 3509 aquilae
3353 3436 3606 3505 juventus
3641 3445 3742 3490 tua

2142 3530 2318 3603 (Psal.
2355 3547 2453 3595 cu,
2499 3529 2656 3600 5-5).
2705 3528 2970 3606 Convenit
3014 3528 3176 3585 etiam
3225 3527 3311 3584 liis
3357 3526 3746 3582 consolatoriis

2144 3623 2323 3678 verbis
2348 3621 2567 3691 adjungi
2595 3620 2683 3679 illa
2713 3621 2976 3676 orationis
3008 3619 3170 3678 verba
3200 3634 3320 3692 quae
3353 3627 3458 3676 tam
3494 3632 3592 3688 pro
3618 3617 3740 3687 spi-

2144 3715 2323 3772 rituali
2380 3730 2540 3785 quam
2591 3713 2854 3783 corporali
2904 3713 3220 3772 infirmitate
3269 3722 3396 3766 sunt
3447 3711 3677 3766 dicenda
3720 3729 3736 3766 :

2144 3805 2392 3861 Miserere
2419 3805 2541 3870 mei,
2574 3803 2816 3870 Domine,
2851 3805 3098 3874 quoniam
3133 3802 3371 3872 inﬁrmus
3414 3819 3526 3856 sum
3552 3815 3572 3853 :
3600 3818 3741 3856 sana

2143 3916 2245 3966 me,
2293 3899 2533 3964 Domine,
2580 3899 2828 3972 quoniam
2887 3896 3197 3952 conturbata
3242 3903 3362 3951 sunt
3421 3910 3539 3949 ossa
3593 3909 3736 3948 mea.

2145 3991 2475 4057 Convertere,
2505 3989 2748 4055 Domine,
2777 3998 2826 4045 et
2853 3989 2992 4058 eripe
3015 3986 3245 4046 animam
3283 3999 3486 4051 meam;
3528 3980 3739 4035 salvam

2143 4101 2225 4147 me
2260 4083 2346 4153 fac
2369 4092 2578 4152 propter
2601 4080 3012 4136 misericordiam
3042 4087 3185 4131 tuam
3229 4073 3400 4148 (Psal.
3448 4088 3521 4137 rt,
3567 4072 3736 4141 3-5).

2132 4175 2550 4245 -Conjungantur
2577 4184 2632 4231 et
2668 4175 2807 4232 ista:
2836 4170 2962 4227 Non
3005 4169 3331 4239 derelinquas
3369 4184 3468 4232 me,
3513 4164 3740 4223 Domine

2143 4268 2284 4332 Deus
2329 4284 2495 4332 meus,
2536 4283 2599 4321 ne
2639 4265 2934 4324 discesseris
2973 4281 3004 4316 a
3037 4279 3135 4322 me.
3177 4259 3396 4323 Intende
3434 4259 3487 4318 in
3520 4256 3737 4326 adjuto-

2144 4362 2280 4416 rium
2307 4377 2502 4424 meum,
2529 4358 2764 4422 Domine,
2787 4357 2929 4412 Deus
2960 4354 3145 4412 salutis
3169 4369 3295 4412 mete
3322 4349 3494 4421 (Psal.
3523 4363 3735 4410 sum,

2145 4449 2237 4515 22,
2262 4449 2375 4521 2'5).
2419 4449 2578 4514 Deus,
2609 4465 2672 4503 ne
2697 4447 2951 4516 elongeris
2973 4464 3004 4499 a
3026 4460 3140 4508 me;
3176 4442 3315 4498 Deus
3353 4457 3498 4503 meus
3515 4481 3530 4506 ,
3557 4441 3612 4493 in
3636 4456 3736 4492 au-

2145 4543 2333 4598 xilium
2357 4557 2530 4597 meum
2566 4539 2758 4608 respice
2801 4535 2973 4609 (Psal.
3015 4551 3142 4600 Lxx,
3177 4532 3289 4604 12).
3329 4531 3495 4596 Intret
3525 4532 3581 4584 in
3609 4546 3738 4584 con-

452 4627 544 4686 illa
575 4627 733 4684 verba
759 4629 1036 4694 Domi-nica
1069 4647 1086 4697 εν
1113 4630 1296 4693 Omnis
1315 4630 1405 4699 qui
1430 4645 1484 4683 se
1503 4627 1720 4696 exultat,
1745 4628 2049 4688 humiliabi-
2144 4643 2320 4702 specta
2343 4641 2451 4694 tuo,
2482 4629 2724 4692 Domine,
2756 4627 2924 4681 oratio
2953 4640 3088 4678 mea.
3128 4621 3334 4677 Inclina
3366 4637 3548 4675 aurem
3583 4629 3734 4674 tuam

420 4795 421 4798 η
456 4730 545 4774 tur
569 4717 723 4788 (Luc.
747 4735 858 4784 xw,
891 4719 1008 4790 ll),
1035 4720 1249 4790 aliaque
1271 4720 1504 4790 plurima
1526 4718 1846 4774 humilitatis
1861 4731 2042 4773 exem-

453 4810 564 4885 pla,
596 4819 708 4868 toto
744 4811 943 4870 mentis
970 4811 1092 4874 nisu
1121 4813 1454 4884 suggestioni
1483 4810 1760 4869 diabolicae
1786 4810 2042 4870 resistere

455 4903 733 4959 debemus.

1074 4997 1303 5036 PADIT'I‘
1346 4997 1394 5036 ν

2146 4724 2216 4779 ad
2238 4738 2437 4793 precem
2464 4737 2654 4784 meam,
2684 4719 2820 4788 quia
2840 4715 3033 4786 repleta
3059 4724 3133 4769 est
3161 4712 3313 4776 utalia
3340 4713 3517 4766 anima
3541 4728 3655 4765 mea
3687 4719 3737 4764 et

2144 4815 2250 4870 vita
2277 4829 2390 4866 mea
2414 4812 2616 4880 inferno
2637 4806 3067 4880 apprOpinquavit
3089 4803 3260 4874 (Psal.
3281 4819 3540 4872 LXXXVII,
3572 4802 3631 4870 5,
3653 4803 3734 4862 4).

2144 4902 2366 4961 Intende
2387 4902 2457 4957 ad
2482 4901 3108 4971 deprecationem-meam,
3137 4895 3260 4966 quia
3282 4894 3596 4960 humiliatus
3617 4910 3736 4947 sum

2149 4995 2320 5036 nimis-
2369 4991 2550 5036 ljtmm
2586 5007 2668 5036 me
2708 5008 2741 5036 ιι
2783 4987 3198 5036 net-senuentibus
3223 5002 3325 5036 me.
3359 4986 3485 5036 auia
3523 4986 3736 5036 confor-
