3998 5450
205 381 302 438 155

1322 371 1451 430 LIB.
1492 373 1580 430 DE
1618 371 1851 430 CURSU
1895 369 2307 426 SPIRITUALI.

3364 372 3465 427 151

204 498 383 570 aliquis
424 494 682 567 princeps
710 487 1040 547 eharissimis
1081 489 1274 545 amicis
1319 491 1432 545 suis
1479 491 1545 545 ad
1588 506 1645 546 se
1689 506 1781 545 ve-
1810 498 1856 553 Α
1886 504 2056 541 meum
2080 488 2477 540 immaculatum
2506 487 2560 542 in
2595 485 3063 556 justiﬁeationibut
3092 490 3230 554 tuis,
3273 502 3456 545 utnon

204 587 464 649 aientibus
487 584 796 640 convivium
831 594 1141 651 praeparans
1183 579 1334 648 ponit
1379 595 1618 634 mensam
1654 594 1778 634 cum

205 685 418 741 diversa:
457 677 742 750 qualitatis
770 671 997 743 dapibus
1036 680 1092 728 et
1137 671 1350 742 potibus
1391 671 1674 742 repletam,
1721 679 1780 725 ut

206 786 302 828 tam
331 784 400 826 ex
429 767 749 824 diversitate
774 781 934 835 quam
964 779 1030 819 ex
1065 765 1220 834 copia
1263 763 1504 819 ciborum
1551 764 1780 820 delecta-

202 865 298 921 Lile
331 861 593 917 omnibus
630 859 790 913 faciat
821 855 1154 923 convivium;
1189 855 1260 911 ita
1288 865 1342 910 et
1371 857 1511 911 Deus
1532 857 1782 912 omnibus

203 954 260 1009 ad
283 966 340 1008 se
372 948 815 1021 confugientibus
851 961 1094 1002 mensam
1123 945 1437 1001 omnimodo
1483 945 1781 1016 spiritualis

205 1046 314 1099 vitae
347 1042 602 1098 doctrina
647 1039 902 1109 repletam
933 1038 1187 1109 apponit;
1220 1054 1363 1094 nunc
1401 1039 1617 1109 quidem
1658 1054 1783 1109 pro-

203 1133 443 1188 nuntians
478 1140 695 1185 tantum
733 1145 852 1200 qua:
880 1128 983 1185 sibi
1017 1128 1264 1198 placeant
1313 1128 1396 1182 vel
1440 1127 1778 1198 diSpliceant,

205 1235 400 1295 quantae
439 1223 634 1293 gratiae
685 1223 895 1277 novitas
945 1222 1013 1276 de
1062 1219 1279 1277 Christo
1328 1221 1601 1276 nascituro
1645 1237 1783 1291 pra:-

205 1315 376 1371 stauda
403 1312 573 1376 foret,
605 1327 726 1382 qua:
750 1312 910 1367 etiam
945 1311 1099 1366 bonis
1133 1311 1215 1365 vel
1254 1311 1410 1365 malis
1440 1328 1536 1380 pro
1559 1312 1781 1366 merito-

207 1427 310 1464 rum
346 1407 614 1478 qualitate
644 1408 825 1461 futura
847 1406 975 1472 sint,
1007 1415 1061 1459 ut
1091 1422 1187 1476 per
1216 1409 1318 1462 hoc
1341 1422 1529 1462 omnes
1556 1408 1784 1477 proben-

208 1511 282 1554 tur
309 1508 486 1552 utrum
524 1497 785 1552 celeriter
822 1512 889 1550 an
933 1497 1085 1552 tarde
1117 1497 1256 1551 illius
1287 1497 1464 1552 verbis
1503 1499 1784 1552 credentes

209 1588 477 1652 obediant;
513 1602 662 1641 nunc
690 1602 820 1641 vero
855 1586 1122 1656 quoslibet
1160 1586 1488 1657 negligentes
1508 1596 1558 1642 et
1581 1589 1782 1657 pigros,

209 1688 259 1733 ut
280 1678 340 1733 ad
367 1692 432 1733 ea
471 1693 598 1747 quae
630 1676 744 1748 jam
790 1677 890 1742 sibi
933 1677 1280 1747 pronuntiata
1328 1688 1452 1732 sunt
1503 1679 1784 1733 attendant

209 1773 519 1835 admonens;
561 1782 839 1842 postremo
863 1781 1040 1826 autem
1069 1785 1164 1828 eos
1203 1771 1293 1841 qui
1329 1786 1428 1825 nec
1472 1772 1784 1841 pronuntia-

1883 575 2180 643 confundar
2206 572 2378 644 (Psal.
2402 590 2590 638 cxvttt,
2614 577 2730 642 8.0).
2772 577 2837 633 Et
2861 595 2873 630 z
2902 578 3005 631 Cor
3041 581 3294 634 mundum
3333 597 3453 634 cren

1879 674 1933 727 iu
1965 689 2062 735 me,
2098 672 2258 738 Deus,
2281 681 2330 724 et
2358 672 2598 740 spiritum
2629 683 2828 725 rectum
2868 674 3059 727 innoua
3085 675 3139 728 in
3183 675 3463 730 visceribus

1880 763 2007 814 meis
2040 759 2213 830 (Psal.
2241 777 2289 821 ι..
2341 761 2448 828 li).
2493 759 2590 814 Ubi
2625 762 2920 817 notandum
2971 764 3097 832 quia
3158 765 3286 820 dum
3316 765 3466 834 prius

1881 855 2135 924 implorat
2155 869 2250 909 cor
2278 854 2536 907 mundum
2566 853 2616 906 in
2645 869 2705 907 se
2735 855 2933 920 creari,
2964 863 3020 908 et
3065 854 3258 910 deinde
3301 858 3462 926 spiri-

1880 956 1993 1001 tum
2023 955 2226 1001 rectum
2252 945 2304 999 in
2333 961 2391 999 se
2421 945 2655 1015 postulat
2689 945 2974 1010 innovari,
3009 946 3263 1000 intimare
3316 948 3465 1002 vide-

1883 1048 1971 1094 tur
1999 1039 2160 1093 aliter
2209 1054 2308 1092 uos
2359 1053 2464 1091 non
2517 1052 2676 1108 posse
2725 1037 2961 1107 Spiritus
3013 1040 3185 1094 sancti
3229 1041 3466 1109 gratiam

1881 1133 2148 1196 obtinere,
2193 1132 2293 1187 nisi
2321 1131 2473 1202 prius
2518 1131 2700 1184 cordis
2741 1132 3058 1186 munditiam
3105 1133 3465 1188 obtineamus.

1885 1221 1990 1276 Sed
2024 1221 2294 1286 diabolus,
2329 1229 2534 1290 quanto
2565 1221 2824 1291 majorem
2851 1221 3102 1275 ﬁduciam
3131 1231 3186 1276 et
3226 1223 3461 1292 gratiam

1884 1315 2026 1384 apud
2068 1315 2233 1368 Dettm
2268 1315 2553 1368 habituros
2614 1314 2763 1368 novit
2809 1323 3022 1377 castos,
3066 1323 3216 1368 tanto
3265 1315 3468 1389 diutius

1883 1420 1976 1459 eos
2029 1406 2176 1458 omni
2235 1405 2395 1458 modo
2441 1405 2740 1473 impugnat.
2797 1403 2912 1458 Scit
2958 1405 3104 1459 enim
3157 1406 3464 1474 scriptum:

1883 1493 2034 1548 Beati
2068 1495 2264 1548 mundo
2315 1497 2473 1549 corde
2500 1536 2514 1558 ,
2554 1497 2804 1565 quoniam
2849 1496 2949 1565 ipsi
3001 1495 3170 1549 Deum
3223 1498 3467 1551 videbunt

1887 1585 2101 1657 (Matth.
2131 1601 2182 1649 v,
2208 1588 2284 1655 8).
2313 1587 2684 1656 Undejugiter
2705 1587 2969 1641 orandum
2991 1597 3047 1642 et
3069 1598 3258 1642 contra
3288 1589 3470 1642 carnis

1884 1677 2281 1731 inunumlitiam
2315 1678 2421 1732 Deo
2447 1677 2858 1748 supplicandum
2881 1678 3212 1748 supradictis
3240 1677 3467 1732 Psalmi-

1886 1779 1983 1824 sta:
2011 1768 2217 1824 verbis.

209 1864 337 1919 tione
373 1879 474 1918 nec
521 1863 894 1918 admonitione
949 1865 1194 1918 conversi
1240 1875 1365 1918 sunt
1402 1865 1582 1920 verbis
1627 1879 1776 1934 aspe-
1813 1853 1856 1912 Β
1957 1861 2061 1917 Sed
2085 1872 2137 1917 et
2168 1871 2495 1918 czeterarum
2527 1863 2786 1918 virtutum
2817 1861 3072 1934 sulfragia
3111 1871 3300 1918 contra
3347 1870 3467 1916 tan-

209 1956 420 2010 rioribus
445 1956 764 2025 increpans.
808 1954 901 2011 llis
928 1957 1090 2027 igitur
1115 1958 1286 2012 tribus
1308 1958 1479 2012 modis
1505 1957 1778 2028 loquendi,

209 2046 255 2100 id
287 2055 362 2100 est
398 2047 867 2116 pronuntiatione,
909 2047 1275 2102 admonitione
1308 2057 1363 2102 et
1386 2049 1777 2118 increpatione,

208 2151 373 2189 omnes
400 2137 657 2192 homines
688 2138 971 2192 l’salmista
1023 2138 1318 2208 alloquens,
1373 2141 1638 2195 interdum
1682 2142 1782 2196 sub

210 2224 287 2278 Dei
322 2225 514 2290 Patris,
551 2243 700 2282 nunc
728 2227 780 2282 in
804 2227 948 2292 Filii,
976 2244 1116 2298 smpe
1142 2231 1305 2284 etiam
1328 2247 1392 2286 ex
1418 2248 1645 2300 persona
1673 2233 1780 2298 sui,

211 2323 287 2367 aut
317 2316 378 2369 ad
413 2315 597 2370 Deum
635 2319 907 2373 convertit
933 2330 1026 2374 aut
1043 2318 1346 2388 jnstissimo
1383 2322 1590 2391 judicio
1633 2326 1784 2379 dam-

211 2405 393 2461 nandos
421 2409 698 2476 praedicit.
740 2409 958 2465 Duobus
1003 2426 1128 2467 vero
1182 2414 1372 2477 modis,
1430 2417 1482 2469 id
1534 2427 1616 2472 est
1661 2433 1783 2472 ora-

214 2495 336 2550 tione
373 2506 425 2551 et
472 2498 842 2565 confessione,
881 2501 1037 2556 docet
1063 2518 1251 2558 omnes
1302 2503 1675 2576 confugientes
1716 2507 1783 2562 ad

212 2591 354 2644 Deum
379 2589 555 2659 ipsum
591 2591 811 2662 alloqui.
853 2593 982 2661 Quae
1004 2595 1256 2650 nimirunt
1281 2598 1461 2651 omnia
1492 2614 1634 2653 nunc
1657 2599 1780 2671 qui-

214 2681 314 2734 dem
352 2679 599 2737 breviter
634 2684 855 2752 protuli,
901 2685 993 2740 sed
1032 2688 1394 2756 postmodum,
1444 2697 1603 2758 prout
1643 2689 1784 2745 Deus

213 2773 540 2837 concesserit,
601 2775 864 2844 exemplis
920 2775 1304 2832 sullicieutibus
1351 2780 1668 2849 explanabo,
1724 2788 1783 2834 ut

215 2864 463 2918 conversis
523 2864 876 2934 aliquatenus
920 2867 1202 2922 ostendam
1252 2884 1414 2937 quam
1467 2869 1784 2926 delectabile

215 2954 494 3010 convivium
539 2957 806 3010 doctrina:
853 2956 1113 3012 Dominus
1161 2959 1518 3015 sectatoribus
1570 2961 1682 3014 suis
1728 2960 1782 3014 in

213 3059 344 3100 sacra
371 3046 658 3117 Scriptura
685 3051 1022 3121 maximeque
1043 3051 1096 3104 in
1113 3052 1332 3122 psalmis
1352 3055 1693 3124 praeparavit,
1726 3063 1784 3108 ut

215 3144 261 3187 et
294 3148 352 3190 eo
395 3139 698 3194 studiosius
728 3155 787 3194 se
811 3157 841 3194 a
865 3141 1020 3197 malis
1067 3139 1394 3210 abstineant,
1442 3161 1550 3215 quo
1575 3147 1782 3201 certius

214 3225 496 3282 adfuturam
548 3230 654 3284 sibi
693 3233 923 3300 gratiam
960 3233 1052 3287 Dei
1089 3245 1407 3305 agnoscunt.

269 3319 563 3379 Attendunt
593 3322 776 3392 igitur,
803 3335 1252 3395 precor,.quanta
1287 3342 1485 3382 corona
1513 3329 1782 3398 promissa

215 3414 273 3467 sit
299 3416 487 3486 bisqui
536 3416 782 3487 legitime
808 3428 1020 3473 certant
1049 3429 1239 3474 contra
1269 3420 1573 3488 diabolum,
1623 3423 1780 3492 juxta

216 3504 354 3559 illud:
376 3507 576 3562 Beatus
599 3512 673 3562 vir
694 3513 784 3579 qui
813 3511 1370 3580 su/fetzttentationem,
1392 3515 1642 3584 quoniam
1662 3531 1780 3568 cum

216 3597 434 3664 probatus
484 3599 650 3668 fuerit
694 3601 908 3670 accipiet
954 3618 1202 3670 coronam
1245 3605 1362 3658 vita:
1392 3603 1533 3676 tlac.
1574 3622 1630 3667 ι,
1667 3605 1778 3676 12).

218 3684 509 3757 llujusmodi
541 3702 726 3746 autem
768 3703 1044 3749 certamen
1093 3703 1295 3764 quanto
1334 3695 1608 3751 dillicilius
1646 3713 1779 3752 con-

218 3785 325 3842 stat,
361 3789 510 3835 tanto
583 3781 775 3850 majori
837 3799 966 3838 cura
1031 3786 1298 3856 agendum
1354 3797 1456 3842 est.
1525 3788 1579 3841 lu
1637 3789 1783 3845 nullo

220 3881 424 3938 namque
450 3880 697 3941 tempore
712 3875 919 3928 otiosus
941 3874 1100 3929 debet
1120 3890 1240 3930 esse
1273 3876 1411 3931 bella
1437 3877 1528 3932 Dei
1556 3893 1776 3948 gerens.

221 3957 352 4015 Unde
376 3963 570 4017 doctor
617 3974 804 4020 noster
845 3965 1137 4022 Psalmista
1183 3984 1620 4039 unumquemque
1650 3970 1784 4026 allo-

222 4068 369 4121 quens
396 4057 526 4110 dicit
555 4075 569 4111 :
607 4056 834 4112 Labore:
861 4075 1111 4112 manuum
1155 4070 1368 4114 tuarum
1393 4063 1518 4132 quia
1560 4065 1783 4117 mandu-

224 4145 362 4210 tabis,
413 4149 595 4202 beatus
635 4167 689 4204 es
728 4161 776 4204 et
825 4151 947 4204 bene
983 4151 1076 4204 tibi
1119 4153 1215 4205 erit
1250 4149 1422 4222 (Psnl.
1457 4170 1674 4216 cxxvtt,
1701 4156 1780 4226 2).

225 4231 495 4304 Dupliciter
539 4240 740 4312 quippe
781 4248 865 4294 est
908 4241 1098 4296 beatus
1123 4241 1177 4295 in
1219 4257 1382 4310 opere
1437 4243 1618 4313 aliquo
1663 4245 1781 4300 utili

225 4338 542 4395 occupatus;
601 4330 764 4384 habet
819 4331 964 4386 enim
1020 4331 1146 4387 inde
1200 4333 1418 4401 aliquod
1475 4336 1781 4390 subsidium

225 4419 499 4486 corporale,
526 4420 689 4476 habet
717 4421 882 4475 etiam
909 4423 1350 4492 spirituale,quia
1379 4465 1393 4488 ,
1430 4425 1555 4478 dum
1584 4440 1783 4494 corpus

227 4510 446 4564 servituti
467 4510 779 4578 subjicitur,
805 4528 957 4568 mens
979 4528 1198 4584 quoque
1234 4515 1434 4569 lasciva
1460 4516 1784 4585 deprimitur

228 4609 353 4655 etne
379 4602 428 4655 in
454 4603 705 4674 qumlibet
729 4603 994 4662 desideria
1013 4606 1170 4671 noxia
1199 4604 1420 4673 deﬂuat,
1449 4606 1775 4662 refrenatur.
1810 4585 1861 4644 Ῐ)

230 4690 364 4747 Unde
409 4695 544 4752 alias
588 4696 656 4751 de
704 4699 896 4754 otiosis
958 4699 1092 4755 dicit
1143 4698 1466 4756 Psalmista:
1505 4699 1573 4754 In
1602 4701 1779 4756 labore

227 4779 469 4836 hominum
501 4801 608 4840 non
641 4797 794 4854 sunt,
837 4797 1021 4842 etcum
1049 4789 1346 4842 hominibus
1393 4806 1496 4844 non
1540 4790 1781 4861 ﬂagella-

235 4866 420 4923 buntur.
440 4871 564 4927 Ideo
586 4879 745 4928 tenuit
767 4893 854 4930 eos
872 4878 1138 4944 superbia,
1164 4879 1329 4944 operti
1353 4890 1472 4932 sunt
1505 4880 1778 4951 iniqtiitate

232 4966 269 5006 ει
295 4958 538 5027 impietate
559 4982 653 5019 sua
694 4963 866 5036 (Paul.
899 4984 1078 5034 Lxxtt,
1101 4968 1154 5033 5,
1180 4968 1255 5040 6).
1289 4968 1489 5024 Contra
1531 4971 1777 5027 eamdem

235 5053 512 5115 Superbiam
565 5057 688 5116 alibi
736 5075 902 5136 orans
935 5060 1074 5114 alios
1115 5076 1272 5115 orare
1309 5062 1506 5129 docet,
1551 5064 1777 5121 dicens:

243 5136 340 5180 Νηη
366 5147 530 5180 νηπίη,
559 5149 681 5180 ...η-ε
703 5167 788 5180 ...η
818 5152 1070 5180 ...ηε-ις...
1103 5147 1256 5180 ίῑ)..,.ι
1307 5165 1451 5180 -..νη
1504 5153 1590 5180 ιω
1649 5153 1778 5180 nm...

1887 1967 1997 2010 tum
2047 1957 2256 2011 hostem
2306 1966 2434 2012 sunt
2486 1959 2829 2028 appetenda,
2877 1958 3041 2012 idest
3090 1956 3372 2011 cltaritatis
3419 1965 3474 2010 et

1885 2047 2225 2110 humilitatis,
2252 2049 2526 2118 patientiae
2548 2059 2602 2103 et
2633 2048 2977 2114 obedientize,
2994 2063 3092 2104 nec
3112 2064 3220 2103 non
3245 2050 3472 2104 tacitur-

1883 2141 2097 2194 nitalis.
2151 2142 2223 2194 De
2273 2142 2470 2210 quibus
2516 2143 2771 2197 omnibus
2813 2143 3134 2212 appetendis
3174 2139 3473 2196 multifaria

1883 2235 2194 2289 exhortatio
2252 2235 2302 2288 in
2361 2235 2640 2304 Scriptura
2695 2250 2850 2290 sacra
2897 2237 3186 2305 reperitur.
3235 2234 3470 2289 Sanctus

1883 2323 2048 2377 etiam
2097 2324 2385 2378 Psalmista
2435 2325 2499 2379 de
2539 2324 2622 2377 bis
2654 2339 2757 2378 non
2789 2332 2930 2378 tacet
2964 2324 3088 2390 qui,
3121 2333 3178 2377 ut
3232 2322 3366 2376 alios
3417 2321 3473 2374 in

1883 2411 1935 2466 id
1968 2411 2140 2480 ipsum
2169 2414 2427 2478 traheret,
2456 2415 2519 2467 de
2550 2414 2820 2468 charitate
2847 2422 2902 2467 et
2928 2429 3063 2482 pace
3086 2425 3248 2483 quam
3277 2413 3469 2467 habuit

1884 2499 2050 2556 refert
2080 2501 2266 2557 dicens
2291 2516 2306 2555 :
2337 2501 2469 2556 Cum
2499 2501 2580 2555 his
2606 2502 2696 2572 qui
2723 2503 2946 2556 oderunt
2992 2519 3172 2572 pacem
3209 2519 3351 2556 eram
3373 2520 3472 2573 pa-

1886 2591 2067 2660 ciﬁcus
2091 2590 2263 2663 (Psal.
2294 2609 2441 2658 cxtx,
2469 2593 2543 2662 'l).
2568 2593 2740 2658 Quam
2767 2593 2987 2649 humilis
3027 2609 3154 2648 vero
3195 2593 3474 2648 exstiterit

1832 2711 1845 2720 ο
1885 2683 2013 2738 alibi
2037 2695 2277 2750 enarrat,
2301 2686 2526 2740 dicens;
2565 2685 2892 2741 Humiliatus
2938 2705 3053 2742 sum
3083 2705 3470 2759 usquequaque,

1885 2773 2107 2830 Domine
2131 2774 2303 2846 (Psal.
2328 2783 2542 2846 cxvut),
2573 2778 2712 2847 107).
2733 2778 2797 2831 Et
2828 2779 3025 2833 iterum
3054 2797 3070 2834 :
3103 2779 3342 2844 Domine,
3368 2797 3473 2833 non

1883 2877 1958 2920 est
1995 2866 2285 2922 exaltatum
2324 2884 2414 2921 cor
2441 2885 2633 2933 meum,
2674 2885 2835 2938 neque
2861 2869 2986 2924 elati
3017 2882 3137 2924 sunt
3163 2870 3301 2923 oculi
3346 2871 3470 2933 mei,

1884 2970 1992 3014 etc.
2028 2958 2199 3029 (Psal.
2232 2976 2396 3025 cxxx,
2433 2961 2506 3029 1).
2535 2961 2665 3015 ltcm
2691 2961 2922 3016 laudans
2957 2962 3245 3018 Dominum
3275 2977 3374 3030 pro
3403 2978 3471 3018 co

1884 3051 2028 3120 quod
2072 3066 2131 3106 se
2179 3051 2343 3105 variis
2387 3049 2611 3119 ﬂagellis
2660 3052 3215 3118 bumiliasset,dieit:
3248 3053 3456 3106 Bonum

1885 3141 2034 3205 milii,
2068 3141 2308 3205 Domine,
2355 3143 2478 3213 quia
2507 3143 2799 3200 humiliasti
2827 3161 2926 3210 me,
2965 3154 3021 3200 ut
3053 3145 3252 3199 discam
3272 3144 3473 3215 justi/i-

1809 3229 1854 3292 C
1885 3233 2115 3286 cationes
2140 3243 2258 3286 tuas
2288 3230 2462 3303 (Psal.
2490 3248 2676 3296 cxvnt,
2710 3233 2822 3304 7|).
2851 3234 3059 3302 Quibus
3088 3237 3266 3292 verbis
3295 3233 3472 3288 innui-

1887 3333 1975 3379 tur
1995 3325 2120 3394 quia
2158 3325 2362 3396 ﬂagella
2417 3325 2512 3380 Dei
2555 3335 2681 3380 sunt
2721 3328 3018 3396 appetenda
3047 3367 3063 3393 ,
3120 3339 3180 3383 ut
3218 3343 3314 3398 per
3360 3327 3474 3381 ba‘c

1884 3421 2113 3474 correcti
2169 3429 2224 3473 et
2266 3419 2533 3474 humiliati
2588 3420 2784 3474 divinis
2825 3420 3114 3490 praeceptis
3165 3433 3471 3474 mereamur

1885 3510 2060 3565 subdi.
2089 3511 2356 3576 Quantum
2388 3521 2570 3565 autem
2614 3513 2829 3580 patiens
2855 3499 3270 3571 fueritéanctus
3314 3511 3469 3566 Psal--

1885 3600 2044 3654 misla
2076 3617 2136 3654 ex
2169 3602 2269 3654 hoc
2303 3610 2480 3670 potest
2529 3601 2752 3670 intelligi
2785 3603 2928 3672 quod
2959 3602 3130 3656 dicit:
3159 3602 3221 3656 Si
3263 3603 3469 3656 reddidi

1886 3690 2283 3744 retribuentibus
2316 3691 2444 3744 milii
2468 3690 2630 3756 mala,
2662 3691 2902 3745 decidam
2934 3693 3121 3748 merito
3153 3694 3217 3748 ab
3241 3694 3471 3748 inimicis

1884 3782 2012 3836 meis
2061 3782 2238 3836 inanis
2285 3781 2578 3852 (Psal.vu,
2630 3783 2706 3854 5).
2758 3784 2926 3838 Docet
2975 3801 3075 3839 nos
3125 3784 3473 3841 nihilominus

1885 3871 1949 3926 de
1973 3873 2281 3927 obedientia
2316 3873 2424 3928 Deo
2451 3874 2755 3928 exhibenda
2785 3915 2799 3938 ,
2823 3876 3006 3930 dicens
3033 3893 3045 3927 :
3077 3876 3331 3930 Subditus
3358 3889 3471 3932 esto

1884 3960 2112 4015 Domino
2137 3973 2184 4016 et
2211 3964 2449 4033 orajeum
2474 3963 2646 4035 (Psal.
2689 3982 2876 4031 xxxvr,
2905 3968 2978 4035 7).
3015 3965 3151 4021 l‘liuc
3193 3967 3356 4022 etiam
3404 3969 3472 4022 de

1884 4067 1941 4108 se
1987 4055 2103 4123 ipso
2160 4055 2365 4116 refert,
2409 4057 2596 4112 dicens
2642 4077 2654 4111 :
2692 4059 2883 4112 Nonne
2926 4058 3035 4112 Deo
3088 4059 3323 4128 subjecta
3373 4059 3470 4112 erit

1884 4145 2065 4198 anima
2088 4147 2243 4200 mea?
2263 4148 2326 4201 ab
2352 4149 2462 4217 ipso
2486 4149 2622 4202 enim
2665 4149 2898 4204 salutare
2937 4167 3106 4204 meum
3137 4162 3183 4204 et
3213 4152 3467 4221 patientia

1881 4251 1996 4288 mea
2053 4234 2236 4304 (l’sal.
2295 4254 2406 4304 ιιι,
2455 4239 2507 4304 1,
2560 4239 2637 4308 6).
2700 4241 2953 4311 lmplorat
2990 4258 3206 4311 quoque
3261 4259 3360 4312 pro
3386 4253 3467 4297 ta-

1883 4325 2196 4382 citurnitate
2223 4329 2536 4393 obtinenda,
2563 4331 2748 4385 dicens
2775 4345 2790 4385 :
2823 4331 2989 4397 Pone,
3017 4333 3256 4397 Domine,
3283 4346 3460 4390 custoo

1883 4419 2027 4472 diam
2073 4421 2152 4473 ori
2187 4437 2297 4474 meo
2320 4463 2336 4487 ,
2381 4431 2429 4475 et
2469 4423 2661 4476 ostium
2688 4424 3099 4479 circumstantia:
3152 4425 3304 4479 labiis
3343 4427 3469 4481 meis

1887 4509 2059 4583 (Paul.
2095 4528 2218 4578 CXL,
2250 4515 2327 4583 5).
2362 4513 2591 4582 Moxque
2619 4529 2836 4569 omnem
2877 4516 3281 4571 excusationem
3311 4557 3326 4581 ,
3350 4533 3472 4587 quin

1885 4615 1982 4670 pro
2009 4602 2267 4671 nequitiis
2296 4603 2624 4672 perpetratis
2651 4605 2917 4660 committi
2941 4606 3098 4667 solet,
3116 4621 3146 4660 a
3170 4621 3228 4660 se
3263 4606 3463 4661 auferri

1884 4693 2156 4763 postulat,
2193 4695 2422 4750 dicens:
2457 4694 2581 4750 Non
2623 4696 2850 4752 declines
2889 4714 2982 4751 cor
3007 4713 3176 4752 meum
3219 4699 3274 4752 in
3319 4699 3470 4753 verba

1883 4783 2120 4850 malitiae,
2144 4786 2212 4838 ad
2233 4787 2558 4841 excusandas
2579 4789 2940 4843 excusationes
2961 4791 3014 4842 in
3037 4791 3260 4858 peccatis
3277 4789 3327 4860 (1
3333 4791 3464 4854 bid.,

1883 4875 2077 4946 4).His
2100 4877 2265 4945 igitur
2291 4888 2454 4949 atque
2497 4880 2619 4935 aliis
2655 4881 2948 4937 virtutibus
2985 4880 3234 4938 sull'ultus
3281 4893 3472 4939 contra

1888 4968 2160 5024 incentiva
2188 4973 2370 5026 carnis
2401 4972 2616 5028 fortiter
2639 4987 2882 5044 pugnare
2909 4974 3072 5028 valet.

1954 5059 2012 5115 Si
2044 5076 2172 5116 vero
2198 5063 2249 5116 in
2284 5065 2590 5134 hujusmodi
2621 5068 2922 5120 certamine
2969 5067 3278 5135 aliquandiu
3316 5067 3471 5122 labo-

1885 5167 2010 5180 hﬁnﬂ
2030 5169 2248 5178 ιη’-ιι-ς-σι
