3998 5450
550 369 654 425 135

1578 350 1878 435 OTllLONl
1914 378 2218 435 MONACHI
2258 380 2315 435 s.
2361 380 2791 439 EMMERAMMI’

3377 418 3386 435 ν
3476 408 3579 465 am
3687 396 3788 455 iss

524 466 895 535 tribulatione
919 478 1217 544 dilatasset,
1250 479 1379 535 dixit
1411 495 1426 534 :
1460 480 1589 537 Cum
1621 487 1932 550 invocarem,
1954 503 2117 541 exau-
2148 500 2190 552 Α
2228 494 2407 545 tamen
2436 506 2496 547 se
2520 492 2675 548 labiis
2706 504 2760 549 et
2805 497 2963 553 corde
3000 466 3303 569 fateantur,
3347 484 3676 564 non‘s—oiu'm
3721 511 3790 568 ob

546 572 670 626 disti
699 588 797 636 me,
816 572 985 637 Deus;
1017 574 1070 625 in
1100 571 1434 627 tribulatione
1458 574 1695 630 dilatasti
1726 594 1806 630 me
1831 577 2004 648 (Psal.
2037 592 2113 645 tv,

544 662 624 731 2).
653 662 952 716 Tribulatio
972 662 1116 715 enim
1139 662 1413 728 diuturna,
1448 666 1491 718 si
1515 680 1636 720 cum
1660 668 1918 737 patientia
1945 677 2000 722 et
2024 682 2118 738 spe

547 750 715 804 divini
747 750 997 805 auditorii
1021 751 1338 817 sustinetur,
1363 751 1631 822 duplicem
1658 756 1945 810 sustinenti
1985 771 2115 812 con-

546 836 651 893 l‘ert
686 840 985 904 coronam;
1037 854 1068 893 a
1109 840 1345 909 peccatis
1374 856 1606 911 namque
1652 845 1945 914 praeteritis
1993 861 2116 901 cum

512 950 517 955 ο
547 928 800 996 tanquam
832 942 1023 982 aurum
1055 928 1108 982 in
1141 928 1361 985 fornace
1398 931 1644 1002 purgabit
1672 932 1811 1003 ignis
1840 975 1855 1002 ,
1887 942 1941 989 et
1964 937 2115 1004 quasi

543 1030 769 1087 granum
822 1017 1116 1083 frumenti,
1165 1020 1308 1088 quod
1356 1021 1407 1074 in
1459 1029 1600 1076 terra
1658 1022 1959 1092 projectum
2018 1040 2117 1093 pro

542 1107 748 1162 semine
769 1107 1181 1177 multiplicatum
1213 1110 1394 1174 fuerit,
1430 1113 1510 1166 sic
1540 1111 1628 1166 ille
1653 1114 2044 1183 multiplicatur
2064 1126 2118 1170 et

540 1199 798 1254 dilatatur
820 1201 872 1254 in
902 1203 1151 1257 omnibus
1174 1204 1350 1258 bonis.
1377 1205 1511 1260 llinc
1535 1214 1591 1261 et
1616 1206 1908 1277 Apostolus
1934 1208 2066 1263 dicit
2100 1226 2112 1263 :

542 1287 836 1344 Tribulatio
864 1294 1169 1362 patientiam
1195 1298 1460 1364 operatur,
1484 1299 1740 1365 patientia
1780 1310 1955 1353 autem
1989 1314 2117 1370 pro-

541 1379 819 1446 bationem,
845 1384 1085 1449 probatio
1106 1396 1277 1439 autent
1303 1404 1466 1455 spem,
1490 1405 1608 1459 spes
1629 1406 1745 1445 vero
1767 1408 1870 1445 non
1894 1392 2116 1461 confun-

537 1470 637 1535 dit,
673 1472 794 1541 quia
822 1473 1056 1527 clmritas
1079 1474 1176 1529 Dei
1202 1475 1398 1544 diﬂusa
1426 1488 1500 1531 est
1539 1480 1594 1532 in
1639 1480 1883 1533 cordibus
1925 1476 2117 1535 nostris

535 1578 628 1630 per
652 1562 905 1632 Spiritum
929 1564 1166 1619 sanctum
1188 1606 1203 1631 ,
1255 1568 1346 1636 qui
1386 1566 1544 1622 datus
1580 1576 1656 1622 est
1688 1570 1835 1623 nobis
1865 1568 2036 1640 (Rom.
2060 1585 2114 1636 v,

518 1650 677 1729 '5-6).
713 1651 788 1707 De
814 1655 917 1709 hac
950 1655 1232 1711 charitatis
1277 1655 1545 1713 infusione
1572 1666 1628 1714 et
1675 1658 1909 1729 Spiritus
1942 1661 2115 1715 sancti

534 1743 906 1802 consolatione
932 1747 1216 1803 Psalmista
1238 1749 1369 1803 satis
1399 1751 1655 1820 gustavit,
1693 1768 1817 1807 cum
1851 1754 1918 1807 ad
1948 1753 2115 1808 Deum

2219 589 2437 669 peccata
2460 585 2750 652 praeterita,
2773 586 2865 641 sed
2886 587 3048 643 etiam
3072 594 3141 646 ob
3164 593 3501 669 imminentia
3516 600 3786 669 quaedam,

2217 667 2271 722 in
2298 670 2490 740 quibus
2513 672 2752 742 quotidie
2778 674 3156 734 inevitabilitcr
3176 667 3573 754 delinquimus,
3608 687 3665 743 id
3687 698 3788 755 est,

2217 761 2271 816 in
2294 763 2433 830 visu,
2464 766 2669 829 auditu,
2697 775 2877 836 gustu,
2899 768 3124 825 odoratu
3146 781 3202 828 et
3230 783 3398 840 tactu,
3429 793 3528 833 nec
3573 794 3687 835 non
3735 782 3787 836 in

2218 850 2405 908 illicito
2425 855 2684 925 cogitatu.
2713 857 2866 928 Saepe
2893 859 3058 914 etiam
3101 861 3155 915 in
3188 865 3367 920 verbis
3395 874 3501 921 tam
3548 869 3791 925 scienter

2216 955 2376 1010 quam
2404 943 2712 1013 ignoranter
2734 959 3037 1015 peccamus.
3060 950 3372 1020 Huiusmodi
3398 956 3563 1027 igitur
3588 958 3791 1014 delicta

2218 1034 2396 1089 sciens
2422 1034 2704 1092 Psalmista
2756 1055 2786 1092 a
2823 1041 3091 1096 nonnullis
3120 1059 3219 1114 pro
3265 1045 3436 1102 nihilo
3481 1053 3789 1121 computari

2217 1127 2376 1182 dicit:
2401 1128 2603 1183 Delicta
2626 1132 2741 1201 quis
2760 1132 3216 1206 intelligit?(Psal.
3232 1152 3384 1203 xvm,
3409 1138 3522 1211 l5.)
3544 1139 3791 1213 Cumque

2217 1217 2333 1272 haec
2358 1219 2513 1288 quasi
2543 1220 2885 1292 interrogans
2922 1225 3240 1293 protulisset
3280 1237 3331 1283 et
3369 1245 3572 1300 paucos
3597 1233 3789 1290 admo-

2216 1306 2342 1361 dum
2360 1308 2552 1364 delicla
2580 1310 2877 1382 intelligere
2904 1314 3087 1379 sciret,
3117 1332 3240 1371 mox
3269 1319 3397 1388 quid
3424 1308 3537 1391 ipse
3561 1326 3787 1389 sentiat,

2215 1398 2514 1471 subjungit‘,
2533 1415 2706 1481 .araus
2728 1413 2782 1456 et
2811 1404 2994 1458 dicens
3010 1407 3075 1459 ad
3104 1408 3390 1464 Dominum
3420 1428 3435 1465 :
3461 1411 3538 1466 Ab
3569 1415 3789 1470 occultis

2216 1489 2343 1543 meis
2381 1489 2577 1545 munda
2606 1508 2707 1555 me,
2750 1493 2988 1557 Domine,
3022 1507 3070 1551 et
3097 1500 3161 1553 ab
3206 1500 3391 1555 alienis
3432 1520 3588 1572 parce
3638 1522 3787 1561 serra

2216 1587 2304 1633 tuo
2337 1578 2524 1650 (Ibid.,
2549 1582 2627 1651 4).
2652 1582 2732 1638 Ac
2782 1585 2827 1638 si
2859 1597 3043 1655 aperte
3066 1588 3307 1647 diceret:
3340 1591 3492 1649 Multi
3542 1593 3784 1666 quidem,

2215 1671 2459 1739 Domine,
2492 1674 2564 1728 ita
2594 1676 2923 1746 negligentes
2943 1689 3070 1734 sunt
3102 1691 3162 1736 ut
3187 1699 3293 1739 non
3318 1694 3510 1740 curent
3538 1694 3593 1743 te
3629 1689 3787 1742 invo-

2216 1778 2342 1819 care
2363 1780 2458 1834 pro
2480 1768 2835 1822 maximorum
2856 1778 2909 1824 et
2938 1776 3245 1840 apértorum
3275 1777 3563 1832 criminum
3594 1781 3788 1835 remis-

533 1834 766 1891 dixisset
795 1855 810 1891 :
847 1837 1148 1894 Secundum
1188 1840 1577 1897 multitudinem
1606 1843 1846 1898 dolorum
1882 1861 2117 1899 meorum
2144 1844 2193 1904 Β
2220 1854 2412 1920 sione;
2443 1858 2537 1911 sed
2585 1872 2685 1927 ego
2734 1860 2910 1914 sciens
2954 1834 3005 1917 te
3053 1865 3215 1920 nimis
3246 1866 3551 1923 districtum
3594 1834 3785 1926 contra

532 1934 590 1988 iu
611 1936 764 1988 corde
784 1950 895 1990 meo
917 1934 1295 1990 consolationes
1316 1946 1442 2001 tum,
1463 1936 1700 2001 Domine,
1716 1932 2112 2005 lwtiﬁcaverunt

533 2027 766 2078 animam
796 2042 964 2079 meam
1008 2024 1181 2096 (Psal.
1231 2042 1359 2080 xcttt
1388 2067 1402 2090 ,
1440 2026 1550 2095 l9).
1605 2026 1756 2093 Quod
1802 2037 1886 2082 est
1930 2037 2113 2095 aperte

533 2114 845 2170 dicere:Si
886 2116 1207 2184 multiplices
1256 2114 1632 2171 tribulationes
1680 2116 1731 2169 in
1782 2116 1945 2170 corde
1991 2131 2111 2172 meo

533 2206 751 2274 pertuli,
782 2206 1103 2277 multiplices
1127 2207 1290 2261 etiam
1321 2208 1720 2263 consolationes
1741 2208 1958 2279 pietatis
1984 2217 2109 2275 tute,

532 2298 779 2367 Domine,
806 2301 1039 2369 suscepi.
1070 2300 1204 2354 Nam
1234 2310 1354 2371 post
1386 2300 1794 2357 tribulationem
1835 2317 2107 2372 magnam,

531 2410 637 2463 qua
662 2409 747 2449 me
775 2405 993 2465 propter
1019 2403 1237 2463 peccata
1274 2409 1390 2449 mea
1422 2394 1510 2448 ditt
1541 2393 1776 2448 alllixisti
1808 2435 1822 2458 ,
1856 2393 2107 2449 consola-

532 2489 706 2543 tiones
737 2497 839 2543 tua:
864 2490 935 2542 ita
958 2502 1053 2542 me
1069 2487 1493 2551 laetiﬁcaverunt,
1513 2495 1571 2541 ut
1596 2486 1875 2541 tribulatio
1892 2493 2109 2556 printer-

530 2581 603 2634 ita
647 2580 922 2641 videretur
948 2579 1078 2634 mihi
1109 2579 1350 2633 minima.

600 2673 860 2727 Eumdem
893 2686 1105 2741 quoque
1131 2684 1349 2723 sensum
1377 2667 1632 2731 declarat,
1658 2683 1778 2723 cum
1811 2666 2103 2741 subjungit,

532 2764 759 2819 dicens:
794 2738 1051 2834 Nunquid
1088 2762 1317 2815 adliceret
1346 2758 1438 2814 tibi
1464 2761 1611 2815 sedes
1651 2760 1975 2830 iniquitatis,
2016 2738 2106 2830 qui

530 2853 684 2922 lingis
713 2852 940 2906 laborem
969 2853 1022 2905 in
1041 2862 1294 2921 praecepto
1308 2853 1333 2905 Ρη
1358 2849 1531 2921 (Ρεαι.
1559 2866 1708 2915 xcut,
1729 2850 1845 2920 20.)
1881 2851 2108 2920 Fingere

532 2958 766 3014 namque
796 2943 1138 3013 aliquamodo
1173 2953 1350 3013 potest
1376 2942 1503 3005 dici,
1530 2958 1649 2997 cum
1678 2958 1788 2997 rem
1811 2942 2108 3011 quamlibet

531 3038 692 3091 aliter
745 3035 876 3092 foris
922 3036 1255 3091 ostendimus
1294 3050 1455 3104 quam
1496 3035 1548 3088 in
1585 3043 1767 3088 mente
1809 3044 2104 3100 teneamus,

529 3128 898 3184 sicutscilicet
940 3139 1121 3197 patres
1151 3128 1422 3197 sapientes
1452 3127 1607 3190 tiliis,
1656 3126 1897 3197 magistri
1946 3126 2107 3179 disci-

2217 1944 2368 2011 tales,
2397 1961 2589 2013 precor
2628 1957 2687 2001 ut
2712 1964 2814 2003 non
2846 1950 3023 2006 solum
3054 1952 3122 2007 ab
3143 1955 3366 2024 apertis,
3389 1957 3483 2011 sed
3521 1957 3688 2013 etiam
3716 1961 3784 2015 ab

2194 2036 2439 2091 occultis
2467 2037 2680 2093 delictis
2709 2039 2845 2094 meis
2876 2057 2962 2097 me
2993 2044 3255 2099 emundes
3281 2062 3295 2109 ;
3342 2060 3461 2115 quae
3505 2049 3653 2104 enim
3699 2065 3786 2106 me

2212 2124 2415 2191 latent,
2459 2126 2553 2181 tibi
2604 2142 2702 2196 pro
2770 2138 2918 2184 certo
2969 2140 3172 2201 patent.
3223 2133 3443 2191 Occulta
3511 2139 3676 2193 etiam
3732 2150 3787 2196 ct

2190 2214 2385 2269 .aliena
2410 2216 2608 2272 delicta
2657 2228 2881 2287 possunt
2931 2222 3048 2277 haec
3091 2223 3195 2279 dici
3238 2241 3356 2295 quae
3391 2242 3419 2281 a
3467 2220 3785 2298 parentibus

2210 2306 2600 2369 contraximus,
2626 2322 2766 2376 qtne,
2793 2307 2917 2362 licet
2948 2310 2999 2364 in
3043 2311 3367 2383 baptismate
3399 2317 3553 2372 nobis
3596 2319 3783 2374 dimits

2212 2404 2414 2461 tantur,
2449 2404 2623 2451 tamen
2651 2399 2693 2451 si
2725 2400 3066 2467 postmodum
3095 2404 3286 2459 eadem
3314 2420 3478 2475 opere
3524 2408 3609 2462 vel
3641 2412 3783 2467 votis

2209 2487 2507 2555 sequimur,
2536 2487 2734 2542 iterum
2762 2489 2926 2543 etiam
2956 2493 3271 2548 earumdem
3320 2505 3471 2549 reatu
3502 2499 3785 2553 constrin-

2208 2575 2404 2645 gimttr.
2442 2574 2594 2630 Unde
2620 2576 2904 2633 Psalntista
2937 2580 3072 2637 alias
3094 2582 3226 2637 dicit
3260 2601 3273 2636 :
3307 2580 3645 2641 Peccavimus
3666 2592 3784 2643 cum

2206 2665 2441 2733 patribus
2468 2667 2655 2719 nostris
2680 2664 2852 2735 (Psal.
2879 2685 2965 2734 ev,
2993 2669 3070 2742 6).
3100 2671 3336 2731 Peccare
3375 2690 3611 2747 namque
3661 2694 3786 2733 cmn

2208 2756 2450 2824 patribus
2480 2765 2562 2823 est
2590 2772 2773 2812 eorum
2799 2799 2814 2823 ,
2843 2767 2901 2813 ttt
2928 2760 3162 2816 diximus
3187 2802 3201 2827 ,
3242 2764 3480 2832 peccatis
3531 2774 3657 2820 actu
3704 2768 3785 2822 vel

2208 2859 2472 2901 consensu
2523 2847 2803 2902 associari.
2848 2848 2978 2904 Item
3016 2851 3228 2906 occulta
3256 2862 3317 2907 et
3369 2854 3545 2909 aliena
3583 2856 3787 2912 delicta

2207 2940 2390 2996 dicere
2432 2954 2717 3010 possumus
2760 2957 2880 3012 qua:
2925 2944 2978 2997 in
3031 2944 3166 3000 alios
3198 2946 3610 3003 committimus.
3655 2950 3789 3016 Quis

2207 3034 2351 3089 enim
2380 3034 2453 3087 ita
2490 3043 2684 3089 cautus
2709 3044 2764 3089 et
2812 3035 3096 3107 religiosus
3132 3052 3254 3093 esse
3299 3038 3442 3093 valet
3474 3047 3535 3093 ut
3580 3041 3786 3096 nullum

2207 3125 2443 3197 peccatis
2466 3126 2578 3180 suis
2609 3128 2862 3195 depravet
2887 3127 2910 3180 ?
2946 3127 3177 3198 Ideoque
3204 3144 3392 3182 omnes
3441 3128 3750 3201 indigemus
3771 3173 3786 3195 ,

528 3222 669 3293 pulis
714 3237 858 3292 saepe
901 3234 1092 3292 aspera
1139 3210 1345 3291 lingunt
1398 3221 1452 3276 in
1507 3222 1687 3276 verbis
1746 3230 1801 3275 ct
1854 3220 1906 3274 in
1954 3220 2100 3275 omni
2133 3208 2177 3271 C
2210 3226 2269 3271 ttt
2310 3232 2431 3272 cum
2480 3216 2759 3272 Psalmista
2810 3232 3063 3282 oremus,
3110 3218 3393 3274 dicentes:
3445 3219 3527 3275 Ab
3557 3222 3787 3277 occultis

528 3314 716 3368 habitu
762 3313 1018 3368 exteriori
1040 3321 1059 3380 ,‘
1106 3320 1166 3366 ut
1214 3313 1315 3367 hac
1363 3312 1657 3381 asperitate
1709 3312 1992 3367 constricti
2046 3312 2100 3365 in

528 3405 803 3461 lasciviam
832 3405 1030 3459 nullam
1062 3414 1433 3475 prorumpunt.
1459 3403 1563 3458 Sed
1593 3405 1837 3474 quamvis
1865 3403 2101 3458 laborem

528 3497 886 3553 districtionis
904 3507 1076 3552 tanta:
1101 3512 1195 3552 eos
1223 3497 1491 3552 sustinere
1529 3492 1905 3566 permittentes
1924 3495 2096 3565 parvi-

528 3589 765 3659 peudere
791 3587 1032 3643 exterius
1059 3588 1279 3659 litigant,
1310 3588 1456 3641 intus
1487 3590 1664 3642 tamen
1696 3586 1768 3639 ita
1798 3586 2021 3656 diligunt
2047 3595 2106 3641 ut

530 3679 726 3735 nelevi
757 3679 977 3744 ‘virgnla
1032 3678 1149 3733 illos
1195 3678 1395 3732 frustra
1439 3679 1678 3748 contingi
1724 3677 1910 3733 velint.
1955 3677 2104 3731 Sicut

531 3771 695 3841 igitur
737 3772 789 3825 in
842 3768 1145 3838 huiusmodi
1196 3769 1479 3839 disciplina
1523 3778 1703 3838 patres
1750 3763 1806 3823 et
1862 3768 2103 3837 magistri

530 3859 773 3916 exterius
816 3858 1079 3912 laborem‘
1119 3856 1330 3927 lingunt
1380 3865 1437 3911 et
1489 3857 1828 3912 dilectionem
1879 3856 2104 3911 interius

533 3956 750 4018 gerunt,
789 3949 863 4003 ita
904 3957 958 4002 et
984 3947 1246 4002 Dominus
1278 3956 1462 4002 noster
1499 3948 1555 4001 in
1581 3946 1768 4002 electis
1816 3948 1930 4002 suis
1973 3947 2104 4017 agit,

532 4038 772 4092 laborem
834 4037 1085 4092 videlicet
1133 4037 1185 4090 iu
1217 4036 1407 4106 primis
1461 4036 1668 4106 ﬁngens
1725 4036 1777 4090 in
1842 4047 2107 4107 prteccpto

531 4126 849 4197 religionis;
890 4127 984 4182 sed
1007 4126 1385 4196 postmodum,
1431 4141 1554 4181 cum
1585 4126 1792 4191 ,viderit
1841 4127 2107 4182 laboriosa

527 4233 757 4290 quaeque
776 4234 878 4287 pro
916 4206 1101 4272 amore
1123 4231 1223 4271 suo
1252 4217 1422 4288 magis
1451 4216 1587 4271 velle
1635 4216 1744 4286 pati
1786 4231 1946 4286 quam
1977 4230 2106 4284 pro-

529 4313 662 4383 priae
683 4313 955 4368 deservire
984 4310 1266 4376 voluntati,
1301 4320 1428 4365 tunc
1473 4310 1580 4365 illis
1613 4309 1768 4380 quasi
1801 4318 1953 4379 pater
1985 4307 2109 4363 [iliis

529 4407 631 4463 sub
682 4405 965 4475 disciplina
1011 4403 1298 4459 sufficienti
1348 4403 1569 4457 nutrilis
1613 4403 1861 4459 ostendet
1906 4403 2107 4457 amoris

526 4495 609 4555 sui
635 4495 993 4551 dulcedinem.
1020 4494 1097 4548 De
1122 4494 1223 4549 hac
1248 4494 1504 4547 nimirum
1531 4491 1811 4548 dulcedine
1836 4493 1887 4545 in
1917 4492 2127 4563 primis.

2204 3308 2404 3362 nostris
2431 3309 2627 3363 munda
2656 3324 2772 3375 nos,
2788 3308 3029 3376 Domine,
3057 3312 3197 3366 etab
3223 3310 3413 3366 alienis
3434 3327 3595 3382 parce
3611 3315 3787 3371 servis

2206 3402 2314 3457 tuis
2337 3400 2508 3475 (Psal.
2538 3403 2715 3468 xvtn).

2814 3493 3042 3551 CAPUT
3084 3493 3167 3550 Vl.

2208 3602 2283 3658 De
2308 3605 2566 3675 mysteriis
2589 3605 3007 3675 incarnationis,
3048 3606 3475 3675 resurrectionis,
3512 3611 3783 3675 ascensio:

2272 3672 2377 3736 nis,
2404 3683 2535 3739 ete.,
2574 3673 2782 3727 Domini
2827 3676 2990 3729 nostri
3027 3674 3155 3730 Iesu
3181 3672 3376 3730 Christi
3419 3695 3453 3731 a
3499 3676 3704 3733 Daride
3730 3672 3783 3732 in

2274 3743 2489 3813 psalmis
2517 3746 2904 3813 prwnuntiatis.

2275 3855 2547 3913 Hactenus
2594 3857 2763 3925 igitur
2808 3871 2904 3927 per
2954 3868 3171 3914 amenta
3216 3869 3273 3914 et
3318 3859 3425 3916 lata
3450 3861 3783 3933 psalmorum

2205 3957 2361 4018 prata
2384 3963 2611 4003 currens
2639 3958 2802 4017 atque
2824 3964 2892 4002 ex
2912 3948 2993 4003 eis
3011 3946 3172 4004 ﬂores
3193 3951 3450 4020 quasdam
3473 3953 3607 4007 satis
3627 3953 3787 4008 utiles

2207 4038 2456 4095 omnibus
2480 4038 2757 4094 conversis
2788 4038 3083 4109 decerpens
3102 4080 3117 4103 ,
3148 4050 3308 4108 prout
3338 4041 3521 4110 potui,
3547 4040 3786 4110 qualiter

2207 4132 2273 4186 ad
2304 4140 2464 4202 caput
2494 4140 2735 4185 nostrum
2758 4172 2773 4195 ,
2806 4132 2857 4185 id
2903 4140 2988 4186 est
3024 4130 3320 4195 Christum,
3375 4131 3658 4200 pervenire
3688 4132 3782 4187 de-

2207 4222 2389 4287 beant,
2421 4223 2695 4277 adntonui.
2725 4223 2880 4277 Nunc
2904 4238 3029 4278 vero
3059 4223 3217 4293 cupio
3243 4224 3437 4277 exinde
3467 4223 3781 4293 decerpere,

2208 4322 2261 4370 et
2291 4314 2396 4369 illis
2419 4314 2670 4370 intimare
2696 4313 2935 4382 ejusdem
2970 4314 3179 4369 Domini
3230 4315 3399 4368 nostri
3449 4315 3783 4369 incarnatio-

2207 4418 2367 4468 nem,
2399 4404 2614 4473 aliaque
2656 4418 2776 4472 qua:
2820 4404 3069 4471 superius
3119 4402 3466 4473 promisimus
3492 4442 3507 4466 ,
3548 4403 3784 4472 qualiter

2211 4498 2421 4553 scilicet
2449 4498 2623 4567 pietas
2653 4496 2835 4551 divina
2862 4497 3065 4567 iugiter
3095 4512 3192 4566 pro
3227 4495 3379 4551 nobis
3408 4495 3616 4551 laboret
3658 4510 3783 4565 pra-

529 4587 748 4657 quidem
776 4588 1060 4651 abscousa,
1097 4590 1191 4642 sed
1224 4587 1564 4655 postmodum
1584 4628 1598 4653 ,
1623 4596 1681 4641 ut
1706 4586 1842 4649 dixi,
1870 4584 2100 4640 mauil‘e-
2132 4559 2179 4616 Ῑ)
2207 4588 2501 4643 nuntiando
2530 4588 2580 4642 in
2605 4587 2797 4657 primis
2819 4602 2937 4653 quae
2979 4588 3133 4642 nobis
3158 4587 3267 4641 sint
3307 4586 3574 4641 credenda
3600 4594 3654 4640 et
3695 4583 3781 4639 {a-

532 4687 696 4742 stata,
720 4679 844 4732 alibi
871 4677 1156 4733 Psalmista
1181 4678 1420 4746 apertius
1444 4686 1672 4733 testatur
1700 4685 1755 4732 et
1780 4676 2098 4741 admiratur,

528 4771 715 4829 dicens
738 4783 752 4823 :
783 4768 954 4834 Quam
979 4782 1166 4837 magna
1197 4767 1476 4820 multitudo
1498 4767 1795 4821 dulcedinis
1822 4777 1926 4819 tua:
1951 4806 1965 4828 ,
1998 4763 2102 4818 Do-

528 4862 857 4925 mine,quam
880 4857 1196 4912 abscondisti
1219 4855 1518 4910 timentibus
1540 4857 1622 4910 te!
1645 4853 1819 4926 (Psal.
1843 4871 1969 4919 xxx,
1985 4853 2100 4925 20.)

527 4951 660 5005 Cum
710 4964 838 5020 ergo
884 4948 1022 5003 idem
1069 4946 1351 5002 Psalmista
1399 4946 1680 5001 Dominum
1724 4946 1849 4999 talia
1901 4945 2102 5015 lingere

499 5054 627 5094 per
652 5039 1081 5094 exoerimentum
1107 5036 1404 5094 didicisset.
1431 5036 1725 5094 alloquitur
1751 5051 1873 5090 eum
1898 5075 1914 5094 ,
1947 5034 2101 5094 quasi

2206 4678 2423 4742 cicada;
2456 4677 2646 4731 deinde
2687 4691 2784 4745 pro
2813 4676 3014 4730 eisdem
3052 4674 3388 4730 admonendo
3411 4683 3467 4729 et
3496 4675 3781 4744 increpan-

2208 4769 2295 4823 do.
2323 4766 2396 4822 Ex
2431 4767 2626 4837 quibus
2664 4766 2839 4838 colligi
2889 4775 3060 4836 potest
3087 4806 3102 4829 ,
3150 4766 3275 4836 quia
3302 4773 3508 4834 quanto
3536 4764 3655 4835 plus
3681 4780 3780 4834 pro

2207 4859 2363 4914 nobis
2388 4858 2647 4912 Dominus
2676 4855 2884 4911 laborat
2917 4872 3013 4926 per
3042 4856 3377 4926 supradictas
3415 4865 3525 4909 tres
3550 4854 3779 4909 locutio-

2208 4950 2291 5003 nis
2347 4948 2575 5011 modos,
2626 4955 2774 5000 tanto
2848 4946 3147 5003 districtius
3199 4944 3405 5013 judicat
3454 4959 3643 4998 omnes
3687 4943 3775 5013 qui

2180 5047 2414 5092 tantum
2450 5038 2581 5094 rius
2630 5034 2871 5090 laborem
2915 5050 3012 5094 pro
3041 5035 3208 5090 nihilo
3253 5042 3600 5094 computant,
3628 5033 3777 5086 arbi-
