3998 5450
290 175 381 232 ΙΞἹ
1371 166 1499 224 LIB.
1540 165 1629 222 DE
1666 163 1902 221 CURSU
1945 162 2361 219 SPIRITUALI.

3436 167 3539 224 158

286 290 494 363 possim,
517 285 805 343 dicendum
834 284 965 340 mihi
991 292 1071 340 (st
1107 297 1229 339 cum
1258 282 1580 339 s'salmista:
1616 281 1854 345 Domine,
1886 289 1930 347 Α
1963 276 2334 332 misericordia
2346 274 2479 338 dixi.
2507 273 2736 331 libenter
2755 273 2967 341 audite;
2995 276 3089 331 sed
3114 291 3169 333 et
3197 277 3541 335 sanctissima

287 384 414 437 labia
459 397 576 435 mea
621 380 845 450 aperies,
875 387 922 432 et
953 394 1011 431 os
1050 394 1223 431 meum
1268 377 1600 432 annuntiabit
1648 376 1858 430 laudent

288 486 416 529 tuam
447 470 627 544 (Psal.
661 486 712 536 ι,
748 470 834 541 l7)
874 487 887 523 :
931 469 1205 538 simulque
1246 468 1578 524 invocandus
1603 476 1689 522 est
1736 465 1859 536 Spi-

287 566 411 620 ritus
437 571 701 625 sanctus,
753 570 813 615 ut
853 560 943 630 qui
971 560 1223 615 eumdem
1270 558 1611 614 Psalmistam
1649 558 1715 611 ad
1749 567 1857 611 tam

285 663 456 712 sancta
484 662 541 709 et
568 652 880 707 veneranda
906 650 1051 705 dicta
1081 648 1406 720 proferenda
1437 648 1742 709 illustravit,
1773 662 1859 703 me

283 756 483 814 quoque
510 741 697 812 aliqua
722 739 919 797 exinde
949 740 1239 810 decerpere
1275 738 1583 808 cupientem
1610 738 1861 809 dignetur

283 838 560 892 illustrare.

345 924 540 981 Sancta
568 925 773 995 quippe
807 931 932 980 sunt
955 924 1137 980 omnia
1159 938 1280 994 qua:
1300 924 1366 980 de
1399 923 1628 978 Domino
1673 931 1861 979 nostro

280 1032 367 1087 per
384 1015 685 1085 prophetas
705 1023 923 1071 sanctos
951 1014 1295 1084 pronuntiata
1322 1024 1474 1079 sunt;
1500 1015 1595 1068 sed
1613 1014 1860 1082 quantam

280 1105 575 1163 Psalmistzn
635 1106 802 1162 verba
860 1114 1009 1160 tanto
1060 1104 1363 1161 sacratiora
1411 1103 1547 1158 mihi
1583 1102 1859 1167 videntur,

281 1208 469 1267 quanto
516 1196 699 1268 magis
740 1196 933 1251 eadem
990 1196 1208 1250 nomina
1252 1194 1609 1263 eamdemque
1640 1203 1861 1247 sentcn-

285 1290 396 1343 tiam
425 1304 593 1358 quam
617 1287 876 1344 Christus
900 1303 995 1342 ore
1026 1304 1126 1342 suo
1152 1287 1471 1357 protulit,et
1498 1287 1610 1356 ipse
1633 1287 1863 1356 prophe-

281 1382 430 1436 tando
462 1381 880 1452 prmnuntiavit.
911 1379 1172 1435 Dominus
1198 1393 1434 1447 namque
1467 1386 1673 1440 uoster,
1706 1386 1766 1432 ut
1809 1378 1862 1431 in

280 1470 561 1544 Evangelio
613 1472 847 1543 legitur,
880 1473 946 1527 de
992 1486 1053 1527 se
1104 1471 1294 1526 dixit:
1337 1468 1451 1540 Ego
1499 1485 1615 1524 sum
1671 1470 1864 1524 veritas

281 1562 450 1630 (Joan.
482 1577 599 1627 xlv,
632 1562 721 1634 6);
753 1571 809 1617 et
838 1579 851 1615 :
884 1560 996 1632 Ego
1020 1577 1137 1616 sum
1168 1560 1261 1617 lux
1286 1561 1699 1644 mundionan.
1736 1576 1864 1626 \m,

1958 365 2260 422 Psalmista:
2305 365 2471 421 verba
2522 375 2630 420 tam
2680 368 2987 436 supradicta
3025 384 3188 438 quam
3236 369 3414 427 adhuc
3454 371 3539 428 di-

1958 458 2127 515 cemla
2154 467 2262 512 tota
2277 458 2473 512 mentis
2495 458 2791 515 intentione
2812 461 3086 529 suscipite.
3102 462 3220 517 Jam
3233 463 3377 519 enim
3389 464 3457 520 ad
3476 479 3543 522 ea

1958 551 2279 624 proferenda
2300 567 2419 621 qua:
2445 551 2737 607 deChristo
2759 554 3150 623 pronuntiavit,
3175 557 3540 628 redireenpio.

2030 645 2465 701 lncaruationem
2494 645 2725 714 denique
2759 646 2916 701 simul
2943 655 2996 701 ct
3025 649 3397 705 ascensionem
3428 650 3545 721 ejus

1960 736 2332 807 pronuntiavit
2358 736 2427 789 ita
2457 736 2680 791 dicens:
2713 736 2755 787 A
2779 754 2982 792 summa
3011 722 3138 795 (telo
3160 740 3383 809 egressio
3404 742 3543 811 ejus,

1961 838 2008 881 et
2036 844 2284 881 occursus
2326 826 2440 897 ejus
2467 844 2628 898 usque
2656 827 2725 881 ad
2751 845 3009 883 summum
3042 831 3155 900 ejus
3181 829 3353 903 (Psal.
3385 848 3543 899 xvur,

1959 918 2035 990 7).
2062 918 2193 974 ltem
2243 920 2310 974 de
2351 919 2465 975 sola
2513 921 2833 976 ascensione
2873 922 2992 992 ejus
3021 923 3193 979 dicit:
3226 923 3445 980 Elevata
3468 935 3545 985 est

1959 1009 2347 1080 magniﬁcentia
2391 1020 2483 1064 tua
2532 1027 2688 1080 super
2715 1010 2899 1075 caelos,
2935 1011 3071 1067 Deus
3107 1011 3278 1083 (Psal.
3316 1029 3437 1082 vtu,
3462 1014 3542 1084 2).

1963 1097 2038 1153 De
2066 1101 2466 1155 resurrectione
2502 1116 2717 1171 quoque
2748 1100 2958 1157 Domini
2998 1117 3062 1158 ex
3114 1104 3279 1173 ipsius
3311 1121 3545 1177 persona

1962 1191 2119 1244 dicit:
2150 1190 2388 1257 Domine,
2402 1194 2630 1262 probasti
2647 1210 2747 1258 me,
2769 1204 2815 1248 et
2840 1196 3119 1265 cognovisti
3142 1213 3251 1261 me;
3279 1207 3335 1255 tu
3357 1214 3548 1270 cogno-

1963 1281 2080 1334 visti
2112 1284 2391 1336 sessionem
2426 1300 2595 1337 meam
2626 1295 2672 1338 et
2710 1288 3139 1342 resurrectionem
3171 1305 3336 1343 meam
3370 1287 3544 1359 (Psal.

1964 1389 2239 1438 cum",
2266 1376 2341 1446 Ξ).
2386 1374 2537 1442 Quod
2583 1385 2765 1431 autem
2812 1379 3043 1434 maxime
3082 1395 3182 1449 pro
3216 1380 3389 1438 salute
3418 1398 3550 1455 gen-

1969 1463 2101 1518 tium
2143 1466 2438 1519 mittendus
2464 1477 2608 1521 esset
2644 1469 2718 1523 ita
2764 1470 3116 1538 promtntiat,
3157 1471 3402 1528 referens
3425 1489 3548 1530 eum

1965 1555 2167 1610 dixisse
2192 1556 2259 1609 de
2289 1555 2449 1610 l'atre
2480 1575 2492 1610 :
2524 1557 2781 1612 Dominus
2801 1560 2933 1613 dixit
2962 1561 3031 1614 ad
3055 1577 3135 1615 me
3165 1577 3183 1615 :
3207 1558 3379 1617 Filius
3407 1579 3551 1619 meus

283 1654 379 1719 l2).
409 1654 635 1709 Eisdem
681 1670 904 1726 quoque
937 1653 1245 1709 nominibus
1276 1647 1564 1709 Psalmiéta
1594 1654 1741 1708 illum
1769 1669 1860 1725 ap-
1895 1660 1936 1719 Β
1965 1663 2018 1700 es
2047 1657 2123 1711 ιιι,
2170 1663 2259 1717 ego
2305 1647 2459 1701 hodie
2482 1648 2638 1718 genui
2669 1658 2752 1715 le;
2780 1649 2987 1720 portula
3031 1669 3062 1704 η
3101 1668 3181 1706 me
3207 1661 3255 1706 et
3282 1652 3418 1706 dabo
3460 1652 3554 1706 tibi

280 1748 521 1819 pellavit,
579 1763 709 1803 cum
766 1763 889 1803 eum
942 1748 1323 1813 nasciturum,
1381 1748 1534 1817 quasi
1586 1749 1861 1817 pra-terita

282 1856 499 1895 narrans
525 1842 975 1911 prtenuntiasset,
1003 1841 1217 1895 dicens:
1254 1838 1459 1894 Veritas
1486 1841 1552 1894 de
1579 1850 1717 1893 terra
1747 1853 1862 1895 orta

280 1941 347 1986 est
374 1930 548 2002 (Psal.
593 1948 821 1998 LXXXIV,
853 1933 962 2002 l2).
1008 1932 1073 1987 Et
1106 1951 1118 1986 :
1168 1931 1421 1987 lt‘a'ortum
1457 1942 1530 1986 est
1556 1933 1610 1985 in
1642 1933 1863 1986 tenebris

283 2022 442 2076 lumen
467 2023 628 2077 rectis
664 2023 842 2093 (Psal.
874 2039 986 2087 cxx,
1015 2022 1095 2093 4).
1125 2022 1263 2077 Ecce
1286 2024 1477 2077 eadem
1507 2023 1723 2076 nomina
1751 2062 1766 2088 ,
1809 2032 1866 2078 et

283 2110 557 2168 Psalmista
588 2115 968 2184 praenuntiatus
997 2123 1122 2169 ante
1166 2124 1410 2184 tempora
1464 2114 1630 2168 inulta
1680 2114 1864 2169 Domi-

285 2204 380 2258 uici
416 2205 689 2260 adventus
720 2206 892 2270 dixit,
942 2214 996 2260 et
1031 2205 1229 2275 quibus
1258 2205 1372 2276 ipse
1421 2206 1669 2261 Christus
1706 2205 1868 2259 adve-

287 2295 428 2351 niens
456 2312 516 2350 se
541 2297 862 2367 appellavit.
912 2297 1163 2352 Dicamus
1190 2299 1489 2352 sententias
1533 2299 1605 2361 ab
1638 2305 1867 2366 utroque

287 2402 411 2458 pene
455 2390 718 2443 similiter
758 2389 1017 2459 prolatas.
1044 2388 1330 2443 I’salmista
1376 2402 1607 2458 namque
1650 2386 1701 2440 in
1727 2386 1871 2456 psal-

288 2494 368 2531 mo
403 2495 517 2544 nt,
546 2480 645 2549 qui
678 2488 822 2535 totus
857 2494 1101 2551 persona:
1130 2478 1332 2535 Christi
1368 2478 1641 2540 convenit,
1665 2477 1732 2529 de
1754 2477 1870 2546 ipso

288 2565 402 2619 dicit
431 2585 444 2620 :
479 2567 650 2633 Deus,
684 2566 826 2621 Deus
857 2584 1022 2633 meus,
1050 2568 1245 2637 respice
1274 2567 1328 2620 in
1353 2582 1467 2631 me;
1489 2582 1650 2635 quare
1679 2580 1759 2618 me
1785 2564 1872 2617 de-

288 2658 579 2728 reliquisti?
639 2659 771 2713 Item
803 2660 854 2713 in
881 2659 1088 2729 psalmo
1134 2674 1267 2722 xxx,
1298 2657 1578 2711 Christum
1622 2671 1872 2725 praenun-

288 2747 377 2800 tiat
403 2749 473 2802 ita
502 2749 818 2803 dicturum:
846 2747 913 2803 In
940 2765 1126 2804 manus
1150 2759 1291 2814 tuas,
1309 2746 1549 2812 Domine,
1568 2746 1871 2801 commendo

285 2840 515 2906 spiritum
548 2856 745 2893 meum.
792 2842 933 2907 Quas
972 2841 1182 2896 scilicet
1207 2850 1467 2908 utrasque
1497 2837 1794 2892 sententias
1817 2836 1871 2890 in

287 2927 573 3001 Evangelio
603 2932 831 3002 legimus
857 2932 931 2985 ita
965 2946 1103 3002 pene
1128 2947 1156 2984 a
1185 2931 1403 2985 Christo
1433 2930 1484 2984 in
1510 2944 1673 2984 cruce
1698 2929 1873 2999 posito

1960 1746 2135 1804 gentes
2164 1737 2519 1790 Ita'reditatem
2544 1749 2714 1801 litant,
2734 1750 2781 1792 et
2805 1741 3180 1807 possessionem
3207 1752 3353 1795 tuam
3378 1742 3557 1796 termi-

1965 1844 2057 1879 nos
2099 1838 2252 1881 terrai
2284 1825 2456 1898 (I’sal.
2497 1844 2556 1893 ιι,
2590 1829 2644 1893 7,
2686 1830 2763 1901 8).
2791 1830 3054 1885 Eumdem
3085 1847 3301 1902 quoque
3336 1847 3555 1887 sensum

1966 1924 2113 1969 tanto
2138 1918 2375 1985 apertius
2404 1918 2455 1971 in
2479 1918 2686 1988 psalmo
2730 1936 2857 1974 uxr
2893 1937 3054 1991 quam
3102 1922 3156 1975 in
3184 1922 3323 1988 aliis,
3356 1932 3559 1993 quanto

1964 2023 2062 2077 per
2105 2018 2315 2079 tempus
2348 2010 2588 2065 l'nttn'um
2620 2015 2956 2084 pronuntiat,
2984 2015 3209 2070 dicens:
3238 2014 3305 2069 Et
3345 2014 3556 2071 benedi-

1969 2110 2153 2153 rentnr
2173 2102 2225 2153 in
2250 2101 2361 2170 ipso
2384 2119 2559 2156 omnes
2581 2105 2746 2157 tribus
2766 2115 2950 2170 terrw;
2974 2122 3148 2159 omnes
3168 2118 3344 2177 gentes
3357 2105 3532 2175 magni
3541 2132 3560 2144 ο

1966 2190 2197 2257 ﬁrabnat
2230 2208 2347 2244 eum
2380 2191 2550 2262 (Psal.
2584 2211 2732 2260 Lxxt,
2765 2196 2873 2266 17).
2907 2194 2962 2250 lu
2995 2212 3103 2267 quo
3133 2199 3296 2252 etiam
3348 2198 3559 2268 psalmo

1967 2285 2127 2356 paulo
2200 2287 2447 2357 superius
2498 2288 2564 2342 de
2638 2288 3012 2345 incarnatione
3078 2291 3229 2362 ejus,
3285 2306 3391 2346 nec
3451 2305 3557 2343 non

1970 2376 2036 2431 de
2095 2377 2439 2432 sanctissima
2502 2378 2746 2434 doctrina
2804 2382 2922 2452 ejus
2981 2389 3405 2446 commemorat,
3470 2380 3559 2435 di—

1970 2487 2098 2526 cens
2126 2489 2139 2524 :
2175 2471 2455 2525 lltrsrendel
2487 2473 2619 2526 sicut
2650 2473 2823 2541 pluria
2854 2476 2908 2528 in
2955 2473 3143 2543 vellusJ
3189 2483 3235 2528 et
3264 2484 3395 2527 sicut
3439 2472 3558 2528 stil-

1972 2558 2151 2614 licidia
2200 2562 2456 2615 stillantia
2506 2580 2663 2632 super
2724 2576 2938 2618 terram.
3007 2562 3223 2618 Orielur
3272 2564 3325 2617 in
3379 2564 3560 2619 diebus

1972 2652 2086 2723 ejus
2130 2653 2344 2722 justitia
2376 2664 2423 2707 et
2474 2654 2798 2709 abundantia
2828 2656 3003 2727 pacis,
3031 2668 3136 2712 etc.
3176 2656 3365 2727 (Ibid,
3396 2657 3448 2720 6,
3478 2656 3556 2726 7).

1976 2743 2131 2813 Quod
2165 2747 2296 2799 dicit
2326 2764 2338 2799 :
2375 2745 2653 2801 Descendit
2683 2760 2815 2802 sicut
2855 2750 3032 2819 pluria
3069 2750 3123 2802 in
3160 2751 3351 2823 uellus,
3377 2748 3450 2803 ita
3478 2758 3562 2813 est

1976 2836 2387 2907 intelligendum
2416 2857 2427 2890 :
2465 2839 2617 2892 Sicut
2649 2840 2794 2894 enim
2826 2842 3006 2911 pluvia
3050 2841 3103 2894 in
3137 2840 3307 2894 vellus
3338 2842 3563 2907 descen-

1977 2928 2114 2983 dens
2144 2930 2288 2984 nulla
2323 2930 2451 2985 illud
2499 2932 2763 2987 divisione
2797 2934 3027 3003 rumpit,
3062 2943 3117 2989 et
3154 2921 3351 2987 iterum
3403 2933 3473 2988 ab
3498 2948 3564 2988 eo

285 3022 533 3091 prolatas,
579 3024 721 3079 sicut
743 3022 1026 3079 Psalmista
1060 3023 1463 3093 przcnuntiavit.
1523 3022 1678 3086 Quis,
1714 3037 1866 3089 rogo,
1897 3035 1943 3096 ρ
1977 3021 2237 3077 recedens
2263 3038 2292 3076 a
2324 3038 2420 3077 sua
2453 3024 2765 3095 integritate
2796 3041 2902 3080 non
2937 3026 3158 3092 minuit;
3194 3027 3265 3081 ita
3299 3037 3355 3080 et
3384 3025 3565 3083 Domi-

286 3129 385 3167 uou
428 3117 772 3180 mirandam,
814 3130 919 3169 non
973 3116 1339 3170 venerandam
1391 3124 1613 3169 censeat
1665 3121 1868 3167 tantam

286 3202 583 3273 Psalmista:
641 3209 1013 3273 sanctitatem,
1061 3190 1173 3278 qui.
1204 3209 1380 3280 ipsum
1440 3200 1495 3261 υ
1524 3209 1729 3263 minnm
1776 3224 1874 3263 no-

288 3306 447 3351 strum
506 3300 673 3354 totius
723 3301 1032 3356 sanctitatis
1080 3312 1360 3356 auctorem
1423 3302 1626 3357 habere
1674 3302 1875 3372 tneruit

288 3392 577 3447 verborum
611 3407 838 3447 suormn
873 3394 1237 3467 imitatorem?
1265 3395 1399 3462 Quis
1437 3395 1605 3449 etiam
1644 3411 1750 3449 non
1779 3394 1876 3450 ob—

288 3492 563 3553 stupescat
594 3495 798 3540 tantam
847 3486 1089 3558 ejusdem
1127 3488 1341 3543 Domini
1376 3487 1544 3543 nostri
1575 3488 1875 3543 bonitatem

289 3583 340 3628 et
359 3575 725 3641 clementiam,
753 3592 917 3648 quam
944 3578 998 3633 in
1028 3579 1315 3636 Psalmista
1342 3580 1530 3635 eodem
1556 3580 1875 3650 agnovimus

290 3662 532 3724 factam?
560 3668 719 3723 Certe
749 3670 885 3724 satis
922 3685 1116 3741 magna
1167 3671 1342 3741 pietas
1388 3671 1480 3727 Dei
1532 3679 1706 3738 esset,
1736 3671 1779 3726 si
1807 3672 1875 3727 ab

290 3756 503 3818 homine
537 3761 590 3816 in
624 3761 773 3816 nullo
798 3762 1016 3831 capitali
1060 3764 1288 3819 crimine
1314 3766 1565 3835 prolapso
1613 3764 1874 3834 prmdice-

294 3862 436 3905 retur
464 3853 778 3908 incarnatio
812 3854 1013 3909 Christi
1048 3864 1351 3925 cwteraque
1387 3872 1485 3925 per
1521 3856 1670 3913 illum
1701 3864 1873 3926 gesta.

294 3939 438 4006 Quod
468 3952 649 4003 autem
671 3944 878 4014 aliquis
900 3945 954 4000 in
985 3946 1283 4002 sceleribus
1307 3947 1554 4016 plurimis
1591 3947 1877 4017 prolapsus

294 4046 409 4101 post
438 4035 753 4105 bujusmodi
788 4038 999 4094 ruinam
1048 4040 1115 4094 ad
1151 4041 1470 4110 dignitatem
1506 4051 1712 4095 tantam
1760 4057 1877 4112 per-

294 4128 476 4187 venire
503 4130 719 4198 potuit,
766 4138 826 4183 ut
853 4141 1320 4187 sacramentorum
1351 4132 1656 4188 divinormn
1689 4135 1874 4203 prodi-

297 4226 379 4273 tor
399 4231 453 4276 et
479 4222 678 4277 divina:
715 4223 938 4295 pietatis
987 4224 1126 4281 lator
1151 4227 1467 4297 eligeretur,
1491 4236 1748 4297 quautam
1781 4245 1878 4299 pu-

299 4320 467 4369 tamus
489 4316 628 4370 hanc
650 4330 775 4370 esse
797 4314 889 4370 Dei
914 4316 1207 4386 pietatem?
1226 4320 1623 4375 lnazstimabilis
1646 4336 1878 4389 namque

1974 3130 2076 3169 IIIIS
2112 3126 2298 3170 1105101⁸
2332 3128 2559 3171 matrem
2610 3134 2761 3175 suam
2793 3136 2894 3175 IICC
2924 3130 3244 3193 CODCCplUS,
3275 3136 3375 3177 liCC
3405 3129 3565 3176 natus

1976 3206 2079 3259 ulla
2110 3208 2459 3277 corruptione
2485 3210 2686 3266 divisit.

2047 3299 2199 3365 Quod
2240 3309 2417 3354 autem
2461 3299 2675 3357 ,Ιιιιιωοε
2715 3319 3012 3374 omnesque
3069 3319 3128 3361 se
3175 3314 3567 3376 persequentes

1975 3391 2078 3445 sub
2104 3392 2330 3461 pedibus
2356 3392 2668 3448 calcaturns
2696 3406 2861 3459 esset,
2898 3396 2949 3448 in
2982 3396 3191 3464 psalmo
3215 3411 3302 3450 etx
3327 3412 3566 3465 pronun-

1979 3483 2166 3546 tiatur,
2198 3481 2481 3539 l’salmista
2507 3484 2579 3540 ita
2606 3485 2851 3541 dicente:
2879 3486 3023 3541 Dixit
3051 3472 3309 3543 Dominus
3339 3486 3565 3541 Domino

1976 3589 2091 3626 meo
2122 3589 2138 3628 :
2167 3574 2303 3629 Sede
2328 3593 2358 3627 a
2380 3575 2580 3630 dextris
2608 3576 2757 3641 meis,
2777 3577 2941 3631 donec
2960 3592 3151 3647 ponam
3178 3576 3417 3631 inimicos
3448 3586 3565 3631 tuos

1977 3664 2260 3739 scabellnnt
2294 3667 2485 3736 pedunt
2515 3676 2728 3721 tuorum
2768 3682 2789 3721 ε
2838 3668 2931 3738 qui
2973 3668 3189 3723 scilicet
3223 3667 3471 3739 psalmus
3498 3669 3567 3723 de

1975 3756 2197 3811 Christo
2231 3758 2489 3812 scribitur
2518 3767 2681 3813 totus.
2720 3757 2819 3814 Cui
2868 3758 3045 3813 simile
3090 3759 3220 3829 quid
3258 3758 3311 3813 in
3359 3757 3569 3829 psalmo

1976 3866 2120 3905 cxvn
2155 3852 2445 3915 invenitur,
2475 3851 2563 3905 ubi
2613 3852 2666 3906 in
2698 3852 2848 3908 brevi
2877 3852 3143 3908 versiculo
3170 3852 3399 3923 mystice
3435 3866 3569 3922 pro-

1978 3942 2093 3999 lato
2151 3944 2333 3997 omnia
2376 3945 2722 4000 contineatur
2769 3961 2893 4015 qua:
2924 3946 2978 4001 iu
3030 3945 3251 4003 Christo
3302 3945 3568 4017 completa

1979 4043 2126 4088 sunt.
2160 4034 2251 4089 Sic
2290 4036 2435 4089 enim
2485 4036 2681 4090 dicitur
2711 4054 2723 4090 :
2753 4036 3042 4107 Lapidem,
3065 4054 3219 4107 quem
3265 4039 3568 4107 reprobava

1979 4137 2100 4178 runt
2122 4126 2464 4196 a’dilicantes,
2493 4127 2578 4180 llic
2607 4128 2777 4197 factus
2805 4139 2878 4182 est
2910 4130 2964 4181 in
2994 4139 3149 4198 caput
3176 4129 3377 4198 anguli.
3413 4129 3566 4185 Unde

1980 4232 2160 4276 autem
2192 4222 2440 4277 Christus
2470 4223 2606 4293 lapis
2650 4224 2723 4278 sit
2750 4225 2960 4290 dictus,
2984 4232 3039 4279 et
3080 4226 3350 4294 quomodo
3381 4239 3569 4295 repro~

1982 4315 2142 4369 batus
2172 4314 2243 4368 sit
2268 4314 2336 4369 ab
2361 4314 2754 4371 aulilicantibus
2782 4315 3066 4388 factusque
3094 4318 3167 4373 sit
3197 4319 3251 4372 in
3275 4329 3437 4388 caput
3471 4334 3568 4373 an-

298 4412 349 4456 et
399 4404 783 4461 inenarrabilis
835 4396 982 4460 tanta
1040 4408 1133 4462 Dei
1179 4410 1351 4479 pietas
1389 4411 1583 4467 merito
1627 4420 1871 4466 vocatur.
1907 4391 1955 4451 Ῑ)
1982 4406 2121 4478 Βυιίι
2163 4406 2291 4476 ‘1“ia
2332 4407 2386 4460 in
2440 4405 2574 4461 Ῑοείε
2623 4406 2874 4477 Plurimis
2917 4409 3194 4464 ίιινθηίῑιῖτ
3237 4409 3565 4479 θκνοείιιιιη,

300 4492 419 4551 ll;ec
439 4496 598 4567 igitur
616 4504 868 4573 sanctum
894 4497 1239 4556 Psalmistam
1271 4502 1421 4571 prius
1444 4502 1661 4570 quidem
1687 4518 1876 4572 pecca-

301 4593 484 4653 torem,
512 4590 715 4645 deinde
746 4604 875 4644 vero
904 4605 1225 4647 conversum
1275 4592 1395 4646 ideo
1431 4591 1560 4648 fecit
1599 4592 1787 4658 talem,
1819 4602 1877 4648 nt

300 4693 392 4748 per
436 4697 556 4736 eum
607 4682 677 4736 ad
732 4697 921 4737 omnes
974 4696 1291 4754 peccatores
1360 4684 1640 4748 clamaret,
1688 4685 1877 4741 dicens

302 4768 477 4840 (Zarlt.
501 4790 543 4837 ι,
568 4773 654 4843 5)τ
683 4773 1073 4831 Convertimini
1099 4777 1163 4830 ad
1188 4770 1494 4843 me,omnes
1524 4778 1612 4848 qui
1645 4779 1881 4848 peccatis

301 4866 499 4932 gravati
543 4866 708 4932 estis,
739 4875 795 4921 et
824 4865 1022 4924 faciam
1075 4868 1128 4921 in
1162 4869 1319 4924 vobis
1350 4871 1598 4925 eamdem
1644 4872 1878 4940 gratiam

304 4967 459 5021 quam
487 4956 540 5011 in
567 4957 671 5014 hoc
698 4971 860 5013 servo
895 4973 1016 5015 meo
1045 4958 1212 5016 David
1248 4960 1314 5015 ad
1352 4977 1438 5018 me
1468 4976 1731 5017 converso
1754 4962 1877 5019 feci.

307 5039 545 5116 Nunquid
578 5057 802 5118 propter
838 5049 1237 5107 multitudinem
1278 5051 1623 5122 iniquitatum
1655 5068 1878 5108 suarum

306 5137 470 5207 alijeci
500 5142 656 5196 eum?
685 5143 766 5198 sic
795 5157 894 5199 nec
925 5158 1019 5200 vos
1051 5143 1301 5213 abjieiam
1321 5185 1335 5207 ,
1360 5147 1402 5200 si
1427 5147 1544 5218 ejus
1566 5145 1881 5206 conversio-

308 5241 423 5281 nem
447 5239 737 5300 sequentes
760 5232 828 5286 ad
857 5248 941 5289 me
966 5236 1159 5289 venitis
1190 5236 1243 5288 in
1273 5245 1513 5307 tempore
1551 5246 1876 5306 opportuno.

307 5315 436 5372 Nam
472 5322 529 5374 in
560 5321 753 5377 diluvio
783 5340 1040 5393 aquarum
1071 5328 1357 5382 multarunt
1407 5324 1580 5399 (I’sal.
1616 5318 1766 5389 xxxi.
1799 5328 1878 5398 6),

311 5407 360 5450 id
388 5421 465 5450 ne!
501 5413 552 5450 in
581 5422 850 5450 nnnunnln
878 5417 1181 5450 ηονῖιοηιηοίι
1215 5417 1508 5450 ιηηΙοΛιοη-νιη
1535 5419 1852 5450 ηηηιιΙη-ηιοσιι

1982 4513 2082 4553 nos
2147 4500 2236 4553 hic.
2289 4498 2407 4553 sine
2461 4501 2798 4570 espositionc
2862 4501 3229 4572 relinquentes
3285 4502 3567 4559 tendamus

1981 4592 2277 4648 aliorsum:
2320 4593 2482 4646 verba
2534 4608 2769 4662 namque
2813 4596 3009 4664 smpius
3061 4594 3270 4664 prolata
3316 4594 3569 4655 videntur

1978 4684 2219 4738 tzediosu.
2256 4685 2507 4739 Dicamus
2530 4699 2660 4757 ergo
2692 4683 2779 4738 illa
2799 4724 2814 4750 ,
2842 4701 2964 4754 qua:
2991 4686 3136 4740 dictu
3162 4696 3289 4742 sunt
3318 4701 3466 4741 rara.

2057 4775 2111 4829 In
2142 4776 2348 4845 psalmo
2380 4776 2543 4846 igitur
2570 4791 2835 4841 Lxxxvm,
2861 4778 3027 4831 multa
3057 4778 3476 4847 pronuntiantur
3500 4778 3569 4834 do

1985 4864 2097 4923 Deo
2122 4866 2283 4923 Patre
2312 4868 2379 4922 ad
2409 4869 2690 4926 Christum
2719 4865 2902 4921 Jesum
2932 4868 3202 4938 loquente,
3237 4883 3337 4923 nec
3368 4883 3472 4925 nou
3500 4867 3569 4923 do

1982 4958 2173 5013 eodem
2220 4958 2438 5015 Christo
2484 4959 2613 5017 .lesu
2676 4957 2743 5014 ad
2793 4957 3007 5013 Patrem
3057 4958 3301 5023 dicente,
3330 4955 3421 5010 ubi
3473 4956 3573 5018 Dei

1985 5047 2162 5106 Patris
2186 5050 2347 5103 verba
2380 5051 2649 5121 incipiunt
2675 5050 2747 5103 ita
2782 5066 2796 5102 :
2837 5046 3000 5106 Posui
3031 5047 3355 5115 adjutorium
3381 5045 3437 5102 in
3472 5062 3568 5116 pa.

1983 5150 2136 5208 lente,
2164 5152 2211 5196 et
2237 5141 2463 5197 exaltavi
2490 5145 2714 5198 electum
2741 5140 2805 5194 de
2827 5141 2971 5211 plebe
3008 5154 3145 5193 mea.
3184 5136 3367 5189 Inveni
3400 5136 3573 5201 David

1982 5249 2187 5288 servum
2213 5249 2405 5300 meum,
2428 5235 2544 5290 oleo
2572 5241 2756 5289 sancto
2785 5248 2898 5286 meo
2922 5230 3051 5285 unxi
3073 5243 3212 5292 eum,
3243 5237 3373 5291 etc.,
3399 5240 3577 5297 usque

1985 5326 2217 5397 perfecta
2275 5326 2332 5379 in
2406 5338 2664 5383 (uernum
2692 5364 2707 5387 ,
2773 5333 2822 5378 et
2885 5325 3029 5378 testis
3091 5320 3144 5371 in
3212 5317 3338 5372 cmlo
3400 5320 3574 5389 ﬁdelis

1985 5416 2035 5450 In
2090 5415 2278 5450 00.7.1“
2356 5417 2487 5450 llum
2540 5429 2671 5450 -νηιοη
2715 5421 3016 5450 cnnunnlnr
3068 5422 3239 5450 "Snus!
3299 5408 3364 5450 mi
3412 5406 3574 5450 “nt-lii
