3998 5450
440 298 564 367 159

1461 314 1762 371 eTttLos-t
1804 281 2110 371 possunt
2151 315 2207 370 s.
2247 314 2665 371 semensum

3616 326 3750 384 160

457 429 619 486 Simul
649 437 701 486 et
728 431 1344 501 venerandumvidetur,
1367 434 1509 503 quod
1538 433 1843 503 hujusmodi
1874 430 2038 488 collo-
2066 430 2110 487 Α
2140 438 2186 481 et
2217 441 2490 500 soporatus
2513 448 2650 499 sum,
2682 441 2731 486 et
2745 435 3039 492 exsurrexi.
3079 436 3143 491 Et
3168 436 3220 492 in
3250 453 3340 492 χχι
3371 457 3384 493 :
3418 438 3748 496 Divisernnt

457 521 645 591 quium
669 522 764 576 Dei
793 520 971 577 Patris
995 530 1050 578 et
1085 522 1204 577 Filii
1253 524 1366 594 ipse
1402 524 1678 594 psalmista
1731 526 1897 582 David
1939 528 2038 582 sub

456 628 689 682 persona
715 628 810 669 sua
846 616 1047 669 meruit
1073 616 1337 685 proferre.
1372 617 1447 673 De
1473 634 1581 688 quo
1610 620 1775 689 igitur
1801 622 1908 679 tale
1937 620 2038 675 ali-

458 704 589 772 quid
619 704 834 776 legitur,
859 715 920 762 ut
947 706 1146 763 Christi
1172 709 1296 764 Filii
1324 711 1419 767 Dei
1448 715 1762 785 mysterium
1793 716 1892 771 sub
1918 732 2038 788 per-

457 810 591 851 sona
620 798 841 869 propria
885 799 941 853 in
989 814 1048 855 se
1081 801 1381 858 transferre
1415 810 1801 876 praesumeret?
1827 807 2040 865 Profert

459 901 697 957 namque
724 895 780 943 et
815 903 881 943 ex
908 903 1138 960 persona
1171 892 1263 948 Dei
1287 893 1464 951 Patris
1495 897 1645 965 quasi
1668 912 1851 954 secum
1875 898 2038 957 collor

456 976 672 1045 quentis
694 976 843 1033 illam
869 979 1301 1038 inaestimabilem
1323 985 1576 1054 gratiam,
1607 1002 1767 1056 quam
1806 989 1918 1067 ipse
1942 1005 2039 1059 per

457 1066 733 1122 Christum
777 1078 1099 1139 operaturus
1140 1082 1260 1127 erat
1289 1077 1341 1129 in
1366 1084 1567 1133 sanctae
1596 1066 1851 1139 Ecclesiae
1882 1079 2032 1148 ﬁliis;

456 1166 512 1212 et
554 1172 771 1213 rursum
828 1160 1030 1217 Christi
1080 1178 1364 1235 personam
1414 1167 1469 1223 in
1510 1183 1569 1224 se
1612 1171 1854 1237 trahens,
1880 1172 2036 1243 quasi

457 1250 834 1319 respondendo
886 1255 1258 1324 superioribus
1321 1257 1481 1316 dictis
1537 1261 1744 1332 profert
1805 1279 1870 1319 ea
1916 1280 2036 1335 quae

455 1339 706 1398 Christus
730 1357 828 1413 pro
853 1345 1010 1403 nobis
1037 1363 1294 1418 passurus
1336 1361 1479 1419 erat,
1505 1353 1692 1411 dicens
1718 1374 1732 1410 :
1761 1356 1838 1413 Tu
1872 1373 2031 1426 vero,

455 1428 656 1498 Pater,
701 1433 793 1502 qui
835 1434 967 1490 mihi
1012 1440 1323 1507 nuperrime
1390 1444 1689 1512 promisisti
1737 1456 1797 1502 ut
1846 1455 1901 1504 et
1948 1464 2035 1505 me

454 1521 874 1592 primogenitum
914 1527 1294 1600 excelsumque
1323 1548 1435 1603 prae
1471 1535 1687 1607 regibus
1727 1546 1885 1595 terrae
1934 1556 2032 1612 po-

456 1626 636 1678 neres,
667 1621 724 1668 et
749 1614 792 1668 si
819 1614 913 1671 lilii
941 1619 1043 1673 mei
1071 1620 1122 1675 in
1154 1621 1335 1692 aliquo
1371 1624 1743 1697 delinquentes
1781 1634 2033 1689 mandata

457 1710 548 1757 tua
589 1718 694 1759 non
717 1708 1073 1776 custodirent,
1104 1712 1156 1767 in
1178 1713 1505 1785 iniquitates
1541 1733 1726 1775 eorum
1760 1722 2027 1790 visitares,

455 1803 576 1862 post
603 1795 905 1866 hujusmodi
928 1803 1194 1870 promissa
1223 1821 1308 1862 me
1336 1805 1612 1865 Christum
1644 1819 1815 1880 tuum,
1840 1814 1892 1868 in
1922 1830 2029 1885 quo

453 1899 642 1941 omnes
671 1887 881 1947 salvare
910 1892 1222 1962 disposuisti
1241 1938 1256 1963 ,
1286 1899 1396 1954 cito
1436 1902 1680 1971 repulisti
1719 1913 1774 1960 et
1799 1921 1829 1959 a
1859 1906 2031 1979 digni-

454 1985 567 2030 tate
596 1993 714 2033 mea
761 1980 1026 2052 dejecisti.
1059 1985 1180 2043 Haec
1222 1999 1404 2046 autem
1444 1993 1628 2050 omnia
1666 1996 2030 2067 deSpectionis

452 2069 619 2123 verba
645 2070 746 2124 sub
773 2086 1001 2141 persona
1034 2075 1241 2134 Christi
1266 2081 1409 2137 dicta
1443 2083 1498 2141 in
1536 2086 1724 2155 paucis
1766 2089 2029 2160 completa

456 2154 712 2212 videntur
733 2158 891 2217 dictis
929 2177 1049 2232 quae
1075 2163 1320 2223 Christus
1347 2170 1400 2225 in
1432 2154 1596 2230 cruce
1616 2175 1823 2251 positus
1849 2154 1984 2233 dixit
2012 2197 2026 2234 :

453 2246 768 2314 Deus,Deus
788 2269 953 2321 meus,
972 2265 1027 2310 ut
1052 2259 1179 2328 quid
1209 2259 1529 2333 dereliquisti
1550 2246 1663 2325 me?
1683 2266 1854 2338 (Psal.
1887 2286 2028 2339 LXII,

449 2339 545 2409 2.)
583 2340 723 2398 Ecce
750 2359 913 2415 quam
950 2363 1107 2405 sacer
1133 2353 1376 2426 dialogus
1409 2357 1499 2413 Dei
1543 2356 1719 2416 Patris
1743 2372 1799 2418 et
1826 2362 1948 2417 Filii
1977 2364 2033 2419 in

449 2444 560 2525 tuto
588 2433 887 2506 eodemque
906 2439 1117 2508 psalmo
1144 2452 1227 2499 est
1252 2444 1425 2503 factus
1444 2487 1461 2514 ,
1493 2449 1548 2503 in
1578 2466 1687 2521 quo
1711 2462 1765 2507 et
1797 2453 2033 2525 dignitas

450 2522 665 2580 Domini
689 2529 865 2584 nostri
895 2535 1190 2591 secundum
1222 2538 1581 2606 divinitatem,
1623 2551 1680 2598 et
1707 2522 1902 2613 injuria
1943 2555 2030 2601 at-

447 2630 556 2685 que
583 2616 900 2690 despectio,
936 2638 1100 2695 quam
1148 2632 1446 2687 secundum
1487 2632 1877 2691 humanitatem
1932 2654 2030 2710 pro

450 2710 634 2765 mundi
663 2712 836 2768 salute
872 2716 1152 2784 sustinuit,
1180 2722 1581 2791 pronuntiatur.
1620 2726 1812 2784 Merito
1848 2730 2031 2803 itaque

452 2799 578 2854 huic
610 2802 838 2870 psalmo,
873 2807 925 2860 In
951 2822 1058 2877 quo
1091 2818 1254 2868 tanta:
1276 2814 1667 2874 misericordiae
1696 2799 2029 2879 commemo-

451 2892 595 2947 ratio
622 2894 823 2964 agitur,
857 2896 1070 2954 initium
1123 2902 1229 2957 tale
1279 2902 1564 2964 Psalmista
1619 2908 1903 2981 imposuit,
1951 2914 2032 2970 di-

452 2995 633 3036 cens:
677 2981 1070 3045 Misericordias
1126 2991 1340 3050 Domini
1384 2998 1439 3052 in
1499 3009 1750 3057 wternum
1808 3007 2030 3063 cantabo

451 3069 629 3141 (Psal.
661 3092 932 3145 sxxxvm,
962 3080 1038 3153 ‘2).
1070 3084 1295 3143 Cantate
1319 3098 1375 3144 et
1422 3106 1518 3147 vos
1544 3135 1559 3158 ,
1591 3094 1786 3153 fratres
1825 3100 2030 3157 charis-

450 3164 883 3231 simi,canticum
913 3174 1041 3241 tale,
1070 3187 1124 3232 et
1150 3179 1455 3239 benedicite
1479 3184 1762 3247 [loruinum
1799 3190 1851 3246 in
1877 3193 2027 3249 omni

454 3265 726 3328 tempore;
759 3277 975 3335 semper
1006 3267 1122 3326 laus
1147 3272 1263 3342 ejus
1294 3275 1365 3330 sit
1394 3277 1446 3331 in
1497 3295 1593 3334 ore
1644 3291 1824 3339 vestro
1853 3283 2026 3357 (Psal.

450 3364 648 3415 xum,
678 3353 771 3424 2),
802 3358 895 3426 qui
949 3371 1004 3414 et
1042 3371 1169 3419 ante
1216 3375 1454 3439 tempora
1501 3374 1667 3430 multa
1717 3353 2028 3437 misericor-

453 3440 597 3496 diam
636 3452 840 3502 tantam
879 3457 1258 3520 plmmmtiavit
1298 3469 1352 3515 et
1396 3478 1515 3519 eam
1563 3466 1615 3520 in
1655 3468 2031 3542 nobisjugiter

453 3532 679 3632 implere
707 3543 925 3613 satagit.
958 3544 1096 3613 Quid
1124 3552 1270 3605 enim
1296 3553 1668 3615 delectabilius
1707 3532 2030 3632 esse'potest

382 3682 387 3687 ,
450 3637 516 3681 ea
543 3626 720 3696 laude,
749 3646 814 3688 eo
859 3638 1071 3695 cantico
1097 3644 1239 3710 quod
1286 3654 1567 3704 cantamus
1594 3626 1865 3708 Domino‘l
1883 3653 2030 3710 Talis

451 3727 632 3774 autem
655 3721 771 3780 laus
791 3735 846 3780 et
871 3728 975 3784 tale
998 3734 1293 3798 canticum,
1315 3740 1441 3813 quia
1469 3757 1729 3812 nusquam
1760 3744 2030 3801 invenitur

456 3809 690 3878 amplius
719 3827 879 3900 quam
907 3816 960 3871 in
987 3820 1231 3889 psalmis,
1263 3809 1383 3881 ideo
1411 3809 1696 3889 redeamus
1723 3834 1792 3889 ad
1829 3851 1923 3891 eos
1951 3845 2025 3903 et,

453 3905 517 3950 ut
572 3896 880 3970 possumus,
927 3912 1278 3980 exquiramus
1325 3916 1380 3973 in
1430 3919 1517 3976 his
1566 3921 1762 3981 divinae
1816 3930 2027 3989 cantica

456 3988 657 4059 laudis;
693 3994 955 4066 quidquid
983 4004 1126 4057 enim
1156 4021 1253 4075 pro
1283 4009 1399 4079 ejus
1450 4027 1636 4069 amore
1676 4018 1913 4085 gerimus
1946 4020 2031 4076 vel

453 4079 754 4152 loquendo,
791 4087 875 4143 vel
922 4090 1176 4163 legendo,
1213 4098 1294 4153 vel
1346 4101 1668 4174 scribendo,
1719 4122 1813 4163 seu
1864 4110 2028 4167 etiam

445 4173 605 4229 .utilia
637 4178 890 4249 qualibet
922 4186 1262 4259 meditando,
1291 4191 1395 4248 hoc
1425 4193 1491 4255 ad
1516 4195 1729 4253 laudern
1759 4215 1915 4256 suam
1944 4217 2031 4258 re-

451 4261 626 4321 lertur

1054 4372 1282 4431 CAPUT
1324 4376 1428 4433 Vll.

2141 517 2243 572 sibi
2271 520 2575 576 vestimenta
2616 538 2729 581 mea
2764 533 2811 578 et
2839 541 2995 595 super
3034 538 3220 582 restem
3250 544 3415 582 meam
3461 530 3749 586 miserunt

2141 618 2350 663 sortem.
2418 611 2523 665 Sed
2569 620 2623 666 et
2675 612 2805 669 illud
2866 614 3280 687 improperium,
3336 621 3477 688 quod
3544 620 3743 677 Juttmi

2140 698 2357 755 Christo
2398 702 2725 759 insultantes
2762 705 3057 762 dixerunt:
3084 706 3389 777 Conﬁditin
3422 711 3548 775 Deo,
3590 713 3745 766 libe-

2139 802 2214 845 ret
2263 808 2381 847 eum
2437 811 2575 849 mmc
2621 798 2666 850 si
2720 797 2830 853 vult
2881 799 3107 872 (Matth.
3164 817 3341 868 xxvu,
3386 801 3498 874 4'5).
3560 803 3727 860 Bene

2138 881 2342 937 eisdem
2388 885 2568 940 verbis
2619 884 2903 944 Psalmista
2961 889 3069 945 illic
3116 894 3451 965 pronuntiat,
3484 894 3734 952 dicens:

2139 971 2378 1043 Speravit
2406 975 2461 1029 in
2493 976 2736 1044 Domino,
2774 980 2961 1051 eripiat
2989 999 3127 1049 eum,
3167 984 3367 1040 salvum
3390 985 3735 1059 furialem»,

2135 1066 2384 1135 quoniam
2430 1066 2535 1122 vult
2567 1084 2684 1123 eum
2723 1069 2898 1142 (Psal.
2954 1089 3069 1139 nl,
3113 1075 3190 1146 9).
3228 1076 3358 1132 ltem
3411 1078 3540 1133 illud
3571 1079 3736 1150 quod

2136 1154 2405 1211 Dominus
2435 1158 2502 1212 ad
2530 1158 2754 1215 Mariam
2789 1162 2969 1218 dixit:
3011 1163 3154 1219 Vade
3199 1166 3271 1220 ad
3308 1167 3505 1238 fratres
3547 1186 3726 1234 meos.

2134 1254 2181 1298 et
2207 1244 2293 1298 dic
2320 1246 2395 1300 eis
2418 1262 2437 1301 :
2467 1247 2705 1304 Ascendo
2719 1250 2789 1304 ad
2814 1248 3028 1308 Patrem
3055 1270 3246 1320 meum,
3271 1265 3376 1313 etc.
3411 1256 3593 1321 (Joan.
3621 1274 3729 1324 xx,

2135 1334 2246 1407 17).
2282 1335 2339 1390 In
2392 1338 2582 1394 eodem
2632 1340 2842 1414 psalmo
2890 1342 3277 1415 pronuntiatur
3324 1347 3730 1404 itazNarrabo

2135 1442 2321 1481 nomen
2347 1437 2493 1482 tuum
2522 1428 2775 1498 fratribus
2806 1434 2932 1487 meis
2963 1432 3134 1504 (Psal.
3177 1451 3292 1503 nl,
3330 1438 3446 1508 25).
3480 1437 3581 1505 Qui
3627 1439 3728 1494 ni-

2135 1517 2330 1572 mirum
2398 1519 2594 1575 fratres
2652 1522 2902 1593 discipuli
2961 1526 3173 1581 Domini
3232 1529 3520 1600 utrobique
3585 1538 3727 1586 sunt

2132 1608 2488 1681 intelligendi.
2522 1611 2634 1668 lloc
2664 1614 2884 1684 quidem
2925 1616 2976 1671 in
3005 1617 3212 1687 psalmo
3242 1634 3354 1674 XXI.

2202 1701 2260 1756 In
2340 1719 2508 1759 vam
2579 1715 2759 1762 autem
2833 1707 3088 1764 similiter
3168 1711 3517 1769 inveniuntur
3592 1731 3727 1786 quae

2062 1781 2108 1841 Β
2133 1792 2351 1848 Christo
2399 1796 2711 1864 specialiter
2758 1800 3106 1866 conveniunt,
3139 1810 3236 1860 ut;
3266 1802 3562 1875 Confortati
3590 1781 3720 1862 sunt

2132 1885 2222 1955 qui
2261 1885 2519 1955 persecuti
2551 1898 2670 1943 sunt
2708 1906 2789 1944 me
2820 1891 3020 1945 inimici
3046 1894 3151 1947 mei
3171 1894 3396 1963 injuste;
3444 1913 3563 1968 qum
3607 1888 3718 1951 non

2132 1976 2307 2045 rapui,
2360 1985 2483 2031 tunc
2524 1977 2868 2035 exsolvebam.
2913 1979 3194 2049 Quomodo
3245 1994 3426 2041 autem
3463 1986 3718 2044 Christus

2132 2067 2368 2123 solveret
2403 2083 2526 2139 quae
2574 2086 2681 2125 non
2714 2072 2979 2143 rapiebat,
3026 2074 3192 2131 Isaias
3228 2077 3489 2153 propheta
3524 2090 3717 2149 aperte

2132 2161 2467 2230 pronuntiat,
2496 2161 2711 2218 dicens:
2731 2162 2923 2219 Omnes
2949 2183 3040 2221 nos
3069 2168 3221 2238 quasi
3245 2185 3360 2226 oves
3383 2171 3714 2237 erravimus;

2135 2251 2488 2320 unusquisque
2513 2266 2544 2303 a
2568 2252 2650 2305 via
2688 2269 2783 2306 sua
2807 2253 3084 2310 declinavit
3105 2266 3153 2311 et
3182 2256 3438 2312 Dominus
3460 2259 3632 2329 posuit
3658 2261 3715 2315 in
3742 2246 3745 2249 ’

2133 2356 2192 2394 eo
2241 2341 2568 2411 iniquitatem
2617 2344 2848 2397 omnium
2898 2340 3307 2418 uostruml‘lsa.
3338 2364 3456 2413 Lm,
3514 2349 3591 2421 6).
3646 2350 3717 2405 Et

2133 2432 2402 2501 quomodo
2428 2430 2679 2488 Christus
2704 2434 2865 2489 solvit
2882 2450 3002 2505 quae
3031 2450 3136 2491 non
3161 2440 3375 2508 rapuit?
3400 2438 3599 2495 Passus
3628 2450 3716 2496 est

2132 2522 2276 2577 enim
2312 2538 2419 2576 non
2454 2537 2553 2592 pro
2583 2525 2720 2591 suis,
2753 2525 2845 2580 sed
2884 2542 2983 2596 pro
3024 2527 3225 2584 nostris
3264 2530 3523 2598 peccatis.
3574 2529 3713 2584 ltem

2133 2612 2187 2668 in
2219 2614 2406 2668 eodem
2434 2615 2641 2688 psalmo
2669 2633 2686 2670 :
2713 2614 2787 2670 In
2816 2617 2905 2670 siti
2942 2634 3056 2672 mea
3098 2629 3405 2689 potaverunt
3432 2637 3512 2675 me
3541 2631 3709 2677 aceto.

2131 2703 2191 2759 In
2239 2718 2277 2758 ιι
2323 2705 2676 2765 nihilominus
2721 2706 2932 2778 psalmo
2973 2710 3362 2785 pronuntiatur
3400 2713 3467 2768 de
3508 2712 3711 2769 Iudaeis

2132 2792 2359 2864 aliisque
2396 2793 2672 2851 Christum
2711 2800 3158 2869 persequentibus
3190 2816 3205 2856 :
3234 2801 3520 2858 Astiterunt
3568 2822 3711 2875 reges

2132 2895 2285 2943 terra:
2310 2894 2356 2940 et
2382 2886 2642 2957 principes
2670 2901 3017 2944 convenerunt
3050 2891 3104 2946 in
3128 2909 3290 2947 unum
3319 2895 3566 2950 adversus
3600 2896 3713 2950 Do-

2131 2978 2354 3044 minum,
2408 2988 2457 3033 et
2502 2979 2753 3035 adversus
2803 2979 3070 3037 Christum
3116 2984 3254 3053 eius,
3305 2985 3549 3055 (subaudi
3582 3003 3595 3041 :
3627 2987 3713 3040 di-

2131 3069 2322 3139 centes)
2356 3070 2758 3139 Disrumpamus
2791 3074 2995 3129 vincula
3026 3091 3205 3130 eorum
3234 3086 3282 3131 et
3309 3079 3655 3149 projiciamus
3676 3097 3710 3134 a

2056 3137 2101 3199 ο
2133 3161 2280 3216 nobis
2306 3137 2507 3234 Vjugum
2555 3137 2808 3236 ipsorum.
2869 3165 3022 3232 Quod
3067 3166 3218 3231 dicit,
3267 3137 3467 3233 eorum,
3516 3168 3708 3224 referri

2130 3264 2315 3327 potest
2342 3265 2397 3312 et
2429 3257 2494 3311 ad
2527 3258 2837 3327 praemissas
2864 3270 3123 3327 personas
3156 3258 3368 3313 Domini
3396 3257 3710 3329 Christique

2131 3348 2268 3418 ejus,
2297 3357 2353 3404 et
2382 3350 2449 3405 ad
2497 3350 2641 3433 illius
2670 3350 2982 3422 discipulos,
3026 3366 3166 3421 quos
3193 3365 3223 3405 a
3254 3364 3314 3406 se
3356 3351 3710 3423 projicieutes

2131 3443 2197 3498 ad
2221 3451 2411 3514 gentes
2434 3446 2667 3498 transire
2696 3443 3096 3514 compulerunt.

2202 3533 2278 3589 De
2322 3532 2459 3589 Juda
2506 3534 2671 3588 etiam
2726 3533 2992 3589 traditore
3047 3543 3155 3589 tam
3195 3550 3259 3589 cx
3304 3535 3504 3592 Christi
3543 3551 3706 3606 quam

2128 3622 2427 3678 Psalmistaa
2474 3638 2704 3694 persona
2757 3625 3002 3694 quasdam
3064 3636 3577 3681 commemorantur.
3629 3627 3708 3682 Ex

2129 3711 2328 3781 quibus
2358 3710 2487 3766 illud
2519 3721 2623 3776 est,
2659 3713 2802 3782 quod
2844 3728 2908 3767 ex
2939 3727 3170 3785 persona
3214 3714 3423 3771 Domini
3459 3717 3659 3771 dicitur
3691 3734 3705 3771 :

2132 3800 2236 3867 Qui
2279 3801 2460 3855 edebat
2497 3819 2658 3872 panes
2704 3820 2845 3858 meos
2891 3805 3242 3876 magniﬁcavit
3282 3823 3439 3877 super
3477 3825 3559 3861 me
3586 3823 3711 3877 sup-

2128 3893 2508 3963 plantationem
2554 3892 2727 3965 (Psal.
2773 3910 2863 3961 XL,
2910 3894 3020 3966 10).
3070 3895 3148 3950 Ex
3194 3895 3495 3957 Psalmistte
3524 3907 3709 3951 autem

2129 3998 2361 4053 persona
2401 3984 2507 4040 dici
2546 3985 2801 4042 videtur:
2828 3985 3097 4042 Constitue
3137 4004 3292 4057 super
3317 4005 3434 4043 eum
3468 3999 3710 4059 peccato—

2131 4093 2274 4143 rem;
2301 4076 2543 4133 diabolus
2581 4087 2678 4132 stet
2717 4096 2750 4134 a
2780 4079 2978 4133 dextris
3004 4079 3151 4149 ejus;
3179 4094 3349 4149 usque
3382 4080 3515 4133 sicut
3548 4096 3706 4145 zona,

2129 4187 2232 4242 qua
2267 4188 2468 4240 semper
2512 4173 2852 4243 prtvcingitur
2882 4170 3053 4243 (Psal.
3097 4187 3248 4236 cvut,
3277 4172 3443 4243 6-19).
3476 4172 3629 4240 Quod
3659 4173 3707 4227 si

2129 4265 2287 4318 alicui
2336 4264 2623 4318 videantur
2679 4266 2797 4320 haec
2837 4264 3002 4320 verba
3047 4264 3244 4321 melius
3284 4265 3484 4320 Christi
3541 4279 3706 4334 quam

2130 4355 2427 4411 Psalmista:
2482 4371 2725 4425 persona:
2790 4355 3102 4420 convenire,
3158 4371 3268 4410 non
3333 4355 3703 4410 contradico:

452 4447 532 4503 De
564 4457 825 4522 mysteriis
869 4462 1139 4527 ρηεεεοηῑε,
1182 4466 1474 4525 Domini“,
1531 4472 1587 4527 in
1627 4476 1843 4540 malum
1893 4495 2026 4548 μηδ,
2059 4490 2105 4549 D
2130 4448 2256 4549 quia
2302 4447 2530 4549 forsitan
2567 4449 2781 4549 utrique
2831 4463 3075 4549 persona:
3113 4458 3340 4549 possunt
3370 4463 3705 4549 _c0pgrucre.

522 4529 827 4611 mapali-alis
875 4541 940 4611 et.
974 4534 1377 4611 deminutione
1423 4529 1763 4611 personarum
1806 4529 2024 4605 inruno

521 4593 803 4665 eodemque
821 4600 1025 4667 psalmo
1053 4593 1392 4673 loquentium.

412 4760 415 4763 ν
521 4676 639 4736 Jam
688 4685 922 4744 diximus
966 4692 1031 4747 de
1079 4698 1425 4758 sanctissimo
1471 4703 1565 4759 Dei
1610 4704 1787 4763 Patris
1816 4718 1870 4765 et
1902 4711 2023 4768 Filii

451 4771 686 4845 dialrgo,
720 4779 809 4847 qui
852 4780 1047 4855 legitur
1073 4786 1125 4842 in
1156 4790 1365 4859 psalmo
1400 4811 1663 4862 anxvttt,
1692 4801 1784 4868 qui
1815 4803 2024 4858 cunctis

450 4874 654 4922 sanctae
693 4868 947 4930 Ecclesiae
972 4878 1097 4937 liliis
1131 4890 1283 4937 tanto
1323 4886 1491 4956 magis
1525 4898 1609 4942 est
1658 4894 2021 4959 venerandus,

451 4969 656 5026 quanto
686 4965 974 5033 specialius
1013 4970 1066 5025 in
1096 4987 1162 5027 eo
1208 4974 1422 5030 illorum
1461 4981 1817 5046 prsenuntiata
1854 4992 2024 5056 agno-

451 5052 621 5107 scitur
645 5052 811 5109 salus.
839 5056 993 5114 Nunc
1021 5076 1151 5118 vero
1180 5064 1423 5120 dicamus
1458 5068 1582 5137 quia
1613 5070 1792 5139 plures
1833 5052 2023 5143 psalmi

360 5220 361 5223 η
452 5143 803 5202 inveniuntur
848 5149 949 5205 sub
987 5152 1102 5208 sola
1151 5171 1381 5226 persona
1433 5158 1634 5215 Christi
1687 5163 1753 5217 ad
1806 5163 2025 5220 Patrem

452 5235 741 5295 clamantis
773 5257 869 5313 pro
898 5248 1179 5317 ereptione
1208 5266 1326 5317 sua,
1357 5251 1409 5306 iu
1439 5254 1635 5323 quibus
1656 5266 1711 5311 ct
1747 5274 1843 5313 nos
1867 5260 2028 5315 doce-

452 5347 578 5386 mur
618 5349 778 5391 orare
812 5336 1045 5408 qualiter
1094 5343 1402 5411 spirituales
1455 5349 1720 5418 nequitias
1758 5354 2028 5420 possimus

453 5438 707 5450 κει-ιΑ---Α
767 5430 809 5450 n

2133 4539 2249 4609 Ipsa
2301 4538 2465 4592 etiam
2514 4538 2907 4593 maledictionis
2940 4540 3102 4593 verba
3130 4554 3249 4608 qua:
3277 4542 3342 4595 de
3365 4539 3501 4595 Juda
3535 4541 3707 4595 tradi-

2133 4636 2249 4684 tore
2301 4636 2429 4683 sunt
2485 4630 2629 4685 dicta
2677 4640 2986 4701 congruunt
3031 4629 3256 4686 Judaico
3302 4633 3517 4702 populo.
3567 4631 3703 4688 Nam

2128 4718 2273 4789 quod
2306 4719 2508 4774 dicitur
2552 4721 2603 4774 in
2636 4720 2728 4774 illo
2775 4730 2935 4775 versu
2964 4737 2976 4774 :
3006 4718 3272 4777 Nutantes
3318 4724 3707 4793 transferantur

2127 4811 2231 4880 ﬁlii
2270 4810 2383 4882 ejus
2422 4821 2471 4866 et
2511 4813 2838 4877 me-ndicent;
2864 4813 3148 4883 ejiciantur
3190 4814 3255 4869 de
3294 4815 3703 4870 habitationibus

2129 4898 2451 4967 suis(lbitl..
2496 4900 2608 4966 10),
2649 4910 2703 4954 et
2724 4898 2877 4968 juxta
2916 4901 3150 4956 litteram
3174 4902 3420 4958 videmus
3460 4903 3704 4973 quotidie

2130 4990 2341 5058 impleri
2375 4991 2426 5044 in
2458 4984 2644 5046 eodem
2678 4991 2891 5060 populo.
2927 4991 3029 5046 Sed
3060 5000 3113 5047 et
3148 4993 3250 5047 hoc
3285 4992 3566 5048 Psalmista
3596 5010 3703 5048 non

2132 5083 2297 5136 tacuit
2352 5083 2492 5150 quod
2540 5096 2666 5136 caro
2710 5081 2909 5136 Christi
2960 5082 3013 5135 in
3068 5083 3311 5151 sepulcro
3356 5083 3528 5153 posita
3585 5099 3703 5137 cor-

2129 5172 2434 5240 ruptionem
2470 5186 2576 5225 non
2608 5169 2848 5241 pertulit,
2873 5170 3059 5226 dicens
3084 5187 3148 5226 ex
3184 5172 3354 5242 ipsius
3384 5187 3615 5241 persona
3648 5173 3699 5231 in

2128 5262 2333 5331 psalmo
2362 5276 2468 5313 xv:
2504 5260 2627 5314 Non
2666 5260 2816 5315 dabis
2846 5270 3083 5315 sanctum
3124 5271 3297 5328 tuum,
3338 5261 3701 5329 Domine,.vi-

2106 5337 2113 5355 ²
2129 5353 2251 5406 dere
2274 5352 2662 5420 corruptionem
