3998 5450
121 387 125 390 ’
217 376 306 431 161

1298 371 1406 425 me
1473 369 1556 424 DE
1590 354 1820 424 censu
1861 366 2268 423 sman‘usu.

3371 371 3476 427 £62

216 490 363 541 tinem
407 498 656 553 personae
685 483 982 539 Psalunstae
1030 483 1331 537 invenimus
1360 484 1628 547 dandum;
1662 498 1782 551 quae
1809 487 1859 545 Α
1887 481 2047 534 iidem
2106 489 2214 534 tres
2266 481 2426 545 modi,
2482 481 2605 536 licet
2653 481 2842 537 ordine
2890 483 3162 540 dissimili.
3189 484 3247 540 ln
3278 488 3468 556 primis

214 592 332 632 vero
363 576 414 628 in
451 576 632 628 medio
658 583 779 627 sunt
816 589 956 627 nunc
984 574 1198 642 quidem
1228 573 1317 626 Dei
1360 571 1536 625 Patris
1556 581 1610 625 et
1640 571 1780 634 Filii,

214 683 345 724 nunc
388 679 523 722 vero
575 665 816 722 absolute
867 665 956 718 Dei
1009 679 1254 734 personae
1305 665 1653 718 cenveniunt.
1703 662 1783 718 οι)

211 760 351 828 cujus
379 758 456 813 rei
495 755 742 812 notitiam
776 757 1087 826 capiendam
1122 755 1280 808 trium
1327 755 1413 808 hic
1453 754 1780 824 psalmorum

209 853 360 905 verba
413 848 814 917 subjungimus,
852 848 954 902 hoc
1003 858 1087 901 est
1121 863 1183 909 Il,
1240 860 1363 900 xux
1418 855 1472 900 et
1506 861 1690 900 Lxxxt.
1723 843 1783 899 In

207 942 432 996 secundo
456 941 608 995 enim
643 940 876 1011 psalmo,
899 936 1051 1006 cujus
1081 937 1292 992 initium
1317 945 1435 991 est:
1472 936 1648 1002 Quare
1679 935 1784 1004 fre-

207 1040 434 1086 muerunt
465 1041 667 1101 gentes,
707 1031 761 1084 in
792 1031 981 1101 primis
1008 1029 1291 1084 Psalmista
1330 1029 1669 1097 interrogans
1700 1025 1782 1080 vel

209 1123 472 1177 admirans
509 1122 655 1176 unde
696 1120 1004 1178 Iudaeorum
1049 1122 1384 1190 aliorumque
1417 1121 1620 1174 Christi
1660 1136 1782 1190 per—

208 1223 504 1269 secutorum
557 1213 806 1284 impietas
855 1223 1002 1267 tanta
1031 1212 1272 1267 evenerit
1304 1229 1367 1267 ex
1411 1228 1642 1282 persona
1686 1227 1780 1266 sua

207 1304 450 1374 loquitur,
503 1304 741 1359 dicens:
787 1305 962 1370 Quare
1018 1305 1343 1374 fremuerunt
1401 1314 1596 1373 gentes,
1649 1314 1777 1370 etc.,

210 1411 362 1466 usque
389 1405 436 1449 et
464 1397 521 1466 in
547 1396 730 1464 furore
759 1413 855 1450 suo
900 1396 1228 1450 conturbabit
1254 1413 1362 1450 eos.
1391 1395 1520 1464 Quae
1543 1411 1780 1465 sequun-

209 1499 284 1540 tur
307 1488 464 1541 verba
508 1496 640 1541 sunt
666 1486 868 1542 Christi
903 1501 1074 1556 usque
1104 1486 1356 1539 Dominus
1385 1486 1520 1539 dixit
1563 1487 1632 1539 ad
1677 1502 1776 1540 me.

209 1578 320 1632 Post
360 1579 474 1632 haec
515 1577 668 1647 loqui
719 1579 904 1648 incipit
948 1577 1112 1631 Pater
1142 1579 1206 1630 ad
1231 1575 1446 1642 Filium,
1499 1577 1780 1632 insinuans

207 1686 291 1741 per
329 1686 446 1725 eum
481 1684 680 1743 gentes
712 1673 777 1726 ad
816 1671 1042 1726 salutent
1086 1673 1415 1740 reparandas
1452 1685 1610 1736 esse;
1661 1687 1780 1741 quae

210 1763 439 1815 nimirum
486 1761 698 1817 locutio
750 1761 809 1815 ﬁt
845 1775 1016 1832 usque
1060 1770 1311 1831 tanquam
1341 1778 1432 1815 vas
1461 1761 1609 1831 ﬁguli
1657 1777 1780 1814 con.

1891 585 2126 638 namque
2185 569 2466 624 Psalmista
2534 587 2599 626 ex
2662 588 2895 642 persona
2957 590 3055 629 sua
3133 579 3466 645 prommtiat,

1889 662 2114 716 dicens:
2147 661 2286 716 Deus
2321 665 2457 715 stetit
2490 663 2541 716 in
2580 682 2847 736 synanoga
2889 667 3147 734 deorum;
3193 671 3245 724 in
3296 672 3464 725 medio

1889 761 2062 804 autem
2115 753 2238 806 deos
2268 752 2543 821 dijudicat.
2575 755 2672 810 Ubi
2705 757 2957 814 videlicet
2991 769 3203 830 tempus
3241 775 3466 832 praeter-

1886 838 2024 898 itum
2063 841 2202 894 stetit
2248 856 2344 910 pro
2373 845 2623 912 praesenti
2676 859 2880 914 ponens
2920 847 3144 912 indicat,
3173 853 3297 919 quia
3327 852 3469 906 Deus

1886 929 1940 984 in
1991 946 2262 1002 synagoga
2310 934 2552 999 deorum,
2593 935 2644 988 id
2698 946 2782 991 est
2829 949 3098 994 rectorum
3126 950 3179 995 et
3200 940 3466 1010 judicum,

1886 1033 2022 1088 quos
2053 1037 2207 1076 sacra
2243 1022 2519 1094 Scriptura
2553 1041 2693 1095 saepe
2719 1030 2841 1082 deos
2869 1033 3130 1092 nominat.
3161 1037 3469 1090 consistens

1885 1125 2098 1180 semper
2147 1115 2441 1183 prospiciat
2503 1118 2630 1185 quid
2693 1130 2856 1189 agant
2917 1136 2971 1176 (‘t
3034 1125 3466 1196 quotiescunque

1885 1202 2071 1272 inique
2095 1203 2482 1272 judicaverint,
2515 1209 2628 1277 ipse
2666 1210 2718 1263 in
2753 1211 2932 1266 medio
2957 1229 3143 1268 eorum
3178 1226 3326 1271 stans
3369 1231 3466 1272 eos

1883 1308 1984 1364 pro
2034 1297 2124 1351 tali
2169 1299 2323 1369 culpa
2372 1299 2648 1367 dijudicet.
2705 1302 2934 1372 Moxque
2983 1321 3049 1360 ex
3090 1322 3320 1376 persona
3370 1309 3466 1364 Dei

1883 1389 2102 1443 eosdem
2131 1402 2372 1446 rectores
2399 1402 2454 1446 et
2480 1393 2690 1462 judices
2717 1394 2962 1466 increpat
3006 1397 3190 1455 dicens
3223 1417 3236 1453 :
3263 1399 3466 1472 Usque-

1881 1495 1985 1549 quo
2023 1480 2285 1549 judicatis
2335 1483 2686 1554 iniquitatem,
2736 1497 2783 1541 et
2816 1488 2976 1556 [acies
3006 1503 3336 1558 peccatorum
3377 1511 3468 1548 su-

1881 1572 2062 1625 mitis?
2112 1571 2243 1639 Quae
2286 1575 2542 1630 nimirum
2595 1578 2790 1632 divinae
2840 1581 3230 1650 increpationis
3297 1587 3465 1642 verba

1881 1664 2256 1733 superioribus
2283 1667 2442 1722 dictis
2469 1669 2758 1739 conjuncta
2808 1672 2952 1727 hunc
2999 1689 3218 1730 sensum
3263 1676 3466 1733 habere

1883 1755 2176 1810 videntur:
2207 1757 2340 1812 Cum
2388 1761 2596 1827 sciatis,
2649 1777 2682 1816 ο
2730 1771 2966 1819 rectores
3009 1775 3065 1820 et
3093 1766 3326 1837 judices,
3378 1783 3467 1823 me

212 1855 381 1924 [ﬁnges
434 1871 546 1908 εοε,
607 1853 809 1909 Deinde
860 1869 990 1908 vero
1035 1867 1208 1923 usque
1252 1854 1320 1908 ad
1376 1854 1534 1908 ﬁnem
1586 1853 1778 1924 psalmi
1808 1847 1854 1908 Β
1882 1859 2097 1916 seraper
2126 1847 2177 1902 in
2213 1849 2392 1903 medio
2439 1861 2676 1906 vestrum
2723 1867 2843 1907 esse
2885 1862 2940 1908 et
2984 1857 3290 1926 prospicere
3316 1873 3466 1927 quaa-

210 1944 351 1998 vcrba
375 1953 501 2001 sunt
527 1943 834 1998 Psalmistae
863 1944 1203 2000 admonentis
1241 1955 1481 1998 rectores
1506 1945 1778 2014 quoslibet

211 2035 614 2089 ntattendentes
666 2051 784 2104 quae
827 2035 1074 2105 superius
1121 2044 1246 2089 sunt
1287 2051 1314 2089 a
1367 2034 1527 2090 Patre
1556 2045 1610 2090 et
1639 2035 1779 2090 Filio

213 2122 336 2179 dicta
357 2141 476 2180 cum
509 2126 715 2180 timore
755 2135 810 2180 et
845 2141 1028 2182 amore
1055 2126 1156 2181 sibi
1196 2127 1778 2197 serviant,a|~prehen-

215 2217 423 2286 dantque
453 2217 803 2287 disciplinam
837 2217 889 2271 in
937 2218 1040 2272 hoc
1086 2217 1302 2283 saeculo,
1349 2234 1416 2273 ne
1459 2205 1680 2289 pcréant
1722 2219 1775 2274 in

213 2309 389 2363 futuro.
441 2308 588 2364 Ecce
640 2325 801 2378 quam
852 2309 1082 2364 diversa:
1129 2310 1408 2364 sententiae.
1437 2320 1490 2365 et
1535 2326 1776 2380 personae

217 2400 405 2453 secundi
467 2400 706 2470 psalmi!
760 2400 814 2454 ln
866 2401 1072 2471 psalmo
1129 2412 1310 2457 autem
1363 2403 1776 2473 quadragesimo

216 2506 352 2555 nono,
399 2493 551 2562 cujus
612 2492 824 2547 initium
871 2501 956 2546 est
998 2511 1011 2548 :
1059 2492 1200 2548 Deus
1248 2495 1464 2548 deorum
1520 2495 1774 2548 Dominus

217 2582 390 2637 locutus
435 2597 532 2650 est,
592 2585 942 2639 inveniuntur
976 2585 1052 2640 illi
1104 2594 1217 2642 tres
1265 2587 1554 2642 locutionis
1604 2588 1770 2652 modi,

221 2686 333 2742 quos
356 2690 509 2748 supra
541 2676 757 2730 dixide
797 2679 1261 2748 pronuntiatione,
1299 2680 1366 2735 de
1407 2671 1775 2736 admonitione

219 2774 265 2818 et
300 2766 681 2838 increpatione.
734 2768 790 2823 In
839 2771 1032 2840 primis
1083 2787 1315 2841 namque
1357 2770 1642 2827 Psalmista
1695 2773 1776 2828 lo-

221 2854 376 2921 quitur
423 2873 486 2912 ex
535 2873 773 2929 persona
816 2874 912 2914 sua
948 2860 1307 2930 pronuntians
1351 2862 1506 2916 nobis
1543 2863 1774 2918 extremi

216 2943 375 3011 judicii
406 2957 641 3019 tempus,
691 2965 798 3018 quo
838 2950 1033 3004 cmlum
1077 2959 1131 3006 et
1167 2960 1390 3020 terram,
1424 2953 1475 3006 id
1507 2962 1590 3008 est
1623 2938 1774 3008 coali-

223 3024 344 3091 colas
368 3049 418 3094 et
449 3033 754 3111 terrigenas
783 3043 985 3111 pariter
1015 3045 1391 3099 convocandos
1425 3060 1544 3100 esse
1577 3047 1770 3116 praedi-

221 3125 312 3192 cit;
333 3144 429 3198 quo
455 3133 626 3185 etiam
658 3134 829 3202 ipsum
865 3133 1152 3186 Dominum
1182 3134 1465 3196 manifesto,
1485 3145 1769 3192 venturum

1881 1951 2095 2006 cunque
2126 1939 2322 2007 agatis,
2354 1955 2452 1993 cur
2489 1942 2686 2010 saepius
2713 1942 2898 2012 inique
2916 1943 3224 2012 judicantes
3253 1946 3467 2002 destru-

1879 2036 2058 2082 etores
2099 2029 2270 2099 magis
2321 2045 2483 2100 quam
2533 2042 2772 2088 rectores
2827 2034 3081 2091 Ecclesiae
3125 2037 3288 2092 estis?
3333 2037 3467 2093 Post

1881 2117 2022 2203 ιιιης
2073 2135 2205 2176 vero
2253 2123 2682 2194 increpationem
2733 2127 2989 2182 continuo
3039 2129 3193 2198 quasi
3242 2144 3466 2191 compa-

1879 2209 2019 2264 tiens
2065 2213 2351 2280 pneteritae
2383 2214 2652 2283 iniquitati
2698 2231 2886 2271 eorum
2923 2224 3177 2273 admonet
3215 2222 3462 2287 eosdem,

1877 2309 1936 2354 ut
1959 2300 2037 2354 vel
2076 2304 2415 2371 postmodum
2438 2321 2497 2359 se
2522 2309 2811 2361 emendem
2845 2310 3158 2378 rectiusque
3183 2310 3457 2378 judicent,

1877 2390 2065 2446 dicens
2097 2408 2111 2446 :
2140 2393 2388 2448 Judicate
2414 2411 2571 2465 egeno
2598 2406 2645 2449 et
2672 2397 2893 2466 pupillo,
2943 2399 3196 2454 humilem
3242 2411 3290 2455 et
3323 2418 3462 2471 pau-

1874 2503 2046 2556 perent
2093 2489 2406 2558 justiﬁcate.
2452 2489 2652 2560 Eripite
2701 2504 3071 2562 pauperem,“
3120 2510 3340 2564 egenum
3393 2496 3460 2549 de

1876 2597 2037 2633 manu
2094 2583 2381 2646 peccatoris
2428 2582 2663 2636 liberate.
2701 2582 2866 2649 Quasi
2918 2583 3454 2652 diceretzAdjuvate

1876 2668 2000 2724 illos
2046 2674 2281 2726 maxime
2315 2674 2405 2743 qui
2455 2689 2720 2744 pauperes
2751 2683 2805 2729 et
2850 2676 3286 2745 contemptibiles
3333 2685 3462 2731 sunt

1877 2761 1932 2816 in
1976 2764 2154 2832 plebe,
2207 2765 2406 2834 quique
2456 2767 2578 2822 ideo
2631 2769 2699 2822 ab
2743 2768 2866 2824 aliis
2908 2770 3291 2839 opprimuntur.
3333 2772 3460 2839 quia

1877 2853 2053 2909 nullos
2081 2855 2394 2913 defensores
2419 2859 2619 2914 habere
2643 2859 2915 2914 videntur.
2948 2861 3126 2915 Finita
3149 2871 3328 2918 autem
3358 2864 3461 2918 hac

1877 2943 2249 3002 admonitione
2277 2947 2471 3002 iterum
2507 2948 2783 3013 Dominus,
2815 2951 2968 3020 quasi
2999 2952 3259 3022 praescius
3299 2953 3457 3006 mali-

1876 3035 1964 3090 tiae
1998 3039 2280 3093 etduritiae
2305 3041 2616 3096 eorumdem
2640 3041 2908 3110 judicum,
2937 3045 3187 3113 quodque
3214 3044 3454 3099 admoni-

1876 3125 2079 3182 tionem
2130 3145 2284 3183 suam
2325 3132 2684 3200 eontempturi
2737 3131 2912 3201 magis
2958 3133 3184 3202 diligant
3234 3147 3455 3188 munera

223 3216 411 3274 indicat.
445 3221 568 3277 Ideo
599 3232 777 3278 autem
814 3224 1089 3292 manifeste
1117 3236 1403 3280 venturum
1450 3228 1600 3291 dicit,
1640 3229 1767 3296 quia

1876 3233 2036 3288 quam
2088 3220 2178 3274 Dei
2226 3231 2516 3292 praecepta,
2545 3198 2672 3276 vnon
2714 3231 2772 3275 ut
2812 3223 2962 3292 prius
2993 3233 3309 3291 praesentes,
3363 3224 3454 3277 sed

223 3310 429 3377 quotidie
460 3315 526 3368 ad
560 3301 664 3370 rios
689 3315 908 3381 clamat,
949 3331 1092 3371 nunc
1119 3317 1336 3387 quidem
1361 3319 1594 3388 scriptis,
1625 3335 1767 3376 nunc

221 3411 328 3453 vero
350 3403 670 3474 vulgaribus.
700 3406 880 3472 dictis,
923 3405 1190 3461 interdum
1236 3409 1396 3463 etiam
1432 3426 1610 3464 rerum
1642 3412 1769 3464 visi-

222 3489 378 3547 bilium
411 3498 770 3568 argumentis,
824 3511 921 3567 per
972 3513 1090 3567 quae
1135 3500 1425 3554 edocetnur
1478 3501 1766 3556 invisibilia

225 3582 440 3646 quaelibet
490 3602 812 3658 agnoscere,
862 3588 996 3642 sicut
1030 3589 1289 3658 scriptum
1321 3598 1440 3644 est:
1473 3589 1768 3645 lui-isibilia

225 3665 300 3721 Dei
339 3688 422 3739 per
460 3691 519 3728 ea
562 3692 681 3744 qua:
717 3676 858 3746 facta
897 3687 1018 3730 sunt
1064 3678 1322 3732 intellecta
1374 3682 1769 3749 conspiciuntur

195 3805 198 3808 .
225 3757 370 3826 (Rom.
399 3780 435 3828 ι,
464 3766 579 3836 20).
608 3767 715 3821 Per
741 3769 854 3824 haec
882 3784 1010 3839 ergo
1039 3771 1220 3824 omnia
1270 3771 1408 3828 Deus
1438 3773 1592 3828 nobis
1625 3772 1767 3846 jngi-

226 3857 292 3901 ter
314 3855 679 3912 ntanifestatur
723 3867 778 3912 et
805 3858 1068 3929 loquitur,
1119 3869 1178 3913 ιιι
1226 3861 1458 3916 scientes
1496 3863 1764 3932 justitiam

224 3939 334 4008 ejus,
368 3951 746 4007 annuntiemus
787 3953 1038 4006 omnibus
1085 3953 1339 4022 quoniam
1383 3951 1563 4022 justus
1598 3954 1766 4023 judex

225 4044 307 4087 est.
341 4037 571 4111 Cumque
599 4041 883 4097 Psalmista
919 4045 1326 4114 pronuntiasset
1363 4045 1487 4098 talia
1537 4060 1605 4100 ex
1647 4061 1766 4116 per-

225 4137 331 4180 sona
371 4144 481 4195 sua,
530 4133 810 4203 subjunin
841 4135 1267 4189 admonitionem
1297 4150 1364 4190 ex
1392 4151 1620 4205 persona
1672 4137 1765 4192 Dei

225 4219 407 4291 factam,
437 4231 620 4285 dicens
646 4248 660 4282 :
688 4231 846 4296 Audi,
875 4231 1096 4301 populus
1139 4248 1306 4296 meus,
1338 4242 1468 4296 etc.,
1519 4247 1686 4302 usque
1715 4241 1762 4285 et

226 4310 549 4385 honori/imbrs
579 4336 680 4375 me.
729 4321 830 4376 Ubi
881 4322 1134 4377 videlicet
1178 4337 1616 4393 unumquemque
1653 4323 1764 4393 pri-

226 4405 360 4459 mitus
386 4409 663 4476 admonet,
719 4420 778 4466 ut
827 4429 884 4467 se
917 4413 1090 4483 ipsum
1129 4413 1412 4484 plusquam
1463 4413 1566 4468 alia
1610 4429 1781 4483 quter

227 4489 330 4548 libet
372 4504 624 4559 sacrificia
677 4504 784 4558 Deo
830 4503 1103 4572 immolet;
1152 4506 1346 4560 deinde
1393 4521 1521 4561 vero
1569 4506 1755 4560 eadem

227 4596 418 4649 persona
470 4591 556 4647 Dei
626 4595 886 4665 loquitur,
917 4596 1104 4651 dicens
1147 4596 1369 4662 :Quare
1427 4606 1483 4650 tu
1541 4613 1758 4651 enarras

222 4670 418 4737 justitias
461 4700 600 4740 meas
631 4698 676 4740 et
717 4687 943 4740 assumis
987 4698 1352 4742 testamentum
1393 4703 1584 4753 meum,
1625 4699 1755 4755 etc.,

230 4775 366 4834 “Sqtte
405 4784 622 4831 statuam
669 4790 852 4832 contra
883 4779 1070 4847 facient
1117 4791 1282 4834 tuam.
1335 4779 1434 4835 Ubi
1489 4781 1760 4835 nihilomi-

233 4865 312 4908 nus
353 4859 576 4934 incrrpat
629 4869 922 4938 quemlibet
969 4871 1244 4925 doctorem
1299 4870 1479 4924 verbis
1523 4879 1758 4925 tantum-

234 4951 362 5004 modo
387 4970 633 5030 praecepta
677 4961 768 5014 Dei
804 4962 1166 5025 intimantcm,
1216 4979 1315 5019 cur
1345 4964 1466 5018 aliis
1497 4977 1759 5020 enarrare

234 5053 477 5106 Pncsumat
533 5052 647 5106 illas
689 5053 781 5107 Dei
831 5052 1086 5121 justitias,
1137 5071 1274 5126 quas
1325 5053 1439 5125 ipse
1486 5055 1760 5124 operando

236 5146 318 5188 non
342 5144 572 5210 sequitur.
624 5145 752 5202 Post
780 5147 919 5202 hanc
949 5165 1076 5204 vero
1107 5146 1528 5219 increpationem
1561 5149 1756 5203 iterum

239 5219 473 5288 Psalmista
505 5254 564 5292 ex
597 5231 828 5309 persona
861 5255 954 5294 sua
1003 5241 1228 5311 loquens
1263 5252 1319 5297 et
1348 5241 1533 5295 dicens
1564 5239 1756 5294 intelli-

238 5316 317 5381 θίίε
356 5324 477 5390 Iure,
528 5342 656 5396 etc.,
707 5345 879 5400 usque
934 5332 986 5387 in
1044 5335 1199 5390 linem
1231 5332 1448 5404 psalmi,
1501 5335 1756 5387 admonet

240 5419 385 5446 (intimo
419 5432 446 5446 η
455 5427 466 5446 I

553 5423 832 5446 ΙΑ.ι.ῘΑ-»1Αμ
883 5431 927 5446 Α.
977 5440 997 5446 ε.
1027 5424 1084 5446 ,μμ
1110 5442 1123 5446 -
1175 5427 1394 5446 ⁸ι⁶αμςμιυυι
1433 5433 1478 5446 Α.
1513 5424 1723 5446 ε-Α-Λσ-ιλ

1873 3311 2028 3378 quasi
2069 3313 2324 3368 absentes
2353 3313 2664 3384 alloquitur,
2689 3314 2909 3370 dicens:
2946 3313 3260 3369 Nesciet-unt
3297 3333 3451 3386 neque

1871 3401 2274 3470 intellexerunt;
2349 3406 2402 3458 in
2463 3409 2686 3461 tenebris
2747 3406 3054 3473 ambulant;
3119 3411 3448 3463 movebuntur

1873 3494 2048 3546 omnia
2075 3494 2418 3562 fundamenta
2449 3507 2623 3552 let-rw.

1942 3582 1999 3636 In
2031 3599 2136 3654 qua
2164 3587 2416 3641 nimirum
2449 3589 2712 3642 sententia
2739 3630 2753 3656 ,
2801 3590 2844 3644 si
2893 3599 3193 3660 temporum
3224 3591 3446 3646 diversi-

1871 3679 2034 3726 tatem
2067 3677 2362 3743 sequimur,
2399 3692 2645 3744 magnam
2677 3678 3043 3732 dillicnltatem
3085 3679 3447 3749 intelligentiae

1869 3763 2127 3831 patimur.
2160 3765 2214 3818 In
2243 3764 2430 3834 primis
2451 3767 2593 3819 enim
2618 3768 2834 3835 ponitur
2859 3778 3070 3839 tempus
3097 3771 3448 3838 praeteritum,

1871 3863 1931 3909 ut
1959 3872 1971 3907 ε
2008 3859 2318 3923 nescierunt,
2349 3876 2510 3928 neque
2532 3860 2931 3926 intellexerunt;
2966 3863 3158 3917 deinde
3189 3878 3447 3931 praesens,

1870 3957 1932 4002 ut
1961 3966 1973 4001 :
2007 3949 2062 4002 in
2094 3949 2315 4003 tenebris
2346 3951 2660 4016 ambulant;
2692 3953 2758 4005 ad
2795 3964 3102 4008 extremum
3133 3971 3262 4010 vero
3307 3955 3442 4009 futu-

1870 4053 2014 4103 rum,
2047 4048 2104 4092 ut
2129 4055 2140 4089 :
2162 4040 2502 4094 movebuntur
2531 4043 2706 4095 omnia
2739 4042 3084 4112 fundamenta
3108 4052 3282 4097 teri-re.
3311 4042 3447 4110 Quid

1865 4141 1996 4198 ergo
2027 4129 2078 4181 in
2125 4129 2208 4182 his
2243 4128 2554 4184 faciendum
2592 4138 2676 4185 est
2720 4132 2896 4190 nobis.
2931 4132 3033 4186 nisi
3080 4134 3182 4188 hoc
3211 4136 3355 4203 quod
3393 4133 3447 4188 in

1865 4228 2076 4282 caeteris
2103 4228 2397 4297 prophetiae
2419 4229 2599 4282 verbis
2626 4229 2845 4297 agitur?
2869 4227 3022 4298 Saepe
3052 4245 3285 4299 namque
3314 4239 3368 4284 et
3393 4231 3447 4285 in

1865 4320 2087 4389 psalmis
2134 4329 2189 4374 et
2224 4321 2274 4374 in
2309 4322 2430 4375 aliis
2470 4322 2858 4391 prophetarum
2910 4321 3062 4376 libris
3108 4323 3446 4391 praeteritum

1863 4423 2214 4479 praesensque
2240 4421 2451 4478 tempus
2473 4427 2570 4480 pro
2600 4410 2800 4474 futuro,
2834 4425 2973 4480 saepe
3006 4412 3168 4465 etiam
3209 4413 3445 4467 futurum

1864 4519 1963 4572 pro
1986 4504 2238 4572 praesenti
2264 4503 2347 4557 vel
2369 4520 2468 4572 pro
2493 4504 2765 4574 praeterito
2787 4505 3023 4572 ponitur.
3060 4505 3212 4572 Quod
3238 4507 3444 4562 scilicet

1865 4594 2070 4666 Spiritu
2101 4605 2290 4652 sancto
2321 4597 2558 4652 dictante
2581 4599 2872 4659 ert-edo.aut
2894 4598 3012 4652 ideo
3042 4600 3148 4670 agi,
3175 4601 3302 4668 quia
3324 4617 3445 4655 eutn

1865 4686 2046 4740 omnia
2079 4697 2320 4758 tempora
2368 4689 2484 4744 sive
2526 4689 2830 4759 praeterita,
2872 4690 2987 4744 sive
3012 4693 3321 4760 praesentia,
3352 4707 3446 4746 seu

1865 4775 2045 4831 futura
2067 4794 2250 4834 coram
2276 4778 2384 4834 Deo
2407 4781 2558 4847 quasi
2584 4780 2866 4849 praesentia
2890 4780 3022 4846 sint,
3048 4790 3257 4850 tempus
3283 4782 3446 4849 quod-

1865 4867 1995 4921 libet
2045 4887 2159 4926 rem
2211 4871 2310 4925 sibi
2361 4871 2614 4940 placitam
2663 4871 3144 4942 pronuntiantibus
3189 4873 3448 4942 inspirat,

1867 4969 1960 5014 aut
2002 4977 2103 5031 pro
2135 4979 2201 5018 eo
2246 4965 2387 5033 quod
2441 4965 2713 5018 interdum
2763 4966 3041 5033 prophetae
3086 4972 3308 5018 narrant
3361 4966 3448 5020 illa

1863 5067 1983 5122 quae
2009 5063 2063 5108 et
2089 5055 2142 5109 in
2168 5055 2443 5123 praeterito
2469 5065 2616 5126 gesta
2652 5066 2777 5112 sunt
2804 5065 2857 5109 et
2887 5057 2940 5108 in
2974 5056 3225 5127 praesenti
3246 5053 3449 5124 jugiter

1865 5154 2130 5216 geruntur
2163 5155 2218 5200 et
2248 5146 2298 5199 in
2332 5146 2529 5207 futuro
2555 5158 2799 5218 tempore
2829 5149 3062 5216 gerenda
3105 5153 3262 5207 sunt,
3312 5145 3450 5198 sicut

1862 5247 1913 5289 et
1943 5251 2030 5292 res
2063 5239 2116 5291 in
2149 5237 2415 5292 sententia
2447 5238 2634 5304 psalmi
2662 5237 2910 5308 proxime
2936 5237 3078 5291 dicta
3110 5231 3324 5303 probat.
3362 5231 3452 5286 Ju-

1859 5327 2008 5382 dices
2031 5330 2175 5384 enim
2207 5328 2374 5397 iniqui
2421 5338 2473 5380 et
2517 5329 2584 5382 ab
2627 5328 2783 5382 initio
2825 5327 3011 5380 saeculi
3058 5327 3273 5376 fuerant
3309 5328 3369 5373 et
3398 5321 3452 5374 in

2746 5425 2986 5446 Inunnnnn
3029 5415 3150 5446 non.
3223 5407 3453 5446 illnnnna

1861 5421 2114 5446 nn.r-I~A..O:
2163 5428 2282 5446 nos...
2320 5427 2367 5446 Α.
2422 5419 2472 5446 :Il
2523 5419 2699 5446 ro..ll-IA
