3998 5450
470 350 598 457 ,ίόδ

1527 343 1828 443 oruLoxt
1869 383 2173 443 MONACUI
2214 385 2272 440 s.
2315 350 2733 442 attribuatur!

3658 370 3769 445 iet

470 507 679 575 butant
706 515 758 558 et
789 502 1148 560 movebuntur
1174 500 1354 555 omnia
1382 500 1729 556 fundamenta
1765 511 1942 557 terrae.
1972 499 2072 567 Qui
2101 504 2151 562 Α
2179 508 2385 564 ctores,
2414 500 2480 553 de
2508 500 2663 554 nobis
2706 498 2923 555 miseris
2945 510 3130 566 curat;
3177 510 3230 557 tu
3259 499 3351 573 qui
3381 518 3545 574 super
3571 520 3768 562 omnes

470 587 635 654 enim
688 597 934 652 nesciunt
978 610 1150 664 neque
1180 594 1483 665 intelligunt
1524 596 1686 661 bona,
1737 594 1791 648 in
1839 594 2076 650 tenebris

470 688 677 757 ‘utiqnc
742 685 1040 739 ambulant.
1089 684 1355 739 Similiter
1411 685 1502 755 qui
1554 686 1603 739 in
1670 680 1911 741 tenebris
1958 678 2076 740 amo

469 778 717 859 ‘bulant,
758 776 1121 829 movebuntur
1182 776 1366 844 utique
1422 777 1489 829 de
1548 775 1913 830 fundamentis
1980 791 2078 846 pro

470 854 689 941 Equibus
732 868 891 938 positi
943 878 1090 921 sunt.
1135 867 1350 923 Praelati
1402 868 1599 938 quippe
1638 879 1693 922 et
1724 869 1935 938 jndices
1959 854 2077 923 oni-

468 946 631 1041 versi
683 960 843 1032 positi
883 970 1010 1015 sunt
1052 975 1082 1013 a
1127 960 1236 1014 Deo
1267 974 1364 1029 pro
1412 958 1776 1014 fundamentis
1799 958 2075 1023 Eeclesiaz,

469 1034 552 1110 “ut
577 1053 759 1111 caeteri
800 1051 1066 1123 exemplis
1107 1066 1294 1107 eorum
1336 1051 1584 1106 instructi
1624 1048 2074 1122 superponantur.

467 1142 653 1203 :Unde
707 1151 928 1197 sanctus
974 1140 1258 1195 Psalmista
1308 1140 1435 1194 alibi
1461 1140 1593 1195 dicit
1639 1157 1652 1195 :
1704 1139 2077 1195 Fundamenta

486 1234 600 1303 ejus
644 1233 697 1285 in
734 1233 997 1286 montibus
1023 1231 1252 1297 sanctis,
1284 1222 1493 1287 Domini
1522 1230 1747 1295 scilicet,
1788 1232 1877 1300 qui
1907 1218 2076 1300 diligit

485 1335 665 1394 portas
713 1322 845 1377 Sion
883 1338 1040 1391 super
1081 1323 1254 1374 ontnia
1299 1320 1637 1374 tabernacula
1686 1319 1851 1374 Jacob
1899 1318 2073 1397 (Psal.

486 1431 715 1479 Lxxxvr,
740 1414 816 1485 2).
852 1413 1058 1468 Idcirco
1093 1422 1271 1467 autem
1306 1414 1566 1469 Dominus
1596 1414 1946 1468 fundamenta
1977 1402 2073 1467 sua

486 1508 671 1578 posuit
702 1508 752 1560 in
778 1507 1053 1561 montibus
1082 1508 1307 1569 sanctis,
1341 1507 1464 1577 quia
1490 1508 1609 1572 bos,
1636 1522 1772 1578 quos
1800 1508 1851 1561 in
1874 1516 2075 1563 sancta:

486 1597 747 1652 Ecclesiae
801 1598 1032 1652 :edilicio
1082 1596 1359 1667 praefecit,
1416 1597 1709 1652 virtutibus
1772 1595 2075 1667 omnigenis

485 1687 804 1744 sublimatos
824 1699 877 1743 et
898 1689 1192 1744 instructos
1218 1689 1537 1758 essejussit.
1565 1688 1669 1742 Sed
1702 1686 2070 1755 fundamenta,

483 1797 606 1850 qua:
651 1780 738 1836 ille
768 1781 825 1837 in
865 1782 1140 1837 montibus
1172 1781 1375 1836 sanctis
1424 1782 1622 1857 posuit,
1660 1789 1786 1835 tunc
1827 1795 2069 1835 commo-

2179 591 2495 655 dominaris,
2525 592 2863 662 maximeque
2900 605 3165 664 pauperes
3200 606 3255 649 et
3278 612 3475 667 egenos
3508 598 3645 652 tueri
3676 600 3763 654 di-

2178 682 2384 773 gnaris,
2413 698 2644 753 exsurge
2675 692 2729 736 et
2757 682 2960 737 redime
2988 699 3087 739 nos
3107 684 3174 737 ab
3202 672 3452 742 omnibus
3477 687 3655 743 malis.

2768 772 2997 829 CAPUT
3041 774 3170 829 VIII.
3238 782 3243 785 ’

2180 860 2378 917 Eadem
2427 861 2646 917 mutatio
2691 850 3032 933 personarum
3074 862 3128 917 in
3189 865 3367 919 eodem
3408 863 3611 935 psalmo
3643 868 3767 922 aliis

2178 940 2186 947 “
2246 936 2493 1002 exemplis
2520 937 2830 996 ostenditur,
2855 937 3169 1003 duceturque
3190 952 3345 1001 quant
3382 938 3492 991 ha'c
3521 938 3768 992 doctrina

2245 1005 2316 1057 ad
2338 1004 2564 1076 psalmos
2593 1015 2739 1076 recte,
2757 1003 3118 1076 intelligendos
3143 1008 3434 1076 necessaria
3463 1010 3527 1060 sit
3552 1024 3572 1071 ;
3601 1024 3766 1076 quam

2182 1126 2186 1130 .
2246 1090 2369 1128 vera
2415 1084 2460 1127 et
2499 1075 2650 1197 jiugta
2695 1075 2797 1128 sint
2843 1073 2943 1127 Dei
2980 1074 3192 1143 judicia
3235 1078 3519 1130 secundum
3566 1073 3765 1148 psalmi

2246 1159 2484 1197 xvu1_v.
2592 1182 2606 1197 .

2246 1159 2606 1210 xvut,v.tu.

2247 1236 2440 1291 Adhuc
2478 1236 2733 1306 quiddam
2767 1236 2947 1291 dicere
2991 1236 3121 1292 libet
3162 1237 3230 1293 de
3278 1238 3497 1309 psalmis
3527 1224 3767 1303 ductim,

2177 1322 2229 1405 in
2262 1329 2457 1400 quibus
2484 1344 2837 1400 personarmn
2871 1330 3107 1405 mutatio,
3127 1330 3458 1395 continetur,
3486 1330 3537 1384 id
3576 1339 3662 1385 est
3696 1331 3768 1383 de

2175 1404 2387 1476 decimo
2438 1432 2633 1491 quarto
2681 1430 2737 1475 et
2766 1422 2830 1475 de
2860 1404 3137 1491 trigesimo
3166 1423 3365 1491 primo,
3400 1431 3455 1477 et
3493 1432 3621 1492 post
3647 1423 3768 1477 lucc

2174 1514 2486 1584 aliquandiu
2517 1528 2739 1568 currere
2765 1514 2925 1583 cupio
2955 1513 3011 1567 in
3054 1523 3373 1569 eceterorum
3422 1515 3767 1586 psalmorum

2175 1608 2372 1669 stadio,
2403 1606 2698 1676 decerpens
2729 1605 2851 1660 inde
2883 1607 3151 1675 quoslibet
3178 1607 3335 1663 liores
3368 1611 3435 1664 ad
3465 1609 3769 1680 explanan-

2178 1696 2274 1750 dos
2301 1696 2514 1767 plenius
2561 1706 2673 1751 tres
2715 1696 3052 1766 supradictus
3079 1695 3364 1753 locutionis
3409 1701 3613 1753 modos.
3651 1698 3766 1751 Ma-

2177 1804 2335 1859 gnam
2397 1789 2629 1857 dcniqne
2692 1788 3098 1860 intelligentiam
3161 1791 3363 1861 praebet
3415 1790 3766 1847 mutantibus

484 1881 701 1936 venit”.
736 1864 857 1927 cum
902 1873 954 1927 lli
998 1872 1086 1942 qui
1134 1873 1254 1926 aliis
1285 1887 1382 1942 pro
1416 1870 1772 1926 tndilicatioue
1806 1871 2070 1940 spirituali
2103 1855 2147 1916 Β
2177 1879 2432 1948 psalmos,
2480 1880 2524 1933 si
2554 1881 2837 1934 attendant
2881 1881 2966 1934 eui
2997 1896 3238 1951 personas
3267 1896 3607 1951 unaquaeque
3639 1898 3767 1935 seu-

484 1964 695 2034 prtelati
741 1973 867 2019 sunt
906 1981 935 2019 a
985 1965 1336 2034 perfectionis
1384 1974 1438 2018 et
1480 1965 1724 2020 veritatis
1770 1973 1912 2019 statu
1945 1980 2069 2019 cor-

485 2040 710 2111 ruentes
741 2072 844 2111 non
883 2057 1055 2111 solum
1103 2058 1438 2125 semetipsos,
1481 2059 1573 2111 sed
1613 2057 1776 2110 etiam
1801 2056 2072 2125 subjectos

485 2147 758 2216 quoslibet
789 2149 841 2202 in
876 2148 1200 2219 perditionis
1228 2148 1438 2203 foveam
1492 2148 1735 2202 trahunt.
1785 2147 1937 2203 Unde
1968 2148 2071 2203 illis

488 2232 770 2308 aptissime
797 2240 1045 2311 congruit
1070 2239 1212 2309 quod
1258 2238 1543 2294 I'saImista
1572 2237 1700 2293 alibi
1732 2238 1863 2293 dicit
1892 2255 1905 2291 :
1941 2236 2073 2292 Cor-

489 2331 631 2400 rupti
652 2342 795 2398 sunt,
822 2342 868 2385 et
900 2331 1277 2386 abominabiles
1318 2331 1446 2402 facti
1479 2342 1596 2385 sunt
1633 2332 1690 2385 in
1727 2331 1914 2385 studiis
1939 2331 2068 2384 suis.

487 2424 799 2495 Sepulcrum
830 2435 1011 2496 patens
1032 2437 1105 2480 est
1126 2436 1307 2497 guttur
1327 2441 1527 2486 eorum,
1552 2425 1744 2495 linguis
1766 2425 1874 2478 suis
1898 2423 2072 2478 dolose

481 2516 729 2586 agebant,
764 2526 870 2573 etc.
907 2513 1235 2585 (I’snlexm,
1276 2517 1323 2582 I,
1359 2516 1445 2588 5),
1470 2532 1589 2586 qua:
1617 2526 1914 2585 sequuntur
1936 2530 2071 2584 pene

485 2622 661 2678 usque
691 2609 742 2662 iu
777 2607 938 2663 linem
970 2607 1185 2676 psalmi.
1229 2608 1352 2662 Ilaec
1396 2608 1560 2676 igitur
1604 2598 1787 2661 Omnia
1836 2607 2072 2660 maxime

484 2700 820 2755 conveniunt
864 2701 1049 2769 pravis
1089 2698 1398 2769 judieibus,
1451 2698 1577 2766 quia
1614 2708 1820 2767 quanto
1861 2696 2073 2751 σκιαῖς

487 2792 837 2848 sublimiores
867 2792 1173 2846 consistunt
1204 2806 1270 2845 ex
1315 2800 1599 2861 potestate,
1629 2800 1775 2844 tanto
1812 2790 2072 2860 majorem

490 2872 789 2950 nequitiam
820 2892 1048 2951 possunt
1079 2896 1358 2936 exercere.
1434 2924 1439 2931 .

558 2970 947 3023 Verumtamen
985 2986 1090 3024 non
1136 2970 1253 3025 sine
1302 2985 1465 3025 causa
1514 2970 1676 3024 credo
1710 2985 1830 3025 esse
1868 2969 2072 3026 factum

487 3060 632 3131 quod
661 3061 835 3129 pietas
864 3062 1046 3115 divina
1074 3070 1181 3116 tam
1210 3060 1374 3116 variis
1406 3062 1579 3115 modis
1608 3059 1813 3129 iudices
1853 3061 2072 3115 eosdem

487 3149 802 3221 alloquitur,
855 3165 1000 3204 nunc
1048 3150 1267 3219 quidem
1310 3149 1662 3219 increpando,
1694 3164 1837 3203 nunc
1879 3150 2071 3203 admo-

2175 1969 2339 2023 tcntia
2373 1969 2674 2038 deputanda
2701 1969 2790 2034 sit,
2826 1969 2919 2023 Dei
2950 1985 3018 2023 an
3048 1970 3349 2026 I’salmista:
3393 1972 3471 2026 vel
3503 1973 3764 2041 aliorum,

2172 2072 2227 2114 et
2263 2077 2368 2129 qua
2399 2060 2697 2114 intentione
2727 2040 2981 2130 qumlibet
3018 2062 3286 2117 sententia
3329 2061 3536 2132 prolata
3567 2063 3662 2128 sit,
3695 2040 3765 2117 an

2173 2135 2599 2222 pronuntiando,
2628 2166 2696 2203 an
2730 2151 3067 2206 admonendo
3091 2151 3173 2206 vel
3212 2152 3545 2222 increpante
3572 2170 3587 2217 ;
3621 2153 3764 2223 ipsa-

2171 2263 2279 2319 que
2330 2247 2662 2318 psalmorum
2706 2246 2906 2312 verba,
2957 2261 3079 2316 quae
3120 2248 3325 2303 orando
3374 2247 3763 2318 proferuntur,

2172 2350 2429 2412 quantam
2455 2341 2563 2394 vim
2604 2339 2925 2392 humilitatis
2956 2339 3189 2395 habeant
3238 2340 3289 2393 in
3324 2355 3382 2394 se
3424 2340 3492 2394 ad
3539 2340 3763 2410 placau-

2172 2433 2298 2486 dum
2329 2430 2517 2484 Deum.
2554 2427 2610 2483 Si
2658 2444 2786 2498 ergo
2826 2429 2948 2495 haec,
2978 2429 3157 2483 omnia
3205 2428 3486 2483 attendere
3527 2429 3763 2484 volueri-

2173 2537 2313 2585 mus,
2348 2532 2472 2574 tunc
2506 2520 2719 2573 demum
2748 2519 2984 2590 psalmos
3016 2521 3116 2574 rite
3143 2529 3369 2575 cantare
3412 2530 3466 2575 et
3491 2521 3557 2575 ad
3585 2522 3763 2591 poeni-

2175 2612 2399 2666 tentiam
2429 2619 2773 2681 peecatormn
2823 2602 3133 2665 nostrorum
3179 2610 3760 2687 excitari.poterimusT

2170 2705 2512 2761 Pensandum
2557 2721 2774 2777 quoque
2822 2716 2945 2770 est,
2987 2722 3108 2776 qua:
3149 2706 3427 2760 sententiae
3484 2685 3763 2775 indigeant

2173 2800 2604 2855 subauditionem
2636 2800 2917 2873 qualisque
2948 2799 3019 2852 sit
3045 2799 3159 2867 ipsa
3204 2788 3531 2859 Subauditio,
3559 2806 3615 2852 et
3642 2811 3762 2866 qua:

2171 2880 2570 2964 particulariter
2598 2893 2680 2949 vel
2708 2882 3086 2948 universaliter
3112 2894 3221 2948 sint
3263 2893 3645 2963 intelligenda.
3684 2893 3763 2948 De

2174 2986 2259 3041 bis
2289 2986 2451 3058 igitur
2480 2986 2747 3047 omnibus,
2791 2994 2951 3055 prout
2999 2999 3283 3054 possumus
3305 3025 3319 3049 ,
3349 2985 3528 3053 aliqua
3577 2984 3762 3038 dicere

2171 3078 2440 3143 volumus.
2486 3076 2591 3132 Sed
2640 3076 2792 3147 prius
2834 3078 2901 3130 de
2947 3075 3170 3146 psalmis
3198 3074 3406 3130 duobus
3433 3073 3759 3149 supradictis

2176 3167 2440 3221 dicamus.

493 3242 691 3306 uendo,
726 3257 869 3295 nunc
911 3241 1064 3311 quasi
1106 3251 1423 3312 praesentes,
1459 3242 1729 3299 interdum
1760 3259 1887 3298 vero
1915 3244 2070 3313 quasi

2247 3260 2288 3314 E
2313 3276 2446 3314 :rum
2473 3275 2706 3330 namque
2745 3275 2916 3330 prior,
2945 3259 3098 3330 cujus
3125 3259 3336 3314 initium
3359 3267 3441 3315 est
3474 3276 3486 3312 :
3512 3258 3760 3335 Domine,

488 3331 770 3399 absentes,
820 3349 964 3389 nunc
1008 3334 1305 3405 nequitiam
1351 3350 1572 3415 eorum,
1626 3336 1894 3401 interdum
1946 3351 2075 3391 vero

486 3425 753 3481 beneﬁcia
785 3441 878 3480 sua
905 3428 1407 3482 commemorando.
1439 3418 1655 3496 Quanto
1676 3423 1822 3483 enim
1853 3444 1948 3484 eos
1978 3416 2077 3511 dui-

488 3519 662 3575 riores
687 3520 753 3574 ad
787 3523 1184 3578 correctionem
1232 3525 1504 3595 praevidit,
1549 3534 1695 3581 tanto
1735 3510 1909 3594 magis
1931 3526 2077 3582 duri-

488 3611 621 3668 tiam
654 3613 893 3684 ipsorum
925 3616 1174 3687 mitigare
1202 3616 1423 3672 studuit.
1474 3617 1628 3673 Unde
1669 3628 1951 3688 postquam
1983 3633 2077 3676 eos

489 3704 811 3777 increpavit,
848 3716 905 3761 et
929 3708 1210 3763 admonuit
1242 3711 1393 3779 quasi
1430 3720 1757 3780 praesentes,
1789 3720 2074 3780 postquam

487 3799 653 3853 etiam
686 3802 754 3855 de
783 3814 974 3855 eorum
1015 3801 1170 3870 quasi
1211 3800 1516 3855 absentium
1552 3815 1737 3855 errore
1778 3800 2073 3865 condoluit,

488 3892 685 3947 iterum
717 3903 1040 3948 convertens
1085 3906 1145 3948 se
1178 3893 1334 3961 quasi
1380 3891 1445 3946 ad
1493 3901 1789 3962 prmsentes
1836 3906 2075 3947 comme-

492 3995 672 4037 morat
703 3992 959 4053 quantam
990 3985 1221 4052 gratiam
1255 3983 1337 4039 eis
1364 3999 1474 4054 prte
1518 3984 1729 4038 caeteris
1758 3983 2077 4038 mortalibus

491 4075 1133 4147 contulerit,quantaque
1162 4074 1314 4132 ruina
1346 4091 1509 4146 super
1531 4076 1742 4132 illorum
1766 4076 2074 4147 superbiam

490 4177 718 4224 ventura
746 4169 1013 4225 sitdieeus
1037 4186 1051 4223 :
1089 4168 1203 4241 Ego
1229 4169 1381 4224 dixi:
1412 4168 1501 4223 Dii
1523 4170 1644 4224 estis
1673 4179 1720 4224 et
1744 4169 1842 4238 ﬁlii
1868 4167 2077 4223 Επειεὲ

490 4276 703 4327 omnes;
735 4278 821 4316 vos
868 4271 1043 4315 autem
1085 4261 1219 4316 sicut
1263 4260 1499 4315 homines
1541 4260 1838 4315 moriemini
1862 4270 1908 4314 et
1939 4261 2075 4313 sicut

492 4364 629 4405 unus
650 4351 714 4405 de
734 4351 1056 4423 principibus
1085 4351 1282 4406 cadetis
1312 4348 1485 4422 (Psal.
1518 4366 1704 4416 Lxxxt,
1745 4349 1798 4417 6,
1827 4350 1915 4421 7);
1948 4365 2011 4405 ac
2031 4349 2077 4406 si

492 4442 700 4498 diceret
733 4460 746 4498 :
779 4443 889 4515 Ego
933 4443 1150 4515 quidem
1199 4458 1296 4499 vos
1336 4446 1404 4499 ad
1452 4443 1556 4498 hoc
1601 4441 1740 4513 elegi
1769 4452 1831 4498 ut
1874 4443 1929 4498 in
1958 4441 2078 4498 vice

2172 3352 2288 3421 quis
2322 3350 2572 3403 habitabit
2603 3351 2656 3404 in
2686 3350 3021 3404 tabernaculo
3045 3350 3165 3404 tuo?
3189 3364 3449 3421 personas
3470 3348 3605 3405 duas
3634 3363 3763 3403 con-

2176 3442 2347 3505 tinet,
2397 3439 2698 3495 Psalmistte
2742 3439 2992 3495 videlicet
3035 3448 3091 3495 et
3133 3440 3247 3494 Dei.
3289 3440 3343 3494 In
3371 3438 3564 3509 primis
3612 3438 3759 3493 enim

2175 3526 2457 3584 Psalmista
2504 3529 2789 3583 Dominum
2837 3519 3443 3601 interrogatpdicens:
3489 3528 3756 3592 Domine,

2173 3621 2289 3690 quis
2312 3619 2565 3673 habitabit
2598 3619 2653 3673 in
2677 3618 3011 3674 tabernaculo
3049 3629 3159 3684 tuo,
3205 3629 3295 3673 aut
3336 3621 3452 3690 quis
3479 3619 3762 3686 requiescet

2175 3713 2229 3765 in
2252 3721 2423 3765 monte
2447 3721 2628 3765 sancto
2659 3711 2785 3765 tuo?
2814 3710 2986 3781 (Psal.
3019 3726 3131 3775 xlv,
3170 3710 3240 3781 Ι.)
3270 3710 3367 3766 Cui
3407 3726 3530 3765 mox
3574 3726 3607 3764 a
3654 3711 3759 3765 Do~

2176 3802 2323 3856 mino
2348 3803 2705 3872 respondetur
2746 3802 2819 3856 ita
2867 3802 3121 3858 dicente:
3160 3802 3265 3867 Qui
3309 3801 3608 3872 ingreditur
3650 3802 3762 3855 sine
3788 3787 3804 3801 ’

2176 3892 2383 3946 macula
2426 3903 2473 3946 et
2522 3902 2769 3963 operatur
2812 3892 3105 3962 justiiam,
3136 3902 3265 3958 etc.,
3300 3907 3468 3961 usque
3498 3890 3552 3945 in
3598 3891 3760 3946 linem

2174 3984 2392 4055 psalmi.
2439 3982 2607 4053 Hujus
2633 3996 2813 4039 autem
2844 3985 3214 4055 responsionis
3259 3985 3447 4048 verba,
3494 3985 3757 4053 quoniam

2176 4075 2308 4132 satis
2350 4074 2508 4145 plana
2557 4084 2685 4130 sunt
2722 4075 2791 4130 ad
2822 4074 3251 4145 intelligendum,
3303 4089 3619 4145 precamur,
3651 4074 3761 4129 fra-

2178 4176 2289 4224 tres
2315 4154 2674 4232 dilectissimi,
2717 4176 2778 4221 ut
2804 4168 2995 4223 eadem
3034 4168 3376 4224 attendentes
3418 4168 3764 4238 aliquatenus

2177 4256 2403 4327 implere
2432 4255 2674 4313 curetis:
2717 4256 2854 4312 nihil
2904 4257 3048 4312 enim
3090 4258 3245 4312 nobis
3290 4258 3508 4327 prodest
3558 4257 3759 4329 legere,

2177 4358 2400 4405 cantare
2442 4365 2597 4406 sacra
2643 4350 2827 4415 verba,
2872 4349 2974 4404 nisi
3005 4348 3213 4419 pariter
3240 4350 3421 4405 animo
3465 4340 3763 4407 tractemus

2177 4442 2410 4514 qualiter
2435 4441 2629 4497 exinde
2652 4440 3004 4495 mdilicemur.

496 4550 613 4590 mea
638 4536 849 4608 judices
874 4536 927 4591 in
974 4524 1173 4594 mundo
1202 4537 1418 4602 essetis,
1457 4546 1512 4593 et
1538 4537 1661 4593 aliis
1701 4538 1839 4594 bene
1860 4537 2073 4594 vivendi
2105 4566 2154 4626 ο
2248 4533 2529 4590 Secundus
2554 4534 2716 4589 etiam
2742 4533 3001 4603 psalmus,
3018 4532 3083 4587 de
3102 4538 3531 4603 quonnperrtme
3559 4535 3762 4604 promi-

495 4623 805 4695 exemplum
852 4626 1202 4694 prteberetis;
1256 4642 1352 4681 vos
1403 4634 1582 4682 autem
1639 4626 1779 4682 sicut
1828 4626 2075 4684 carnales

495 4715 697 4786 quique
740 4725 796 4772 et
842 4702 1077 4787 imperiti
1124 4716 1461 4789 spiritualem
1515 4717 1680 4772 vitam
1725 4715 2073 4786 abjicientes,

495 4820 821 4877 omnemque
883 4808 1294 4865 commissorum
1346 4822 1532 4863 curam
1594 4808 1926 4879 negligentes
1980 4818 2075 4873 et,

497 4897 640 4967 quod
670 4898 847 4954 adhuc
891 4896 1043 4970 pejus
1089 4910 1192 4965 est,
1242 4897 1383 4955 sicut
1426 4898 1675 4954 diabolus
1710 4901 1802 4967 qui
1833 4914 1976 4954 unus
2005 4913 2075 4953 ex

496 4988 832 5058 principibus
867 4989 1129 5047 coelicolis
1156 4999 1293 5055 erat,
1337 5005 1435 5045 vos
1462 4990 1515 5044 in
1557 4988 1841 5045 elationem
1882 4997 2073 5044 contra

497 5094 595 5147 me,
620 5079 891 5151 erigentes
938 5079 1286 5136 damnatione
1330 5089 1590 5150 perpetua
1636 5079 1901 5148 peribitis.
1952 5079 2075 5133 Haec

497 5171 661 5240 igitur
687 5171 868 5226 omnia
917 5170 1109 5227 divina:
1153 5170 1557 5242 increpationis,
1594 5178 1651 5235 et
1695 5169 2077 5224 admonitionis

2180 4625 2348 4680 simus
2369 4622 3058 4696 disputare,cujusinitium
3081 4632 3195 4678 est;
3219 4622 3757 4693 Beatiquorum,etc.

2180 4714 2353 4789 (Psal.
2382 4713 2556 4787 XX“),
2584 4716 2684 4772 sub
2714 4714 2938 4769 duarum
2969 4729 3346 4783 personarum,
3377 4714 3680 4771 Psalmista:
3706 4723 3761 4770 ct

2180 4808 2307 4874 Dei,
2348 4807 2558 4879 loquela
2602 4806 2844 4877 prolatus
2878 4814 2982 4861 est.
3026 4806 3084 4860 lu
3125 4807 3300 4876 prima
3345 4821 3577 4877 namque
3606 4818 3760 4878 parte

2179 4915 2350 4971 usque
2392 4916 2423 4955 a
2451 4899 2891 4953 circumdantibus
2929 4914 3030 4963 me,
3075 4897 3357 4954 Psalmista
3394 4898 3668 4968 loquitur;
3706 4901 3759 4953 in

2179 4991 2411 5047 secunda
2449 5005 2577 5044 vero
2604 4989 2744 5043 Deus
2770 5005 2940 5058 usque
2983 4990 3037 5042 iu
3081 4989 3268 5059 quibus
3308 5005 3412 5043 non
3437 5000 3514 5044 est
3558 4988 3759 5043 intelle-

2178 5093 2312 5136 ctus.
2345 5080 2545 5136 Deinde
2565 5081 2761 5135 iterum
2785 5079 3070 5133 Psalmista
3101 5095 3268 5148 usque
3297 5080 3350 5134 in
3378 5079 3541 5134 linem
3567 5078 3757 5150 psalmi

2181 5173 2437 5244 loquitur.
2476 5171 2643 5242 llujus
2688 5181 2864 5225 autem
2905 5170 3096 5241 psalmi
3131 5172 3273 5226 dicta
3319 5188 3426 5227 non
3469 5152 3644 5227 Solum
3688 5170 3757 5226 ob
