3998 5450
306 269 410 325 iss

1440 264 1569 324 LlB.
1613 265 1701 325 DE
1741 264 1972 325 CURSU
2015 263 2421 327 SPlRl'l‘UALl.

3470 274 3573 333 lGG

300 378 499 432 lectum
528 377 627 432 tibi
669 378 819 442 dabo,
855 384 902 430 et
938 376 1193 430 instruant
1232 377 1358 430 lein
1400 377 1483 430 via
1512 377 1610 430 hac
1645 393 1748 443 qua
1777 393 1897 446 gra-
1922 385 1973 441 Α
2003 379 2106 446 tio,
2138 396 2300 451 quam
2328 383 2395 437 de
2425 384 2537 452 ipsa
2571 397 2646 449 re,
2680 384 2820 439 unde
2847 383 3029 440 dicere
3057 385 3258 457 gestio,
3294 388 3345 442 id
3376 397 3477 453 est,
3508 392 3577 446 de

299 467 467 520 dieris
483 484 505 531 ,'
526 467 756 534 ﬁrmabo
776 482 927 535 super
949 474 997 519 te
1024 464 1200 519 oculos
1227 482 1381 519 meos.
1407 466 1613 532 Quibus
1642 466 1893 521 nimirum

301 558 491 616 verbis
522 574 552 611 a
586 557 703 611 Deo
740 556 1118 625 pronuntiatur
1146 555 1434 624 unicuique
1483 556 1724 623 homini,
1771 572 1898 626 qua-

301 646 430 701 liter
460 646 618 701 illum
650 661 761 716 pra:
785 643 991 699 caneris
1032 644 1354 698 animalibus
1398 644 1621 699 rationis
1643 660 1896 714 capacem

301 736 519 792 faciens
545 738 783 792 instruat
812 734 877 789 ad
900 732 1240 788 rationabilia
1270 734 1523 803 quaelibet
1550 745 1606 789 et
1642 736 1925 805 spiritua-‘

301 829 373 884 lia
396 831 617 895 studia,
646 829 845 900 quibus
871 828 924 881 in
964 826 1049 880 via
1079 824 1201 881 vitae
1223 823 1385 894 hujus
1415 825 1765 896 gradiendum
1790 837 1894 880 est.

298 921 369 975 Et
399 931 462 975 ut
493 922 548 975 in
578 921 686 975 hac
709 919 791 973 via
816 917 1028 973 cautius
1050 915 1345 987 gradiatur,
1374 914 1561 969 oculos
1585 930 1712 970 suos
1738 930 1899 985 super

298 1025 428 1065 eum
465 1010 681 1082 jugiter
723 1021 921 1079 ponere
962 1005 1189 1059 intimat.
1234 1004 1290 1058 In
1323 1005 1557 1059 secundo
1597 1014 1776 1058 autem
1804 1005 1899 1081 adf

299 1115 496 1160 monet
519 1117 715 1159 omnes
758 1099 942 1156 ﬁdeles
972 1108 1031 1153 ut
1059 1100 1169 1155 haec
1198 1114 1318 1169 qua:
1356 1099 1407 1152 in
1438 1099 1701 1167 superiori
1738 1115 1895 1153 versu

192 1236 200 1243 .
295 1195 412 1266 jam
461 1195 609 1250 dicta
658 1201 785 1246 sunt
808 1189 1169 1254 attendentes,
1204 1202 1306 1242 non
1336 1190 1473 1244 sicut
1501 1204 1675 1258 equus
1701 1201 1754 1244 et
1780 1207 1898 1245 mu-

302 1288 410 1351 lus,
442 1285 648 1357 quibus
680 1298 787 1339 non
832 1289 915 1337 est
944 1280 1281 1346 intellectus,
1322 1281 1415 1335 sed
1463 1290 1522 1335 ut
1553 1282 1899 1336 rationabiles

304 1390 359 1438 et
393 1379 555 1449 juxta
598 1373 1005 1445 intelligentiam
1046 1372 1147 1426 sibi
1184 1372 1363 1425 datam
1406 1373 1606 1427 vivant.
1636 1372 1693 1426 lu
1741 1374 1899 1428 tertio

306 1478 492 1525 autem
518 1483 714 1530 versu,
743 1466 835 1537 qui
873 1462 1213 1532 subjungitur
1254 1478 1284 1516 a
1316 1460 1601 1517 Psalmista
1643 1463 1851 1517 dicente
1880 1480 1894 1517 :

309 1559 593 1615 Incitante
637 1567 683 1610 et
735 1556 883 1626 freno
929 1554 1173 1607 maxillas
1215 1570 1393 1606 eorum
1446 1555 1759 1622 constringe,
1810 1554 1899 1625 qui

309 1667 414 1705 non
437 1650 810 1721 approximant
847 1649 914 1703 ad
954 1658 1022 1712 te,
1053 1647 1197 1707 idem
1220 1647 1506 1702 Psalmista
1535 1648 1767 1717 posltllal
1796 1649 1897 1703 Do-

2000 468 2195 523 divina:
2238 470 2451 539 pietatis
2496 470 2733 527 clamore
2767 473 2819 527 in
2861 475 3032 529 sacris
3072 474 3365 547 Scriptaris
3407 477 3572 533 facto.

1999 553 2151 612 Nunc
2189 558 2388 626 etiam,
2425 569 2581 630 prout
2612 561 2791 625 valeo,
2840 563 3085 631 proferre
3114 564 3361 621 desidero
3408 566 3575 636 ipsius

2000 645 2253 703 clamoris
2281 650 2467 705 modos
2490 691 2503 713 ,
2538 662 2594 704 ut
2625 652 2817 708 exinde
2856 654 3048 724 aliquis
3079 654 3334 713 incitatus
3365 658 3574 714 divinos

2000 738 2183 793 audire
2210 739 2382 794 discat
2408 739 2622 796 allatus.
2682 750 2685 753 '

2066 828 2137 883 Et
2166 829 2396 899 primum
2424 831 2640 900 quidem
2672 846 2739 886 ex
2770 832 2988 903 psalmis
3026 835 3345 890 sententiam
3382 853 3575 907 quam—

1998 919 2120 974 dam
2154 921 2398 990 proferre
2435 923 2623 993 cupio,
2667 938 2787 993 qua:
2830 926 2959 979 mibi
3009 930 3350 994 przestautior
3389 930 3574 986 multis

1997 1011 2229 1078 videtur,
2263 1013 2365 1069 hoc
2397 1026 2480 1070 est
2508 1033 2521 1068 :
2551 1014 2768 1070 Iudicia
2797 1017 3007 1072 Domini
3046 1036 3161 1073 vera
3181 1019 3476 1089 justiﬁcata
3516 1023 3573 1077 in

1997 1102 2310 1171 semetipsa,
2359 1104 2726 1158 desiderabilia
2795 1123 2948 1175 super
2995 1124 3184 1162 aurum
3249 1119 3296 1163 el
3347 1109 3573 1180 lapidem

1996 1193 2281 1258 pretiosum
2323 1194 2543 1247 multum
2570 1237 2582 1255 ,
2621 1205 2667 1248 el
2698 1195 2933 1250 dulciora
2983 1214 3137 1267 super
3176 1199 3276 1253 mel
3308 1211 3355 1254 et
3396 1202 3573 1273 fatum

1999 1276 2170 1351 (Psal.
2213 1297 2365 1346 xvut,
2395 1282 2481 1348 l0,
2514 1281 2622 1354 ll).
2673 1283 2825 1340 llauc
2851 1286 3015 1357 igitur
3058 1289 3378 1345 sententiam
3421 1289 3573 1343 Psal-

1998 1368 2156 1423 mista
2183 1369 2462 1441 proferens
2496 1372 2895 1441 pronuntiando
2921 1376 3066 1447 (nam
3098 1376 3183 1432 bic
3208 1376 3395 1433 modus
3426 1377 3575 1433 locu-

2000 1458 2162 1514 tionis
2186 1459 2380 1515 diviua:
2415 1462 2623 1531 primus
2651 1474 2760 1527 est,
2795 1481 2901 1535 quo
2931 1464 3150 1521 cuilibet
3176 1469 3574 1539 pronuntiatur,

1998 1551 2126 1620 quid
2159 1552 2301 1607 scire
2345 1553 2428 1607 vel
2467 1553 2646 1609 faicere
2683 1555 2896 1626 debeat)
2943 1558 3176 1612 insinuat
3214 1560 3368 1614 nobis
3413 1575 3577 1631 quam

1996 1657 2155 1707 vera,
2186 1659 2346 1713 quam
2383 1644 2756 1701 desiderabilia
2790 1656 2845 1702 ct
2881 1648 3057 1702 dulcia
3096 1649 3204 1703 sint
3233 1648 3438 1720 judicia
3473 1651 3578 1705 Do—

308 1742 541 1808 miuum,
589 1750 656 1797 ut
697 1740 1007 1811 quicunque
1038 1740 1309 1810 prmdicue
1340 1738 1707 1809 intelligentia:
1736 1740 1889 1803 dona,
1926 1732 1970 1791 il
1999 1732 2162 1798 min’i,
2198 1735 2258 1788 ut
2286 1736 2462 1790 omnis
2505 1736 2667 1791 homo
2704 1737 2818 1792 bare
2853 1738 2996 1793 dicta
3035 1740 3259 1795 audiens
3289 1749 3343 1797 et
3380 1740 3579 1795 intelli4

312 1838 588 1901 tantaque
616 1830 1006 1885 admonitionis
1037 1829 1295 1890 beneﬁcia
1337 1840 1653 1898 spernentes
1678 1830 1895 1884 irratio-

312 1922 568 1977 nabiliter
593 1921 819 1984 vivunt,
868 1920 968 1974 bos
1008 1918 1236 1989 ﬂagellis
1264 1918 1534 1988 aliquibus
1564 1920 1897 1989 constringat

312 2020 369 2065 et
388 2010 454 2064 ad
493 2025 556 2065 se
601 2009 793 2064 venire
836 2009 1139 2079 compellat.
1189 2000 1338 2062 Talis
1386 2016 1565 2062 autem
1598 2010 1897 2079 compulsio

315 2099 438 2155 licet
463 2116 494 2155 a
516 2100 808 2156 Psalmista
839 2108 1087 2171 petatur,
1114 2099 1217 2153 dici
1248 2099 1390 2154 valet
1420 2100 1744 2169 increpatio;
1770 2102 1894 2173 quia

314 2207 436 2246 cum
458 2207 747 2263 perversos
769 2191 993 2261 quilibet
1014 2207 1040 2243 a
1068 2191 1291 2245 Domino
1315 2190 1615 2262 ﬂagellatur
1634 2208 1730 2261 per
1756 2193 1895 2247 idem

316 2281 581 2353 flagellum
614 2283 947 2352 increpatur.
990 2282 1120 2349 Qum
1142 2291 1441 2352 sequuntur
1467 2282 1518 2335 iu
1552 2285 1652 2337 hoc
1691 2283 1897 2352 psalmo

320 2376 384 2427 ad
417 2373 721 2427 Psalmistce
749 2386 1036 2443 personam
1072 2371 1352 2427 referenda
1389 2382 1534 2428 sunt.
1563 2372 1705 2428 Ecce
1735 2390 1896 2443 quam

320 2465 464 2518 varia
515 2480 875 2536 personarum
921 2464 1146 2518 mutatio
1204 2462 1258 2518 in
1304 2464 1527 2534 psalmis
1571 2464 1899 2535 supradictis

321 2554 610 2609 invenitur.
1399 2566 1403 2570 ’

385 2642 588 2698 Eadem
621 2658 841 2714 quoque
877 2645 929 2699 iu
971 2643 1195 2715 psalmis
1231 2643 1477 2714 plurimis
1503 2659 1637 2713 quos
1679 2653 1899 2714 printer-

321 2735 439 2789 misi
471 2736 812 2801 continetur;
850 2752 954 2790 non
984 2737 1129 2791 enim
1161 2737 1353 2805 peritia
1391 2737 1521 2790 mihi
1557 2746 1639 2791 est
1673 2745 1815 2790 tanta
1843 2744 1899 2790 ut

319 2840 507 2880 omnes
536 2827 728 2881 eodem
767 2827 927 2882 modo
963 2842 1282 2899 percurrere
1325 2844 1571 2897 possem,
1616 2830 1667 2883 in
1711 2843 1816 2898 quo
1846 2835 1900 2884 et

318 2915 629 2988 peritissimi
671 2918 874 2987 quique
916 2917 1045 2972 satis
1078 2918 1327 2973 laborare
1365 2918 1580 2973 habent.
1610 2916 1899 2973 Verumta-

323 3022 440 3062 men
475 3008 620 3077 quod
659 3022 762 3079 ego
796 3009 861 3063 de
905 3008 1100 3063 talibus
1144 3008 1473 3065 locutionum
1521 3008 1692 3065 modis
1740 3019 1898 3065 cate-

1998 1838 2128 1893 gens
2154 1840 2334 1881 secum
2365 1837 2559 1883 tractet
2582 1829 2813 1899 qualiter
2834 1830 3365 1890 exiude’a-dilicetur.
3390 1834 3445 1888 ln
3469 1836 3579 1904 pri-

2000 1917 2101 1971 mis
2130 1916 2379 1973 videlicet
2413 1920 2749 1976 discutienda
2788 1923 2915 1992 quid
2951 1939 3166 1991 verum,
3205 1925 3333 1995 quid
3367 1924 3591 1983 desidem

1999 2005 2207 2072 rabile,
2267 2009 2461 2077 quidve
2510 2011 2582 2066 sit
2635 2011 2806 2068 dulce.
2863 2013 3064 2069 Deinde
3114 2030 3245 2084 vero
3296 2016 3579 2087 diligenter

1997 2097 2273 2166 pensando
2297 2107 2475 2151 utrum
2499 2101 2599 2154 sibi
2623 2099 2910 2156 videantur
2932 2102 3301 2160 desiderabilia
3326 2106 3579 2163 etdulcia

1993 2183 2194 2256 judicia
2218 2186 2448 2242 Domini.
2474 2186 2742 2244 Iudicium
2774 2206 3007 2261 namque
3033 2192 3242 2247 Domini
3271 2204 3449 2263 potest
3469 2196 3578 2249 dici

2003 2292 2107 2331 nou
2141 2276 2312 2333 solum
2347 2277 2433 2331 illa
2461 2286 2716 2333 extremae
2742 2279 2847 2334 diei
2876 2281 3204 2335 examinatio
3231 2298 3336 2351 qua
3367 2284 3516 2353 pravi
3546 2299 3576 2338 a

1998 2366 2154 2422 bouis
2182 2367 2586 2434 (llSCCl'llllnlllt';
2618 2370 2709 2423 sed
2737 2370 2897 2424 etiam
2921 2386 3081 2426 omne
3103 2374 3243 2441 quod
3267 2374 3321 2427 in
3345 2373 3446 2429 bac
3471 2374 3579 2429 vita

2000 2455 2351 2525 dispositione
2385 2458 2565 2513 divina
2604 2460 2827 2531 geritur.
2860 2459 3021 2529 Cujus
3050 2462 3303 2519 videlicet
3347 2464 3577 2535 disposi-

2000 2548 2160 2604 tionis
2173 2548 2399 2619 judicia,
2424 2552 2469 2606 si
2490 2552 2644 2621 juxta
2670 2553 2798 2620 boc,
2814 2553 2956 2622 quod
2980 2552 3179 2609 bomini
3195 2554 3450 2625 possibile
3470 2566 3575 2623 est,

1999 2642 2345 2696 attendantur
2366 2650 2526 2712 quam
2549 2656 2677 2697 vera
2704 2642 2809 2697 sint
2833 2643 3170 2715 qualiterque
3194 2640 3249 2699 iu
3272 2645 3580 2716 semetipsis

1998 2728 2373 2800 iustificentur,
2426 2732 2801 2788 desiderabilia
2853 2749 2950 2804 pro
2988 2742 3136 2790 certo
3181 2752 3341 2806 super
3386 2753 3578 2794 aurum

1998 2823 2372 2895 pretiososque
2396 2822 2631 2894 lapides,
2661 2833 2717 2879 et
2744 2824 2983 2880 dulciora
3008 2840 3172 2898 super
3198 2842 3414 2883 omnem
3445 2830 3576 2888 mel-

1998 2912 2065 2968 lis
2093 2916 2414 2970 suavitatem
2444 2929 2536 2971 seu
2546 2914 2767 2973 tientur.
3622 2913 3629 2919 ”

2070 3003 2176 3060 Sed
2207 3012 2267 3060 ut
2299 3004 2491 3060 melius
2528 3007 2713 3061 eadem
2757 3021 2986 3077 pensare
3018 3009 3329 3078 possimus,
3349 3009 3583 3079 judicio-

322 3096 503 3167 risque
540 3078 711 3153 rebus
747 3098 1100 3169 explanandis
1135 3101 1383 3169 superius
1424 3100 1676 3169 promisi,
1722 3101 1895 3156 adhuc
1922 3078 1969 3143 (ἶ
2002 3110 2121 3151 rum
2172 3096 2530 3151 butuauorum
2582 3092 2872 3152 falsitatem
2918 3097 3024 3152 illis
3068 3078 3422 3167 opponatuus.
3471 3100 3585 3155 llu-

322 3201 477 3262 prout
517 3190 771 3260 iugenioli
797 3192 900 3248 mei
930 3193 1167 3263 parvitas
1208 3193 1490 3263 permittit,
1532 3193 1775 3265 proferre
1801 3210 1896 3249 cu-

324 3282 428 3352 pio.
450 3282 509 3337 ln
534 3298 641 3352 quo
659 3297 777 3348 vos,
804 3282 1000 3339 fratres
1023 3282 1351 3349 cbarissimi,
1376 3299 1461 3338 me
1484 3283 1737 3351 adjuvare
1759 3283 1899 3352 apud

323 3372 485 3428 Deum
510 3374 766 3443 deposco,
793 3382 872 3440 ut,
898 3374 1036 3429 sicut
1060 3373 1114 3429 in
1140 3375 1345 3444 psalmo
1358 3375 1600 3445 proxime
1617 3374 1731 3443 jam
1755 3376 1901 3430 dicto

325 3464 589 3533 promittit
617 3464 911 3534 unicuique
947 3464 1013 3518 ad
1044 3479 1102 3519 se
1127 3463 1458 3535 confugienti
1479 3504 1492 3526 ,
1537 3464 1723 3520 dicens
1758 3481 1772 3518 :
1802 3462 1901 3519 In-

329 3552 578 3606 tellcclum
603 3555 697 3607 tibi
717 3554 877 3621 dabo,
904 3563 950 3607 et
976 3555 1231 3608 instruant
1255 3563 1303 3608 te
1321 3554 1373 3607 in
1396 3555 1476 3608 via
1502 3555 1620 3619 hac,
1646 3570 1749 3624 qua
1774 3569 1901 3624 gra-

258 3688 275 3705 ,
328 3644 512 3708 diei-is,
556 3645 687 3699 mibi
720 3646 1020 3701 concedere
1057 3646 1309 3714 dignetur
1338 3645 1666 3701 intellectmn
1687 3685 1702 3710 ,
1733 3652 1785 3700 et
1815 3645 1901 3698 iu-

328 3742 497 3788 struat
536 3750 623 3789 me
669 3735 724 3791 in
770 3734 858 3790 via
907 3735 1006 3797 bac
1043 3735 1435 3806 explanationis
1475 3751 1638 3806 quam
1686 3735 1903 3807 aggredi

332 3824 498 3894 cupio.
525 3824 652 3881 Ideo
676 3835 857 3882 autem
880 3826 947 3882 de
971 3827 1143 3882 tribus
1170 3826 1499 3883 locutionum
1526 3829 1701 3884 modis
1723 3828 1903 3897 aliqua

333 3915 616 3985 explanare
662 3932 894 3988 magnus
936 3916 1067 3972 mibi
1110 3914 1333 3973 allectus
1378 3918 1594 3973 advenit
1632 3927 1727 3986 ut,
1778 3919 1903 3989 quia

334 4006 644 4064 immensam
675 4008 769 4065 Dei
812 4008 1067 4081 pietatem
1103 4024 1225 4066 cum
1264 4009 1435 4066 sacris
1463 4009 1659 4065 litteris
1690 4010 1757 4064 ad
1784 4024 1902 4065 om-

332 4116 422 4158 nes
458 4102 643 4160 lideles
681 4104 893 4160 litteras
920 4105 1135 4161 easdem
1170 4105 1403 4161 scientes
1440 4104 1642 4177 jugiter
1671 4106 1905 4161 clamare

333 4191 667 4263 aliquomodo
710 4201 968 4264 expertus
1005 4209 1154 4257 sum,
1204 4193 1333 4249 illud
1376 4195 1699 4263 penderem,
1742 4210 1903 4265 quam

329 4283 485 4338 variis
504 4282 684 4338 modis
697 4282 830 4337 mibi
855 4281 1096 4336 videatur
1118 4282 1185 4337 ad
1208 4298 1305 4337 nos
1326 4283 1579 4339 clamare.
1612 4283 1729 4339 Non
1758 4286 1904 4339 enim

328 4372 518 4430 frustra
550 4374 603 4428 in
632 4372 931 4444 Evangelio
959 4373 1154 4443 saapius
1180 4372 1378 4444 legitur
1402 4393 1414 4428 :
1451 4373 1554 4439 Qui
1580 4375 1731 4429 habet
1753 4393 1905 4431 aures

2000 3203 2160 3244 mana
2185 3188 2328 3244 enim
2352 3188 2552 3257 judicia
2575 3229 2590 3256 ,
2635 3197 2729 3244 aut
2757 3205 2852 3260 per
2876 3189 3105 3258 gratiam
3134 3200 3229 3247 aut
3269 3206 3367 3262 per
3399 3193 3580 3248 odium

2002 3280 2252 3354 alicujus,
2283 3297 2378 3337 seu
2408 3297 2505 3351 per
2538 3280 2800 3337 malitiam
2835 3281 2921 3336 vel
2950 3282 3338 3355 ignorantiam,
3374 3284 3458 3340 vel
3482 3300 3584 3341 ne-

2000 3371 2310 3442 gligentiam
2347 3372 2644 3443 sepissime
2682 3373 2758 3427 ita
2799 3373 3180 3443 depravantur,
3228 3383 3286 3429 ut
3322 3391 3421 3432 nec
3453 3392 3582 3431 vera

2000 3476 2120 3517 esse
2157 3477 2257 3519 nec
2296 3463 2349 3517 iu
2385 3462 2690 3533 semetipsis
2722 3463 3010 3534 justiﬁcari
3054 3464 3307 3521 valeant:
3343 3470 3484 3522 unde
3521 3468 3583 3521 tit

2003 3558 2062 3606 ut
2096 3561 2152 3606 et
2189 3550 2411 3607 falsitati
2440 3552 2786 3623 subjaceant,
2811 3562 2867 3608 et
2895 3556 3164 3608 contraria
3195 3554 3248 3610 in
3276 3557 3582 3624 semetipsis

2002 3643 2258 3698 existant.
2293 3642 2427 3697 Nam
2455 3642 2741 3713 cujuslibet
2775 3644 3003 3699 avaritia
3039 3644 3263 3700 alterius
3295 3646 3579 3700 avaritiam

2004 3733 2310 3803 impugnat,
2342 3733 2667 3789 decertando
2709 3733 2951 3800 scilicet,
2982 3734 3103 3805 quis
3132 3732 3333 3802 majora
3383 3736 3578 3805 rap’at.

2006 3824 2205 3881 Eodem
2239 3840 2453 3895 quoque
2483 3824 2642 3880 modo
2666 3823 2926 3880 luxuriosi
2951 3835 3140 3882 contra
3171 3826 3306 3882 alios
3341 3826 3584 3881 luxurio-

2006 3931 2130 3984 sos,
2161 3927 2216 3972 et
2243 3916 2458 3987 superbi
2494 3923 2683 3971 contra
2720 3915 2854 3970 alios
2884 3918 3143 3986 superbos
3174 3917 3247 3971 ita
3277 3916 3472 3986 saepius
3503 3916 3583 3972 in-

2006 4018 2266 4080 surgunt,
2304 4016 2361 4063 ut
2398 4021 2504 4062 non
2539 4006 2700 4061 aliter
2737 4021 2896 4076 quam
2939 4016 3114 4062 morte
3151 4020 3338 4062 eorum
3381 4006 3583 4077 placari

2004 4100 2233 4171 possint.
2262 4100 2463 4155 Eadem
2498 4097 2854 4155 contrarietas
2883 4098 2949 4153 de
2981 4098 3188 4152 cunctis
3212 4097 3356 4152 vitiis
3391 4095 3582 4152 referri

2005 4200 2202 4262 potest.
2244 4190 2349 4247 Sed
2396 4191 2553 4261 longe
2598 4190 2757 4245 aliter
2798 4190 2865 4245 de
2903 4189 3195 4245 virtutibus
3244 4190 3580 4267 sentiendum

2008 4291 2241 4340 constat.
2273 4281 2618 4353 Unaquzeque
2646 4280 2788 4335 enim
2818 4281 2989 4335 virtus
3016 4279 3175 4334 aliam
3208 4279 3344 4337 sicut
3378 4281 3583 4351 praprii

2009 4375 2252 4444 corporis
2297 4373 2599 4428 membrmn
2650 4368 2885 4450 adjuvat.
2938 4369 3073 4425 Nam
3118 4369 3272 4440 crpia
3322 4370 3583 4425 virtutum

329 4460 1214 4533 audiendiaadiattllattli.xt,xnt;
1240 4461 1907 4536 Marc.tv;Lue.vu,xtv).
1940 4460 1989 4518 D
2016 4472 2227 4521 constat
2262 4478 2460 4532 corpus
2495 4462 2642 4517 velut
2668 4476 2867 4527 unum,
2902 4460 2974 4516 ita
3005 4460 3179 4532 utqui
3225 4461 3583 4515 humilitatem

326 4551 390 4607 Et
410 4553 463 4608 in
486 4550 848 4624 Apocalypsi:
866 4550 969 4616 Qui
985 4553 1325 4607 liabetaurem
1339 4552 1679 4623 audiat,quid
1699 4555 1910 4624 spiritus
2008 4555 2229 4627 adipisci
2252 4553 2572 4613 studuerint,
2603 4549 2762 4607 aliter
2787 4558 3056 4622 nequeant
3084 4551 3187 4607 nisi
3217 4551 3379 4606 simul
3405 4551 3584 4607 chari-

325 4645 455 4699 dicat
492 4644 750 4700 Eeclesiis
772 4643 966 4713 (Apoc.
999 4658 1061 4707 tt,
1094 4643 1169 4716 7).
1203 4643 1269 4699 Et
1310 4645 1361 4698 in
1407 4644 1684 4715 prophetis
1720 4663 1733 4699 :
1769 4644 1908 4699 Con-

322 4734 575 4790 rertimini
607 4734 678 4788 ad
709 4748 825 4798 me,
883 4741 931 4786 et
963 4731 1093 4787 salvi
1118 4735 1261 4789 eritis
1289 4733 1426 4800 (Isa.
1460 4720 1582 4797 XLV,
1613 4733 1728 4805 22).
1760 4733 1828 4788 Et
1855 4735 1908 4787 in

324 4822 545 4879 Psalmis
578 4841 591 4878 :
622 4824 914 4887 Attendite,
941 4823 1124 4893 popule
1148 4840 1315 4892 meus,
1340 4825 1500 4896 legem
1523 4841 1729 4892 meam;
1754 4824 1909 4878 int-li.

325 4924 437 4970 nate
455 4922 641 4971 aurem
659 4924 890 4969 vestram
909 4915 965 4966 in
986 4914 1135 4969 verba
1152 4917 1257 4971 oris
1279 4915 1381 4972 mei
1400 4911 1572 4988 (Psal.
1594 4933 1793 4981 Lxxvn,
1828 4916 1902 4986 l).

323 5005 591 5076 Multaque
623 5005 711 5061 his
748 5002 952 5059 similia
992 5003 1043 5057 in
1083 5006 1251 5062 sacris
1290 5005 1588 5077 Scripturis
1630 5007 1903 5078 leguntur,

323 5113 411 5169 per
441 5114 565 5169 qua:
602 5096 854 5154 iunuitur
899 5106 1150 5166 maguum
1177 5100 1429 5168 quiddam
1467 5113 1588 5155 esse
1611 5141 1627 5167 ,
1657 5113 1759 5170 pro
1798 5113 1905 5169 quo

325 5201 599 5262 tantopere
631 5190 700 5245 ad
734 5202 842 5243 nos
876 5187 1134 5244 Dominus
1161 5190 1377 5248 clamat.
1411 5190 1527 5258 Qua
1556 5193 1622 5247 dc
1653 5208 1744 5256 re,
1777 5191 1902 5261 quia

322 5284 441 5340 illud
471 5263 728 5354 magnum
757 5293 872 5333 non
907 5280 1217 5347 temporale,
1252 5283 1344 5338 sed
1374 5291 1634 5337 aeternum
1667 5290 1900 5344 constat,

324 5387 522 5446 oportet
553 5386 611 5431 ut
644 5375 821 5429 verba
849 5369 970 5436 Dei,
997 5368 1186 5439 quibus
1214 5380 1280 5434 ad
1319 5392 1421 5434 nos
1451 5375 1654 5447 jugiter
1681 5377 1902 5441 clamat,

2009 4656 2174 4702 tatem
2200 4644 2442 4701 obtinere
2466 4643 2717 4700 studeant
2742 4660 2755 4698 :
2786 4658 3016 4713 cumque
3041 4642 3323 4699 cbaritatis
3348 4657 3449 4698 nec
3475 4657 3583 4697 non

2007 4737 2328 4794 humilitatis
2371 4750 2711 4809 possessores
2757 4734 2991 4800 fuerint,
3037 4733 3148 4789 cito
3190 4732 3335 4788 velut
3382 4732 3585 4787 infirmi

2010 4831 2244 4886 viatores
2274 4828 2327 4883 in
2353 4827 2438 4883 via
2466 4828 2557 4882 Dei
2596 4827 2926 4889 lassescunt,
2953 4822 3056 4879 nisi
3085 4825 3249 4880 etiam
3279 4823 3584 4879 castitatem

2013 4921 2067 4975 in
2101 4917 2422 4991 adjutorium
2457 4924 2692 4974 sinuant.
2735 4917 2885 4973 lianc
2918 4925 3097 4969 autem
3122 4955 3139 4983 ,
3175 4912 3299 4985 quia
3343 4912 3586 4967 obtinere

2010 5020 2301 5083 nequeunt,
2328 5010 2428 5066 nisi
2457 5024 2577 5065 cum
2609 5009 2903 5066 multarum
2927 5006 3186 5062 virtutum
3216 5002 3589 5073 supplemento

2011 5111 2104 5157 aut
2138 5102 2350 5157 easdem
2377 5103 2604 5157 virtutes
2635 5100 2797 5156 simul
2833 5097 3187 5161 obtinebunt,
3215 5101 3308 5147 aut
3337 5091 3591 5147 castimo-

2008 5193 2100 5249 nia
2139 5192 2378 5264 perfecta
2422 5190 2703 5247 carebunt.
2750 5190 2896 5247 Idem
2942 5187 3007 5242 de
3046 5183 3257 5241 ueteris
3299 5177 3589 5232 virtutibus

2010 5280 2348 5336 sentiendum
2392 5287 2493 5333 est.
2540 5276 2742 5334 Omnes
2784 5274 2927 5332 enim
2975 5274 3027 5326 in
3067 5284 3231 5326 unum
3279 5265 3355 5319 ita
3394 5278 3589 5319 conve—

2012 5371 2200 5436 niunt,
2243 5378 2303 5422 ut
2332 5367 2437 5423 alia
2467 5367 2624 5420 aliam
2657 5366 2861 5429 foveat,
2893 5370 3113 5430 augeat,
3146 5354 3438 5427 justiﬁcet,
3465 5368 3591 5422 pro-
