3998 5450
480 395 580 450 16⁷

1497 390 1797 449 οτιιιοΝι
1838 389 2150 447 MONAClll
2192 390 2252 444 S.
2294 376 2714 445 ΕΜΜΕΒᾹΜΜΙ

3641 389 3747 450 168

476 511 532 566 in
562 505 1060 580 semelipsis;quia
1095 521 1193 561 nec
1225 518 1320 575 per
1340 506 1728 576 gratiam,nec
1752 492 2061 560 odiumali—
2088 509 2135 563 A
2244 502 2349 559 Sed
2401 504 2444 557 si
2497 502 2724 558 forsitan
2774 498 2968 570 aliquis
3020 498 3164 554 dicat
3217 512 3275 554 se
3329 496 3559 556 libenter
3612 498 3751 560 velle

477 597 661 668 cujus,
691 614 790 653 nec
827 610 923 668 per
958 597 1251 667 malitiam,
1282 608 1380 650 nec
1406 610 1503 665 per
1539 595 1927 664 ignorantiam,
1960 607 2058 648 nec

476 705 575 761 per
603 685 980 760 negligentiam
1011 702 1041 740 a
1068 686 1316 740 veritatis
1337 695 1389 740 et
1412 684 1636 754 justitite
1661 694 1803 739 statu
1836 682 2060 737 ﬂectun-

479 787 589 845 tur,
617 780 710 834 sed
737 770 995 832 omniain
1026 782 1130 830 tina
1158 775 1457 846 eademque
1484 776 1838 846 dispositione
1863 786 2062 829 conve-

477 868 678 924 nientia
720 874 1092 936 perseverant.
1135 864 1268 933 Quae
1313 866 1479 936 igitur
1518 866 1604 935 pia
1651 874 1777 920 sunt
1814 865 2059 919 testimo-

477 959 623 1015 nium
659 958 899 1028 prarbent
929 957 1068 1022 Deo,
1096 958 1221 1027 quia
1252 972 1487 1028 semper,
1512 959 1637 1011 dum
1668 966 1877 1026 tempus
1900 956 2062 1013 mise-

476 1050 629 1105 rendi
658 1057 740 1105 est
760 1090 775 1116 ,
804 1058 1026 1120 paratus
1056 1052 1129 1105 sit
1161 1048 1230 1104 ad
1258 1050 1641 1122 ignoscendum
1671 1051 1884 1106 cunctis
1909 1050 1974 1106 ad
2000 1066 2061 1107 se

476 1139 771 1197 conversis.
798 1142 874 1196 De
893 1157 1002 1212 quo
1023 1141 1314 1197 miserendi
1341 1151 1583 1211 tempore
1602 1141 1768 1197 Isaias
1798 1143 2058 1212 propheta

476 1233 727 1289 admonet
758 1247 876 1299 nos,
904 1233 1090 1288 dicens
1122 1251 1134 1287 :
1171 1232 1404 1298 ουτω-ξω
1436 1232 1718 1286 Dominum
1752 1234 1876 1286 dum
1900 1228 2062 1288 'iut'e-

476 1326 578 1379 uiri
601 1333 798 1395 potest,
829 1323 1066 1378 invocata
1086 1340 1224 1388 eum,
1250 1325 1374 1377 dum
1400 1338 1557 1394 prope
1583 1333 1658 1377 est
1687 1323 1821 1395 (Isa.
1865 1341 1951 1390 LV,
1980 1324 2057 1395 6).

477 1413 614 1469 llinc
648 1422 703 1468 et
734 1413 921 1468 doctor
966 1421 1150 1467 noster
1186 1411 1473 1466 Psalmista
1519 1412 1691 1466 dicit:
1730 1412 2060 1481 Con/itemini

474 1499 730 1573 Domiup,
761 1504 1009 1573 quoniam
1039 1502 1236 1567 bonus;
1267 1503 1512 1573 quoniam
1543 1503 1598 1557 in
1628 1502 1877 1557 saeculum
1906 1505 2060 1558 mise-

477 1594 705 1647 ricordia
739 1592 853 1662 ejus
884 1591 1055 1663 (Psal.
1093 1607 1271 1657 cxvn,
1305 1592 1379 1663 l).
1416 1591 1548 1660 Quae
1592 1593 1848 1648 nimirum
1894 1595 2059 1649 verba

476 1686 784 1757 huiusmodi
833 1699 1053 1740 sensum
1101 1685 1300 1740 habere
1334 1680 1634 1741 videntur:
1675 1682 2056 1742 Paenitentiam

476 1784 650 1855 agite,
691 1790 745 1837 et
775 1782 1149 1838 convertimini
1181 1782 1248 1837 ad
1291 1781 1456 1836 Deum
1500 1781 1552 1835 in
1585 1781 1690 1836 hoc
1730 1781 1960 1847 saaculo,
2003 1780 2058 1835 in

2158 594 2381 663 credere
2434 594 2637 663 judicia
2697 591 2908 647 Domini
2964 605 3093 647 vera
3155 604 3316 657 esse,
3374 592 3469 646 sed
3533 596 3751 650 nescire

2159 686 2300 740 unde
2353 685 2492 741 hanc
2548 685 2703 740 fidem
2758 683 2893 739 Satis
2946 682 3114 754 possit
3162 683 3446 753 concipere
3499 701 3513 738 :
3569 686 3749 747 dicam

2160 773 2396 829 breviter
2440 773 2620 844 aliqua
2667 774 2783 842 ejus
2823 772 3032 844 julicia
3082 772 3225 836 “ttnde
3257 773 3480 849 {acilius
3518 779 3751 853 agnosci

2157 866 2366 937 possint
2409 874 2626 921 caetera.
2681 865 2879 922 Omnes
2927 879 3163 942 namque
3212 866 3418 925 scimus
3458 876 3533 935 et.
3561 870 3746 940 quoti-

2159 957 2245 1012 die
2281 966 2403 1012 actu
2436 959 2758 1028 probamus.
2791 957 2921 1029 quia
2953 956 3185 1015 liberum
3228 948 3515 1017 arbitrium
3557 974 3591 1014 a
3635 960 3751 1017 Deo

2160 1051 2343 1106 datum
2398 1048 2701 1116 habemus,
2748 1060 2809 1106 ut
2859 1052 2973 1107 sive
3021 1052 3207 1119 bona,
3255 1053 3371 1109 sive
3419 1052 3560 1109 mala
3607 1053 3750 1112 veli-

2159 1156 2280 1195 mus
2316 1156 2509 1212 agere,
2554 1140 2845 1212 possimus.
2884 1136 2999 1198 Hoc
3033 1150 3218 1199 autem
3263 1158 3370 1200 non
3413 1142 3610 1200 sufﬁcit
3640 1158 3752 1211 no-

2158 1232 2243 1287 bis
2270 1232 2601 1288 solummodo
2621 1234 2781 1297 scire,
2807 1233 2912 1289 nisi
2933 1234 3100 1290 etiam
3128 1242 3431 1291 tractemus
3449 1250 3547 1291 cur
3571 1235 3739 1290 nobis

2159 1325 2231 1379 sit
2254 1324 2376 1379 data
2409 1324 2630 1380 libertas
2654 1334 2803 1381 tanta
2823 1324 2908 1380 vel
2937 1324 3074 1382 male
3100 1326 3183 1382 vel
3207 1325 3347 1382 bene
3369 1325 3584 1395 agendi.
3618 1324 3742 1379 Non

2159 1416 2304 1469 enim
2349 1414 2471 1471 ρωΙί
2504 1423 2557 1471 et
2590 1424 2752 1471 terra:
2775 1415 3021 1481 Creator,
3054 1430 3352 1490 rerumque
3371 1416 3615 1472 omnium
3647 1428 3750 1487 gu-

2159 1508 2418 1564 bernator
2439 1507 2744 1563 credendus
2785 1516 2869 1564 est
2915 1514 3071 1564 tanta
3096 1510 3253 1565 nobis
3273 1496 3597 1580 praestitisse
3626 1506 3751 1562 sine

2159 1614 2344 1656 causa.
2401 1598 2508 1654 Sed
2562 1600 2711 1655 omni
2767 1599 2930 1655 modo
2984 1601 3373 1656 attendendum
3430 1594 3560 1672 quia
3623 1598 3751 1655 ideo

2160 1690 2395 1756 homini,
2426 1705 2589 1760 quem
2614 1692 2682 1746 ad
2706 1687 3119 1747 similitudinem
3144 1706 3295 1747 suam
3330 1686 3480 1759 fecit,
3509 1703 3566 1750 et
3612 1690 3753 1752 libe.

2161 1797 2279 1836 rum
2308 1780 2593 1835 arbitrium
2634 1789 2692 1836 et
2740 1778 3050 1837 facultatem
3094 1781 3235 1838 male
3260 1781 3344 1837 vel
3378 1784 3519 1841 bene
3544 1779 3748 1854 agendi

475 1892 583 1947 quo
625 1873 992 1929 tantummodo
1034 1874 1207 1928 bonus
1251 1882 1335 1928 cst
1384 1872 1637 1927 omnibus
1683 1871 2059 1928 invocantibus
2089 1878 2133 1938 Β
2161 1874 2333 1937 dedit,
2359 1882 2415 1927 ut
2440 1873 2666 1929 haberet
2689 1875 2832 1945 unde
2853 1875 3152 1945 promereri
3178 1884 3359 1946 posset
3385 1874 3565 1947 aliqua
3585 1885 3749 1932 aeter-

475 1984 618 2024 eum.
649 1966 802 2035 Quod
826 1976 1006 2022 autem
1033 1965 1233 2021 dicitur
1266 1980 1279 2019 :
1309 1961 1638 2032 Con/itemini
1668 1962 1911 2028 Domino,
1935 1978 2064 2030 quo-

473 2061 617 2115 niam
647 2061 846 2124 bonus;
873 2060 1121 2128 quoniam
1152 2057 1204 2111 in
1236 2067 1489 2111 retentum
1529 2055 1884 2109 misericordia
1913 2055 2058 2124 ejus,

473 2150 543 2205 de
568 2149 818 2221 perennis
844 2149 968 2203 vita:
993 2147 1361 2204 misericordia
1389 2146 1517 2233 splis
1545 2145 1731 2200 electis
1757 2143 2059 2200 exhibenda

474 2243 694 2313 intelligi
722 2249 917 2313 potest.
938 2240 1347 2297 Admonitiones
1374 2253 1505 2311 ergo
1531 2246 1694 2294 tanta:
1717 2236 1935 2307 pietatis
1958 2237 2062 2293 hoc.

472 2334 619 2386 omni
656 2332 814 2387 modo
852 2339 1154 2396 testantur;
1203 2330 1329 2400 quia
1359 2329 1501 2384 Deus
1538 2344 1643 2383 non
1681 2327 1793 2382 vult
1829 2334 2062 2381 mortem

473 2416 819 2493 peccatoris,
870 2422 964 2478 sed
1015 2432 1073 2477 ut
1127 2429 1479 2477 convertatur
1530 2428 1586 2476 et
1636 2420 1780 2475 vivat
1830 2417 2058 2483 (Ezeclt.

472 2530 675 2580 xum,
712 2516 769 2570 ll
791 2516 831 2586 ).
863 2513 1064 2571 Severa
1096 2522 1275 2569 autem
1305 2513 1508 2585 judicia
1533 2513 1839 2581 ubicunque
1865 2510 2058 2582 legun-

474 2613 561 2659 tur
586 2603 670 2659 vel
711 2604 1003 2659 audiuntur
1040 2600 1216 2669 facta,
1264 2602 1366 2657 hoc
1405 2600 1756 2655 nihilominus
1797 2607 2063 2653 testantur

472 2694 619 2764 quod
661 2694 806 2749 Deus
853 2692 1102 2764 superbis
1142 2693 1360 2748 resistat
1393 2689 1534 2763 (Jac.
1579 2705 1651 2756 tv,
1693 2688 1770 2760 6),
1814 2689 2085 2760 quodque

468 2783 628 2855 juxta
652 2784 992 2840 Psalmistam
1017 2783 1274 2839 terribilis
1296 2784 1366 2837 sit
1388 2783 1442 2837 in
1471 2780 1712 2837 consiliis
1737 2795 1899 2852 super
1924 2780 2064 2836 ﬁlios

478 2876 756 2932 hominum
786 2873 961 2948 (Psal.
987 2891 1111 2941 va,
1138 2873 1192 2945 5)
1219 2872 1492 2946 (subaudi,
1522 2872 1838 2944 pravorum)
1863 2871 1954 2942 qui
1981 2872 2064 2926 ni-

475 2968 553 3023 hil
604 2967 749 3026 aliud
788 2967 893 3040 nisi
929 2967 1165 3022 humana
1208 2974 1414 3021 tantum
1458 2952 1513 3020 et
1554 2962 1794 3019 carnalia
1842 2962 2065 3033 diligere

475 3061 681 3129 solent;
732 3076 959 3132 quorum
986 3059 1194 3116 scilicet
1225 3058 1320 3112 lilii
1352 3065 1614 3113 vocantur
1647 3056 1946 3112 imitatores
1972 3071 2065 3114 eo.

478 3170 599 3208 rum
632 3171 646 3207 :
676 3152 829 3223 cujus
856 3152 1000 3208 enim
1035 3151 1261 3222 quisque
1292 3149 1420 3205 facit
1458 3163 1654 3221 opera,
1695 3147 1811 3218 ejus
1839 3156 2065 3204 vocatur

481 3239 647 3296 illius.

1093 3309 1321 3368 CAPUT
1360 3308 1450 3365 IX.

479 3389 717 3462 Amplius
750 3390 1044 3462 divinorum
1063 3392 1390 3462 judiciorum
1425 3400 1848 3462 quorumcunQue
1875 3388 2063 3462 veritas

548 3460 597 3516 et
612 3461 829 3531 justitia
855 3460 1126 3530 probatur.
1157 3461 1468 3531 Adltortatio
1509 3461 1578 3514 ad
1604 3461 1903 3531 diligentem
1929 3460 2064 3513 divi-

548 3530 737 3586 narum
765 3531 1164 3599 Scripturarum
1186 3530 1454 3585 lationem
1472 3572 1487 3597 ,
1514 3542 1619 3586 etc.

548 3610 693 3667 Inter
733 3610 847 3665 hinc
881 3611 1215 3680 pensandum
1272 3620 1359 3665 est
1413 3625 1574 3680 quam
1612 3610 1916 3665 necessaria
1952 3609 2064 3666 sint

479 3716 670 3757 severa
692 3700 784 3757 Dei
807 3697 1029 3770 judicia.
1059 3701 1282 3756 Plurimi
1311 3714 1544 3772 namque
1570 3703 1659 3772 qui
1685 3716 1785 3756 nec
1808 3702 2060 3768 lectione,

478 3809 580 3849 nec
608 3792 973 3848 admonitione
1000 3792 1104 3846 ulla
1133 3793 1415 3847 hominum
1451 3809 1481 3846 a
1511 3794 1778 3861 pravitate
1806 3808 1900 3847 sua
1923 3792 2063 3848 ﬂecti

477 3894 739 3955 possunt,
783 3899 880 3955 per
924 3883 1131 3956 ﬂagella
1178 3884 1272 3939 Dei
1313 3891 1705 3940 convertuntur
1753 3885 1821 3939 ad
1867 3885 2060 3954 ipsum.

477 3973 667 4028 Nonne
696 3988 790 4044 per
819 3974 933 4029 btec
967 3974 1183 4043 pensari
1218 3974 1359 4029 valet
1393 3975 1548 4043 quia,
1581 3975 1704 4029 dum
1736 3975 1822 4046 pia
1854 3973 1946 4029 Dei
1971 3975 2061 4045 ju-

479 4069 621 4123 dicia
652 4069 984 4124 conveniunt
1013 4068 1221 4124 severis
1245 4077 1300 4141 et
1330 4083 1519 4124 severa
1548 4068 1652 4139 piis
1675 4110 1689 4135 ,
1722 4068 1902 4125 omnia
1946 4069 2062 4139 ejus

473 4157 675 4229 judicia
708 4169 833 4215 sunt
870 4176 999 4214 vera
1035 4167 1090 4213 et
1114 4158 1409 4228 justiﬁcata
1440 4160 1493 4214 in
1527 4161 1852 4230 semetipsa?
1888 4158 2058 4233 (Psal.

478 4269 634 4320 xvut,
660 4252 771 4326 10.)
816 4253 940 4310 Sive
965 4269 1095 4326 ergo
1123 4253 1233 4310 sint
1258 4254 1347 4324 pia
1386 4253 1500 4308 sive
1525 4269 1739 4319 severa,
1783 4254 1899 4308 ideo
1922 4254 2064 4308 Deus

478 4354 733 4415 operatur
770 4359 831 4423 ea
862 4354 923 4402 ut
960 4348 1088 4412 hos,
1122 4345 1214 4417 qui
1256 4344 1496 4400 salvandi
1532 4352 1698 4409 sunt,
1748 4343 1900 4413 quasi
1941 4345 2063 4415 qui-

479 4441 708 4515 busdam
744 4442 946 4507 retibus
983 4442 1050 4497 ad
1090 4450 1350 4508 aeternam
1396 4438 1622 4495 salutem
1667 4439 1862 4494 trahat.
1911 4437 2064 4495 Unde

480 4540 533 4587 et
563 4529 845 4585 Psalmista
870 4571 885 4596 ,
913 4522 1095 4602 quiet
1122 4531 1467 4586 severitatem
1497 4538 1553 4585 et
1583 4529 1848 4601 pietatem.
1885 4528 1977 4582 Dei
2008 4529 2059 4581 in

479 4621 770 4690 semetipso
798 4630 1053 4692 expertus
1088 4621 1344 4691 cognovit
1376 4630 1661 4690 utramque
1697 4619 2059 4675 necessariam

479 4726 622 4777 esse,
647 4721 930 4783 postquam
952 4712 1088 4768 dixit
1106 4729 1119 4766 :
1135 4710 1351 4765 Iudicia
1373 4710 1584 4766 Domini
1608 4728 1745 4785 vera,
1767 4710 2059 4780 justiﬁcata

478 4801 536 4855 in
561 4801 867 4877 semetipsa;
903 4794 1085 4877 statim
1112 4798 1427 4871 .subjunxit,
1472 4801 1657 4856 dicens
1687 4814 1702 4854 :
1733 4798 2060 4874 Desiderabi-

481 4891 555 4945 lia
596 4908 749 4961 super
787 4908 977 4946 aurum
1024 4901 1070 4947 et
1111 4891 1339 4963 lapidem
1399 4894 1679 4964 pretiosum
1719 4892 1968 4956 multum,
2010 4899 2060 4944 et

483 4979 725 5047 dulciora
766 4996 923 5050 super
961 4979 1062 5034 mel
1098 4990 1147 5035 et
1192 4984 1388 5055 favum.
1432 4979 1560 5047 Qua:
1600 4980 1855 5035 nimirum
1895 4978 2060 5034 verba

483 5070 639 5128 multi
663 5071 877 5142 quidem
905 5072 1086 5128 dicere
1116 5072 1326 5136 valent;
1356 5073 1449 5128 sed
1472 5062 1632 5143 quam
1661 5069 2059 5137 desiderabilia,

482 5176 584 5217 nec
612 5176 716 5216 non
757 5177 918 5231 quam
950 5162 1127 5217 dulcia
1168 5163 1275 5218 sint
1304 5178 1464 5217 nemo
1503 5160 1705 5216 sentire
1746 5160 1924 5227 valet,
1957 5159 2061 5213 nisi

484 5252 573 5320 qui
615 5251 719 5309 fide
753 5266 820 5306 ex
857 5267 1021 5322 opere
1060 5268 1157 5324 pro
1193 5252 1466 5337 agnitione
1502 5266 1690 5307 eorum
1723 5249 2062 5314 laborantes,

485 5343 675 5398 intima
722 5359 911 5400 eorum
954 5342 1344 5413 aliquantulum
1384 5352 1605 5414 gustare
1652 5350 1947 5396 merentur.
1997 5339 2066 5393 Et

2163 1981 2246 2021 nae
2274 1963 2624 2023 beatitudinis
2646 1968 2886 2039 prmmia.
2920 1967 3053 2035 Quis
3078 1968 3749 2039 deniquevimpossibilita-

2163 2058 2230 2113 tis
2258 2058 2472 2113 vinculo
2499 2059 2829 2115 constrictus
2884 2060 3122 2129 probare
3166 2067 3351 2130 posset
3392 2059 3525 2130 quid
3579 2073 3747 2130 agere

2160 2146 2323 2204 vellet
2350 2150 2374 2202 ?
2405 2159 2497 2205 aut
2525 2150 2665 2220 quod
2692 2150 2974 2220 prmmiuni
3005 2150 3079 2205 illi
3102 2148 3244 2205 foret
3268 2149 3642 2221 dandum,.qui
3669 2149 3747 2205 nil

2160 2239 2337 2309 potuit
2359 2239 2560 2307 facere,
2591 2241 2696 2296 nisi
2724 2240 2964 2295 bonum?
2995 2239 3149 2296 Hanc
3169 2240 3335 2312 igitur
3355 2241 3746 2299 inconvenien-

2163 2332 2295 2387 tiam
2352 2334 2661 2404 quicunque
2715 2333 2912 2403 smpius
2972 2334 3223 2400 attendit,
3286 2332 3447 2389 citius
3497 2333 3749 2404 agnoscit

2161 2424 2331 2479 multo
2360 2424 2774 2479 convenientius
2802 2440 2943 2481 esse.
2975 2423 3138 2492 Quia,
3163 2426 3305 2481 sicut
3350 2422 3496 2483 Deus
3520 2425 3742 2491 statuit,

2160 2514 2325 2591 homo
2374 2515 2602 2570 liberum
2661 2516 2946 2570 arbitrium
2992 2516 3209 2571 habens.
3243 2525 3301 2571 et
3340 2516 3478 2572 bene
3521 2524 3579 2571 et
3601 2514 3744 2571 male

2162 2620 2323 2673 agere
2341 2605 2506 2670 valet,
2530 2607 2589 2659 ut
2614 2614 2671 2660 et
2701 2605 2807 2668 ille,
2845 2603 2935 2674 qui
2964 2604 3103 2659 mala
3151 2618 3251 2675 pro
3279 2619 3467 2660 amore
3492 2603 3589 2659 Dei
3612 2617 3747 2659 con-

2166 2703 2380 2761 temnit,
2413 2695 2715 2751 mercedem
2742 2694 3086 2766 promissam,
3115 2703 3171 2750 et
3200 2694 3292 2751 ille
3337 2693 3429 2765 qui
3452 2684 3621 2750 bona
3646 2708 3747 2748 ne-
3776 2692 3781 2693 “

2164 2786 2311 2859 gligit
2337 2801 2552 2859 poenam
2576 2788 2981 2857 pronuntiatam
3002 2794 3386 2858 consequatur.
3408 2786 3550 2843 Ecce
3571 2800 3738 2855 quam

2165 2894 2400 2951 congrua
2447 2887 2503 2934 et
2548 2894 2679 2935 vera
2734 2877 2904 2934 divini
2952 2877 3144 2949 judicii
3193 2877 3494 2949 dispositio,
3537 2872 3742 2931 nullius

2165 2971 2375 3042 gratim,
2399 2970 2482 3025 vel
2510 2970 2619 3026 odii
2646 2968 2819 3025 instar
2838 2969 3167 3040 judiciorum
3210 2968 3568 3025 humanorum
3594 2964 3748 3021 falsi-

2168 3072 2279 3120 tate
2300 3072 2585 3133 corrupta;
2618 3063 2710 3118 sed
2737 3061 2891 3132 quasi
2921 3061 2976 3116 in
3002 3060 3267 3116 latissimo
3289 3059 3466 3115 stadio
3493 3058 3747 3114 omnibus

2166 3138 2711 3224 currendi‘spatium
2766 3152 3035 3220 praebens,
3089 3160 3216 3205 ante
3259 3151 3502 3204 omnium
3559 3148 3747 3205 oculos

2090 3232 2149 3296 C'
2166 3259 2374 3316 ponens
2398 3245 2538 3300 bona
2562 3251 2616 3298 et
2649 3242 2811 3306 mala,
2842 3256 3031 3312 aspera
3057 3251 3113 3297 et
3140 3241 3341 3307 mollia,
3365 3250 3515 3296 arcta
3532 3250 3591 3297 et
3613 3240 3743 3304 lata,

2166 3344 2227 3390 ut
2254 3349 2352 3407 per
2372 3336 2489 3390 haec
2526 3333 2767 3390 omnium
2798 3322 3025 3388 affectus
3050 3332 3313 3402 probetur
3340 3332 3469 3400 quid
3520 3331 3747 3402 diligere

2164 3426 2248 3482 vel
2306 3438 2595 3498 respuere,
2648 3425 2776 3496 quid
2822 3423 3211 3495 concupiscere
3258 3422 3344 3478 vel
3390 3431 3747 3479 contemnere

2164 3518 2313 3575 velit.

2234 3610 2425 3669 Nonne
2454 3626 2583 3682 ergo
2607 3609 2928 3666 latissimum
2959 3610 3194 3666 stadium
3221 3608 3420 3666 merito
3447 3607 3670 3671 dicitur,
3690 3605 3745 3660 in

2162 3720 2271 3777 quo
2295 3714 2402 3760 tam
2446 3705 2612 3759 variis
2659 3703 2839 3758 modis
2864 3704 3237 3774 unusquisque
3272 3717 3496 3779 currere
3526 3697 3744 3772 potest?

2164 3796 2308 3864 Quot
2359 3796 2534 3851 modis
2582 3795 2726 3849 enim
2774 3795 3066 3865 unicuique
3104 3795 3264 3850 datur
3316 3778 3550 3850 facultas
3605 3790 3746 3847 male
3804 3778 3817 3791 ’

2163 3890 2374 3961 agendi,
2401 3897 2480 3945 tot
2506 3889 2678 3943 modis
2702 3889 2865 3942 etiam
2897 3889 3059 3943 datur
3083 3875 3313 3944 facultas
3354 3888 3493 3943 bene
3519 3885 3739 3957 agendi.

2164 3982 2299 4050 Quia
2329 3983 2466 4037 bene
2495 3980 2687 4051 agendi
2736 3980 3084 4037 occasionem
3128 3980 3374 4051 prmbent
3421 3978 3585 4043 mala,
3618 3991 3746 4034 cum

2161 4087 2226 4133 ea
2249 4071 2518 4138 videntes,
2565 4078 2660 4125 aut
2699 4070 3001 4136 audientes,
3059 4085 3154 4125 seu
3193 4071 3259 4125 ad
3309 4071 3495 4125 horam
3525 4068 3743 4123 deside-

2165 4170 2371 4228 rantes,
2423 4176 2550 4217 mox
2578 4160 2998 4216 contemnimus.
3047 4160 3116 4215 Et
3158 4158 3248 4229 qui
3280 4168 3425 4214 tanta
3456 4172 3746 4228 possumus

2162 4262 2534 4317 contemnere,
2588 4258 2794 4321 quanta
2861 4251 3271 4321 concupiscere,
3324 4262 3392 4304 ex
3446 4249 3564 4318 ipso
3614 4262 3745 4301 con-

2164 4353 2367 4415 tempto
2400 4352 2480 4398 tot
2504 4358 2736 4399 coronas
2765 4358 2863 4412 per
2892 4343 2986 4397 Dei
3017 4343 3246 4414 gratiam
3288 4339 3587 4410 promereri
3616 4353 3743 4408 pos-

2163 4451 2370 4501 sumus,
2394 4444 2527 4505 quot
2553 4435 2694 4489 mala
2718 4434 3164 4504 contempsimus.
3196 4433 3335 4488 Ecce
3361 4432 3497 4485 satis
3520 4428 3744 4485 evidens

2166 4527 2497 4599 exemplum,
2542 4527 2596 4580 in
2629 4540 2738 4596 quo
2772 4526 2991 4597 probari
3035 4533 3219 4596 potest
3271 4523 3614 4579 verissimum
3647 4520 3742 4575 Dei

2156 4617 2442 4689 judicium.
2469 4616 2740 4672 Iudicium
2763 4630 2981 4687 quoque
3016 4630 3211 4671 verum
3237 4612 3342 4669 dici
3368 4621 3569 4683 potest,
3596 4610 3743 4680 quod

2163 4707 2225 4763 lit
2275 4709 2339 4783 in,
2374 4708 2459 4764 his
2505 4706 2597 4777 qui
2647 4706 2981 4778 negligenter
3027 4706 3192 4759 vitam
3262 4718 3415 4760 suam
3458 4704 3740 4762 ducentes,

2164 4801 2407 4869 nihilque
2440 4798 2637 4870 magis
2692 4813 2856 4869 quam
2910 4796 3033 4852 aliis
3070 4794 3311 4871 praeponi
3345 4793 3739 4869 desiderantes,

2163 4891 2551 4965 permittuntur
2575 4888 2791 4942 tandem
2828 4888 3077 4943 obtinere
3092 4902 3121 4953 ;~
3138 4899 3370 4955 cumque
3397 4885 3450 4939 in
3464 4930 3467 4931 ν
3482 4882 3741 4953 regimine

2165 4993 2350 5055 optato
2380 4978 2649 5052 praepositi
2674 4979 2957 5034 saecularia
2999 4977 3177 5049 magis
3210 4990 3389 5046 quam
3437 4971 3739 5044 spiritualia

2165 5074 2490 5134 studuerint,
2522 5072 2713 5125 timere
2765 5063 2824 5125 et
2866 5084 3053 5124 amare
3095 5069 3267 5124 Deum
3297 5065 3655 5139 neglexerint,
3686 5063 3737 5117 in

2165 5164 2373 5222 deliciis
2401 5162 2546 5217 velut
2572 5161 2662 5215 ille
2695 5160 2846 5215 dives
2879 5162 2946 5215 de
2993 5175 3100 5231 quo
3130 5161 3181 5215 in
3211 5160 3501 5231 Evangelia
3548 5156 3740 5226 legitur

2164 5255 2287 5326 quia
2322 5252 2637 5328 induebatur
2676 5266 2907 5321 purpura
2928 5259 2976 5305 et
3004 5251 3176 5321 bysso,
3200 5261 3250 5305 et
3277 5242 3589 5318 epulabatur
3611 5260 3738 5316 quo-

2166 5346 2293 5399 tidie
2316 5343 2586 5415 splendide
2622 5340 2772 5411 (Luc.
2817 5355 2930 5403 xvi,
2982 5341 3091 5401 19!.
3132 5340 3444 5395 omnimodo
3484 5338 3735 5398 vixerint,
