3998 5450
207 333 295 388 Ιϐθ

1343 329 1471 385 Lm.
1493 349 1496 352 ι
1516 329 1601 384 οε
1639 323 1867 382 cunsu
1907 319 2289 388 smm‘rmu

3338 323 3440 379 {70

205 447 586 521 pmnitentiam
643 449 856 518 gerant;
914 445 1057 516 quod
1114 450 1290 500 tamen
1338 445 1506 502 multo
1561 444 1770 500 felicius
1800 440 1842 499 Α
1873 442 2071 512 ubique
2098 445 2164 498 ad
2198 445 2389 498 missas
2415 442 2574 498 lectio
2603 441 2668 496 de
2692 440 2919 498 diversis
2957 439 3250 510 Scriptura:
3271 448 3440 492 sacrm

150 570 159 614 ξ
205 554 406 602 constat
429 560 602 614 quam
633 553 915 604 ueterum;
948 541 1070 611 quia
1092 540 1227 595 nihil
1257 550 1338 595 est
1367 541 1630 596 infelicius
1656 541 1773 594 feli-

151 617 162 710 ῗ
206 639 356 692 citate
384 635 751 704 peccantium.
784 632 1068 700 Quodlibet
1095 646 1225 702 ergo
1251 632 1444 686 horum
1479 634 1618 686 Deus
1655 631 1771 684 fiert

158 723 162 732 ’
201 728 544 796 iudicaverit,
562 725 820 796 judicium
840 731 1028 778 verum
1054 723 1160 779 diei
1185 731 1409 792 peterit;
1447 723 1569 791 quia
1599 718 1780 776 sclan

205 827 278 873 tes
322 818 592 888 scriptum
640 834 656 871 :
704 817 883 871 Omnis
921 815 1012 883 qui
1069 830 1124 867 se
1169 813 1363 866 exaltat
1415 810 1774 865 humiliubitnr

201 910 342 979 (Luc.
373 917 492 976 xiv,
521 911 632 970 il).
659 909 728 964 Et
760 926 774 961 :
811 907 946 960 Deus
976 906 1210 974 superbis
1243 905 1464 966 resistit;
1490 902 1770 956 humilibus

199 1011 364 1053 autem
380 1001 476 1052 dat
491 1000 718 1069 gratiam
739 996 788 1060 (1
808 994 951 1050 Petr.
978 1010 1029 1060 v,
1049 995 1126 1065 5),
1144 986 1419 1062 multaque
1444 989 1768 1059 hujusmodi.

200 1093 297 1148 Sed
353 1093 476 1147 hre'c
500 1091 684 1147 omnia
713 1095 1120 1144 centemncntes
1164 1093 1438 1139 merentur
1485 1083 1549 1136 ad
1582 1084 1768 1138 horam

195 1182 408 1251 quidem
469 1180 675 1236 divitiis
723 1177 807 1233 vel
859 1177 1122 1247 dignitate
1174 1174 1380 1236 extolli,
1437 1174 1529 1228 sed
1583 1181 1770 1242 postea

197 1273 344 1339 dejici
378 1271 574 1327 tamin
596 1270 702 1326 hoc
721 1269 918 1326 steculo
943 1284 1108 1338 quam
1141 1267 1193 1321 in
1242 1266 1440 1322 futuro.
1475 1267 1549 1322 De
1574 1266 1788 1320 talibus.

197 1365 556 1421 etPsalmista
585 1357 718 1419 dicit
747 1380 760 1416 :
801 1361 1043 1430 Dejecisti
1075 1377 1184 1424 eos,
1217 1359 1456 1422 Domine,
1489 1359 1611 1412 dum
1637 1357 1766 1410 alle-

199 1465 438 1510 rarentur
467 1453 640 1525 (Psal.
671 1467 842 1515 um,
869 1449 986 1518 l8);
1022 1458 1076 1504 et
1104 1449 1295 1503 itcrum
1330 1465 1341 1502 :
1379 1449 1513 1502 Deus
1535 1448 1768 1518 confrittb

202 1558 273 1617 get
294 1548 472 1616 capita
489 1547 822 1600 inimicorum
841 1559 1081 1606 suorum,
1097 1541 1336 1596 verticem
1367 1540 1546 1606 capilli
1570 1556 1772 1606 peram-

201 1638 485 1692 bulantinm
511 1637 566 1690 in
597 1635 808 1689 delictis
828 1634 937 1688 suis
960 1629 1132 1705 (Psal.
1155 1639 1323 1693 um,
1353 1630 1464 1700 ‘29.).
1497 1630 1563 1684 Et
1592 1631 1771 1698 capita

197 1729 538 1784 inimicorum
567 1715 687 1791 Dei,
711 1735 970 1782 etvcrtex
993 1725 1169 1796 capilli
1194 1723 1682 1794 perambulantium
1712 1723 1764 1777 in

196 1818 402 1873 delictis
425 1818 562 1882 suis,
594 1817 718 1887 quia
747 1830 852 1871 una
892 1823 947 1870 et
972 1815 1202 1884 repetita
1234 1813 1501 1869 sententia
1526 1823 1628 1878 est,
1656 1813 1761 1869 dici

195 1920 412 1979 possunt
437 1909 498 1965 hi
525 1909 618 1979 qui
647 1918 876 1968 casteros
902 1917 1215 1976 peccatores
1247 1907 1503 1977 nequitiis
1537 1907 1648 1961 suis
1674 1920 1769 1961 cx-

194 2001 406 2063 rellunt,
438 2009 496 2054 et
521 2001 641 2055 ideo
668 1999 852 2055 extolli
881 1999 1127 2068 cupiunt,
1160 2008 1221 2052 ut
1245 2013 1310 2053 ex
1361 1999 1464 2054 hoc
1511 1997 1766 2067 majorem

195 2091 451 2160 peccandi
477 2090 752 2144 licentiam
774 2089 1031 2144 habeant.

1873 534 2024 590 libris
2044 537 2109 590 ad
2132 535 2538 600 aediﬁcationem
2564 533 2888 588 audientium
2920 542 3192 600 excerpta,
3217 546 3314 584 nec
3337 547 3441 585 nun

1861 629 2042 708 sancti
2072 627 2344 698 Evangelii
2369 628 2632 681 doctrina.
2665 626 2769 680 Pro
2801 625 2903 682 hoc
2931 624 3264 680 Psalmorum
3307 622 3439 677 liber

1871 720 1983 788 qui,
2008 728 2194 774 sancto
2224 717 2426 789 Spiritu
2450 718 2706 781 dictante,
2731 717 2882 786 quasi
2913 717 3130 788 quidam
3155 715 3232 770 sol
3261 716 3406 770 omni
3428 743 3440 754 -

1871 809 1972 864 bus
2001 809 2053 864 in
2083 809 2165 863 via
2197 808 2289 863 Dei
2318 807 2716 862 ambulantibus
2741 809 2918 863 verbis
2943 806 3220 879 Sapientiae
3248 807 3442 863 divina

1872 896 2037 962 lucet,
2069 913 2165 969 per
2193 899 2418 953 diurnas
2445 907 2605 967 atque
2634 914 2730 968 per
2759 908 3050 954 nocturnas
3075 899 3237 953 horas
3276 899 3442 967 parti-

1871 996 1959 1043 tus
1986 997 2254 1043 cantatur.
2294 988 2446 1056 Quod
2471 997 2526 1042 et
2553 989 2667 1059 ipse
2697 987 2977 1043 Psalmista
3009 987 3305 1058 pmphetire
3332 988 3442 1056 spi-

1871 1079 1979 1136 ritu
2025 1080 2240 1152 plenus,
2289 1095 2689 1150 personamque
2739 1081 2940 1136 sancta:
2992 1080 3244 1152 Ecclesiae
3297 1079 3348 1133 in
3383 1094 3443 1132 sc

1869 1181 2062 1240 gerens
2083 1169 2350 1238 prtcvidit,
2382 1169 2606 1225 dicens:
2641 1167 2839 1238 Septies
2871 1169 2924 1222 in
2976 1171 3057 1224 die
3080 1169 3288 1225 Iaudem
3327 1170 3442 1224 dixi

1869 1263 1963 1315 tibi
1989 1259 2158 1331 (Psal.
2186 1276 2375 1324 cxvm,
2406 1260 2560 1330 164i);
2588 1268 2639 1316 et
2667 1278 2679 1314 :
2709 1260 2884 1315 Media
2905 1271 3050 1315 nocte
3069 1263 3340 1332 surgebam
3372 1266 3444 1318 ad

1868 1353 2220 1422 conﬁtendum
2263 1354 2353 1406 tibi
2397 1350 2572 1423 (Prol.
2600 1365 2787 1417 cxvttt,
2831 1351 2956 1422 62);
2995 1361 3048 1406 et
3082 1352 3278 1408 iterum
3318 1371 3332 1406 :
3375 1352 3443 1406 In

1867 1443 2138 1498 matutinis
2159 1444 2450 1497 meditabor
2469 1445 2523 1496 in
2547 1452 2620 1508 te,
2644 1442 2884 1504 Domine,
2904 1443 3029 1512 quia
3053 1442 3199 1512 fuisti
3229 1442 3444 1514 adjutor

1869 1550 2013 1588 meus
2051 1531 2227 1602 (Psal.
2284 1549 2412 1595 un,
2463 1533 2540 1604 8).
2591 1532 2740 1587 Hanc
2798 1533 2962 1600 igitur
3014 1531 3250 1597 laudem,
3279 1547 3440 1602 quam

1868 1631 2052 1679 sancta
2083 1624 2323 1678 Ecclesia
2354 1622 2552 1694 ubique
2579 1629 2686 1678 tam
2712 1622 2762 1676 in
2790 1630 2946 1679 nocte
2963 1637 3128 1693 quam
3151 1623 3202 1677 in
3226 1623 3312 1679 die
3333 1623 3444 1678 Deo

1871 1717 2028 1781 dicit,
2049 1717 2245 1772 merito
2266 1717 2556 1772 Psalinista
2583 1731 2642 1772 se
2669 1715 2872 1770 dixisse
2897 1715 3106 1778 retulit;
3133 1715 3259 1784 quia
3277 1731 3305 1770 a
3329 1715 3445 1771 suis

1870 1808 2030 1864 dictis
2081 1807 2456 1878 proferendam
2494 1807 2801 1879 praescirit,
2854 1807 3187 1878 praeteritum
3237 1822 3447 1876 ponens

1867 1913 1966 1971 pro
1998 1899 2198 1956 futuro.
2229 1899 2336 1954 Pro
2364 1900 2466 1954 hac
2487 1899 2650 1953 etiam
2673 1897 3040 1952 admonitione
3065 1895 3220 1966 pueri
3248 1895 3446 1952 litteris

1865 1991 2170 2044 instruendi
2226 1989 2471 2058 inprimis
2525 1989 2852 2058 psalmorum
2907 1987 3138 2043 lectione
3203 1985 3447 2040 introdu-

1867 2091 2082 2146 cuntur,
2114 2091 2276 2152 atque
2309 2081 2622 2138 meinoriter
2649 2081 2886 2136 retinere
2925 2097 3024 2136 usu
3073 2078 3446 2135 ecclesiastico

259 2180 363 2235 Sed
392 2190 451 2236 et
480 2181 608 2235 illud
637 2180 899 2249 judicium
955 2181 1049 2236 Dei
1089 2197 1290 2237 -νει-ιιηι
1343 2182 1629 2238 dicendum
1663 2190 1764 2248 ρει,
1855 2170 2141 2239 .juhcntu-r,
2162 2183 2224 2225 nt
2253 2173 2305 2225 in
2330 2171 2526 2226 litteris
2549 2173 2718 2226 sacris
2744 2171 2987 2238 enutriti,
3011 2180 3196 2241 postea
3218 2185 3344 2226 cum
3377 2173 3443 2224 ad

199 2286 312 2324 cum
338 2270 749 2340 congregationi
778 2271 864 2325 vel
907 2271 1049 2341 plebi
1100 2271 1318 2327 cuilibet
1341 2273 1458 2327 sine
1485 2272 1768 2341 disciplina

196 2369 247 2413 et
271 2360 537 2430 religione
558 2361 762 2414 viventi
791 2360 1080 2432 irreligibsi
1129 2371 1376 2431 pastores
1399 2370 1561 2431 atque
1587 2371 1766 2418 recto-

199 2463 281 2502 res
301 2457 714 2519 praeponuntur,
745 2459 804 2505 ut
824 2463 924 2520 per
953 2451 1088 2506 tales
1111 2461 1353 2507 rectores
1382 2452 1457 2507 ira
1483 2453 1573 2508 Dei
1596 2468 1764 2522 appa-

194 2549 444 2608 reatqua:
469 2539 564 2594 diu
595 2539 820 2594 latebat.
854 2539 1005 2597 Unde
1048 2541 1327 2612 Scriptura
1374 2552 1535 2599 sacra
1580 2544 1710 2599 dicit
1742 2552 1764 2598 ':

201 2628 410 2698 Propter
431 2638 645 2692 peccata
677 2631 854 2701 populi
878 2642 1095 2703 regnare
1142 2633 1268 2703 facit
1315 2633 1571 2689 Dominus
1601 2636 1765 2705 hypo-

191 2720 371 2771 tritam
399 2719 524 2790 (Job
557 2731 748 2786 uxtv,
787 2721 897 2792 10).
929 2720 1069 2777 Hinc
1093 2724 1257 2778 etiam
1304 2733 1527 2780 sanctus
1566 2727 1767 2796 Grego-

198 2807 303 2862 rius
331 2809 504 2863 dicit:
543 2803 780 2866 Occulta:
818 2824 867 2866 et
884 2813 1085 2883 jugiter
1127 2826 1434 2886 perpetrata:
1469 2819 1638 2888 culpa:
1661 2835 1768 2872 me-

195 2908 401 2962 rentur;
427 2905 486 2952 ω
515 2909 660 2968 reges
703 2911 1044 2973 pastoresque
1089 2907 1312 2973 perversi
1357 2907 1762 2963 constituantur.

193 2989 341 3053 Quod
369 2991 843 3060 tamenjudicium
867 3005 974 3048 non
1019 3006 1121 3064 pro
1149 2995 1514 3065 subiectorum
1542 2997 1766 3052 damna-

1866 2271 2079 2318 mtatem
2113 2262 2504 2334 intelligibiletn
2534 2263 2897 2332 pervenerint,
2929 2262 3143 2317 facilius
3163 2277 3260 2317 eas
3289 2276 3443 2316 τεοοδ

1865 2353 1977 2408 lant
2005 2363 2060 2408 et
2084 2354 2280 2409 exinde
2309 2355 2360 2408 in
2391 2353 2512 2408 aliis
2554 2352 2848 2422 Scriptura:
2893 2367 3063 2408 sacrae
3111 2353 3307 2408 litteris
3333 2367 3446 2406 me-

1865 2447 2027 2502 ditari
2059 2446 2290 2501 valeant.
2315 2444 2419 2500 Pro
2444 2445 2544 2499 hac
2580 2444 2810 2514 plurima
2857 2453 3173 2500 sanctorum
3221 2440 3442 2498 Patrum

1866 2538 2133 2608 scriptura
2167 2546 2274 2591 tam
2304 2537 2356 2592 in
2386 2536 2643 2592 Ecclesiis
2671 2551 2830 2606 quam
2879 2537 2934 2592 in
2989 2535 3112 2591 aliis
3150 2534 3284 2590 locis
3313 2534 3444 2606 legi-

1870 2639 1976 2696 tnr,
2003 2639 2060 2684 ut
2103 2645 2262 2685 nemo
2296 2628 2605 2683 litterarum
2659 2627 2887 2682 scientia
2937 2627 3178 2683 imbutus
3204 2627 3270 2683 de
3308 2627 3444 2696 legis

1868 2720 2065 2774 divinae
2113 2718 2413 2788 ignorantia
2459 2733 2517 2773 se
2565 2732 2825 2773 excusare
2866 2717 3054 2788 possit.
3102 2716 3291 2774 Nonne
3323 2716 3444 2771 talis

1865 2813 2220 2876 consuetudo,
2271 2823 2391 2882 qua:
2433 2811 2550 2865 sine
2577 2795 2740 2866 diibio
2765 2825 2830 2865 ex
2867 2810 3220 2881 dispositione
3259 2809 3442 2864 divina

1867 2907 2154 2974 processit,
2197 2903 2423 2959 dicenda
2453 2911 2535 2958 est
2587 2901 2759 2956 ﬁdelis
2800 2911 2856 2956 et
2898 2899 3273 2956 vera?Nonn'e
3302 2899 3446 2953 Deus

1867 2994 2066 3049 merito
2093 2993 2351 3049 dicendus
2376 3002 2464 3050 est
2488 2993 2660 3048 fidelis
2687 2994 2777 3064 qui
2799 3008 2901 3062 per
2947 3000 3152 3047 tantam
3182 2992 3443 3047 librorum

192 3077 334 3134 tione
357 3081 565 3140 evenit.
594 3081 689 3135 sed
715 3089 777 3135 ut
801 3082 900 3137 sub
940 3083 1042 3138 hac
1083 3085 1289 3153 peccati
1339 3097 1499 3156 poena
1529 3101 1766 3141 commo-
1794 3123 1839 3188 C
1873 3087 2294 3143 admonitionem
2321 3073 2511 3140 amnes
2541 3087 2680 3139 hanc
2722 3085 2960 3156 legentes
2987 3092 3042 3140 et
3070 3082 3352 3139 audientes
3377 3069 3443 3137 ad

190 3168 288 3222 'niti
314 3177 368 3223 et
397 3169 668 3240 compulsi
700 3185 885 3228 coram
915 3171 1028 3228 Deo
1047 3174 1424 3243 pmnitentiam
1446 3186 1634 3247 gerant
1669 3194 1767 3246 pro

191 3263 518 3328 commissis,
561 3270 794 3336 eumque
846 3265 1160 3323 invocantes
1208 3281 1308 3338 pro
1355 3259 1768 3326 necessitatibus

200 3351 308 3406 suis
327 3367 385 3407 se
413 3355 710 3410 emendare
739 3355 1014 3422 studeant,
1053 3357 1330 3415 imitantes
1359 3361 1607 3416 videlicet
1633 3362 1768 3418 ﬁlios

198 3437 359 3496 lsrael
396 3444 514 3511 qui,
565 3453 627 3510 ut
673 3445 734 3499 in
808 3445 948 3502 libro
991 3437 1237 3503 Iudicum
1289 3449 1505 3521 legitur,
1555 3452 1770 3520 quoties

200 3521 363 3584 Deum
386 3531 727 3589 oﬂ'endentes
758 3535 1086 3591 traditisunt
1113 3537 1166 3592 in
1197 3553 1394 3594 manus
1422 3539 1767 3594 inimicorum

203 3635 436 3687 suorum,
464 3625 839 3693 pmnitentiam
865 3636 1120 3695 egerunt;
1175 3628 1367 3686 deinde
1391 3645 1518 3686 vero
1569 3630 1771 3687 clama-

205 3723 385 3766 verunt
427 3715 494 3768 ad
545 3715 857 3780 Dominum,
912 3726 968 3771 ct
1014 3720 1079 3772 de
1126 3721 1536 3777 necessitatibus
1581 3737 1768 3777 eorum

209 3802 449 3858 liberavit
475 3821 572 3861 eos
603 3804 782 3876 (-Psal.
814 3821 922 3874 crt,
956 3810 1062 3879 13).
1091 3809 1221 3878 Qua:
1241 3813 1405 3868 verba
1433 3814 1596 3868 etiam
1620 3814 1770 3869 Psal-

207 3895 355 3948 mista
385 3899 582 3966 saepius
625 3909 876 3968 repetens
907 3901 960 3954 in
1008 3901 1212 3970 psalmo
1255 3904 1550 3959 centesimo
1593 3915 1766 3974 sexto,

211 3984 292 4038 ubi
336 3988 512 4041 varias
563 3987 889 4045 oﬂ‘ensiones
929 4000 984 4044 et
1035 3992 1413 4050 tribulationes
1457 3997 1770 4052 earumdem

207 4069 422 4132 filiorum
471 4076 1078 4148 Israel‘cmnntemorat,
1127 4085 1219 4140 dat
1269 4083 1513 4143 ﬁdelibus
1559 4089 1772 4145 cunctis

205 4172 498 4240 excnnplmn
523 4173 653 4242 quid
680 4173 782 4228 sibi
807 4190 906 4244 pro
926 4174 1314 4235 olfensionibus
1333 4190 1388 4235 et
1409 4181 1771 4238 tribulationi-

200 4253 295 4312 bus
321 4262 430 4316 suis
450 4264 524 4317 sit
557 4265 844 4334 agendum.

269 4348 518 4408 Dicamus
561 4355 738 4412 adhuc
766 4365 824 4412 et
847 4357 994 4412 aliud
1019 4360 1332 4431 exemplum
1380 4356 1524 4418 unde
1564 4363 1768 4433 judicia

1869 3187 2126 3232 aeternam
2147 3177 2376 3232 salutem
2403 3178 2616 3232 trahere
2645 3177 2907 3230 conatur?
2933 3175 3063 3242 Sed,
3085 3175 3221 3246 proli
3257 3173 3440 3230 dolor!

1865 3263 2177 3341 paucisSimi
2209 3271 2578 3336 inveniuntur,
2610 3271 2701 3341 qui
2731 3287 2888 3327 aures
2922 3271 3173 3327 audiendi
3222 3272 3296 3326 ita
3347 3271 3446 3327 hab

1870 3363 2034 3418 beant
2078 3367 2139 3417 u‘t
2181 3364 2466 3418 attendere
2503 3373 2696 3419 curent
2732 3365 2862 3434 quid
2917 3366 3284 3436 evangelista,
3316 3365 3442 3434 quid

1869 3458 2170 3528 prophetze,
2195 3456 2324 3526 quid
2349 3455 2635 3513 Psalmista
2665 3459 2748 3513 vel
2771 3460 2898 3528 quid
2920 3459 3010 3514 alii
3033 3466 3236 3514 sanctae
3262 3459 3446 3514 Eccle-

1871 3551 1964 3606 sia:
1991 3550 2240 3605 doctores
2271 3563 2370 3603 nos
2389 3549 2739 3604 admoneant.
2780 3549 3162 3606 Verumtamen
3181 3533 3298 3604 non
3325 3550 3445 3604 ideo

1870 3640 2030 3696 verba
2055 3641 2147 3696 Dei
2179 3641 2450 3697 incassum
2474 3638 2840 3710 proferuntur.
2873 3643 2982 3696 Aut
3001 3642 3145 3696 enim
3160 3641 3447 3712 corrigunt

1866 3735 2108 3803 legentes
2132 3743 2190 3790 et
2211 3735 2492 3790 audientes
2513 3747 2596 3801 ea,
2625 3743 2722 3789 aut
2746 3734 2799 3790 in
2832 3733 3199 3790 testimonium
3225 3732 3448 3788 damna»

1871 3830 2034 3886 tionis
2061 3829 2113 3884 in
2145 3829 2232 3885 die
2254 3829 2454 3900 judicii‘
2473 3841 2655 3885 coram
2684 3829 2765 3885 eis
2791 3828 3158 3900 proferentur.

1948 3922 2048 3978 His
2099 3923 2264 3993 igitur
2313 3923 2572 3992 exemplis
2607 3923 2855 3993 prolatis,
2904 3931 3030 3994 peto
3080 3937 3198 3988 ros,
3247 3923 3446 3978 fratres

1868 4015 2200 4080 charissimi,
2227 4023 2291 4069 'ut
2319 4015 2658 4070 attendentes
2682 4015 2940 4085 pietatem
2988 4014 3448 4083 severitatemque

1870 4096 1969 4161 Dei
2015 4106 2277 4168 studeatis
2322 4105 2535 4161 litteras
2582 4120 2766 4161 sacras
2802 4121 2910 4160 non
2955 4105 3130 4161 solum
3182 4101 3365 4174 legere
3395 4114 3452 4160 et

1874 4198 2083 4265 audire,
2133 4194 2229 4254 sed
2277 4199 2440 4254 etiam
2495 4199 2752 4268 operibus
2807 4197 3149 4267 aliquatenus
3201 4196 3447 4267 impleret

1873 4281 2048 4344 Verba
2073 4301 2288 4359 quoque
2308 4287 2586 4350 doctrinas,
2609 4302 2729 4357 qua:
2753 4300 2853 4356 pro
2895 4286 3247 4342 aedificatione
3267 4295 3448 4341 vestra

1876 4381 1942 4436 de
1969 4374 2191 4452 psalmis
2216 4378 2437 4450 protuli,
2483 4387 2539 4434 et
2576 4379 2753 4434 adhuc
2804 4376 3048 4448 proferre
3083 4376 3270 4447 cupio,
3301 4384 3450 4430 tanto

197 4436 426 4542 Domini,
455 4463 579 4542 qua:
618 4449 668 4503 in
715 4452 891 4542 rebus
914 4452 1166 4521 plurimis
1213 4456 1772 4528 incomprehensibilia
1804 4473 1852 4533 ι)
1880 4436 2066 4542 τηθίσι-ί
2099 4436 2662 4539 ίηιρξιιῆυιιρξβιτξςσν,
2718 4436 3000 4538 suscipite,
3037 4436 3453 4536 quat-Ito'dislri'

202 4542 338 4600 sunt,
365 4538 639 4608 nimisque
659 4540 952 4609 profunda,
982 4543 1121 4597 sicut
1145 4552 1201 4599 et
1227 4545 1516 4602 Psalmista
1547 4557 1773 4604 testatur

195 4626 378 4713 dicens
397 4649 409 4684 :
425 4630 645 4685 J'udic'ia
659 4642 748 4685 tua
759 4673 773 4697 ,
794 4623 1036 4701 Domine,
1053 4637 1271 4708 a‘b'yssu‘s
1282 4638 1450 4694 multa
1465 4641 1482 4712 (
1491 4636 1636 4696 Psal.
1652 4650 1772 4708 'Lm,

200 4710 276 4787 Ἰ),
295 4722 374 4775 vel
397 4723 594 4779 alicubi
631 4727 844 4794 possint
884 4727 1280 4798 aliquantulum
1319 4710 1560 4804 agnosci,
1589 4735 1775 4806 sicque

200 4808 254 4863 in
278 4811 376 4876 his,
405 4829 526 4884 qua:
553 4814 905 4884 aliqum-enus
935 4831 1228 4888 agnoscere
1276 4835 1582 4891 possumus,
1614 4840 1772 4896 quam

207 4911 432 4969 congrua
461 4914 516 4959 et
542 4920 672 4960 vera
702 4917 874 4976 atque
903 4906 1079 4964 ﬁdelia
1107 4913 1236 4978 sint»,
1274 4913 1544 4982 instructi,
1588 4918 1775 4974 creda-

206 4997 321 5044 mus
336 4993 498 5048 etiam
531 4995 733 5050 similia
767 5010 896 5050 esse
913 4999 1100 5055 omnia
1153 5001 1242 5056 illa
1298 5019 1418 5073 qua:
1455 5007 1659 5063 sentire
1687 5021 1776 5063 ne—

205 5079 432 5168 quimus.
467 5083 521 5140 ln
551 5085 706 5142 libris
731 5101 971 5154 namque
1002 5092 1171 5148 sacris
1217 5102 1324 5148 tam
1360 5092 1574 5152 Veteris
1611 5111 1774 5168 quam

211 5164 329 5225 Νονί
354 5173 680 5226 Τθειοπιρηιί
716 5177 968 5226 numidia
991 5195 1176 5226 nmnnc
1203 5187 1526 5226 :nclrll:Mll'l‘
1550 5201 1603 5226 nl
1631 5164 1776 5226 sumit)

1874 4564 2045 4618 ctiora
2073 4577 2193 4618 esse
2211 4561 2414 4630 judicia
2443 4559 2536 4615 Dei
2563 4575 2629 4614 ex
2657 4559 2984 4630 supradictis
3001 4556 3303 4614 Psalmistte
3328 4571 3450 4612 ver-

1874 4651 2079 4721 bis-jam
2112 4653 2355 4708 audistis.
2378 4651 2587 4708 idcirco
2607 4652 2754 4707 enim
2794 4651 3117 4707 sententiam
3160 4654 3273 4704 tam
3300 4649 3450 4719 piam

1876 4752 2095 4814 tamque
2127 4741 2418 4800 terribilem
2449 4743 2592 4797 inter
2619 4752 2813 4799 cartera
2853 4742 3117 4798 sermonis
3145 4732 3250 4796 mei
3289 4740 3449 4797 verba

1881 4835 2098 4906 protuli,
2134 4847 2193 4890 ut
2219 4849 2316 4892 vos
2348 4835 2611 4893 sollicitos
2642 4845 2697 4892 et
2731 4839 2967 4893 intentos
3001 4835 3234 4891 facerem
3262 4835 3328 4888 ad
3358 4845 3456 4888 a‘u-

1880 4926 2072 4982 dienda
2099 4926 2234 4998 legis
2259 4927 2454 4984 divinte
2484 4938 2772 4998 prtecepta.
2815 4925 2923 4983 Sed
2946 4939 3047 4983 nec
3071 4925 3228 4980 aliter
3251 4920 3454 4996 judicia

1880 5016 2094 5072 Domini
2145 5018 2529 5074 desiderabilia
2586 5024 2644 5071 et
2705 5019 2879 5073 dulcia
2908 5018 3182 5080 videntur,
3214 5016 3315 5070 nisi
3345 5022 3453 5068 tota

1879 5108 2183 5164 intentione
2211 5109 2465 5182 legantur
2497 5105 2582 5161 vel
2612 5111 2918 5165 audi-antur.
2940 5106 3306 5174 Quamobrem
3357 5116 3455 5154 an-

2783 5200 3037 5226 nl‘m:noun
3067 5211 3164 5226 nn.
3208 5200 3454 5226 Bnnﬂ'llnl

1876 5199 2091 5226 .J:-.......
2127 5202 2251 5226 -..:.l
2284 5203 2542 5226 I-L---s...»
2572 5202 2727 5226 ..-L2-
