3998 5450
590 369 684 424 ΠΙ

1208 466 1433 533 CAPUT
1476 475 1540 532 Χ.

597 573 758 629 Varia
797 573 1016 626 moralia
1047 571 1355 624 documenta
1393 585 1458 624 ea:
1485 568 1808 624 diversorum
1830 567 2154 639 psalmorum

820 667 822 669 ν
1117 640 1347 694 versibus
1385 639 1623 692 collecta.

658 757 765 813 Sed
815 753 939 824 quia
991 751 1239 822 superius
1287 750 1354 804 de
1409 750 1846 820 pronuntiatione
1894 749 2157 820 cepimus

577 831 754 916 loqui,
787 857 928 898 nunc
958 841 1151 896 iterum
1189 836 1313 893 inde
1343 838 1645 908 loquamur.
1682 836 1969 893 Psalmista
2001 835 2156 891 nam-'-

589 954 694 1011 que
724 935 1080 1010 pronuntians
1106 933 1259 987 nobis
1288 931 1633 987 sanctitatem
1671 931 1887 986 Domini
1936 945 1999 984 ac
2036 927 2157 983 Sal-

577 1028 790 1082 ‘vatoris
830 1018 1021 1088 nostri,
1073 1022 1205 1077 dicit
1245 1034 1261 1075 :
1311 1019 1505 1074 Beatus
1549 1020 1628 1074 vir
1665 1019 1754 1090 qui
1801 1035 1903 1072 non
1940 1018 2067 1071 abiit
2102 1017 2158 1070 in

578 1101 802 1173 ﬁconsilio
830 1117 1132 1186 impiorum,
1159 1121 1207 1166 et
1241 1113 1297 1165 in
1327 1112 1407 1165 'via
1430 1120 1758 1180 peccatorum
1789 1125 1891 1163 non
1923 1109 2158 1170 stetit,’et

577 1210 640 1262 in
670 1206 920 1260 cathedra
963 1201 1269 1274 pestilentia
1318 1217 1421 1254 non
1468 1200 1598 1254 sedit
1636 1197 1816 1271 (Psal.
1846 1213 1883 1264 ι,
1919 1199 1999 1268 1).
2029 1196 2160 1262 Quae

584 1297 835 1352 videlicet
865 1293 1173 1350 sanctitatis
1204 1292 1386 1358 verba,
1427 1291 1554 1361 quia
1584 1289 1716 1345 nulli
1745 1291 2023 1344 hominum
2052 1287 2156 1340 nisi

576 1391 682 1447 "soli
722 1389 936 1446 Christo
963 1395 1290 1454 congruunt,
1321 1398 1493 1440 omnes
1531 1386 1667 1439 enim
1705 1391 2067 1453 peccaverunt,
2100 1390 2159 1436 ut

584 1479 659 1533 ait
686 1477 994 1547 Apostolus,
1045 1484 1093 1529 et
1138 1484 1286 1544 egent
1328 1474 1495 1544 gloria
1545 1473 1640 1526 Dei
1693 1472 1864 1540 (Rom.
1919 1487 1998 1532 ιιι,
2032 1469 2154 1540 23);

584 1571 823 1638 itemque
853 1566 1135 1636 Scriptura
1164 1565 1334 1620 dicit:
1376 1561 1444 1616 In
1487 1561 1666 1616 multis
1695 1561 2009 1630 o/fendimus
2047 1576 2158 1614 om-

583 1677 675 1717 nes
705 1660 844 1733 (Jac.
877 1674 961 1725 ut,
982 1659 1072 1729 2);
1105 1657 1173 1712 de
1201 1655 1419 1712 Christo
1445 1662 1623 1709 autem
1655 1654 1889 1708 dicitur:
1918 1651 2021 1718 Qui
2041 1668 2158 1721 pec-

570 1757 758 1808 catum
797 1769 898 1806 non
945 1752 1087 1821 fecit,
1112 1766 1204 1804 nec
1247 1732 1482 1803 inuentus
1520 1735 1594 1801 est
1640 1746 1790 1800 dolus
1835 1747 2002 1799 inore
2042 1745 2156 1814 ejus

1603 349 2249 441 OTHLONLMONACHI
2291 368 2348 424 s.
2393 370 2806 428 EMMEMMMI
3741 376 3854 431 ita

2183 489 2232 548 Α
2260 471 2509 536 omnibus
2530 481 2851 550 diligendum
2869 495 2932 535 ac
2947 477 3332 548 venerandum,
3352 491 3404 535 ut
3427 481 3688 552 scriptum
3710 493 3806 538 est
3835 502 3847 535 :

2256 570 2458 641 Diliges
2495 570 2770 625 Dominam
2794 571 2962 625 Deum
2998 583 3144 625 tuum
3171 589 3234 626 ex
3261 583 3368 626 toto
3394 574 3548 628 corde
3575 583 3701 640 tuo;
3745 575 3855 631 hoc

2256 671 2335 715 ‘est
2361 662 2642 716 maximum
2665 672 2711 715 et
2737 663 2960 732 primum
2989 666 3293 717 mandatum
3318 662 3533 734 (Matth.
3559 679 3698 731 uti,
3725 665 3848 728 37).

2253 775 2258 780 ’
2331 747 2448 805 ,Ιιιίῐι
2489 751 2745 816 diximus,
2777 760 2936 821 prout
2961 751 3254 820 potuimus,
3300 751 3367 806 de
3411 751 3618 820 Capitis
3661 755 3850 808 nostri

2259 840 2538 909 qualitate.
2563 841 2714 895 Nunc
2750 856 2880 896 vero
2904 841 3144 896 dicamus
3173 841 3440 911 quomodo
3465 843 3636 910 ipsum
3661 842 3852 912 Caprt

2260 952 2359 992 nos
2403 937 2635 990 instruat
2677 952 2774 1006 per
2801 936 3159 991 Psalmistam.
3191 936 3348 991 Sicut‘
3378 936 3519 991 enim
3569 936 3850 990 Dominus

2257 1037 2444 1082 noster
2473 1028 2622 1082 dives
2665 1036 2719 1081 et
2761 1036 2952 1097 potens
2980 1038 3063 1082 est
3092 1028 3157 1081 ad
3205 1025 3488 1082 salvandos
3517 1042 3713 1080 omnes
3745 1027 3845 1095 qui

2254 1117 2512 1170 ‘invocant
2533 1133 2654 1171 cum
2679 1118 2732 1170 in
2755 1118 3003 1181 veritate,
3029 1118 3098 1170 ita
3125 1116 3287 1170 etiam
3311 1115 3589 1186 multipch
3611 1125 3668 1170 et
3691 1116 3846 1169 latus

2263 1217 2344 1260 est
2373 1207 2425 1260 in
2451 1208 2825 1261 mandatorum
2855 1221 3072 1261 suorum
3094 1208 3553 1278 prorinntiatioae,
3581 1222 3843 1276 semper-

2226 1311 2365 1366 .que
2408 1297 2744 1366 pr03piciens
2774 1298 2893 1365 quis
2932 1298 2982 1350 in
3022 1296 3180 1364 hujus
3222 1295 3344 1352 vitae
3375 1297 3551 1350 stadio
3582 1311 3694 1364 pra:
3732 1312 3844 1349 ca:-

2251 1390 2392 1442 -tcris
2435 1389 2500 1442 ad
2529 1403 2650 1443 eum
2683 1398 2865 1443 currat
2894 1387 3008 1455 ejus
3039 1398 3303 1457 przccepta
3345 1389 3640 1456 sequendo.
3677 1387 3843 1454 Quod

2251 1478 2468 1532 scilicet
2511 1477 2797 1532 Psalmista
2837 1491 3134 1546 agnoscens
3177 1486 3489 1546 pt'onunttat
3531 1478 3712 1540 nobis,
3751 1475 3839 1529 tli-

2255 1583 2426 1622 cens:
2460 1567 2716 1621 Dominus
2759 1569 2823 1621 de
2863 1569 2988 1621 c0310
3019 1569 3260 1636 prospicit
3303 1584 3457 1638 super
3486 1567 3625 1636 ﬁlios
3655 1568 3838 1620 homi-

2261 1675 2405 1723 num,
2433 1667 2487 1711 ut
2518 1659 2685 1712 videat
2713 1658 2758 1711 si
2795 1667 2867 1711 est
2900 1655 3212 1726 intelligens,
3241 1667 3330 1710 aut
3364 1657 3631 1726 requirens
3661 1655 3840 1709 Deum

2261 1747 2432 1817 (Psal.
2472 1763 2594 1815 x-m,
2635 1749 2703 1817 2).
2743 1747 2800 1802 ln
2842 1749 3037 1816 quibus
3088 1747 3266 1802 verbis
3315 1747 3418 1801 hoc
3451 1748 3704 1817 inprimis
3752 1756 3842 1799 est

565 1843 632 1914 '(I
652 1833 793 1898 Petr.
825 1857 883 1906 ιι,
909 1841 1023 1912 22),
1045 1840 1218 1911 ipsum
1244 1853 1365 1894 esse
1391 1837 1662 1893 credimus
1689 1851 1846 1904 quem
1870 1834 2151 1890 Psalmis“!
2190 1836 2232 1895 ll
2260 1839 2552 1894 notandum
2597 1843 2739 1909 quod
2785 1839 2926 1894 Deus
2955 1839 3045 1908 qui
3087 1828 3288 1902 omnia,
3334 1848 3624 1907 antequam
3673 1838 3836 1914 tian_t,

583 1937 653 1990 ita
686 1935 887 1988 beatum
915 1933 1077 1987 virum
1122 1931 1253 1986 dicit
1283 1938 1342 1984 ut
1370 1945 1469 1984 nec
1498 1929 1671 1983 abiret
1715 1929 1766 1982 in
1797 1927 2023 1982 consilio
2047 1927 2150 1980 im-

583 2028 814 2096 piorum,
864 2041 963 2081 nec
1012 2025 1066 2079 in
1114 2024 1199 2076 via
1251 2030 1592 2092 peccatorum
1641 2021 1902 2086 stetisset,
1951 2035 2050 2074 nec
2100 2020 2150 2072 in

583 2117 841 2172 cathedra
892 2114 1209 2186 pestilentia:
1257 2113 1504 2168 sedisset.
1550 2112 1714 2166 Abire
1765 2112 1908 2167 enim
1961 2110 2154 2165 solum-

585 2209 741 2262 modo
771 2207 821 2262 in
852 2205 1076 2261 consilio
1104 2204 1390 2273 impiorum
1424 2202 1702 2256 minimum
1735 2200 2002 2271 quoddam
2027 2214 2156 2268 pec-

586 2287 767 2355 catum
808 2308 918 2365 est;
957 2297 1107 2369 quod
1146 2297 1231 2351 vel
1263 2296 1445 2351 illicite
1476 2295 1783 2366 cogitando,
1815 2293 1898 2350 vel
1941 2295 2152 2348 incaute

564 2387 868 2462 loquendo,
891 2388 974 2445 vel
1001 2390 1055 2444 in
1084 2389 1265 2458 aliquo
1299 2388 1536 2456 quinque
1562 2401 1817 2440 sensuum
1849 2385 2000 2454 lapsu
2031 2390 2153 2454 pcr-

581 2492 856 2554 petratur;
884 2491 1029 2536 stare
1069 2491 1249 2536 autem
1281 2481 1332 2534 in
1369 2480 1451 2533 via
1482 2489 1825 2550 peccatorum
1853 2488 1936 2534 est
1960 2479 2013 2532 in
2044 2491 2150 2547 quo

561 2572 884 2644 'aliquandiu
921 2573 1044 2644 quis
1086 2580 1330 2626 moratus
1370 2571 1504 2626 alios
1543 2571 1704 2625 etiam
1731 2585 1958 2640 peccare
2001 2569 2145 2633 facit,

577 2663 735 2728 sicut,
786 2678 909 2719 cum
960 2661 1219 2732 quosdam
1275 2661 1521 2716 homines
1569 2677 1735 2731 prava
1789 2672 2008 2731 agentes
2053 2659 2150 2714 ali-

566 2755 790 2827 quando
834 2745 1055 2825 propter
1095 2753 1386 2808 amicitiam
1423 2751 1708 2807 laudantes
1751 2767 1820 2806 ex
1860 2752 1960 2806 hoc
1999 2750 2152 2806 dete-

577 2849 748 2902 riores
779 2845 1024 2912 facimus,
1049 2844 1132 2900 vel
1166 2859 1287 2899 cum
1329 2844 1544 2913 aliquod
1574 2843 1691 2900 leve
1717 2851 1997 2914 peceatum
2037 2851 2147 2896 tam

570 2938 629 2990 1n
662 2936 817 2991 nobis
843 2950 1002 3005 quam
1040 2935 1094 2989 in
1131 2935 1252 2989 aliis
1293 2949 1394 3003 pro
1437 2933 1604 2988 nihilo
1643 2933 1924 3000 ducimus;
1958 2932 2147 2988 sedere

573 3035 756 3081 autem
785 3026 838 3079 in
874 3026 1129 3081 cathedra
1163 3025 1482 3094 pestilentia)
1525 3032 1608 3080 est
1647 3024 1879 3094 pessima
1922 3040 2147 3094 qua:qu

577 3132 680 3171 non
714 3115 886 3170 solmn
929 3116 1126 3180 facere,
1163 3114 1257 3170 sed
1297 3115 1460 3168 etiam
1499 3112 1715 3180 docere,
1747 3112 2147 3168 benefacientes

2258 1930 2425 1995 novit,
2457 1947 2562 1985 non
2605 1932 2723 1986 ideo
2770 1947 2866 1985 nos
2910 1932 3174 2001 inspicere
3215 1931 3408 2001 dicitur
3436 1940 3494 1984 ut
3538 1945 3605 1984 ex
3638 1907 3835 1984 habiiu

2257 2023 2340 2079 vel
2371 2033 2516 2078 motu
2559 2031 2746 2078 nostro
2775 2022 2902 2091 quid
2947 2022 2999 2076 in
3029 2023 3182 2077 nobis
3221 2024 3291 2077 sit
3316 2023 3469 2092 quasi
3500 2023 3722 2076 nescius
3752 2022 3836 2074 di-

2255 2126 2400 2181 scat;
2429 2115 2521 2171 sed
2550 2124 2607 2168 ut
2631 2130 2728 2169 nos
2763 2115 3030 2168 discamus
3052 2123 3104 2168 et
3131 2114 3520 2168 admoneamur
3544 2114 3835 2168 attendere

2242 2213 2414 2280 quam
2443 2207 2738 2263 clementer
2759 2217 2919 2276 atque
2949 2207 3216 2263 subtiliter
3244 2207 3347 2260 hoc
3379 2206 3519 2260 Deus
3539 2204 3749 2273 jugiter
3779 2206 3832 2257 in

2255 2301 2408 2353 nobis
2425 2299 2694 2367 exploret,
2721 2298 2848 2368 quid
2883 2298 3027 2352 circa
3054 2297 3281 2351 salutem
3309 2305 3552 2367 nostram
3581 2311 3682 2350 nos
3720 2305 3834 2348 tra-

2254 2399 2462 2444 ctemus
2505 2397 2868 2458 quantamque
2909 2388 3320 2443 sollicitudinem
3370 2403 3476 2441 non
3517 2386 3696 2440 solum
3729 2402 3832 2456 pro

2247 2480 2536 2550 praesentis
2566 2480 2689 2534 vitae
2728 2479 2982 2534 subsidiis
3009 2479 3388 2550 impetrandis,
3411 2480 3505 2534 sed
3532 2479 3700 2534 etiam
3728 2495 3830 2548 pro

2241 2580 2451 2626 ‘mterna
2477 2572 2584 2625 vita
2616 2571 2903 2626 obtinenda
2921 2558 3245 2626 habeamus.
3277 2570 3590 2641 llnjusmodi
3624 2570 3829 2639 quippe

2252 2661 2478 2717 intentio
2509 2662 2779 2732 primitus,
2817 2671 2876 2715 ut
2912 2662 3042 2726 dixi,
3076 2662 3130 2716 in
3173 2661 3467 2717 Psalmista:
3506 2662 3688 2716 verbis
3709 2661 3827 2732 jam

2233 2753 2474 2824 prolatis
2504 2762 2718 2808 constat
2747 2754 3047 2807 retinenda.
3197 2759 3200 2766 ‘

2234 2872 2242 2878 -
2322 2846 2522 2900 Deinde
2551 2846 2709 2900 altius
2736 2846 3181 2901 considerandum
3206 2844 3472 2916 quomodo
3499 2845 3550 2900 id
3587 2859 3687 2915 pro
3712 2860 3825 2915 quo

2250 2935 2390 2990 Deus
2417 2951 2514 2990 nos
2544 2935 2800 3004 prospicit
2825 2935 3170 3004 aliquatenus
3197 2936 3419 3005 implere
3442 2937 3735 3005 possimus,
3773 2936 3823 2988 il

2249 3037 2330 3083 est
2363 3036 2418 3081 ut
2447 3027 2806 3097 intelligamus
2848 3036 2902 3080 ct
2945 3027 3283 3096 requiramus
3327 3027 3515 3081 Deum.
3547 3025 3822 3094 Quidqui]

2251 3120 2392 3172 enim
2423 3117 2825 3186 intelligendum
2847 3125 2901 3172 et
2920 3117 3298 3186 requirendum
3317 3127 3398 3171 est
3427 3117 3494 3172 de
3518 3116 3652 3181 Deo,
3683 3115 3824 3169 inte-

579 3205 810 3260 irridere
851 3213 905 3260 et
933 3205 1104 3260 odire.
1147 3205 1284 3271 Quia
1319 3204 1480 3274 igitur
1508 3203 1576 3258 ab
1610 3203 1692 3258 his
1718 3213 1774 3258 et
1801 3203 1868 3259 ab
1897 3202 2146 3258 omnibus

2257 3209 2414 3263 rioris
2455 3209 2688 3262 hominis
2719 3207 2895 3262 studio
2935 3215 3149 3262 constat
3184 3207 3471 3277 agendum,
3502 3207 3651 3276 quia,
3692 3221 3820 3260 cum
3861 3246 3864 3248 η

576 3296 956 3368 iniquitatibus
1006 3296 1261 3350 immunis
1301 3303 1422 3350 erat
1450 3294 1717 3360 Christus,
1758 3293 1879 3350 ideo
1923 3309 1954 3347 a
1995 3292 2146 3348 Psal-

578 3389 738 3444 mista
766 3388 961 3443 merito
989 3387 1166 3442 dictus
1192 3395 1274 3441 est
1302 3385 1481 3440 beatus
1506 3386 1604 3440 vir.

647 3481 754 3537 Sed
779 3489 927 3534 tanta
955 3479 1252 3543 beatitudo,
1277 3477 1401 3532 licet
1420 3477 1642 3532 minime
1660 3475 1948 3532 conveniat
1969 3475 2142 3540 nobis,

574 3572 666 3643 qui
695 3571 751 3626 in
788 3570 998 3626 delictis
1039 3569 1312 3624 nascimur
1342 3576 1399 3623 et
1423 3568 1662 3636 quotidie
1687 3569 1925 3638 peccatis
1953 3567 2146 3638 pollui-

577 3681 720 3730 mur,
747 3663 814 3718 ad
845 3663 946 3718 hoc
991 3671 1180 3718 tamen
1220 3661 1476 3732 prodesse
1518 3669 1694 3731 potest
1722 3668 1781 3714 ut
1812 3675 1910 3730 per
1933 3660 2145 3731 opposi-

580 3754 775 3808 tionem
793 3751 994 3823 jugilet‘
1017 3751 1377 3815 attendentes,
1403 3759 1601 3820 quanta
1629 3749 1884 3804 distantia
1911 3751 1979 3802 sit
2004 3749 2144 3803 inter

581 3849 756 3900 noset
801 3839 1049 3894 eumdem
1093 3839 1377 3894 Dominum
1424 3847 1687 3903 nostrum,
1734 3853 2040 3908 poscamus,
2087 3847 2144 3892 ut

575 3931 887 3984 misereatur
909 3929 1076 3984 nostri
1101 3940 1147 3983 et
1169 3929 1432 3982 benedicat
1457 3929 1628 3993 nobis,
1661 3927 1918 3983 illuminet
1947 3929 2142 3984 vultum

572 4037 723 4074 suum
754 4037 910 4090 super
931 4037 1050 4086 nos,
1081 4029 1128 4073 et
1155 4035 1311 4089 opera
1338 4035 1586 4072 manuum
1623 4030 1925 4074 nostrarum
1949 4021 2142 4090 dirigat

536 4111 744 4185 .(Psal.
781 4128 924 4177 vai,
953 4112 1030 4182 2).
1070 4110 1127 4166 Si
1167 4125 1296 4182 ergo
1330 4109 1465 4165 tanti
1510 4111 1611 4165 viri
1643 4111 2030 4166 beatitudinem
2060 4125 2142 4166 re-

539 4203 806 4259 ncolentes
833 4202 993 4258 simul
1021 4209 1076 4257 et
1112 4209 1435 4256 venerantes
1462 4215 1768 4270 quaeramus
1806 4200 1998 4256 faciem
2026 4202 2140 4271 ejus

569 4310 806 4366 semper,
857 4311 958 4349 non
993 4293 1278 4348 secundum
1317 4303 1530 4364 peccata
1571 4302 1748 4348 nostra
1785 4293 1940 4362 faciet
1972 4294 2139 4360 nobis,

569 4401 734 4456 neque
762 4386 1046 4440 secundum
1085 4384 1400 4454 iniquitates.
1428 4393 1632 4438 nostras
1680 4383 1926 4438 retribuet
1958 4383 2138 4448 nobis;

569 4476 814 4546 quoniam
837 4476 1119 4528 secundum
1142 4473 1468 4544 altitudinem
1488 4475 1649 4544 caelia
1669 4459 1807 4530 terra
1832 4474 2141 4530 corrobora-

2248 3306 2474 3366 utcrqu-e
2504 3298 2576 3351 sit
2605 3295 2911 3361 invisibilis,
2959 3305 3010 3350 et
3039 3297 3178 3350 Deus
3204 3295 3411 3351 scilicet
3439 3303 3496 3349 et
3523 3305 3711 3350 noster
3738 3295 3822 3348 in-

2225 3387 2413 3440 .tcrior
2439 3387 2616 3452 horno,
2645 3395 2829 3456 utpote
2848 3386 2972 3455 quia
2996 3385 3062 3440 ad
3090 3385 3180 3439 Dei
3207 3386 3612 3440 similitudinem
3640 3385 3821 3440 factus

2240 3485 2348 3541 est,
2384 3487 2611 3546 uterque
2639 3477 2802 3531 etiam
2837 3477 3177 3532 invisibiliter
3203 3478 3368 3531 sentit
3395 3492 3513 3546 quze
3541 3477 3608 3532 de
3649 3479 3819 3531 altero

2243 3569 2523 3624 sentienda
2552 3577 2604 3624 et
2636 3569 2954 3638 requirenda
2993 3579 3136 3633 sunt,
3169 3570 3416 3639 quamvis
3447 3569 3587 3624 Deus
3615 3571 3819 3623 incom-

2244 3658 2558 3730 parabiliter
2583 3660 2826 3713 excedat.
2863 3658 2956 3712 llle
2986 3673 3219 3728 namque
3244 3673 3340 3728 per
3368 3659 3603 3728 seipsum
3633 3659 3816 3713 omnia

2222 3749 2422 3815 .novit;
2459 3750 2621 3804 homo
2645 3759 2822 3803 autem
2853 3765 2950 3804 nec
2977 3765 3004 3804 a
3037 3751 3350 3820 semetipso,
3389 3766 3488 3805 nec
3513 3751 3632 3806 sine
3659 3751 3817 3804 addi-

2245 3847 2484 3893 tamento
2507 3838 2686 3908 aliquo
2709 3839 2846 3896 scire
2868 3839 3156 3909 quidquam
3187 3841 3345 3894 valet.
3371 3840 3815 3894 Additamentum

2223 3945 2370 3983 .vero
2405 3930 2526 3984 dico
2554 3930 2732 3984 omnia
2780 3929 3031 3995 visibilia,
3082 3945 3178 3998 per
3215 3945 3336 3999 quae
3379 3930 3704 3984 instruimur
3747 3932 3814 3983 ad

2243 4018 2526 4074 invisibilia
2551 4019 2914 4090 intelligenda,
2939 4021 3076 4074 sicut
3101 4021 3356 4091 scriptum
3377 4030 3489 4075 est:
3515 4019 3814 4075 Invisibilia
3907 4004 3913 4012 ’

2240 4109 2338 4164 Dei
2383 4127 2476 4180 per
2517 4128 2577 4164 ea
2609 4127 2725 4181 qua:
2769 4112 2910 4180 facta
2952 4121 3070 4165 sunt
3111 4113 3371 4167 intellecta
3419 4114 3814 4182 conspiciuntur

2241 4205 2412 4277 (Rom.
2443 4223 2483 4272 ι,
2523 4207 2637 4274 20).
2664 4206 2794 4260 Item
2823 4205 3242 4260 additamentum
3291 4222 3409 4261 esse
3443 4207 3566 4260 dico
3607 4207 3698 4260 illa
3730 4207 3812 4259 in-

2241 4297 2547 4368 telligentia:
2570 4298 2706 4353 dona
2733 4312 2853 4366 qua:
2888 4297 2940 4350 in
2978 4297 3378 4366 nobismetipsis
3405 4311 3468 4350 ex
3511 4297 3604 4350 Dei
3637 4299 3811 4367 gratia

2232 4388 2432 4460 jngiter
2474 4390 2795 4454 retinemus;
2836 4405 2903 4444 ex
2941 4390 3135 4459 quibus
3175 4400 3259 4444 est
3297 4390 3466 4444 illud:
3513 4389 3670 4454 Quod
3719 4390 3810 4443 tibi

2241 4497 2341 4535 non
2370 4483 2447 4535 uis
2489 4481 2628 4550 fieri,
2668 4480 2762 4534 alii
2797 4497 2858 4534 ne
2902 4480 3085 4549 feceris
3131 4479 3282 4551 (Tob.
3330 4485 3406 4545 tv,
3445 4480 3554 4551 16).
3597 4479 3734 4534 Nam
3765 4480 3809 4532 si

530 4592 543 4600 ~
565 4567 634 4620 vit
660 4565 1069 4618 misericordiam
1093 4579 1240 4617 suam
1270 4580 1426 4636 super
1451 4565 1684 4620 timentes
1707 4581 1781 4630 se,
1806 4574 1853 4619 et
1875 4565 2134 4636 quomodo
2166 4554 2214 4610 Ῑ)
2241 4572 2330 4626 alii
2358 4571 2490 4626 nihil
2524 4575 2712 4626 horum
2756 4587 2876 4641 qua:
2905 4573 3060 4627 nobis
3093 4573 3208 4626 tieri
3248 4572 3496 4627 nolumus
3527 4587 3689 4641 agere
3720 4571 3810 4626 dc.-

537 4683 540 4690 -
566 4657 840 4710 miseretur
883 4664 1028 4724 pater
1051 4655 1298 4722 ﬁliorum,
1339 4655 1414 4707 sic
1443 4655 1712 4708 miseretur
1735 4656 2034 4710 timentibus
2054 4672 2129 4720 se,

535 4772 540 4776 θ
566 4747 810 4816 quoniam
847 4746 952 4815 ipse
977 4746 1208 4815 cognovit
1235 4745 1534 4814 ﬁgmentum
1562 4757 1794 4801 nostrum
1823 4745 1994 4818 (Psal.
2034 4763 2129 4812 cu,

530 4835 782 4905 10-13).
811 4835 933 4889 Haec
975 4845 1030 4888 et
1081 4835 1166 4888 his
1209 4833 1405 4889 similia
1453 4833 1751 4891 Psalmistte
1799 4836 1959 4901 dicta,
2012 4851 2132 4906 qua:

566 4927 752 4996 utique
777 4924 981 4995 Spiritu
1015 4934 1202 4980 sancto
1229 4925 1531 4994 inspirante
1557 4925 1764 4995 prolata
1795 4935 1938 4989 sunt,
1971 4942 2128 4996 quem

568 5017 944 5071 non'excitare
972 5025 1195 5084 possunt
1221 5016 1285 5068 ad
1321 5015 1703 5082 exquirendum
1747 5016 1838 5070 Dei
1868 5017 2129 5086 gratiam?

529 5143 542 5149 η
565 5103 680 5160 Non
717 5106 901 5169 homo,
953 5103 1045 5156 sed
1069 5103 1248 5165 durus
1279 5101 1414 5170 lapis
1439 5111 1521 5156 est
1553 5103 1653 5155 hic
1687 5101 1806 5170 jure
1836 5103 2127 5169 vocandus,

563 5195 656 5266 qui
680 5209 785 5248 non
815 5194 1053 5263 exquirit
1084 5202 1284 5258 tantam
1315 5193 1524 5247 Domini
1554 5192 1831 5262 pietatem.

973 5301 1184 5318 ns-nnuo
1220 5285 1550 5326 nuncnntlnm
1580 5295 1662 5328 ραι
1705 5301 1860 5330 ("mm
1897 5302 2132 5334 οηηαιυιιυ

632 5285 776 5312 ,αισα-η
821 5287 932 5314 Ιιιὶὶιι

2238 4663 2449 4727 bemus,
2482 4661 2622 4715 mala
2653 4670 2831 4715 autem
2866 4662 3008 4715 nulla
3056 4661 3209 4716 nobis
3249 4663 3332 4729 agi
3363 4662 3678 4717 omnimodo
3713 4677 3808 4716 vo-

2240 4752 2440 4816 lumus,
2485 4754 2625 4808 mala
2671 4754 2833 4808 etiam
2863 4752 3009 4808 nulla
3053 4753 3142 4806 alii
3188 4755 3392 4822 agenda
3423 4769 3542 4809 esse
3572 4754 3805 4824 apertis-

2238 4843 2373 4897 sime
2415 4844 2633 4899 scimus.
2689 4843 2929 4898 Tertium
2977 4858 3194 4912 quoque
3234 4845 3584 4899 additamenti
3635 4859 3806 4914 genus

2238 4949 2334 5004 per
2359 4937 2498 5006 quod
2530 4936 2847 4990 instruimur
2887 4935 3186 5004 intelligere
3215 4951 3276 4990 ac
3305 4937 3581 5006 requirere
3613 4935 3802 4997 Deum.

2239 5027 2291 5080 in
2320 5029 2569 5081 onmibus
2597 5041 2764 5080 sacra:
2801 5026 3093 5095 Scriptura:
3121 5027 3312 5082 litteris
3342 5027 3589 5082 habetur.
3618 5027 3674 5080 ln
3723 5028 3804 5082 his

2237 5132 2366 5189 ergo
2424 5117 2598 5172 tribus
2647 5119 3026 5172 additamentis
3081 5135 3239 5174 omne
3288 5135 3458 5188 genus
3507 5120 3802 5173 humanum

2237 5207 2377 5277 quod
2406 5207 2471 5260 ad
2502 5205 2890 5274 intelligibilem
2923 5208 3184 5262 duntaxat
3212 5217 3425 5263 aetatem
3468 5210 3800 5279 pervenerit,

2237 5297 2494 5334 nI-uhnlnr
2534 5297 2660 5334 nnitl
2703 5297 2768 5334 (In
2803 5296 2910 5334 non
2952 5296 3206 5334 inlunio-sl
3236 5307 3308 5334 -οε
3347 5299 3618 5334 ιιηηωηιΙη
3655 5297 3800 5334 illum
