3998 5450
571 320 674 375 175

1596 319 1897 378 O'l‘llLONl
1933 318 2239 379 MONACHI
2278 319 2340 378 s.
2378 310 2801 380 EMMERAMMI

3717 322 3805 380 176

572 433 765 489 Melius
804 441 879 488 est
931 431 1192 487 modicum
1210 431 1355 503 justo
1407 446 1565 503 super
1585 432 1795 489 divitias
1815 440 2148 504 peccatorum
2252 434 2426 489 dinem
2480 436 2684 491 dierum
2720 434 2895 509 (Psal.
2924 401 3058 505 seu,
3095 436 3174 508 5).
3210 436 3331 492 Lux
3358 445 3471 492 orta
3506 444 3583 491 est
3606 433 3754 506 justo
3767 446 3807 491 et

571 527 790 584 multas.
825 524 985 582 Novit
1016 525 1273 580 Dominus
1314 525 1426 581 dies
1456 524 1935 590 immaculatorum,
1961 536 2010 581 et
2038 527 2153 581 ha:-

573 619 768 674 reditas
791 633 970 674 eorum
1002 618 1058 670 in
1105 626 1357 671 (eternum
1382 617 1501 671 erit.
1538 616 1660 681 Non
1687 617 2075 687 confundantur
2101 618 2157 672 in

574 718 802 779 tempore
832 706 992 772 malo,
1015 717 1063 762 et
1110 706 1165 762 in
1190 705 1373 761 diebus
1406 707 1567 777 [amis
1614 708 2016 775 saturabuntur,
2036 708 2160 779 quia

573 810 871 872 peccatores
900 799 1164 870 peribunt.
1196 798 1350 870 Apud
1383 798 1668 855 Dominum
1701 817 1909 872 gressus
1932 801 2161 857 hominis

576 893 891 963 dirigentur,
919 900 966 946 et
995 892 1131 947 riam
1170 890 1285 963 ejus
1308 890 1461 947 uolet.
1486 889 1616 947 Cum
1647 892 1889 948 ceciderit
1920 909 2024 947 non
2051 891 2162 949 col-

575 982 792 1049 lidetur,
839 984 962 1055 quia
992 983 1252 1039 Dominus
1281 985 1524 1055 supponit
1554 1001 1770 1040 manant
1811 1003 1964 1040 suam
1988 985 2160 1057 (Psal.

569 1088 763 1142 xxxvr,
796 1073 885 1141 16,
903 1074 1019 1145 24).
1050 1072 1246 1129 Beatus
1298 1074 1397 1142 vir,
1419 1075 1584 1147 cujus
1629 1087 1704 1131 est
1737 1092 1922 1131 nomen
1953 1076 2166 1132 Domini

575 1184 691 1238 spes
740 1169 879 1238 ejus,
928 1176 977 1222 et
1017 1184 1122 1222 non
1174 1169 1398 1238 respexit
1442 1168 1498 1223 in
1545 1169 1797 1224 vanitates
1844 1178 1893 1224 et
1928 1169 2164 1224 insanias

581 1258 746 1329 falsas
771 1256 944 1330 (Psal.
991 1274 1180 1324 xxxix,
1213 1258 1293 1329 5).
1333 1259 1463 1328 Qua:
1503 1258 1713 1315 scilicet
1743 1259 2010 1314 sententia
2030 1272 2165 1331 spe-

571 1349 798 1406 cialiter
829 1351 971 1404 dicta
1007 1359 1196 1405 contra
1224 1364 1322 1406 eos
1350 1349 1469 1422 qui,
1495 1347 1649 1418 juxta
1681 1362 1889 1405 morem
1916 1348 2160 1405 ethnico-

586 1458 726 1507 rum,
786 1441 1107 1515 auguriandi
1138 1443 1222 1499 vel
1262 1444 1494 1513 turpiter
1535 1442 1752 1500 ludendi
1806 1453 2034 1499 utuntur
2074 1450 2170 1499 'va-

585 1531 777 1597 nitate,
805 1539 1200 1588 commemorat
1226 1545 1350 1587 eum
1375 1531 1594 1587 beatum
1621 1544 1745 1588 esse
1772 1532 1865 1603 qui
1891 1531 2169 1604 hujusmo-

582 1624 638 1680 di
663 1625 930 1681 vanitates
951 1623 1176 1694 respuit.
1660 1622 1664 1626 ‘
1766 1645 1769 1648 e

581 1736 587 1741 '
653 1718 911 1774 Dominus
956 1721 1208 1773 uirtutum
1249 1716 1542 1785 nobiscum,
1592 1712 1822 1773 subaudi
1859 1724 1957 1783 est,
1992 1731 2168 1772 susce-

2261 530 2413 583 rectis
2435 529 2591 583 corde
2615 530 2798 586 ltetitia
2820 528 2996 603 (Psal.
3033 545 3177 596 xcvr,
3209 529 3319 602 11).
3344 528 3603 585 Dominus
3628 528 3682 582 in
3704 524 3813 583 Sion

2259 634 2481 688 magnus
2503 625 2552 674 et
2574 619 2808 675 excelsus
2830 635 2986 692 super
3011 636 3188 675 omnes
3208 618 3428 691 populos
3451 618 3624 692 (Psal.
3647 634 3812 685 scrin,

2258 707 2338 779 2).
2370 706 2737 765 Misericordia
2770 708 2982 764 Domini
3004 709 3069 763 ab
3111 718 3306 765 (eterna
3332 718 3383 764 et
3415 724 3576 782 usque
3605 708 3659 763 in
3689 719 3817 764 teter-

2263 818 2386 871 num
2435 819 2593 874 super
2643 805 2880 861 timentes
2919 821 3059 869 eum,
3107 811 3155 859 et
3188 803 3403 875 justitia
3450 802 3598 858 illius
3620 803 3673 857 in
3699 802 3817 872 ﬁlios

2262 892 2495 963 ﬁliorum
2533 895 2614 951 his
2639 896 2727 968 qui
2765 890 2973 953 servant
3001 906 3368 952 testamentum
3394 895 3528 965 eius,
3571 905 3619 951 et
3647 911 3819 949 memo-

2265 1001 2346 1040 res
2389 996 2511 1042 sunt
2540 987 2916 1044 mandatorunt
2942 987 3108 1059 ipsius
3142 988 3212 1042 ad
3258 987 3562 1059 faciendum
3584 984 3817 1058 ea(Psal.

2265 1092 2362 1142 cu,
2394 1078 2481 1143 17,
2506 1077 2614 1148 18).
2641 1077 2872 1134 La'tetur
2892 1095 2981 1134 cor
3004 1079 3347 1150 qurerentium
3364 1076 3646 1133 Dominum
3669 1076 3819 1149 (Psal.

2265 1183 2375 1235 etv,
2403 1168 2479 1238 '5).
2536 1167 2708 1236 Beati,
2758 1169 2848 1242 qui
2893 1169 3193 1224 custodiunt
3222 1168 3511 1239 judicium,
3538 1177 3604 1225 ‘et
3635 1167 3816 1238 faciunt

2270 1261 2527 1316 iustitiam
2550 1262 2606 1317 in
2631 1262 2773 1317 omni
2797 1272 3025 1333 tempore
3040 1259 3218 1337 (Psal.
3243 1271 3331 1328 CV,
3354 1259 3433 1332 5).
3466 1258 3663 1330 Magna
3683 1270 3818 1327 opera

2267 1348 2770 1424 Dominiexquisita
2812 1338 2869 1408 in
2893 1368 3071 1408 omnes
3098 1355 3390 1409 voluntates
3412 1351 3549 1423 ejus.
3576 1348 3824 1420 Confessio

2268 1452 2317 1498 et
2349 1443 2742 1514 magniﬁcentia
2781 1460 2910 1515 opus
2932 1442 3070 1515 ejus,
3118 1452 3164 1498 et
3182 1440 3397 1513 justitia
3450 1439 3825 1517 ejusmanetin

2270 1535 2522 1592 steculum
2562 1537 2765 1591 sa’culi.
2802 1530 3025 1610 Memor
3049 1532 3147 1588 erit
3178 1535 3233 1588 in
3261 1532 3515 1589 sa'culum
3558 1530 3825 1588 testamenti

2262 1631 2373 1695 sui,
2406 1630 2644 1686 virtutem
2667 1645 2880 1699 operum
2909 1644 3126 1683 suorum
3153 1626 3489 1700 annuntiabit
3511 1623 3699 1697 populo
3723 1636 3825 1685 sua,

2264 1730 2329 1776 ut
2349 1721 2433 1775 det
2457 1718 2566 1774 illis
2594 1719 2952 1775 htereditatem
2996 1719 3248 1789 gentium,
3282 1732 3439 1787 opera
3466 1712 3827 1782 man‘uamejus

577 1819 702 1880 ptor
729 1818 905 1864 noster
937 1807 1079 1863 Deus
1117 1808 1283 1863 Jacob
1306 1803 1479 1880 (Psal.
1528 1806 1790 1878 xuv,12).
1828 1800 2055 1873 Beatus,
2076 1807 2165 1879 qui
2194 1786 2241 1849 Β
2264 1803 2562 1866 peritas'et
2600 1808 2887 1883 judicium.
2942 1786 3154 1865 Fidelia
3206 1786 3382 1862 omnia
3431 1807 3685 1862 mandata
3711 1804 3827 1874 ejus,

584 1899 825 1971 intelligit
875 1915 1031 1970 super
1076 1914 1295 1971 egenum
1332 1908 1393 1953 et.
1427 1914 1730 1969 pauperem,
1782 1898 1837 1952 in
1895 1890 1979 1952 die
2019 1896 2166 1952 mala

576 1993 819 2048 liberabit
863 2008 982 2047 eum
1033 1990 1292 2047 Dominus
1352 1990 1527 2065 (Psal.
1557 2008 1648 2057 XL,
1677 1990 1755 2062 2).
1816 1990 1945 2047 Haec
1985 1999 2167 2046 autem

573 2084 850 2142 sententia
877 2082 1289 2155 particulariter
1329 2092 1415 2139 est
1457 2081 1807 2154 intelligenda
1836 2082 1983 2152 quia,
2028 2083 2171 2136 sicut

575 2194 695 2234 anon
728 2192 921 2235 omnes
945 2176 1100 2249 egeni
1129 2185 1183 2233 et
1205 2192 1474 2248 pauperes
1496 2174 1647 2232 beati
1680 2183 1826 2242 sunt,
1852 2175 1948 2232 sed
1972 2173 2173 2230 solum—

583 2267 746 2324 modo
792 2281 1060 2340 pauperes
1099 2268 1297 2339 spiritu
1342 2267 1487 2323 beatl
1532 2266 1806 2330 existunt;
1846 2266 1922 2322 ita
1957 2278 2173 2337 quoque

583 2357 676 2414 ille
707 2358 801 2429 qui
831 2374 997 2429 super
1021 2359 1241 2415 eosdem
1276 2359 1349 2413 ita
1398 2357 1666 2429 intelligit,
1691 2368 1751 2412 ut
1782 2356 1888 2413 illis
1919 2358 2177 2412 miserea-

576 2460 696 2518 tur,
747 2453 942 2508 beatus
1005 2451 1347 2509 solummodo
1375 2451 1428 2506 in
1480 2451 1587 2506 hoc
1618 2450 1761 2505 facto
1787 2450 2045 2505 dicendus
2068 2454 2170 2504 est.

574 2543 812 2602 Laetetur
835 2562 985 2602 mons
1031 2545 1186 2613 Sion,
1222 2554 1271 2600 et
1303 2544 1579 2601 exsultent
1606 2545 1736 2615 lilia:
1779 2540 1937 2599 Iuda:
1965 2552 2176 2615 propter

582 2639 783 2708 judicia
807 2648 923 2706 tua,
964 2637 1187 2693 Domine
1218 2637 1390 2707 (Psal.
1426 2651 1593 2703 XLVII,
1621 2636 1731 2707 12);
1766 2636 1932 2706 Cujus
1956 2645 2175 2694 senten-

573 2733 673 2788 ‘tite
713 2745 906 2788 sensus
931 2740 1015 2788 est
1061 2732 1163 2788 iste
1192 2747 1205 2786 :
1237 2730 1464 2802 gloriam
1496 2740 1667 2797 tuam,
1710 2733 1959 2798 Domine,
1987 2748 2175 2802 specu-

576 2822 761 2880 lantes
806 2832 863 2879 et
910 2838 1108 2879 nomen
1151 2832 1304 2878 tuum
1348 2823 1673 2878 conﬁtentes
1719 2823 1972 2878 laetentur
2012 2823 2065 2879 in
2099 2833 2170 2880 te.

585 2912 922 2983 Sacriﬁcium
945 2912 1054 2968 Deo
1081 2913 1299 2984 spiritus
1339 2908 1743 2978 contribulatus,
1776 2930 1867 2968 cor
1893 2913 2174 2969 contritum

585 3013 632 3058 et
656 3003 1015 3069 humiliatum,
1034 3004 1193 3070 Deus,
1219 3022 1321 3060 non
1348 3004 1600 3076 despicies
1624 3002 1797 3077 (Psal.
1823 3022 1877 3071 ιη
1898 3004 2009 3078 19).
2034 3003 2173 3059 Bea-

587 3105 695 3161 tus,
728 3112 880 3167 quem
905 3096 1105 3168 elegiin
1126 3105 1173 3151 et
1204 3096 1558 3167 assumpsisti,
1589 3094 1836 3163 Domine,
1861 3094 2173 3152 inhabitabit

578 3186 642 3240 in
672 3188 825 3242 atriis
849 3189 953 3243 tuis
987 3186 1160 3258 (Psal.
1191 3204 1339 3257 wa,
1369 3187 1445 3259 5).
1476 3187 1737 3245 Dominus
1783 3188 1929 3245 dabit
1964 3190 2175 3246 uerbum

578 3278 1069 3351 oevangelizantibus
1094 3280 1283 3336 uirtute
1304 3279 1475 3336 multa
1501 3276 1675 3354 (Psal.
1702 3295 1871 3347 LXVII,
1895 3281 2005 3353 12).
2037 3280 2176 3337 Deus

586 3381 788 3439 noster,
826 3373 990 3440 Deus,
1037 3374 1265 3430 subaudi
1295 3370 1589 3440 est,salvos
1615 3374 1864 3445 faciendi,
1883 3387 1930 3431 et
1962 3375 2177 3431 Domini

580 3461 803 3519 Domini
823 3466 993 3520 exitus
1019 3467 1204 3521 mortis
1226 3465 1547 3538 (Ibid.,’2,l).
1569 3466 1697 3534 Qum
1727 3468 2023 3536 sententia,
2048 3468 2176 3538 quia

580 3553 820 3610 obscura
873 3556 1114 3625 videtur,
1158 3572 1296 3627 opus
1340 3565 1510 3613 estut
1540 3558 1885 3628 etsplanelur.
1915 3557 2009 3614 Sic
2030 3559 2175 3613 enim

587 3642 992 3717 intelligendam
1044 3662 1165 3703 esse
1208 3647 1595 3703 arbitramur:
1647 3648 1810 3714 Deus,
1862 3663 2023 3718 quem
2080 3664 2179 3703 nos

558 3737 885 3803 ;Christiani
906 3735 1160 3804 colimus,
1175 3737 1263 3792 ille
1287 3737 1433 3793 solus
1450 3748 1648 3810 potens
1671 3748 1755 3793 est
1776 3736 1956 3794 salvos
1977 3738 2176 3804 facere,

560 3810 646 3883 ‘et
669 3828 725 3882 in
765 3843 862 3884 sua
897 3837 1168 3899 potestate
1217 3827 1624 3899 estquemlibcl
1649 3844 1685 3904 θ
1718 3829 1911 3885 mortis
1936 3829 2178 3900 periculo

586 3914 839 3973 liberare.

664 4006 838 4074 Quam
869 4007 1034 4063 bonus
1059 4004 1231 4062 Israel
1276 4004 1415 4063 Deus
1454 4006 1536 4062 his
1576 4010 1665 4080 qui
1695 4021 1832 4064 recto
1874 4019 1995 4064 sunt
2024 4011 2180 4067 corde

588 4098 763 4172 (Psal.
790 4115 965 4166 LXXII,
998 4099 1073 4169 1).
1105 4099 1259 4154 Beati
1279 4099 1370 4170 qui
1410 4099 1649 4155 habitant
1675 4101 1726 4154 in
1750 4103 1904 4155 domo
1929 4112 2038 4167 tua,
2066 4102 2181 4158 Do-

586 4189 753 4254 mine,
766 4188 818 4244 in
838 4187 1035 4244 stt-cuia
1049 4188 1365 4243 steculorum
1389 4187 1679 4243 laudabunt
1697 4200 1745 4243 te
1762 4189 1934 4259 (Psal.
1948 4206 2177 4258 uxxttt,

595 4281 672 4353 5).
700 4280 1128 4336 Misericordiaus
1157 4291 1204 4335 et
1237 4282 1506 4336 veritatem
1540 4281 1710 4353 diligit
1755 4282 1931 4352 Deus;
1952 4285 2181 4355 gratiam

586 4386 641 4431 et
678 4374 904 4446 gloriam
954 4373 1100 4428 dabit
1134 4373 1409 4430 Dominus.
1443 4373 1567 4431 Non
1614 4376 1845 4446 privabis
1893 4377 2041 4432 bonis
2092 4395 2180 4433 eos

587 4468 679 4542 qui
700 4466 973 4524 ambulant
1010 4466 1064 4521 in
1088 4467 1411 4524 innocentia.
1451 4468 1672 4543 Domine
1696 4470 1969 4536 uirtutum,
1998 4470 2182 4525 beatus

591 4560 769 4625 homo,
790 4560 882 4630 qui
912 4569 1087 4631 sperat
1110 4560 1168 4614 in
1195 4570 1244 4614 te
1272 4558 1460 4631 (Ibid.,
1494 4561 1583 4629 12,
1609 4561 1720 4630 15).
1744 4561 1907 4627 Deus,
1943 4563 2035 4634 qui
2061 4561 2179 4632 glo-

594 4651 839 4722 riﬁcatur
865 4653 918 4707 in
947 4650 1167 4707 consilio
1221 4662 1547 4719 sanctorum,
1591 4671 1813 4725 magnus
1840 4665 1890 4711 et
1931 4656 2180 4711 terribilis

593 4756 752 4812 super
772 4758 950 4797 omnes
991 4742 1081 4812 qui
1109 4742 1165 4815 in
1190 4743 1412 4796 circuitu
1434 4742 1549 4813 ejus
1571 4753 1691 4797 sunt
1715 4742 1888 4814 (Psal.
1911 4758 2177 4811 Lxxxvm,

596 4830 675 4906 8).
723 4830 851 4887 Haec
906 4831 1175 4888 sententia
1227 4840 1335 4887 tam
1376 4834 1445 4888 ad
1489 4833 1700 4904 piorum
1753 4834 2179 4892 consolationem

595 4937 760 4994 quam
781 4924 850 4978 ad
873 4923 1165 4994 impiorum
1186 4935 1449 4981 terrorem
1486 4924 1711 4996 intelligi
1734 4935 1930 4997 potest.
1958 4926 2063 4994 Qui
2087 4928 2184 4983 ha-

597 5013 728 5067 bitat
761 5013 820 5069 in
867 5014 1134 5084 adjutorio
1168 5013 1426 5069 Altissimi
1469 5014 1523 5069 in
1559 5014 1880 5085 protectione
1927 5014 2022 5070 Dei
2067 5018 2182 5070 ια’ιὶ

596 5103 1009 5159 commorabitur
1028 5101 1203 5176 (Psal.
1218 5122 1307 5172 xc,
1320 5108 1343 5161 1
1356 5107 1396 5177 ).
1411 5106 1543 5174 Qua:
1558 5106 1824 5163 sententia
1840 5106 2012 5163 sicest
2023 5107 2185 5163 intel-

598 5193 814 5267 ligenda
846 5195 976 5265 :qui
1023 5196 1077 5250 in
1107 5195 1378 5264 adiutorio
1404 5198 1497 5253 Dei
1522 5197 1681 5270 quissi
1707 5197 1963 5254 habitans
1980 5196 2184 5268 iugiter

598 5284 846 5348 conlidit,
868 5285 992 5342 talis
1017 5286 1101 5342 vir
1117 5287 1285 5343 Deum
1308 5288 1674 5344 certissimum
1698 5297 2059 5359 protectorem
2084 5290 2182 5344 lia-

595 5374 767 5434 beb’it.
805 5377 994 5433 Justus
1023 5389 1080 5434 ut
1129 5379 1305 5450 palma
1341 5381 1566 5450 ﬂorebit,
1602 5382 1739 5437 sicut
1763 5382 1953 5436 cedrus
1992 5380 2180 5435 Libani

2272 1890 2587 1970 conﬁrmata
2609 1900 2674 1955 in
2712 1898 2964 1956 steculum
3019 1898 3222 1965 seaculi,
3274 1897 3417 1967 facta
3457 1896 3529 1950 .in
3574 1895 3829 1950 ccritateu‘t

2271 1993 2518 2062 wquitate
2559 1988 2734 2064 (Psal.
2766 1982 2859 2056 cx,
2895 1989 3043 2062 2-8).
3068 1989 3263 2044 Beatus
3304 1988 3389 2044 uir
3420 1990 3519 2059 qui
3562 1988 3702 2045 timet
3740 1983 3829 2039 De"

2272 2085 2496 2150 minnm,
2532 2084 2587 2138 in
2630 2083 2897 2137 mandatis
2936 2074 3050 2152 ejus
3068 2080 3202 2136 volet
3240 2079 3399 2134 nimis
3418 2077 3604 2148 ('Psal.
3637 2091 3741 2141 cn,
3768 2074 3827 2143 1).

2270 2174 2400 2232 llrcc
2446 2176 2713 2231 sententia
2746 2174 3153 2234 .universaliter
3199 2182 3285 2230 est
3324 2171 3701 2245 intelligenda,
3725 2170 3830 2240 quia

2273 2268 2453 2324 omnis
2495 2268 2580 2322 vir
2608 2266 2700 2338 qui
2745 2267 2899 2321 timet
2928 2265 3217 2321 Dominum
3263 2264 3397 2320 eti-st
3446 2262 3715 2339 mandatis
3736 2260 3831 2332 ejus

2271 2358 2458 2414 vivere
2481 2358 2635 2434 cupit
2665 2358 2857 2413 beatus
2882 2373 2986 2428 pro
3009 2364 3162 2412 certo
3187 2364 3292 2412 est.

2348 2438 2547 2503 Potens
2563 2447 2635 2512 ,in
2662 2457 2827 2514 terra,
2861 2446 3090 2503 subaudi
3118 2445 3371 2513 vivorum,
3400 2445 3502 2501 erit
3526 2457 3695 2500 senm
3714 2441 3830 2513 ejus,

2265 2537 2542 2614 generatio
2562 2536 2818 2595 rectorum
2833 2532 3180 2596 benedicetur.
3194 2538 3262 2594 In
3282 2538 3536 2594 memoria
3558 2547 3739 2594 (eterna
3751 2535 3831 2588 erit

2269 2616 2469 2704 justus,
2495 2636 2559 2688 ab
2577 2633 2845 2689 auditione
2861 2634 3006 2689 mala
3024 2650 3130 2689 non
3152 2635 3347 2688 timebit
3373 2631 3561 2706 (Ibid.,
3583 2630 3715 2702 2-7).
3737 2628 3831 2684 Am

2272 2722 2414 2779 ditio
2442 2723 2584 2779 mala
2612 2739 2780 2795 quam
2806 2722 2987 2794 justus
3023 2741 3129 2780 non
3173 2723 3384 2781 timebit
3411 2723 3683 2794 signiﬁcat
3707 2719 3831 2776 illam

2280 2813 2579 2869 terribilem
2628 2816 2984 2881 sententiam,
3028 2830 3155 2885 qua:
3182 2814 3234 2869 in
3259 2814 3466 2885 judicio
3504 2822 3741 2870 extremo
3762 2810 3832 2864 ιιίι

2270 2904 2451 2961 cenda
2480 2917 2565 2961 est
2593 2906 2843 2976 reprobis
2864 2921 2898 2960 a
2921 2905 3152 2961 Domino
3182 2922 3195 2958 :
3228 2905 3490 2960 Discedite
3511 2923 3545 2960 a
3568 2919 3666 2971 me,
3693 2901 3835 2958 male»

2279 2997 2429 3063 dicti,
2463 2997 2518 3052 in
2550 2998 2720 3068 ignem
2770 3009 3043 3065 teternum,
3068 3007 3176 3054 etc.
3202 2997 3419 3071 (Matth.
3444 3013 3578 3066 xxv,
3605 2996 3715 3068 41).
3742 2994 3836 3049 Ερ-

2272 3088 2446 3144 celsus
2484 3106 2642 3161 super
2689 3106 2866 3145 carnes
2912 3099 3088 3162 gentes
3116 3090 3374 3146 Dominus
3422 3100 3474 3149 et
3519 3106 3674 3162 super
3704 3089 3836 3143 calas

2270 3182 2451 3255 gloria
2472 3182 2625 3254 ejus;
2655 3183 2744 3255 qui
2775 3183 2830 3237 in
2849 3182 2976 3238 altis
3015 3182 3216 3237 habitat
3247 3194 3293 3238 et
3319 3182 3545 3238 humilia
3576 3180 3768 3253 respicit
3790 3179 3836 3231 in

2277 3276 2404 3331 calo
2429 3285 2475 3332 et
2501 3276 2556 3330 in
2582 3285 2745 3342 terra,
2790 3277 3052 3331 suscitans
3088 3294 3124 3332 a
3165 3285 3303 3330 terra
3331 3276 3539 3346 inopem
3567 3285 3618 3332 et
3641 3274 3703 3329 de
3725 3283 3836 3327 ster-

2277 3381 2397 3420 core
2420 3366 2622 3436 erigens
2660 3381 2965 3437 pauperem,
3013 3374 3071 3420 ut
3110 3364 3325 3420 collocet
3362 3382 3480 3427 eum
3519 3381 3635 3421 cum
3661 3360 3837 3434 princi-

2277 3457 2428 3528 pibus
2451 3456 2631 3529 papuls
2681 3459 2766 3514 sui
2802 3455 2991 3529 '(l’sal.
3025 3474 3160 3522 cxu,
3193 3458 3249 3525 4,
3277 3461 3354 3524 8).
3382 3456 3628 3516 Pretiosa
3652 3460 3705 3514 in
3737 3472 3838 3511 con-

2277 3560 2454 3619 spectu
2498 3548 2709 3605 Domini
2758 3567 2898 3605 mors
2922 3560 3224 3606 sanctorum
3264 3550 3380 3622 ejus
3419 3550 3595 3623 (Psal.
3634 3546 3834 3617 cxv,5).

2287 3638 2402 3695 Vos:
2423 3640 2793 3697 exsultationis
2837 3652 2883 3696 et
2905 3641 3094 3696 salutis
3122 3642 3175 3695 in
3220 3642 3575 3697 tabernaculis
3594 3641 3837 3713 justorttm

2281 3730 2454 3802 (Psal.
2497 3746 2666 3800 cxvn,
2718 3732 2826 3805 15‘).
2859 3731 3010 3788 Beati
3041 3734 3367 3789 immaculati
3408 3735 3463 3790 in
3493 3736 3596 3801 uia,
3625 3731 3711 3806 qui
3742 3746 3840 3785 ant-

2280 3820 2460 3877 bnlant
2480 3824 2534 3878 in
2564 3823 2924 3896 legeDomini.
2971 3825 3142 3892 Beati,
3183 3827 3271 3898 qui
3307 3824 3839 3882 scrutanturtestimo-

2281 3914 2368 3969 nia
2405 3915 2541 3986 ejus,
2566 3917 2620 3970 in
2668 3925 2776 3995 toto
2815 3918 2971 3972 corde
3000 3919 3280 3989 exquirunt
3308 3935 3427 3974 eum
3468 3916 3645 3992 (Psal.
3673 3930 3836 3975 cum.

2281 4006 2339 4071 1.’
2361 4008 2442 4079 2).
2476 4005 2597 4063 Pax
2638 4008 2805 4064 multa
2858 4008 3197 4081 diligentibus
3218 4009 3381 4083 legem
3408 4021 3581 4079 tuam,
3618 4009 3841 4067 Domine.

2228 4174 2235 4181 ο
2280 4112 2454 4167 etnon
2474 4110 2549 4158 est
2575 4101 2682 4157 illis
2726 4102 3037 4158 scandalum
3070 4103 3260 4173 (lbid.,
3296 4102 3444 4173 165).
3469 4101 3839 4173 Quiconﬁdunt

2279 4194 2334 4247 in
2358 4192 2607 4261 Domino,
2650 4193 2785 4249 sicut
2824 4210 2974 4250 mons
3023 4192 3187 4261 Sion;
3229 4188 3769 4251 non‘commouebitur
3791 4191 3839 4244 in

2281 4296 2556 4352 wternum,
2605 4287 2695 4358 qui
2742 4285 2943 4341 habitat
2987 4286 3043 4342 in
3089 4285 3408 4343 Jerusalem.
3442 4286 3689 4359 Benefac,
3745 4282 3839 4339 Do-

2282 4379 2444 4443 mine,
2473 4378 2622 4433 bonis
2658 4388 2706 4433 et
2747 4378 2900 4433 rectis
2935 4377 3092 4433 corde
3120 4378 3293 4451 (Psal.
3336 4395 3519 4447 cxxtv,
3559 4380 3612 4447 1,
3650 4378 3725 4449 4).
3751 4374 3840 4441 Qui

2282 4468 2539 4524 seminant
2582 4469 2639 4524 in
2666 4470 2937 4540 lacrgmis,
2964 4464 3034 4525 in
3055 4469 3404 4526 exsultatione
3426 4480 3637 4526 metent.
3660 4469 3845 4523 Euntes

2284 4563 2453 4629 ibant,
2477 4574 2525 4618 et
2548 4563 2766 4634 ﬂebant,
2801 4562 3059 4618 mittentes
3085 4564 3286 4618 semina
3316 4580 3433 4619 sua.
3460 4554 3735 4619 Venientes
3759 4576 3843 4614 auo

2278 4646 2384 4707 tem
2414 4652 2608 4708 venient
2631 4670 2748 4708 cum
2765 4652 3137 4720 exsultatione,
3146 4665 3411 4726 portantes
3422 4652 3716 4726 manipulos
3732 4664 3844 4706 suos

2285 4739 2458 4812 (Psal.
2482 4757 2641 4806 cxxv,
2668 4741 2723 4808 5,
2750 4742 2829 4813 6).
2853 4742 2986 4797 Cum
3009 4744 3208 4799 dederit
3234 4745 3435 4801 dilectis
3459 4746 3570 4801 suis
3595 4756 3842 4800 somnum»

2284 4847 2398 4887 ecce
2417 4821 2699 4886 litereditas
2732 4831 2942 4888 Domini
2969 4831 3143 4905 (Psal.
3179 4849 3366 4902 cxxvr,
3387 4836 3467 4910 2).
3506 4834 3739 4893 Somnus
3764 4832 3841 4890 bic

2276 4914 2510 4994 :vocatur
2532 4938 2681 4980 mors
2708 4933 3020 4980 sanctorum
3049 4942 3189 4997 qua',
3217 4930 3344 4983 dum
3369 4928 3578 4986 venerit
3603 4942 3725 4984 mox
3746 4924 3841 4981 ιιω-

2285 5015 2508 5081 reditas,
2563 5015 2618 5072 id
2659 5024 2745 5072 est
2775 5030 2988 5087 merces
3020 5032 3214 5088 stragula
3237 5034 3273 5078 ξι
3314 5020 3542 5075 Domino
3566 5018 3842 5091 promissa,

2281 5104 2478 5161 aderit.
2606 5094 2611 5097 ’

2352 5194 2506 5252 Beati
2535 5214 2711 5253 omnes
2761 5198 2852 5269 qui
2882 5197 3064 5255 tith
3108 5199 3415 5267 Dominum,
3457 5199 3547 5273 qui
3587 5194 3841 5255 ambulant

2283 5291 2338 5345 in
2360 5291 2455 5347 uiis
2489 5290 2606 5361 ejus
2637 5289 2810 5367 (Psal.
2860 5306 3065 5358 cxxvtt,
3096 5291 3170 5363 1).
3200 5292 3351 5363 Apud
3394 5292 3676 5347 Dominum
3706 5288 3844 5343 miss-

2288 5381 2517 5435 iicordia
2541 5392 2587 5438 et
2610 5384 2822 5450 copiosa
2850 5383 2991 5450 apud
3010 5399 3129 5437 eum
3154 5384 3456 5450 redeatptio.
3479 5382 3662 5450 Speret
3688 5375 3843 5435 Israel
