3998 5450
201 271 288 325 177
1256 265 1381 319 LIB.
1424 266 1511 320 DE
1545 265 1736 320 ευιις

1840 261 2226 319 ιΡιιιιτυΑιι.

3312 270 3330 322 l
3351 271 3408 324 t8

192 396 333 452 spem-
352 395 506 434 suam
545 379 596 432 in
629 377 852 432 Domino
897 388 1100 448 ponat:
1135 378 1324 431 Beatus
1353 379 1442 448 qui
1473 377 1658 431 tenebit
1685 387 1732 430 et
1763 385 1810 442 Α
1835 376 2050 446 quando
2096 375 2388 432 Dominica:
2443 365 2852 444 incarnationis,
2913 380 3176 448 passionis
3230 395 3409 437 resur-

192 470 351 525 allitlet
371 467 612 538 pareulos
633 484 752 521 suos
776 470 844 522 ad
862 477 1060 537 petram
1086 465 1256 537 (l’sal.
1283 483 1504 530 cxxxvt,
1533 468 1604 537 9).
1635 466 1740 519 (Zu-

187 562 264 633 jus
287 561 558 618 sententia:
588 575 778 618 sensus
805 570 888 615 est
936 560 1036 614 istc
1067 576 1080 613 :
1109 559 1304 615 Beatus
1330 560 1420 629 qni
1453 560 1739 629 cogitatio-

191 666 273 707 nes
301 650 482 711 malas,
515 665 636 704 mos
663 664 786 703 cum
806 650 940 704 oriri
972 650 1236 718 coeperint
1275 658 1329 703 et
1359 650 1536 703 adhuc
1563 664 1740 718 pari-iu

189 747 317 804 sunt,
343 738 630 793 conﬁtetur
654 740 892 805 Christo,
918 741 1006 809 qui
1034 749 1182 809 petra
1211 749 1294 793 est
1319 738 1514 801 dictus,
1544 754 1740 808 rogans

189 846 294 887 cum
330 841 383 882 ut
404 832 523 899 ipse
553 845 646 886 eas
672 832 821 902 prius
841 848 871 886 a
894 847 955 885 se
976 831 1207 901 expellat
1227 846 1390 900 quam
1415 831 1486 885 ad
1517 831 1740 900 majoris

190 921 420 990 nequitiae
445 919 698 980 ell'ectum
745 923 1079 992 perveniant.
1107 919 1298 976 Suavis
1327 920 1583 978 Dominus
1622 921 1731 974 uni-

188 1014 320 1069 uersis
348 1021 396 1065 et
447 1012 806 1066 miserationes
845 1013 959 1082 ejus
1007 1029 1161 1081 super
1205 1013 1382 1065 omnia
1418 1027 1574 1081 opera
1599 1011 1734 1081 ejus.

190 1101 361 1156 Fidelis
397 1100 656 1156 Dominus
677 1103 730 1156 in
755 1105 992 1155 omnibus
1032 1102 1193 1156 verbis
1221 1103 1351 1167 suis,
1371 1110 1420 1155 et
1448 1111 1659 1157 sanctus
1682 1103 1737 1158 in

187 1192 395 1247 omnibus
425 1191 671 1261 operibus
705 1192 833 1245 suis.
889 1190 1089 1246 Allevat
1132 1191 1385 1247 Dominus
1418 1208 1594 1248 omnes
1648 1193 1736 1263 qui

188 1292 428 1348 corruunt,
458 1293 510 1337 et
551 1285 705 1353 erigit
733 1299 908 1339 omnes
963 1283 1117 1347 alios,
1168 1283 1390 1338 subaudi
1440 1284 1510 1338 ad
1539 1300 1593 1338 se
1613 1300 1737 1337 con~

187 1389 351 1428 tersus.
383 1371 557 1427 Prooe
589 1387 666 1427 est
699 1373 952 1428 Dominus
981 1375 1218 1430 omnibus
1242 1373 1597 1429 invocantibus
1617 1390 1736 1428 eum

188 1464 232 1520 in
252 1463 468 1517 veritate.
509 1461 848 1520 Voluntarem
871 1465 1161 1522 timentium
1180 1481 1234 1517 se
1264 1464 1442 1532 faciet,
1477 1474 1525 1519 et
1555 1465 1737 1535 depre-

187 1562 408 1612 sationem
455 1575 643 1615 eorum
695 1559 940 1614 exaudiet
981 1568 1027 1613 et
1069 1557 1244 1613 salvos
1265 1557 1420 1627 faciet
1444 1575 1529 1614 eos
1559 1557 1732 1630 (Psal.

190 1666 341 1716 cxuv,
361 1652 410 1716 9,
443 1651 556 1722 l0).
585 1651 802 1715 Beatus,
828 1652 981 1722 cujus
1005 1651 1147 1706 Deus
1175 1649 1339 1706 Jacob
1360 1650 1576 1720 adjutor
1598 1651 1732 1721 ejus,

189 1760 280 1811 spes
304 1743 408 1812 ejus
437 1744 491 1797 in
533 1743 766 1799 Domino
799 1743 908 1797 Deo
950 1744 1138 1812 ipsius,
1179 1743 1268 1810 qui
1313 1742 1432 1811 fecit
1473 1741 1656 1795 etclam
1685 1752 1737 1796 et
1766 1723 1808 1782 Β

191 1849 366 1899 terram,
391 1853 536 1891 mare
563 1847 613 1889 et
641 1837 816 1892 omnia
838 1852 954 1905 quae
969 1835 1035 1889 ia,
1047 1835 1120 1888 eis
1140 1843 1281 1888 sunt.
1308 1832 1561 1887 Dominus
1582 1832 1730 1887 solvit

190 1925 485 1993 compeditos,
513 1924 778 1980 Dominus
801 1923 1064 1982 illuminat
1099 1939 1283 1980 caecos.
1307 1921 1562 1976 Dominus
1583 1922 1730 1992 erigit

189 2015 312 2066 elisos
331 2013 672 2080 (Psal.cxt.v,
692 2012 748 2076 5,
767 2013 849 2083 8),
867 2012 1093 2070 subaudi
1108 2012 1155 2066 si
1181 2011 1250 2065 ad
1275 2027 1392 2067 eum
1421 2021 1731 2065 convertano

191 2116 273 2156 uir.
291 2101 676 2171 Beneplacitum
703 2114 778 2159 est
801 2103 1025 2160 Domino
1044 2117 1200 2173 super
1215 2101 1450 2158 timentes
1471 2117 1588 2156 eum
1614 2111 1660 2155 et
1678 2101 1731 2156 in

189 2195 247 2250 eis
268 2194 345 2264 qui
367 2203 577 2264 sperant
620 2211 779 2264 super
807 2193 1167 2250 misericordia
1205 2192 1318 2263 ejus
1348 2189 1729 2264 (Psal.tcx1.vt,

193 2285 280 2355 ll).
301 2284 688 2356 Beneplacitum
719 2297 791 2342 est
821 2287 1044 2348 Domino
1072 2287 1128 2343 in
1149 2285 1340 2357 populo
1370 2301 1498 2352 suo,
1516 2294 1562 2341 et
1587 2284 1731 2341 exal-

189 2376 292 2429 tabit
326 2387 639 2432 mansuetos.
653 2378 706 2431 in
728 2376 948 2432 salutem
977 2375 1355 2449 (Psal._cxux,
1383 2377 1457 2444 4).
1486 2375 1610 2431 Haec
1632 2376 1730 2446 ἰείη

193 2478 260 2522 tnr
279 2469 438 2523 omnia
485 2469 616 2525 ideo
643 2469 961 2541 disponente
1009 2469 1120 2525 Deo
1167 2471 1516 2540 pronuntiata
1546 2477 1728 2524 sunta

191 2557 460 2625 Psalmista,
487 2569 546 2615 ut
576 2576 774 2616 omnes
805 2561 991 2618 lideles
1033 2561 1086 2616 in
1112 2561 1416 2631 hujusmodi
1445 2560 1604 2614 dictis
1630 2560 1728 2614 ba-

192 2650 347 2704 berent
389 2649 819 2711 consolationem
868 2660 1060 2711 contra
1091 2652 1409 2707 universam.
1447 2649 1734 2720 perturba-

189 2731 374 2797 tionem.

245 2834 507 2902 Quibuset
554 2834 656 2892 illa
705 2849 943 2906 congrue
988 2841 1220 2905 possunt.
1258 2831 1482 2904 adjungi.
1517 2848 1638 2904 qum
1674 2833 1727 2888 in

190 2925 563 2996 quadragesimo
605 2927 768 2982 tertio
793 2925 999 2996 psalmo
1031 2925 1380 2997 proferuntur
1407 2939 1480 2980 ex
1498 2940 1735 2995 persona

190 3026 443 3088 martyrum
494 3030 549 3075 et.
583 3019 830 3078 omnium
859 3019 961 3089 qui
995 3019 1424 3088 persecutionem
1451 3018 1727 3089 patiuntur

191 3119 371 3177 propter
389 3108 684 3179 justitiam.
735 3109 995 3181 Quoniam
1017 3109 1229 3179 propter
1267 3121 1316 3164 te
1350 3109 1732 3176 mortiﬁcamur

189 3207 275 3254 tota
286 3199 379 3264 die,
403 3201 657 3255 (estimati
672 3217 852 3256 sumus
868 3201 1001 3258 sicut
1024 3216 1139 3254 oves
1159 3199 1452 3254 occisionis.
1469 3197 1728 3268 Exsurge,

191 3307 322 3359 quare
353 3293 637 3357 obdormis,
676 3292 917 3357 Domine,
959 3307 1201 3362 exsurge,
1245 3299 1293 3344 et
1333 3307 1396 3346 ne
1438 3289 1656 3358 repellas
1678 3289 1733 3342 in

193 3385 334 3453 paeni,
363 3397 413 3442 et
455 3398 661 3442 castora
703 3386 790 3444 bis
827 3385 1024 3441 similia
1055 3398 1175 3454 qua:
1213 3381 1266 3437 in
1294 3383 1484 3436 eodem
1525 3380 1732 3450 psalmo

191 3479 513 3538 continentur.
531 3478 792 3549 Ejusdem
818 3490 1034 3547 quoque
1057 3489 1248 3530 sensus
1273 3473 1416 3527 dicta
1443 3472 1730 3527 inveniun-

194 3575 263 3623 tur
301 3568 355 3623 in
398 3570 613 3639 psalmo
655 3568 1054 3639 septuagesimo
1105 3579 1286 3627 nono,
1327 3563 1417 3618 ubi
1485 3561 1684 3619 dicitur
1716 3575 1741 3619 ε,

194 3653 389 3713 Posuisti
412 3677 502 3715 nos
532 3662 592 3714 in
618 3658 1083 3718 contradictionem
1112 3655 1292 3711 vicinis
1313 3654 1530 3719 nostris,
1557 3663 1604 3708 et
1636 3653 1735 3706 ini-

191 3751 290 3805 tttici
324 3755 478 3808 nostri
516 3754 973 3809 subsannaverunt
1002 3764 1115 3803 nos.
1157 3746 1320 3813 Deus,
1341 3755 1574 3800 converte
1619 3761 1743 3810 nos,

193 3852 277 3898 etc.
302 3842 522 3906 Noverat
555 3845 705 3903 enim
756 3841 1040 3901 Psalmista
1082 3839 1283 3895 electos
1321 3838 1426 3894 Dei
1452 3837 1533 3892 sic
1578 3836 1645 3894 ab
1671 3849 1735 3890 eo

193 3937 450 4004 consolari,
474 3948 535 3994 ut
561 3947 746 3996 tamen
779 3933 1067 4004 aliquando
1093 3932 1213 3987 illos
1259 3931 1597 4001 permitteret
1643 3936 1739 3982 aut

195 4029 386 4096 publicis
424 4028 900 4102 persecutionibus
939 4033 1034 4082 aut
1073 4023 1301 4081 occultis
1350 4018 1740 4078 tentationibus

196 4122 392 4195 fatigari.
435 4127 672 4200 Ideoque
719 4132 1008 4192 utrumque
1044 4119 1426 4190 pronuntiavit,
1489 4113 1735 4171 consola-

197 4213 340 4273 tiones
370 4218 575 4273 scilicet
596 4226 653 4272 et
691 4213 1130 4286 perturbationes
1165 4227 1373 4268 eorum.
1418 4209 1472 4262 In
1503 4207 1736 4277 quodam

199 4309 331 4364 etiam
357 4327 508 4367 versu
539 4320 832 4378 utrumque
858 4304 1292 4376 comprehendit,
1309 4303 1532 4358 dicens:
1557 4298 1739 4353 Multa:

199 4403 516 4460 tribulationes
547 4405 843 4476 justorum,
889 4411 938 4457 et
978 4402 1045 4456 de
1098 4398 1336 4455 omnibus
1380 4397 1460 4451 his
1501 4394 1742 4450 liberabit

197 4510 268 4549 eos
287 4495 522 4552 Dominus
549 4495 729 4568 (Psal.
764 4508 960 4558 xxxiii,
1003 4490 1117 4562 20).
1172 4488 1216 4545 Ο
1243 4489 1395 4543 mira:
1431 4483 1738 4542 sanctitatis

200 4588 354 4644 viuum
391 4598 444 4643 et
488 4589 706 4644 cunctis
750 4585 994 4640 ﬁdelibus
1017 4581 1408 4642 venerandum,
1453 4577 1543 4646 qui
1592 4582 1738 4629 tanta

205 4690 500 4749 praenoscere
523 4689 575 4735 et
608 4675 964 4748 pronuntiare
1002 4671 1197 4727 meruit
1227 4672 1240 4724 ι
1276 4667 1412 4722 Nam
1440 4664 1582 4736 quod
1611 4677 1739 4732 apo-

205 4768 341 4823 stolus
365 4769 556 4832 Baulos
593 4770 658 4824 de
707 4767 997 4835 semetipso
1045 4762 1219 4816 dixit:
1263 4756 1524 4811 Omnibus
1564 4751 1738 4806 omnia

207 4858 346 4926 luctus
391 4875 524 4928 sum,
558 4872 612 4915 ut
658 4875 836 4914 omnes
885 4854 1246 4925 lucrifacerem
1284 4848 1334 4920 (1
1359 4846 1482 4902 Cor.
1517 4863 1594 4913 ix,
1619 4844 1735 4914 2‘2),

209 4946 260 5001 de
292 4948 382 5004 isto
422 4965 632 5020 quoque
685 4950 804 5004 viro
843 4951 1020 5016 potest
1064 4942 1344 5012 aptissime
1391 4939 1497 4995 dici
1537 4938 1631 5009 qui
1677 4944 1736 4991 ut

209 5039 420 5097 omnibus
456 5043 644 5098 divina:
689 5037 911 5112 pietatis
946 5035 1181 5100 divitias,
1227 5046 1364 5104 quas
1390 5031 1502 5100 ipse
1527 5027 1739 5101 experi-

209 5138 365 5188 mento
379 5133 582 5198 didicit,
611 5128 1012 5204 pronuntiaret,
1041 5142 1183 5183 nunc
1217 5124 1437 5196 quidem
1464 5121 1622 5179 docet
1644 5134 1740 5177 eos

210 5231 347 5278 orare
365 5232 466 5282 tam
506 5241 600 5294 pro
623 5240 682 5282 se
727 5234 895 5293 quam
919 5233 1016 5288 pro
1041 5219 1180 5287 aliis,
1221 5213 1506 5288 proferens
1541 5216 1608 5272 ad
1634 5215 1740 5270 hoc

212 5311 316 5368 talia
355 5318 509 5372 verba
557 5333 672 5387 quae
723 5310 1043 5384 peritissimi
1100 5313 1302 5383 quique
1350 5316 1580 5377 possunt
1619 5305 1742 5377 plus

213 5404 366 5450 mirari
388 5424 540 5450 (lnam
573 5410 715 5450 Αἱριιι
751 5402 952 5450 imitari
978 5419 992 5450 :
1021 5419 1162 5450 mmo.
1200 5400 1510 5450 conﬁtendo
1537 5409 1593 5450 et.
1626 5410 1743 5450 οω-

1842 469 2096 524 rectionis
2121 477 2176 524 et
2217 471 2547 524 ascensionis
2597 470 2714 540 ejus
2749 471 3000 542 mysteria
3055 476 3236 528 studet
3275 489 3407 544 pan-

1841 560 2006 624 dere;
2060 575 2205 614 nunc
2251 561 2552 614 divinorum
2581 559 2911 628 judiciornm
2962 564 3312 619 subtilitatem
3351 573 3410 619 et

1838 648 2123 703 veritatem
2186 649 2534 718 pronuntiat;
2601 649 2871 704 interdum
2925 647 3138 717 judices
3192 653 3409 722 iniquos

1838 748 2110 793 ammonet
2139 749 2196 794 et
2219 741 2457 809 increpat
2481 755 2495 804 ;
2525 754 2666 794 nunc
2707 739 2904 794 divinae
2930 741 3144 810 pietatis
3171 743 3408 798 suavita-

1839 840 1946 884 tem
2002 845 2190 887 omnes
2235 841 2454 903 gustare
2521 832 2878 897 exhortatur;
2932 846 3076 888 nunc
3132 835 3408 902 sapientia:

1836 919 2032 976 divina:
2059 921 2460 976 inmensitalem
2496 920 2836 987 admiratur;
2884 923 3178 992 saepissime
3203 923 3268 977 ad
3296 923 3409 978 Iau-

1837 1009 2070 1064 dandum
2107 1011 2271 1064 Deum
2302 1010 2488 1066 ﬁdeles
2511 1026 2700 1067 omnes
2729 1010 2957 1075 invitat;
2987 1012 3256 1067 interdum
3279 1028 3406 1069 vero

1836 1101 2025 1169 quales
2054 1118 2172 1158 esse
2197 1103 2425 1159 debeant
2467 1104 2744 1158 laudantes
2803 1103 2967 1158 Deum
3017 1104 3255 1171 indicat;
3307 1105 3406 1160 alia

1835 1194 2055 1262 quando
2086 1194 2251 1249 etiam
2296 1195 2399 1250 lioc
2431 1194 2618 1266 pandit
2667 1195 2810 1265 quod
2851 1196 2992 1251 Deus
3013 1195 3216 1266 jugiter
3243 1213 3409 1269 super

1835 1297 1938 1336 nos
1960 1283 2234 1352 respiciat,
2261 1293 2318 1338 ut
2350 1284 2527 1338 rideat
2553 1284 2675 1354 quis
2694 1298 2762 1339 ex
2799 1285 2954 1338 nobis
2979 1299 3101 1338 eum
3128 1286 3404 1355 requirere

1834 1375 2081 1440 studeat;
2114 1389 2255 1444 saepe
2289 1391 2478 1431 omnes
2505 1375 2572 1430 ad
2610 1375 2775 1430 Deum
2799 1375 3170 1444 confugientes
3207 1391 3404 1432 conso-

1835 1465 1977 1520 latur
2005 1475 2115 1521 tam
2141 1468 2406 1536 separatis
2435 1482 2598 1536 quam
2624 1467 2887 1537 oppositis
2920 1467 3204 1522 sententiis
3236 1466 3405 1522 malo-

1835 1575 1952 1614 rum
1979 1569 2033 1614 et
2053 1561 2338 1626 bonorum,
2369 1575 2599 1630 quorum
2627 1559 2853 1615 alterum
2870 1557 2984 1626 jam
3013 1559 3212 1628 protuli
3237 1575 3252 1626 ;
3283 1559 3410 1616 alto-

1835 1667 1954 1708 rum
1980 1667 2106 1707 vero
2142 1651 2318 1708 adhuc
2347 1661 2619 1706 annuente
2645 1651 2754 1704 Deo
2780 1648 3077 1720 proferam.

2423 1741 2650 1797 CAPUT
2690 1739 2802 1794 Xll.

1839 1833 2039 1898 Quibus
2083 1832 2402 1902 psalmorum
2445 1832 2710 1886 settlettlits
2754 1839 3050 1902 peccatores
3091 1838 3386 1886 terreantur

1906 1924 2038 1979 Cum
2072 1925 2234 1995 igitur
2264 1925 2566 1988 tanivariis
2611 1924 2782 1978 modis
2809 1925 3092 1979 roboraret
3117 1931 3279 1992 atque
3305 1922 3407 1978 do-

1836 2024 1988 2070 ceret
2011 2029 2200 2070 onines
2237 2016 2289 2070 in
2315 2016 2418 2070 lide
2447 2014 2696 2080 stabiles,
2712 2015 3032 2069 recordatus
3053 2021 3139 2068 est
3162 2013 3328 2068 etiam
3352 2011 3410 2066 in

1836 2106 2042 2175 psalmo
2071 2108 2465 2176 septuagesimo
2495 2107 2731 2161 secundo
2759 2121 2947 2163 eorum
2998 2105 3094 2178 qui
3119 2105 3296 2161 adhuc
3315 2119 3407 2160 ve-

1836 2195 2134 2250 lutinlirini
2173 2195 2224 2251 in
2279 2195 2381 2251 lide
2419 2195 2852 2251 scandalizantur
2894 2195 3051 2254 facile
3086 2196 3167 2256 de
3191 2192 3412 2265 judiciis

1836 2286 2049 2340 divinis.
2097 2285 2388 2356 Postquam
2422 2287 2565 2341 enim
2613 2286 2746 2340 dixit
2787 2301 2853 2341 ex
2905 2301 3132 2357 persona
3181 2285 3410 2340 ﬁrmiter

1834 2380 2166 2436 credentium
2196 2397 2209 2434 :
2259 2378 2428 2445 Quam
2455 2379 2620 2436 bonus
2654 2377 2822 2432 [smel
2857 2377 2994 2433 Deus
3032 2379 3113 2433 his
3153 2379 3243 2449 qui
3268 2387 3408 2432 recto

1833 2483 1952 2527 sunt
1975 2471 2168 2527 corde!
2195 2486 2314 2526 mox
2339 2487 2405 2526 ex
2433 2485 2617 2525 eorum
2659 2484 2887 2540 persona
2916 2469 3018 2537 qui
3053 2470 3228 2525 adhuc
3256 2468 3407 2526 inllr-

1833 2572 2052 2617 mantnr
2085 2563 2138 2617 in
2174 2559 2279 2619 fide
2314 2560 2615 2630 solijungit,
2650 2559 2874 2613 dicens:
2913 2557 3018 2612 Mei
3048 2569 3224 2613 autem
3274 2575 3406 2629 pene.

1832 2656 1960 2709 moti
1988 2663 2110 2709 suut
2137 2654 2313 2723 pedes,
2339 2670 2468 2724 pene
2492 2652 2645 2723 effusi
2669 2662 2786 2705 sunt
2813 2666 3017 2720 gressus
3038 2650 3160 2716 mei,
3177 2651 3302 2721 quia
3322 2665 3406 2704 κο-

1833 2745 1942 2801 lavi.
1963 2762 2115 2815 super
2136 2745 2368 2816 iniquos,
2387 2760 2572 2813 pacem
2589 2752 2913 2813 peccaforunt
2940 2741 3148 2807 videns,
3164 2747 3294 2806 etc.,
3321 2738 3413 2796 bis

1834 2835 2030 2892 similia
2055 2851 2174 2905 qua:
2217 2835 2272 2890 in
2301 2834 2489 2890 eodem
2519 2832 2722 2902 psalmo
2767 2831 3134 2886 inveniuntur.
3173 2827 3231 2884 Si
3277 2843 3407 2882 vero

1835 2927 2032 2996 aliquis
2059 2926 2350 2984 contendat
2396 2923 2734 2980 Psalmistam
2773 2920 2900 2977 talia
2946 2920 3114 2975 verba
3143 2919 3316 2990 magis
3339 2931 3407 2973 ex

1834 3018 2051 3090 propria
2083 3033 2244 3088 quam
2282 3031 2348 3073 ex
2391 3014 2620 3072 aliorum
2645 3012 2843 3069 dixisse
2885 3024 3132 3082 persona,
3162 3007 3406 3064 attendat

1834 3109 2065 3180 qualiter
2110 3107 2236 3165 alibi
2278 3117 2712 3177 unumquemque
2758 3104 3052 3156 admonens
3096 3113 3257 3169 super
3303 3098 3408 3152 boc

1835 3216 2020 3258 errore
2049 3201 2232 3255 dicat:
2267 3198 2393 3254 Noli
2418 3195 2658 3255 wmulari
2691 3196 2744 3249 in
2770 3211 2828 3248 eo
2860 3194 2953 3263 qui
2988 3201 3325 3263 prosperatur
3352 3191 3410 3246 in

1834 3294 1915 3348 uia
1936 3304 2053 3354 sua,
2084 3292 2137 3346 in
2157 3291 2361 3345 homine
2381 3286 2901 3359 faeienteinjustitias
2924 3283 3109 3356 (Psal.
3122 3300 3300 3346 xxxvx,
3320 3284 3412 3352 7);

1834 3396 1931 3442 et:
1968 3385 2071 3452 Qui
2117 3384 2473 3454 malignantur
2532 3377 3057 3444 exterminabuntur;
3100 3378 3412 3432 sustinentes

1834 3492 2004 3536 autem
2035 3479 2310 3534 Dominum
2345 3477 2443 3546 ipsi
2473 3473 2852 3529 litersditabunt
2897 3482 3089 3526 terram
3120 3470 3310 3540 (lbid.,
3329 3469 3406 3540 9).

1835 3569 1999 3625 Multa
2027 3585 2242 3642 quoque
2267 3569 2352 3624 bis
2368 3567 2560 3622 similia
2592 3567 2644 3620 in
2668 3561 3132 3635 psalmisinveniri
3154 3570 3400 3631 possunt.

1909 3662 2014 3716 Sed
2042 3670 2095 3715 et
2127 3661 2178 3714 in
2203 3660 2304 3716 hoc
2333 3659 2464 3713 satis
2492 3665 2786 3712 excusatur
2815 3653 2900 3718 ab
2931 3651 3232 3721 hujusmodi
3270 3651 3405 3707 insi-

1836 3753 2035 3823 pientia
2066 3751 2208 3821 quod
2248 3751 2301 3806 in
2357 3742 2477 3804 luco
2524 3748 2757 3817 quodam
2787 3759 2846 3801 se
2897 3743 3144 3815 perhibet
3170 3741 3411 3798 devitarc

1835 3847 2010 3902 otiosa
2039 3845 2221 3907 verba,
2248 3843 2430 3898 dicens
2460 3841 2526 3896 ad
2556 3840 2841 3895 Dominum
2876 3855 2890 3891 :
2921 3835 3058 3902 ane-
3077 3849 3158 3888 me
3202 3833 3405 3888 exami-

1838 3938 2086 4001 nasti,.et
2134 3951 2238 3989 non
2279 3946 2352 3988 est
2404 3936 2611 3987 inventa
2648 3933 2702 3984 in
2749 3947 2828 3984 me
2877 3928 3159 3998 iniquitas;
3208 3935 3262 3980 ut
3303 3940 3407 3980 non

1838 4028 2083 4096 loquatur
2109 4043 2166 4080 os
2204 4042 2372 4081 meum
2400 4040 2555 4094 Opera
2585 4023 2858 4076 hominum
2887 4017 3061 4092 (Psal.
3101 4035 3226 4083 ut,
3245 4018 3300 4081 5,
3330 4017 3410 4087 4),

1838 4117 2065 4174 subaudi
2123 4130 2401 4187 pravorum
2448 4129 2538 4168 seu
2572 4109 2916 4182 quorumlibet
2958 4109 3247 4170 hominum,
3276 4121 3411 4176 quo-

1839 4224 1961 4264 rum
2003 4221 2170 4278 opera
2195 4205 2384 4270 multa,
2414 4203 2541 4259 licet
2581 4203 2688 4256 sint
2721 4198 3044 4263 necessaria,
3073 4212 3180 4252 non
3232 4206 3409 4252 tamen

1840 4299 2092 4356 convenit
2124 4295 2192 4353 de
2237 4296 2317 4352 eis
2361 4295 2589 4365 turpiter
2617 4292 2788 4362 loqui,
2811 4305 2878 4346 ne
2917 4288 3060 4344 forte
3086 4289 3248 4358 aliqui
3275 4289 3412 4343 irra-

1843 4390 2118 4450 tionabilia
2142 4387 2301 4444 verba
2324 4385 2602 4440 audientes
2618 4380 3073 4445 scandalizentur;
3092 4379 3234 4449 quod
3264 4377 3409 4432 enim

1842 4493 1997 4551 turpe
2020 4491 2104 4535 est
2133 4479 2333 4543 facere,
2382 4485 2535 4545 turpe
2579 4481 2663 4529 est
2701 4481 2757 4527 et
2806 4471 3006 4528 dicere.
3040 4470 3110 4525 Et
3151 4477 3209 4524 ut
3234 4468 3410 4522 adhuc

1840 4575 1982 4630 aliud
2007 4571 2375 4629 testimonium
2422 4567 2650 4624 inferam
2677 4565 2744 4621 ad
2785 4565 3150 4621 excusandum
3181 4559 3410 4618 Psalmi-

1841 4676 2001 4731 stam,
2041 4663 2281 4734 legamus
2319 4660 2516 4730 scripta
2569 4655 2817 4729 Apostoli
2837 4656 2956 4727 qui,
2999 4655 3126 4711 licet
3169 4653 3224 4708 in
3265 4649 3410 4706 omni

1841 4756 2124 4812 sanctitate
2167 4751 2384 4819 vixerit,
2436 4765 2502 4806 ex
2561 4755 2906 4819 peccatorum
2953 4753 3132 4800 tamen
3183 4757 3413 4814 persona

1842 4846 2007 4904 dixit:
2041 4842 2237 4912 Infelix
2260 4858 2352 4912 ego
2374 4842 2549 4903 homo,
2578 4839 2694 4909 quis
2720 4853 2801 4893 me
2830 4834 3068 4908 liberabit
3109 4834 3174 4888 de
3201 4845 3416 4901 corpore

1840 4937 2022 4992 mortis
2051 4936 2212 5005 hujus
2233 4934 2259 4987 .9
2286 4929 2470 4988 Gratia
2501 4929 2594 4983 Dei
2620 4945 2712 4999 per
2731 4927 2917 4983 Jcsum
2941 4923 3210 4980 Christum
3238 4921 3416 4974 Domi-

1845 5045 1967 5084 nium
1999 5036 2230 5080 nostrum
2260 5021 2431 5092 (Rom.
2465 5033 2560 5083 vn,
2581 5018 2677 5084 24,
2703 5016 2819 5090 25).
2851 5016 2928 5070 Ex
2952 5016 3149 5085 quibus
3168 5007 3416 5065 omnibus

1845 5117 2115 5189 colligitur
2140 5115 2263 5185 quia
2289 5111 2572 5169 Psalmista
2596 5109 2745 5165 nullo
2769 5107 2928 5163 modo
2954 5100 3255 5160 credendus
3274 5103 3414 5192 esba

1848 5210 1951 5265 lide
1981 5204 2206 5269 moveri,
2250 5219 2371 5258 cum
2398 5200 2594 5270 impios
2645 5215 2710 5256 ac
2737 5196 3029 5254 sceleratos
3076 5196 3314 5262 quosque
3361 5195 3418 5234 In

1849 5301 1950 5355 lioc
1983 5279 2181 5355 saeculo
2201 5294 2424 5348 vidisset
2450 5288 2779 5360 prosperari.

1912 5391 2032 5446 1am
2061 5387 2194 5446 satis
2225 5385 2430 5440 dictum
2451 5355 2546 5436 est
2566 5355 2837 5448 quomodo
2865 5369 3150 5426 Psalmista
3173 5355 3421 5414 console-
