3998 5450
565 331 664 385 ιτς

1555 316 1853 392 ὸτηιοιςι
1892 335 2194 392 nomen:
2234 337 2291 393 s.
2335 335 2752 394 EMMERAMMI

3707 333 3813 390 ιω

564 450 816 501 maneant
839 442 893 499 in
912 448 1191 514 peccatis;
1227 457 1368 499 nunc
1421 454 1600 500 autem
1632 446 1960 519 increpando
1993 462 2125 513 eos;
2153 450 2200 511 Α
2230 457 2368 514 sunt,
2393 448 2510 519 quis
2535 456 2708 503 noster
2742 445 3001 508 Dominus
3025 458 3095 507 est
3118 446 3145 500 1’
3171 442 3452 517 (Ibid.,5.)
3484 444 3617 515 Qua
3647 447 3814 503 verba

562 534 835 591 interdum
887 535 1049 592 etiam
1088 534 1296 590 orando
1345 543 1401 590 ut
1434 535 1517 591 vel
1562 537 1852 593 vindictam
1900 535 2135 592 debitam

565 625 851 695 recipiant,
877 624 960 681 vel
993 634 1182 681 contra
1207 624 1390 681 ﬁdeles
1415 627 1707 697 nequitiam
1738 642 1888 683 sitam
1916 628 2139 699 implere

563 726 861 786 nequeant.
894 713 1000 771 Sed
1030 714 1099 783 de
1131 713 1441 785 iniquorum
1484 717 1725 773 omnium
1752 718 1946 788 capite,
1973 718 2027 773 id
2055 727 2139 774 est

561 804 896 860 Autichristo
946 803 1194 874 inprimis
1240 804 1502 881 dicamus,
1527 806 1619 876 qui
1649 806 1776 862 licet
1798 806 1851 861 in
1893 806 2141 877 temporiv

560 894 663 949 bus
686 892 993 949 novissimis
1022 903 1282 955 venturus
1321 895 1406 956 sit,
1446 894 1735 953 Psalmista
1782 903 1961 950 tamen
1988 911 2137 951 more

560 1002 661 1042 suo
691 976 868 1041 futura
904 986 1060 1055 quasi
1085 987 1357 1056 praeterita
1388 1002 1618 1044 narrans
1641 987 1708 1042 de
1732 986 1823 1044 illo
1845 988 1898 1043 in
1929 988 2137 1058 psalmo

563 1090 724 1142 nono,
759 1076 999 1145 loquitur
1033 1078 1187 1147 quasi
1209 1078 1321 1148 jam
1349 1077 1606 1142 venisset,
1649 1078 1835 1134 dicens
1865 1079 2009 1134 inter
2031 1094 2137 1135 cae-

562 1177 720 1223 tera:
779 1166 903 1224 Non
942 1178 1016 1223 est
1059 1168 1203 1224 Deus
1240 1170 1297 1225 in
1350 1180 1626 1239 conspectu
1674 1170 1808 1240 ejus,
1851 1170 2136 1242 inquinatte

557 1272 680 1319 sunt
709 1263 804 1320 uite
832 1263 977 1318 illius
1003 1263 1059 1318 in
1085 1264 1228 1319 omni
1272 1274 1518 1334 tempore.
1568 1264 1898 1335 Auferuntur
1925 1266 2135 1336 judicia

558 1363 675 1421 tua,
699 1354 938 1420 Domine,
957 1373 987 1409 a
1014 1355 1150 1426 facie
1165 1355 1304 1426 ejus,
1320 1357 1551 1412 omnium
1572 1356 1902 1413 inimicorum
1922 1372 2137 1411 suorum

558 1445 932 1502 dominabitur.
968 1444 1115 1500 Dixit
1142 1446 1278 1500 enim
1302 1446 1354 1500 in
1376 1448 1531 1501 corde
1571 1462 1689 1512 suo,
1722 1462 1827 1503 non
1848 1446 2084 1503 movebar
2103 1463 2136 1501 a

557 1536 890 1609 generatione
920 1537 981 1594 in
1015 1538 1399 1608 generationem
1426 1538 1539 1607 sine
1570 1537 1730 1593 malo.
1775 1536 1942 1608 Cujus
1970 1536 2137 1592 male-

558 1628 791 1685 dictione
814 1644 871 1683 os
888 1627 1097 1696 plenum
1116 1639 1191 1683 est
1218 1639 1265 1682 et
1287 1628 1641 1683 amaritudine
1675 1637 1725 1682 et
1752 1627 1896 1693 dolo,
1922 1627 2017 1682 sub
2037 1626 2136 1683 lino

558 1735 663 1790 gua
716 1720 828 1791 ejus
875 1719 1026 1776 labor
1074 1729 1123 1775 et
1169 1720 1342 1775 dolor.
1401 1720 1533 1775 ltem
1592 1720 1644 1775 in
1707 1734 1938 1791 persona
1990 1712 2134 1791 Doég

2239 539 2508 611 superbiae
2544 552 2763 595 sensum
2797 536 2956 592 talem
2994 536 3246 592 videntur
3288 536 3525 592 habere:
3550 535 3816 593 Peritiam

2240 636 2447 687 tantam
2474 642 2542 683 es
2572 624 2757 683 labore
2788 634 2976 682 nostro
3004 625 3391 696 acquisivimus
3410 664 3425 692 ,
3452 629 3512 680 ut
3540 633 3595 682 et
3623 626 3822 696 dispm
3886 651 3891 655 -

2239 718 2428 776 talioni
2449 718 2645 774 divinae
2669 717 2935 788 possinms
2968 716 3316 786 respondere.
3351 715 3601 771 Dicentes
3630 716 3816 772 enim:

2240 811 2372 879 Quis
2407 820 2582 867 noster
2603 808 2861 864 Demittus
2901 818 3000 874 est,
3046 808 3341 865 ostendunt
3381 820 3442 861 se
3468 806 3725 862 dubitare
3751 806 3822 861 de

2237 908 2501 962 immensa
2535 903 2629 959 Dei
2657 903 2878 959 virtute.
2921 900 3071 956 Talia
3099 908 3279 955 autem
3312 900 3373 953 in
3387 899 3561 965 corde,
3583 908 3632 952 et
3657 899 3823 953 corde

2238 998 2551 1068 loquuntur,
2576 1009 2688 1051 non
2724 991 3066 1049 attendentes
3086 991 3209 1061 quia
3240 1000 3493 1046 scrutatis
3535 997 3623 1045 est
3646 989 3827 1047 corda

2235 1098 2291 1146 et
2312 1085 2622 1144 renesDeus
2641 1082 2815 1157 (Psal.
2837 1081 3064 1152 "1.10).
3092 1081 3199 1138 Sed
3223 1082 3321 1138 uiri
3339 1081 3508 1138 dolosi
3528 1098 3633 1136 non
3654 1081 3823 1135 dimi-

2235 1178 2454 1234 diabunt
2483 1178 2594 1232 dies
2628 1191 2752 1231 suos
2787 1172 2962 1242 (Psal.
2993 1172 3123 1242 uv).
3156 1172 3220 1226 Et
3248 1172 3453 1242 sagittae
3474 1171 3830 1242 parvulorum

2236 1270 2392 1339 facta
2411 1276 2533 1323 sunt
2557 1265 2725 1337 μιαρῶν
2740 1260 3107 1334 eorum(Psal.
3132 1277 3289 1327 um,
3318 1261 3404 1333 8);
3429 1262 3555 1332 quia
3584 1261 3639 1316 in
3664 1270 3823 1315 tanta

2236 1359 2546 1431 arrogantia
2577 1365 2632 1413 et
2673 1354 2924 1427 superbia
2960 1353 3129 1425 positi
3172 1367 3315 1424 sazpe
3365 1361 3496 1409 ante
3541 1361 3823 1407 maturam

2236 1460 2448 1507 aetatem
2479 1448 2760 1505 subitanea
2792 1455 2966 1503 morte
3013 1445 3316 1517 rapiuntur,
3356 1453 3412 1501 et
3462 1453 3589 1500 tunc
3637 1444 3825 1499 omnis

2235 1556 2423 1599 eorum
2447 1542 2760 1616 disputatio,
2805 1556 2967 1610 quam
3010 1540 3373 1596 invincihilem
3400 1539 3716 1603 credebant,
3754 1539 3827 1592 ad

2235 1635 2464 1692 nihilum
2492 1634 2642 1690 velut
2681 1632 2966 1688 infantium
3008 1639 3102 1687 aut
3128 1630 3497 1701 insipientium
3525 1628 3827 1701 garrulitas

2238 1729 2454 1784 redacta
2508 1727 2564 1782 in
2610 1723 3013 1781 damnationem
3062 1737 3250 1778 eorum
3304 1725 3574 1787 vertitur,
3631 1722 3827 1791 sicque

558 1809 731 1881 (l’sal.
774 1827 829 1879 χ,
887 1810 944 1878 5,
987 1812 1046 1883 7)
1074 1811 1285 1867 Idumaei
1324 1811 1701 1883 persequentis
1736 1827 1794 1867 se
1847 1810 2131 1867 Psalmista
2165 1801 2206 1860 Β
2233 1817 2538 1890 completur
2565 1816 2620 1871 in
2653 1814 2735 1871 eis
2763 1814 2907 1884 quod
2932 1812 3219 1869 Psalmista
3252 1812 3379 1867 alibi
3416 1813 3483 1867 de
3506 1811 3709 1868 talibus
3743 1821 3835 1868 ten

560 1902 809 1958 eumdem
839 1902 1234 1959 Antichristum
1274 1903 1430 1973 quasi
1469 1911 1786 1974 praesentem
1826 1902 2131 1974 alloquitur,

555 1996 743 2051 dicens
787 1994 841 2050 in
872 1994 1319 2065 quinquagesimo
1362 1995 1538 2065 primo
1574 1994 1816 2066 psalmo:
1855 1993 1997 2059 Quid
2023 1992 2137 2064 glo-

556 2087 715 2142 riaris
740 2089 796 2143 in
822 2088 1049 2152 malitia,
1078 2089 1167 2159 qui
1191 2098 1375 2158 potens
1403 2104 1457 2142 es
1478 2088 1533 2141 in
1550 2084 1865 2156 iniquitate?
1894 2084 2025 2141 Tata
2049 2084 2137 2139 die

557 2180 879 2250 injustitiam
916 2180 1161 2250 cogitavit
1183 2179 1365 2249 lingua
1400 2193 1495 2235 tua
1526 2176 1701 2251 (Psal.
1743 2194 1818 2244 ω,
1850 2179 1903 2244 5,
1927 2177 2004 2249 4).
2036 2175 2135 2232 Hic

556 2268 724 2338 igitur
742 2270 796 2324 in
817 2278 1077 2341 quantam
1105 2269 1369 2324 malitiam
1392 2280 1448 2325 et
1474 2270 2135 2341 superhiamprolapsurus

558 2360 654 2426 sit,
681 2369 788 2416 tam
840 2376 907 2417 ex
943 2376 1106 2432 supra
1138 2362 1293 2417 dictis
1330 2361 1628 2419 Psalmistte
1672 2364 1855 2420 verbis
1877 2378 2040 2433 quam
2067 2377 2136 2417 ex

559 2453 713 2511 Pauli
757 2454 991 2525 apostoli
1038 2455 1251 2526 scriptis
1279 2457 1497 2526 agnosci
1532 2456 1707 2533 valet,
1745 2456 1798 2511 in
1847 2453 2041 2525 quibus
2066 2454 2136 2509 de

556 2546 677 2619 ipso
723 2548 797 2603 ita
822 2546 1018 2619 legitur
1042 2565 1062 2602 ξ
1092 2548 1198 2614 Qui
1242 2548 1554 2603 adversatur
1592 2558 1641 2602 et
1680 2535 1949 2603 extollitur
1973 2562 2136 2616 supra

557 2654 710 2695 omne
736 2640 875 2711 quod
902 2640 1099 2694 dicitur
1122 2639 1263 2694 Deus
1307 2649 1397 2693 aut
1432 2639 1571 2710 quod
1612 2639 1820 2701 colitur,
1870 2639 1945 2692 ita
1991 2647 2045 2691 ut
2079 2637 2134 2691 in

520 2730 747 2798 ,temglo
792 2730 895 2786 Dei
941 2732 1142 2796 sedeat,
1190 2730 1463 2786 ostendens
1513 2748 1569 2785 se
1617 2740 1866 2801 tanquam
1903 2730 1969 2784 sit
1998 2728 2136 2783 Deus

562 2820 645 2890 (ll
678 2820 857 2876 Thess.
891 2837 954 2886 ιι,
985 2821 1064 2892 4).
1097 2820 1224 2877 Huic
1271 2837 1399 2893 ergo
1425 2822 1533 2877 sint
1558 2822 1696 2876 dicta
1725 2822 1792 2877 de
1831 2821 2136 2890 iniquorum

563 2912 803 2967 cmuium
835 2912 1028 2982 capite,
1058 2928 1190 2978 non,
1236 2924 1296 2967 ut
1320 2912 1495 2981 ipsum
1523 2912 1808 2968 credamus
1839 2910 1951 2966 ullo
1979 2911 2138 2967 modo

562 3005 944 3059 deterrendum
995 3013 1090 3058 aut
1137 3004 1192 3058 in
1239 3003 1431 3059 melius
1468 3004 1914 3067 convertendum,
1956 3002 2053 3058 sed
2081 3012 2140 3057 ut

562 3094 636 3149 illi
690 3096 781 3166 qui
831 3096 1007 3151 adhuc
1059 3095 1113 3150 in
1158 3093 1365 3149 malitia
1416 3110 1513 3151 sua
1565 3103 1974 3165 perseverantes
2021 3094 2139 3165 ejus

2230 1917 2427 1975 statur,
2471 1908 2659 1963 dicens
2695 1921 2717 1960 :~
2749 1902 2999 1959 Gladium
3045 1904 3448 1975 eoaginauerunt
3492 1913 3828 1973 peccatores,

2233 2001 2561 2056 intenderunt
2591 2013 2774 2053 arcum
2819 2012 2996 2062 suum,
3047 2005 3105 2050 ut
3142 1994 3404 2063 decipiant
3450 2009 3735 2064 pauperem
3773 2002 3824 2048 et

2233 2090 2461 2160 inopem,
2498 2100 2551 2143 ut
2581 2086 2843 2142 trucident
2870 2095 3036 2140 rectos
3063 2084 3240 2139 corde.
3264 2082 3497 2139 Gladius.
3514 2098 3702 2136 eorum
3741 2084 3827 2137 in-

2234 2193 2332 2238 tret
2380 2182 2435 2237 in
2479 2180 2639 2236 corda
2698 2180 2953 2251 ipsorum,
3002 2193 3160 2232 arcus
3213 2191 3398 2231 eorum
3442 2174 3825 2245 confringatur

2235 2275 2410 2348 (I‘sal.
2443 2290 2632 2341 xxxvi,
2665 2270 2753 2338 {4,
2779 2271 2891 2341 l5).
3810 2302 3819 2341 ;

2232 2384 2256 2423 r
2307 2368 2432 2424 llazc
2466 2367 2629 2439 igitur
2657 2365 2911 2437 quoniam
2960 2363 3103 2419 dicta
3153 2369 3279 2418 sunt
3328 2360 3396 2415 de
3442 2358 3550 2425 his,
3586 2372 3825 2429 quorum

2235 2462 2413 2533 lingua
2447 2468 2533 2515 est
2577 2456 2730 2529 quasi
2759 2454 2971 2526 gladius
2999 2461 3209 2517 acutus,
3237 2451 3437 2522 quique
3465 2448 3603 2504 alios
3619 2448 3829 2503 dolosis

2236 2553 2524 2608 verborum
2554 2548 2750 2621 jaculis
2775 2544 3104 2604 confundere
3133 2544 3330 2608 solent,
3369 2555 3494 2596 mox
3528 2538 3825 2594 Psalmista

2237 2643 2534 2715 subiungit,
2588 2636 3030 2697 dieens:Melius
3081 2645 3158 2691 est
3206 2634 3465 2691 modicum
3484 2632 3640 2703 justo
3668 2645 3829 2701 super

2236 2738 2447 2793 divitias
2476 2742 2810 2807 peccatorum
2831 2730 3023 2786 multas
3045 2728 3233 2801 (lbid.,
3266 2727 3395 2797 lli):
3420 2741 3516 2795 per
3546 2725 3653 2779 hoc
3672 2723 3830 2807 aride-

2237 2832 2365 2887 licet
2398 2830 2675 2885 insinuans
2696 2841 2915 2899 parvam
2948 2821 3246 2895 spiritualis
3273 2819 3549 2890 sapientia:
3574 2797 3826 2871 notitiam

2237 2922 2516 2977 meliorem
2565 2933 2686 2975 esse
2724 2930 2885 2988 quam
2941 2912 3290 2983 multiplicem
3341 2907 3621 2965 saecularis
3695 2920 3827 2977 pru-

2239 3013 2436 3068 dentia:
2462 3009 2778 3073 versutiam,
2805 3021 2925 3077 qua:
2949 3019 3048 3075 pro
3071 3003 3275 3059 divitiis
3300 3000 3558 3056 maximis
3579 2998 3830 3068 diligitur

2240 3120 2269 3158 a
2297 3103 2562 3173 pluribus.
2588 3100 2714 3156 Ideo
2742 3109 2923 3153 autem
2956 3094 3262 3165 hujusmodi
3293 3092 3546 3148 homines
3587 3088 3831 3160 appellat

563 3186 806 3242 membra
831 3198 955 3242 sunt
984 3188 1364 3243 deterreantur
1388 3197 1462 3254 et,
1486 3202 1610 3243 cum
1643 3195 1853 3258 tempus
1879 3186 1953 3243 sit
1976 3185 2139 3242 mise-v
2165 3156 2210 3218 δ
2241 3156 2575 3267 ρέεεαιοιεθε,
2610 3191 2740 3262 quia
2788 3189 3022 3244 maxime
3066 3195 3294 3256 peccant
3337 3183 3429 3253 qui
3478 3180 3829 3252 prudentiam

564 3278 739 3342 rendi,
772 3278 837 3332 ad
875 3277 1580 3333 Christumeouvertantur.
1661 3304 1673 3318 ο

632 3366 757 3424 Jam
772 3367 1006 3423 diximus
1036 3368 1104 3424 de
1140 3368 1447 3439 iniquorum
1487 3370 1727 3426 omnium
1768 3368 1964 3441 capite,
1993 3368 2140 3426 dica-

562 3475 685 3517 mus
721 3476 868 3517 nunc
918 3463 987 3517 de
1027 3452 1145 3531 ejus
1194 3456 1799 3535 membris,‘quomodo
1842 3463 2141 3519 Psalmisttu

561 3563 874 3609 terreantur
912 3552 1294 3609 verbisz'Non
1327 3565 1601 3626 resurgunt
1636 3555 1784 3626 impii
1825 3557 1880 3610 in
1906 3554 2137 3625 judicio,

563 3661 725 3715 neque
765 3655 1059 3715 peccatores
1101 3646 1157 3699 in
1203 3647 1421 3701 consiin
1444 3647 1715 3715 justornm
1760 3644 1933 3717 (Psal.
1974 3662 2013 3710 ι,
2061 3645 2138 3714 5).

564 3733 696 3791 Filii
721 3736 1295 3807 Itominum,usquequo
1322 3737 1469 3807 gravi
1488 3737 1661 3801 corde,
1685 3745 1743 3789 ut
1770 3735 1896 3807 quid
1923 3734 2141 3804 diligitis

560 3829 843 3882 vanitatem
870 3836 916 3883 et
940 3827 1173 3897 qua-ritis
1199 3827 1567 3880 mendacium?
1597 3826 1768 3897 (Psal.
1796 3842 1868 3892 tv,
1898 3826 1978 3897 ὅ.)
2001 3826 2142 3881 Deus

560 3919 727 3988 judea:
747 3918 949 3987 justus,
988 3917 1141 3985 fortis
1188 3927 1237 3971 et
1265 3918 1491 3987 patiens,
1522 3917 1625 3974 nisi
1659 3919 1891 3974 conversi
1911 3918 2139 3987 fueritis,

564 4009 804 4080 gladium
834 4025 990 4063 suum
1016 4008 1260 4075 oibrabit,
1284 4025 1469 4064 arcum
1512 4026 1665 4065 suum
1706 4010 2023 4076 tetendit,“
2051 4026 2144 4080 pa-

565 4103 699 4157 ravit
722 4100 874 4156 illum
900 4099 1072 4175 (Psal.
1104 4118 1200 4167 vn,
1231 4101 1318 4168 l2,
1371 4103 1481 4173 l5).
1526 4102 1706 4157 Virum
1752 4104 2071 4174 sanguinum
2094 4113 2142 4158 et

567 4192 810 4249 dolosum
840 4193 1226 4249 abominabitur
1260 4193 1515 4248 Dominus
1550 4192 1724 4264 (Psal.
1747 4209 1798 4258 v,
1826 4194 1901 4266 7).
1927 4193 2141 4264 Disper-

567 4289 658 4342 dat
683 4287 942 4342 Dominus
963 4287 1205 4341 universa
1221 4286 1364 4341 labia
1390 4286 1595 4355 dolosa,
1632 4286 1864 4356 linguam
1890 4286 2146 4356 niagnilov

567 4396 725 4453 quam
755 4378 928 4451 (Psal.
957 4388 1034 4441 xl,
1058 4378 1157 4451 i).'
1190 4377 1299 4433 Viri
1319 4380 1635 4451 sanguinum
1675 4389 1725 4434 et
1755 4368 1925 4433 dolosi
1946 4395 2049 4433 non
2072 4378 2145 4432 di-

2233 3286 2448 3349 ‘caruis,
2485 3296 2606 3354 qua:
2651 3280 2948 3335 secundum
3003 3274 3320 3347 Apostolum
3361 3279 3661 3335 mors‘est,
3705 3270 3831 3341 plus

2242 3392 2404 3450 quam
2444 3387 2665 3432 necesse
2695 3371 2768 3427 sit
2822 3377 3027 3425 amant.
3078 3366 3248 3421 Tanta
3301 3377 3537 3439 namque
3572 3361 3829 3431 superbia

2241 3469 2321 3524 eis
2354 3464 2547 3522 exinde
2568 3463 2764 3527 oritur,
2792 3470 2852 3516 ut
2880 3470 3075 3516 cuncta
3102 3456 3239 3528 legis
3272 3455 3471 3511 divinae
3495 3461 3704 3512 statuta
3735 3459 3831 3505 aut

2240 3560 2643 3630 blasphemare,
2666 3563 2760 3610 aut
2797 3567 2897 3624 pro
2925 3550 3094 3606 nihilo
3124 3555 3442 3619 computare
3468 3552 3827 3616 praesmnant,

2243 3652 2396 3723 quasi
2440 3666 2547 3705 non
2610 3649 2721 3704 sint
2776 3654 2940 3700 tanta:
2982 3643 3283 3713 sapientiae,
3335 3648 3603 3708 tantarque
3651 3634 3832 3707 perfa

2244 3744 2439 3800 etionis
2462 3751 2518 3797 ut
2542 3742 2735 3797 merito
2759 3739 2990 3795 debeant
3009 3734 3306 3791 observari.
3331 3732 3438 3787 Pro
3451 3745 3555 3802 qua
3572 3730 3827 3784 nimirum

2243 3833 2495 3905 superbia
2543 3832 2688 3887 idem
2734 3844 2877 3900 saepe
2907 3827 3129 3898 quidem
3172 3833 3469 3896 peccatores
3485 3839 3523 3885 ,2
3550 3822 3827 3876 interdum

2242 3942 2372 3981 vero
2406 3925 2503 3979 viri
2546 3922 2862 3993 sanguinum
2903 3929 2952 3974 et
2994 3917 3167 3972 dolosi
3209 3914 3552 3985 appellantur
3589 3928 3623 3966 a
3679 3910 3831 3966 Psal.

2243 4018 2425 4074 mista.
2454 4013 2742 4086 Apostolus
2765 4027 2979 4083 quoque
3002 4009 3198 4066 similia
3230 4009 3295 4063 de
3315 4006 3557 4076 ejusdem
3579 4004 3828 4075 prudeno

2247 4111 2389 4167 tibus
2420 4107 2609 4172 refert,
2641 4106 2863 4162 dicens:
2899 4103 3039 4170 Quia
3086 4117 3207 4156 cum
3232 4100 3592 4170 cognovissent
3634 4096 3827 4163 Deum,

2246 4214 2346 4255 nou
2395 4200 2527 4253 sicut
2559 4197 2724 4250 Deum
2751 4192 3201 4265 gloriﬁcaverunt,
3250 4198 3342 4243 aut
3370 4188 3572 4260 gratias
3604 4195 3831 4255 egerunt

2245 4296 2423 4368 (Rom.
2456 4309 2494 4361 ι,
2523 4292 2639 4364 2|),
2667 4300 2774 4347 etc.
2799 4289 2869 4345 In
2895 4286 3118 4343 circuitu
3150 4285 3300 4356 impii
3351 4281 3625 4338 ambulant
3653 4280 3829 4354 (Psal.

2236 4390 2322 4450 ἀει,
2347 4386 2425 4456 9).

569 4475 865 4528 midinbunt
909 4475 1019 4528 dies
1060 4490 1182 4529 suos
1211 4471 1383 4543 (Psal.
1415 4489 1528 4539 LIV,
1550 4471 1666 4544 24).
1700 4470 1832 4526 Filii
1876 4471 2143 4525 hominum
2179 4510 2222 4568 ο
2319 4476 2432 4542 Qua
2465 4471 2735 4530 sententia
2788 4475 3087 4540 arguuntur
3127 4482 3234 4522 non
3280 4465 3458 4523 solum
3494 4464 3555 4520 hi
3596 4464 3692 4535 qui
3735 4478 3831 4536 per

570 4568 750 4620 dentes
782 4582 962 4620 eorum
983 4581 1132 4619 arma
1157 4574 1206 4620 et
1232 4566 1445 4635 sagina,
1471 4573 1520 4619 et
1543 4565 1720 4634 lingua
1744 4579 1923 4619 eorum
1937 4562 2146 4634 gladius
2179 4558 2214 4568 ν
2248 4568 2362 4624 loca
2393 4566 2543 4637 plura
2571 4571 2830 4634 vagantes
2857 4562 2913 4617 in
2938 4559 3315 4630 temporalium
3340 4573 3527 4613 rerum
3564 4558 3832 4613 varietate

568 4666 757 4711 acutus
793 4654 966 4728 (Psal.
994 4670 1106 4721 LVI,
1136 4655 1213 4727 5).
1238 4653 1456 4725 Sagitta:
1475 4657 1817 4725 parvulorum
1846 4654 2003 4725 facta!
2027 4664 2148 4708 sunt
2249 4662 2493 4731 undique
2536 4664 2808 4730 qumrunt,
2843 4653 3116 4724 quomodo
3142 4642 3403 4723 voluptati
3451 4664 3567 4705 sua:
3611 4648 3833 4705 satisfa—

571 4747 742 4818 plaga:
775 4762 956 4802 eorum
1003 4755 1051 4801 et
1110 4745 1394 4815 inﬁrmata:
1425 4754 1545 4800 sunt
1593 4756 1775 4801 contra
1819 4762 1907 4800 eos
1958 4745 2149 4817 lingua:
2240 4753 2427 4814 'ciaut;
2457 4750 2551 4805 sed
2580 4748 2743 4803 etiam
2767 4746 2821 4801 hi
2851 4744 2942 4815 qui
2984 4743 3037 4799 in
3084 4758 3191 4798 uno
3218 4742 3338 4797 loco
3366 4741 3530 4796 otiosi
3564 4740 3830 4802 existunt.

571 4846 751 4893 eorum
770 4838 943 4911 (Psal.
966 4854 1117 4905 um,
1139 4837 1215 4907 8).
1240 4836 1445 4905 Quibus
1475 4838 1755 4893 sententiis
1780 4837 1902 4892 licet
1926 4850 2149 4908 generat
2250 4841 2493 4909 nihilque
2532 4836 2677 4892 aliud
2705 4834 2807 4890 nisi
2833 4832 3067 4890 circuire
3095 4840 3152 4887 et
3192 4831 3368 4887 visere
3408 4830 3638 4885 aliorum
3668 4842 3833 4900 opera

569 4931 698 4987 liter
717 4931 1113 5007 oiunes'inlqua
1173 4929 1451 4999 loquentes
1484 4928 1865 4999 corripiantur,
1905 4927 2152 4997 speciali-
2251 4932 2487 4985 student.
2546 4928 2853 4982 Inveniatur
2892 4939 3084 5007 manus
3134 4931 3247 4989 tua,
3295 4920 3541 4986 Domine,
3593 4922 3834 4995 erunibus

567 5028 661 5066 'm-
685 5016 863 5066 ιηηζιιη
897 5022 942 5066 εἰ
988 5024 1077 5066 nni
1120 5022 1257 5068 Antig
1310 5030 1541 5068 versian
1573 5021 1795 5068 ratinnis
1820 5029 2046 5070 utuntur
2082 5019 2146 5070 ad
2249 5020 2474 5070 inimicis
2505 5017 2627 5070 tuis.
2656 5015 2881 5070 Dextera
2918 5025 3010 5067 tua
3045 5012 3273 5067 inveniat
3312 5026 3489 5065 omnes
3518 5010 3610 5070 qui
3637 5020 3689 5062 te
3712 5009 3836 5062 ode-
