3998 5450
189 356 276 410 181

1265 354 1392 411 LIB.
1434 355 1523 410 DE
1557 355 1786 412 CUllSU
1825 356 2231 413 SPIBITUALI.

3331 356 3432 412 48!.

181 471 320 525 Ecce
350 483 522 538 quam
563 482 702 538 saepe
730 467 963 538 loquitur
987 466 1267 523 Psalmista
1305 477 1492 524 contra
1521 467 1754 530 dolosos,
1788 468 1836 530 Α
1863 469 2290 540 improperiorum
2343 478 2570 534 tuorum,
2622 484 2800 524 eorum
2872 484 2988 541 quat
3035 469 3100 523 ab
3159 469 3431 539 insipiente

183 575 324 616 nunc
355 559 711 622 deterrendo,
759 573 900 612 nunc
925 559 1149 613 orando.
1179 560 1310 615 Orat
1348 560 1513 616 etiam
1555 573 1620 613 ue
1650 560 1761 627 ipse

183 659 343 704 tanta:
393 651 652 719 nequitias
688 649 894 720 laqueis
948 652 1370 721 constringatur,
1403 651 1625 706 dicens:
1654 650 1761 704 Do-

182 743 333 804 mine,
366 741 537 795 libera
561 743 790 795 animam
812 759 976 796 meam
999 760 1030 796 a
1057 743 1210 796 labiis
1231 743 1420 811 iniquis
1445 752 1492 794 et
1520 759 1552 795 a
1577 741 1757 811 lingua

180 833 358 886 dolosa
395 831 578 903 (Psal.
607 849 753 894 ουκ,
775 833 861 902 2);
893 841 947 887 et
977 851 989 887 :
1033 831 1154 886 Non
1182 833 1407 887 declines
1462 849 1552 886 cor
1592 848 1759 885 meum

182 924 232 974 in
260 922 414 974 verba
439 923 664 975 malitia:
685 920 853 993 (Psal.
881 938 1002 986 cn,
1025 922 1100 992 4).
1127 921 1304 986 Unde,
1326 937 1529 991 quasso,
1565 921 1760 978 fratres

178 1013 517 1076 charissimi,
543 1014 806 1068 abstinete
842 1014 909 1068 ab
952 1012 1254 1080 huiusmodi
1305 1013 1610 1082 pravitate:
1637 1027 1758 1064 nam

182 1121 316 1160 mors
339 1115 388 1158 et
413 1106 520 1158 vita
554 1106 609 1157 in
634 1105 874 1159 manibus
919 1104 1115 1174 lingua:
1149 1100 1329 1174 (Prov.
1364 1118 1519 1166 xvm,
1549 1101 1660 1171 21).
1694 1103 1762 1156 Et

181 1198 221 1250 si
270 1198 322 1250 in
354 1198 515 1252 vobis
554 1198 622 1252 sit
669 1198 862 1267 aliquis
907 1198 958 1252 in
1001 1197 1279 1251 dialectica
1319 1195 1546 1264 peritus.
1579 1203 1761 1247 utatur

180 1305 235 1342 ea
255 1289 401 1344 sicut
431 1289 638 1344 milites
663 1290 784 1344 boni
809 1290 1000 1359 gladiis
1023 1288 1310 1344 soleotuti.
1335 1287 1592 1356 Quamvis
1613 1288 1757 1342 enim

181 1393 354 1432 secum
401 1377 608 1447 iugiter
647 1389 862 1448 portent
903 1378 1162 1449 gladium,
1193 1387 1390 1433 norunt
1427 1386 1602 1432 tamen
1633 1393 1756 1431 eum

184 1485 278 1522 non
311 1470 415 1524 nisi
441 1480 633 1522 contra
660 1471 840 1525 hostes
860 1470 1278 1525 extendendum.
1302 1468 1394 1524 Sic
1414 1477 1468 1523 et
1488 1468 1754 1524 dialectici

184 1559 231 1612 in
257 1561 440 1613 subtili
467 1571 524 1615 et
549 1571 928 1632 argumentosa
957 1563 1166 1616 ratione
1194 1560 1378 1616 facere
1417 1559 1615 1614 debent
1641 1560 1758 1613 nul-

184 1653 282 1704 lu‘n
322 1653 706 1718 domesticum,
754 1654 805 1708 id
850 1662 931 1708 est
969 1653 1180 1708 ﬁdelem
1210 1663 1264 1707 et
1291 1651 1616 1720 simplicem,
1662 1651 1757 1706 sed

185 1760 342 1798 sacrae
384 1745 511 1800 ﬁdei
562 1746 768 1809 hostes,
801 1747 902 1800 hoc
942 1755 1044 1808 est,
1097 1745 1382 1800 btereticos
1421 1745 1756 1799 solummodo

1863 572 1982 616 sunt
2009 571 2117 615 tota
2155 562 2256 615 die.
2308 559 2389 614 Ne
2429 561 2750 616 obliviscaris
2779 578 2922 615 voces
2953 562 3281 616 inimicorum
3309 572 3431 616 tuo-

1863 654 2270 722 rum,‘snperbia
2297 669 2475 706 eorum
2506 655 2593 723 qui
2626 666 2673 705 te
2701 653 2942 717 oderunt,
2973 653 3206 707 ascendit
3229 669 3432 723 semper

1864 745 2036 818 (Psal.
2063 761 2250 809 LXXIII,
2275 745 2494 815 $22.25).
2523 745 2730 799 Inimici
2760 746 2968 799 Domini
2992 746 3191 799 mentiti
3211 755 3332 800 sunt
3359 748 3426 810 ei,

1861 848 1908 892 et
1939 837 2034 891 erit
2058 848 2256 905 tempus
2281 851 2459 888 eorum
2490 837 2541 888 in
2571 835 2761 889 stvcula
2791 834 2963 904 (Psal.
2991 853 3154 901 Lxu,
3182 835 3426 907 16).]nio

1862 929 1984 982 mici
2011 927 2217 981 Domini
2248 926 2499 980 dicuntur
2517 926 2606 995 qui
2636 927 2688 980 in
2713 925 2975 996 baptismo
2989 927 3430 984 abrenuntiantes

1861 1017 2073 1072 diabolo
2100 1027 2153 1072 et
2182 1017 2390 1086 pompis
2418 1015 2533 1084 eius
2555 1026 2738 1086 postea
2760 1020 3110 1084 mentiuntur,
3133 1028 3187 1073 et
3215 1019 3426 1080 nullam

1859 1125 1956 1180 pro
1984 1112 2085 1166 hoc
2113 1113 2483 1181 paenitentiam
2513 1120 2731 1182 gerunt,
2761 1127 2989 1182 quorum
3019 1123 3216 1182 tempus
3241 1115 3340 1170 erit
3375 1117 3430 1170 in

1858 1203 2072 1266 siuuula,
2094 1203 2220 1272 quia
2248 1204 2442 1258 dicitur
2467 1204 2546 1258 eis
2573 1204 2851 1274 iuiudicio
2869 1223 2877 1256 :
2897 1204 2976 1259 lte
3004 1206 3056 1258 in
3080 1206 3248 1276 ignem
3275 1218 3426 1262 cetera

1860 1291 2225 1362 num(tllattli.
2279 1308 2406 1358 xxv,
2435 1290 2545 1363 41).
2580 1291 2770 1347 Omnes
2810 1293 3065 1364 principes
3111 1311 3311 1360 eorum,
3339 1299 3429 1366 qui

1857 1383 2099 1436 dixerunt
2129 1398 2147 1436 :
2180 1381 2501 1438 [hereditate
2543 1384 2898 1454 possideamus
2945 1387 3302 1439 sanctuarium
3334 1388 3430 1442 Dei

1858 1471 2029 1544 (Psal.
2064 1489 2266 1539 Lxxxn,
2297 1475 2406 1545 15),
2437 1475 2488 1529 id
2529 1485 2612 1531 est
2657 1477 3000 1533 destruamus
3029 1479 3112 1533 vel
3143 1487 3430 1550 pet-sequo;

1858 1580 1979 1618 mur
2008 1565 2255 1620 homines
2286 1574 2523 1630 sanctos,
2554 1568 2644 1637 qui
2685 1577 2810 1622 sunt
2859 1569 3111 1639 templum
3147 1569 3259 1624 Dei.
3290 1571 3430 1629 Deus.

1855 1671 2030 1720 meus,
2064 1655 2346 1725 pone-illos
2377 1669 2431 1710 ut
2464 1669 2650 1725 rotam,
2684 1660 2786 1713 hoc
2836 1669 2920 1714 est
2947 1662 3197 1730 permitte
3225 1661 3342 1716 illos
3374 1663 3428 1717 in

1857 1748 2060 1803 malitia
2104 1758 2159 1803 et
2203 1748 2255 1802 in
2307 1749 2655 1805 instabilitate
2709 1768 2803 1806 sua
2856 1753 3170 1823 perdurare,
3216 1763 3265 1809 et
3294 1757 3432 1810 sicut

184 1835 359 1900 gladiis
387 1835 686 1888 verborum
718 1835 996 1890 subtilium
1029 1844 1294 1907 petentes,
1327 1836 1468 1890 sicut
1494 1844 1548 1890 et
1579 1835 1750 1890 sancti
1787 1820 1826 1878 Β
1855 1837 2102 1907 stipulam
2129 1847 2249 1893 ante
2277 1838 2465 1908 [aciem
2501 1842 2633 1895 venti
2658 1820 2994 1914 (Ibid.,vli);
3027 1853 3084 1898 ut
3123 1844 3330 1901 scilicet
3359 1845 3432 1899 le-

185 1925 355 1979 Patres
381 1925 583 1979 fecisse
614 1926 882 1994 leguntur.

253 2015 502 2069 Dominus
529 2016 748 2084 dissipat
773 2015 991 2070 consilia
1017 2016 1279 2087 gentium;
1315 2017 1552 2086 reprobat
1575 2027 1746 2072 autem

182 2109 505 2176 cogitationes
525 2109 862 2178 populorunt,
883 2119 931 2162 et
958 2110 1193 2179 reprobat
1215 2109 1432 2164 consilia
1461 2111 1750 2179 principum

185 2197 336 2261 (Psal.
363 2215 539 2254 xxxii.
575 2201 680 2268 10).
706 2197 1015 2254 Considerat
1039 2210 1279 2272 peccator
1296 2202 1520 2272 justum,
1545 2211 1592 2256 et
1612 2219 1755 2272 quato.

189 2293 243 2342 rit
270 2291 590 2359 morti/icore
612 2307 752 2344 eam.
789 2289 1040 2346 Dominus
1083 2302 1255 2346 autem
1301 2310 1403 2347 non
1431 2292 1752 2362 derelinquet

187 2398 286 2434 eum
315 2384 368 2435 in
395 2382 646 2435 manibus
671 2383 807 2451 ejus,
841 2399 930 2436 nec
953 2383 1220 2438 damnabit
1246 2401 1362 2437 eum
1396 2401 1513 2436 cum
1535 2383 1750 2452 judico:

190 2473 307 2523 titur
319 2473 394 2524 illi
408 2473 425 2539 (
440 2471 586 2524 l’sal.
605 2488 674 2525 xx
686 2489 794 2536 κη,
808 2473 918 2540 '52).
934 2472 1186 2528 Univcrsa
1209 2475 1408 2527 vanitas
1422 2476 1588 2528 omnis
1598 2476 1751 2528 ltoma

188 2563 336 2613 tircns
368 2558 543 2628 (Psal.
575 2576 810 2626 xxxvtu,
843 2563 920 2632 6),
971 2563 1307 2633 subintellige
1336 2565 1551 2617 mundo.
1581 2563 1750 2619 Homo

190 2668 290 2704 cum
330 2654 381 2704 in
433 2655 632 2706 honore
674 2663 829 2721 esset,
861 2670 963 2706 non
994 2653 1264 2718 intellexit,
1310 2666 1642 2724 comparatus
1673 2666 1750 2710 est

185 2739 412 2804 iumentis
443 2743 833 2811 insipientfbns,
863 2753 909 2797 et
939 2743 1120 2798 similis
1151 2746 1323 2814 factus
1349 2755 1421 2799 est
1449 2745 1552 2800 illis
1577 2744 1747 2817 (Psal.

191 2846 357 2894 sum,
390 2833 477 2892 l3,
513 2833 620 2903 Μ).
656 2833 784 2887 Ιιιιτ
832 2835 913 2888 via
955 2833 1187 2899 illorum,
1231 2837 1284 2890 id
1333 2845 1416 2890 est
1446 2837 1557 2902 haec
1609 2839 1750 2892 actio

193 2920 408 2984 illorum,
431 2937 540 2991 qua
571 2923 874 2992 comparati
899 2933 1026 2977 sunt
1062 2924 1320 2992 intuentis
1352 2926 1747 2996 insipientibus.

191 3012 502 3078 scandalum,
558 3013 606 3066 id
657 3023 763 3079 est,
813 3016 965 3069 ruina
1004 3024 1058 3071 et
1089 3017 1365 3070 damnatio
1409 3026 1494 3072 est
1526 3020 1672 3088 ipsis,
1701 3031 1746 3072 et

193 3113 352 3164 rostea
379 3105 433 3157 in
469 3120 559 3157 ore
590 3122 684 3159 suo
707 3105 1101 3176 complacebnnt
1123 3107 1312 3178 (Ibid.,
1343 3108 1452 3178 lli),
1485 3109 1536 3163 id
1562 3121 1644 3164 est
1667 3111 1743 3164 in-

190 3194 380 3245 terdum
405 3207 502 3248 ore
527 3209 628 3250 suo
649 3175 994 3262 benedicunt,
1040 3175 1140 3252 sed
1160 3201 1323 3253 corde
1372 3175 1492 3254 Deo.
1523 3199 1745 3254 maledi-
1771 3175 1815 3236 θ

195 3292 321 3335 eum.
347 3281 493 3338 Sicut
517 3302 631 3340 oves
654 3286 706 3339 in
733 3286 938 3355 inferno
971 3289 1127 3359 positi
1178 3300 1319 3355 sunt,
1351 3305 1490 3345 mors
1511 3291 1747 3358 deposcet

195 3388 282 3423 eos.
307 3370 369 3425 Et
398 3373 813 3428 dominabuntur
829 3392 1008 3430 eorum
1033 3379 1167 3446 justi
1188 3379 1243 3433 in
1271 3382 1530 3435 matutino
1557 3380 1744 3449 (Ibid,

198 3464 292 3524 t5}.
322 3465 368 3519 id
392 3474 474 3521 est
518 3468 569 3520 in
598 3475 841 3522 extrema
880 3471 1158 3538 praesentis
1197 3472 1318 3526 vitze
1360 3472 1466 3539 die,
1493 3487 1614 3526 cum
1641 3487 1748 3528 cm-

199 3555 314 3620 peril
338 3557 638 3613 clarescere
681 3559 917 3628 qualitas
960 3561 1225 3617 bonorum
1253 3570 1318 3617 et'
1349 3563 1632 3628 malorum,
1664 3565 1744 3618 vel

199 3645 698 3704 cam'illuminantur-
723 3651 1039 3707 abscondita
1081 3669 1259 3708 rermu
1295 3661 1349 3708 et
1394 3653 1748 3712 manifestan-

202 3747 272 3788 tur
293 3740 504 3794 consilia
533 3742 810 3808 cordium;
837 3751 962 3798 tunc
979 3743 1110 3812 justi
1141 3746 1560 3800 dominabuntur
1584 3763 1746 3817 super

199 3829 417 3898 injustas,
465 3844 559 3888 aut
600 3834 912 3904 iudicantes
962 3853 1076 3904 eos,
1128 3837 1220 3893 aut
1269 3840 1562 3906 gaudentes
1602 3841 1744 3908 quod

200 3930 572 3984 pmnas'corum
620 3935 947 3981 evaserunt:
975 3927 1040 3980 Et
1091 3929 1348 3982 auxilium
1394 3946 1575 3983 eorum
1613 3939 1745 3986 vele-

200 4022 339 4066 rascet
382 4015 433 4068 in
477 4015 684 4085 inferno
711 4035 742 4070 a
769 4017 939 4088 gloria
975 4020 1389 4092 eorum(lbid.).
1422 4021 1561 4076 Deus
1589 4024 1744 4077 dissi-

199 4109 310 4170 pavit
335 4125 444 4163 ossa
487 4128 664 4165 eorum
693 4115 780 4182 lini
811 4113 1106 4167 hominibus
1125 4114 1349 4183 placent,
1369 4117 1575 4185 confusi
1595 4129 1740 4182 sunt.

198 4201 420 4263 quoniam
463 4202 598 4257 Deus
637 4205 830 4272 sprevit
879 4220 965 4258 eos
1020 4204 1195 4275 (Psal.
1238 4221 1332 4271 LII,
1374 4207 1450 4277 6).
1512 4206 1741 4262 Alienati

199 4305 298 4343 smn
320 4306 604 4361 peccatores
653 4315 686 4350 a
734 4296 906 4362 vulva,
945 4289 1244 4353 erraverunt
1280 4300 1342 4353 ab
1385 4309 1549 4363 utero,
1581 4301 1741 4356 locuti

200 4396 295 4434 arm
318 4384 448 4451 falsa
478 4384 655 4456 (Psal.
697 4404 830 4454 Lvn,
872 4388 951 4458 4).
982 4389 1209 4444 Alienati
1237 4400 1356 4445 sunt
1384 4408 1414 4444 a
1441 4393 1608 4457 vulva,
1636 4403 1692 4448 et
1724 4412 1736 4448 :

1855 1931 2020 1985 vitate
2047 1946 2143 1985 sua
2174 1931 2302 1985 moti
2331 1929 2490 1986 facile
2517 1933 2797 2003 rapiantur
2824 1935 2888 1988 ad
2925 1935 3148 1990 malum.
3169 1936 3302 1990 Ecce
3327 1938 3430 1998 ini-3

1852 2021 1972 2073 mici
2007 2022 2105 2085 tui,
2140 2020 2380 2100 Domine,
2411 2022 2670 2092 peribunt,
2721 2034 2769 2077 et
2820 2025 3183 2095 dispergentur
3227 2041 3426 2090 omnes,

1851 2114 1940 2184 qui
1979 2124 2264 2184 aperantur
2291 2115 2616 2186 iniquitatem
2651 2115 2830 2184 (Psal.
2868 2132 2973 2179 scr,
3004 2117 3110 2188 l0).

1923 2203 2199 2276 Usquequo
2234 2213 2547 2274 peccatores,
2580 2205 2817 2268 Domine,
2844 2221 3108 2276 usquequo
3132 2215 3429 2275 peccatores

1850 2296 2256 2367 gloriabuntur?
2293 2293 2464 2367 (Psal.
2523 2312 2674 2362 xcnt,
2709 2295 3082 2366 5.).Deﬁciant
3133 2305 3426 2365 peccatores

1850 2399 1897 2444 et
1929 2390 2115 2460 iniqui,
2157 2389 2230 2441 ita
2254 2397 2308 2441 ut
2341 2403 2443 2440 non
2469 2389 2572 2441 sint
2602 2387 2772 2457 (Psal.
2803 2385 2923 2454 Clll,
2946 2387 3058 2458 55).
3084 2386 3426 2456 Confundan.

1851 2488 1937 2533 tur
1961 2495 2156 2544 omnes,
2187 2477 2276 2548 qui
2317 2478 2541 2532 adorant
2590 2477 2874 2547 sculptilia,
2912 2478 3002 2548 qui
3036 2477 3332 2548 gloriantur
3368 2479 3427 2530 in

1849 2572 2144 2626 simulacris
2175 2572 2285 2626 suis
2315 2569 2486 2640 (Psal.
2516 2587 2659 2635 cxvr,
2701 2571 2777 2642 7).
2812 2568 3064 2624 Peccator
3093 2570 3305 2635 videbit,
3334 2585 3428 2624 su-

1848 2665 2008 2720 baudi
2063 2680 2222 2718 cornu
2266 2664 2400 2733 justi
2439 2663 2687 2729 exaltari,
2741 2672 2800 2718 ut
2847 2664 2899 2718 in
2952 2664 3215 2733 superiori
3262 2677 3422 2719 versu

1849 2755 2062 2817 dicitur,
2094 2765 2139 2808 et
2170 2756 2460 2816 irascetur;
2489 2755 2726 2809 dentibus
2749 2754 2859 2807 suis
2894 2753 3073 2821 fremet
3104 2762 3151 2806 et
3175 2752 3420 2817 tabescet,

1849 2849 2190 2920 subintellige
2231 2865 2338 2918 prce
2397 2848 2576 2902 dolore
2620 2849 2862 2919 perenni,
2907 2847 2992 2901 ubi
3029 2857 3103 2902 est
3159 2848 3312 2916 ﬂetus
3374 2859 3423 2901 et

1847 2944 2042 2998 stridor
2071 2943 2322 3006 dentium,
2345 2942 2661 2996 desiderium
2689 2949 3018 3010 peccatorum
3044 2938 3419 3010 peribit(Psal.

1847 3049 1954 3098 cxr,
1988 3034 2108 3099 10);
2147 3033 2271 3102 quia
2321 3032 2519 3086 tnalum
2564 3031 2707 3102 quod
2759 3045 2974 3102 seraper
3019 3030 3420 3094 desiderabant,

1845 3125 1928 3179 vel
1956 3133 2140 3178 conlra
2181 3124 2348 3177 bonos
2373 3123 2650 3187 certando,
2681 3120 2760 3175 vel
2797 3128 2968 3175 semet
3004 3118 3342 3182 maculanda,
3369 3120 3420 3172 in

1848 3230 2034 3269 eorum
2064 3227 2275 3283 pinnam
2301 3221 2559 3266 vertetur.
2594 3211 2769 3281 Lange
2795 3231 2826 3266 a
2851 3211 3207 3281 peccatoribus
3237 3211 3417 3274 salus;

1848 3305 2382 3376 quiajustiﬁcutiones
2408 3315 2522 3358 tuas
2549 3321 2650 3359 non
2675 3300 3414 3374 exquisierunt(Psal.cxvttt,

1850 3395 1994 3464 153i).
2031 3386 2284 3447 Dominus
2320 3395 2516 3464 justus“
2542 3394 2772 3447 concidet
2801 3392 3022 3447 cervices
3060 3404 3412 3462 peccatorum,

1847 3487 2238 3555 confundantur
2270 3495 2316 3538 et
2373 3493 2741 3538 convertantur
2781 3494 3064 3538 retrorsum
3115 3499 3292 3537 omnes
3328 3487 3417 3553 qui

1843 3578 2065 3631 oderunt
2119 3575 2249 3628 Sion
2297 3572 2467 3645 (Psal.
2512 3573 2840 3644 cxxvttt,4).
2898 3571 2991 3626 Vir
3019 3572 3288 3643 linguosus
3315 3589 3420 3628 non

1845 3667 2100 3736 dirigetur
2149 3667 2202 3719 in
2237 3675 2397 3730 terra,
2432 3665 2597 3718 virum
2631 3663 2884 3731 iniustum
2931 3663 3071 3716 mala
3125 3663 3328 3733 capient
3360 3665 3418 3716 in

1845 3760 2054 3814 interitu
2103 3757 2274 3831 (Psal.
2327 3775 2550 3823 cxxxrx,
2587 3758 2693 3828 ΡΞ).
2745 3757 2916 3813 Homo
2960 3758 3175 3813 vanitati
3229 3757 3416 3812 similis

1846 3856 2014 3924 factus
2045 3863 2141 3918 est,
2190 3853 2301 3906 dies
2347 3852 2459 3922 ejus
2513 3853 2644 3905 sicut
2688 3851 2872 3904 umbra
2902 3848 3412 3920 pra’tereunt(l.’sal.

1841 3959 2025 4007 cum,
2055 3946 2127 4012 4).
2153 3943 2302 3998 Talia
2329 3943 2496 4013 igitur
2523 3944 2684 3996 verba
2717 3942 2958 4006 terroris,
2990 3958 3110 4012 quae
3133 3943 3200 3996 ad
3232 3931 3409 3997 delere

1844 4035 2040 4088 rendus
2066 4033 2274 4101 aliquos
2312 4032 2422 4099 iam
2458 4033 2678 4100 protuli,
2709 4032 2826 4085 ideo
2869 4046 2911 4085 ει
2943 4031 3222 4088 Psalmista
3251 4034 3415 4090 credo

1842 4136 1939 4192 per
1965 4122 2157 4176 divinae
2180 4121 2394 4190 pietatis
2417 4122 2870 4190 dispensationem
2899 4136 3016 4175 esse
3045 4122 3413 4190 pronuntiata,

1843 4223 1903 4268 ut
1945 4214 2187 4284 perversi
2216 4212 2442 4283 quilibet
2467 4222 2896 4276 contemnentes,
2927 4219 2984 4266 ut
3030 4212 3223 4277 solent,
3266 4214 3410 4269 dicta

1840 4303 2224 4367 consolatoria,
2281 4318 2401 4371 qua:
2449 4302 2694 4372 superius
2739 4301 2869 4365 dixi,
2911 4300 3102 4355 saltem
3152 4314 3249 4371 per
3298 4303 3411 4358 haec

1842 4391 2102 4445 terribilia
2127 4390 2286 4445 verba
2329 4391 2396 4444 ad
2425 4389 2756 4445 salutiferam
2784 4389 3252 4459 compunctionem
3281 4393 3413 4454 moti

199 4489 468 4531 erraverunt
498 4479 562 4532 ab
613 4491 783 4544 utero,
834 4481 999 4535 unum
1034 4482 1284 4553 idemque
1312 4493 1413 4549 est,
1448 4485 1540 4539 sed
1571 4485 1740 4556 dupli-
1774 4516 1821 4574 υ
1847 4481 1912 4534 ad
1934 4479 2205 4534 Christum
2227 4489 2627 4534 οοιινθΐιωιῑυνι

193 4563 305 4618 citer
327 4567 546 4639 intelligi
577 4579 754 4639 potest
784 4590 797 4625 :
831 4586 1056 4641 peccare
1079 4575 1221 4629 enim
1252 4584 1428 4644 potest
1456 4578 1744 4646 unuSquis-

188 4672 275 4724 qite
295 4659 356 4716 ab
386 4671 540 4716 utero
570 4665 758 4719 matris
785 4653 919 4727 suae,
959 4650 1125 4723 idest
1162 4668 1231 4722 ab
1273 4668 1425 4723 initio
1456 4669 1577 4723 vitae
1599 4685 1737 4734 sure;

187 4756 215 4808 p
245 4759 387 4800 ccare
431 4747 784 4804 nihilominus
824 4758 1002 4819 potest
1032 4752 1098 4806 ab
1133 4761 1288 4806 utero
1329 4761 1530 4808 sanctis
1557 4753 1742 4810 Eccle-

187 4835 282 4900 siae,
312 4837 358 4891 id
390 4848 475 4894 est
527 4839 595 4894 ab
634 4855 698 4896 eo
727 4850 973 4910 tempore
1018 4858 1124 4912 quo
1173 4844 1338 4912 coepit
1387 4847 1628 4911 credere,
1657 4847 1741 4901 vel

188 4927 394 4981 errando
421 4944 448 4981 a
484 4929 609 4995 lide,
644 4931 728 4986 vel
771 4931 1073 4988 deserendo
1101 4947 1264 5003 Opera
1320 4950 1438 5005 quze
1465 4937 1741 5006 professus

190 5026 257 5069 est
281 5017 326 5071 in
355 5020 693 5088 baptismate.
1724 5033 1726 5035 ’

249 5103 408 5162 Furor
430 5110 536 5164 illis
575 5111 875 5166 secundum
900 5111 1291 5169 similitudinem
1314 5116 1586 5185 serpentis,
1608 5117 1742 5172 sicut

189 5197 359 5263 aspidis
397 5203 572 5257 surda:
593 5215 637 5258 et
663 5201 980 5258 obdurantis
997 5191 1156 5258 aures
1188 5201 1486 5260 suas.Deus
1515 5213 1743 5262 conteret

192 5287 342 5344 dentes
359 5308 534 5348 eorum
574 5295 626 5350 in
656 5313 750 5350 ore
776 5295 1036 5362 ipsorum,
1066 5295 1230 5351 molas
1255 5296 1465 5352 leonum
1505 5299 1742 5368 confrin-

195 5388 257 5410 Ml
277 5379 506 5410 n-...:..-.-
533 5386 672 5410 [ιιι]
702 5390 717 5410 \

781 5383 1042 5410 12..-...0.-.
1080 5387 1206 5410 l\----
1239 5399 1274 5410 -.
1313 5389 1435 5410 1:--9
1459 5408 1462 5409 ν
1487 5408 1513 5409 η
1541 5401 1619 5410 ,πα
1651 5391 1724 5410 ξηε

2421 4585 2648 4643 CAPUT
2686 4585 2819 4641 Χιιιι

1841 4679 2029 4736 Divina
2063 4679 2278 4749 justitia
2318 4688 2374 4732 et-
2407 4671 2677 4749 clementia
2714 4695 2778 4733 ea:
2825 4680 3174 4749 oppositorum
3223 4692 3413 4736 natura

1915 4747 2220 4812 ostenditur,
2273 4759 2321 4803 et
2352 4747 2551 4806 selectis
2575 4747 2898 4820 psalmorum
2935 4754 3204 4805 sentemiis
3229 4753 3411 4810 eadem

1911 4821 2150 4879 doctrina
2174 4819 2536 4887 conﬁrmatur.

1917 4932 2120 4988 Deinde
2149 4946 2278 4988 vero
2299 4931 2552 5003 colligere
2577 4935 2736 5005 cupio
2770 4934 3092 4998 sententias,
3126 4933 3180 4988 in
3216 4931 3414 5002 quibus

1843 5037 1941 5092 per
1967 5023 2359 5092 oppositionem
2394 5022 2777 5080 consolationis
2805 5030 2860 5077 et
2889 5024 3113 5080 terroris
3145 5021 3287 5077 dicta
3315 5036 3413 5090 pa-

1842 5115 1977 5170 riter
1995 5115 2371 5180 continentur;
2399 5121 2459 5168 ut
2479 5129 2577 5183 per
2604 5117 2707 5172 hoc
2729 5115 3036 5184 disputandi
3061 5125 3252 5184 genus,
3274 5108 3416 5177 quod

1842 5204 2270 5260 eliicacissimum
2303 5210 2540 5268 constat,
2563 5207 2700 5261 adeo
2729 5211 2788 5259 ut
2812 5203 2964 5272 quasi
2994 5204 3046 5259 in
3091 5200 3278 5259 irradia.
3305 5198 3415 5250 vita

1840 5305 1897 5350 et
1942 5305 2119 5351 morte
2145 5294 2318 5365 posita
2349 5294 2588 5365 legentes
2618 5306 2674 5353 et
2711 5287 3416 5364 audientesquodammodo

1845 5386 2127 5410 numne-.I'AI
2165 5384 2328 5410 ωειλ...
2410 5383 2510 5410 ΙςΛΑ
2546 5395 2628 5410 Α-..
2679 5383 2900 5410 ...ΛιξΛ-σι
2959 5383 3157 5410 Λιῖιυηοα
3191 5393 3203 5405 Ι
3243 5372 3410 5410 ῆΙῖηηῖ
