3998 5450
564 322 670 387 183
1381 317 1404 354 ⁸

1573 330 1870 386 O'l'llLONi
1909 327 2211 387 MONACIII
2253 329 2310 384 S.
2349 329 2768 399 EMMERAMMI

3681 325 3781 395 ta;

495 447 500 450 '
562 442 760 512 eloquii
787 443 950 496 nostri
978 443 1054 496 ira
1091 443 1182 497 Dei
1210 443 1422 507 dicitur,
1449 443 1568 498 ideo
1592 452 1780 500 contra
1802 440 2124 514 delin‘quené
2148 441 2196 510 Α
2225 439 2408 502 demus
2433 439 2506 505 ita
2533 455 2682 506 esse;
2714 440 2808 494 sed
2832 441 2955 514 quia
2991 440 3130 494 aiius
3177 439 3281 501 alio
3331 437 3500 508 magis
3541 435 3791 496 minusve

566 549 645 590 tes
672 534 726 590 in
752 537 854 590 hoc
885 535 1080 590 smculo
1105 545 1372 603 exerceat,
1398 546 1666 606 quatenus
1691 539 1771 593 eis
1799 553 1827 591 a
1856 539 2127 607 pravitate

563 641 659 679 sua
709 625 972 680 correctis
1015 625 1067 678 in
1123 623 1305 679 futuro
1352 625 1595 680 misereri
1642 625 1836 682 valeat.
1869 625 2022 681 Unde
2072 634 2126 686 et

564 716 846 771 Psalntista
874 715 1035 770 dicit:
1063 715 1318 786 Nunquid
1341 711 1668 772 obliviscetur
1703 719 1934 773 misereri
1962 718 2123 784 Deus,

562 795 950 864 autcontiuebit
975 805 1027 857 in
1056 804 1138 858 ira
1168 821 1265 858 sua
1307 805 1690 860 misericordias
1739 807 1903 861 suas?
1951 805 2124 878 (Psal.

562 908 742 956 txxvr,
760 892 868 962 iO.)
881 892 1049 958 Quam
1067 892 1318 947 nimirum
1334 895 1652 948 sententiam
1665 909 1770 949 non
1793 893 2124 963 afﬁrmando,

562 985 654 1038 sed
677 983 988 1054 denegando
1015 984 1258 1053 protulit,
1298 984 1423 1052 quia
1451 999 1554 1038 non
1583 983 1932 1040 obliviscetur
1962 985 2126 1040 mise-

563 1073 668 1128 reri
697 1074 859 1138 Deus,
912 1086 1082 1142 neque
1123 1073 1420 1128 continebit
1469 1074 1521 1128 in
1562 1074 1640 1128 ira
1686 1089 1780 1128 sua
1822 1074 2128 1135 misericor-

561 1164 762 1228 diam,
792 1162 846 1217 id
877 1172 980 1227 est,
1020 1178 1126 1217 non
1181 1164 1380 1218 deserit
1428 1163 1850 1229 misericordiam
1904 1175 2127 1236 propter

561 1257 719 1318 itam,
765 1255 858 1310 sed
885 1255 1065 1324 petitis
1104 1254 1246 1309 inter
1265 1257 1604 1309 severitatem
1629 1271 1808 1320 suam,
1835 1271 1954 1326 qua:
1996 1257 2127 1312 abu-

559 1347 671 1401 sive
698 1346 778 1398 ira
803 1345 917 1415 ejus
944 1345 1159 1410 dicitur,
1197 1346 1478 1399 miseretur
1506 1345 1588 1400 his
1615 1347 1702 1414 qui
1729 1347 1968 1399 invocant
2003 1362 2122 1399 eum

555 1438 612 1500 in
644 1434 1250 1506 veritalc(Psal.cxuv,
1306 1437 1413 1508 18).
1470 1435 1538 1491 Ut
1585 1445 1764 1494 autem
1817 1437 2124 1506 disputandi

559 1542 729 1596 genus
755 1541 851 1595 per
879 1526 1152 1594 oppositas
1180 1527 1477 1581 sententias
1511 1526 1712 1579 factum
1743 1527 2123 1596 approbemus,

559 1616 863 1675 intueamur
911 1613 1144 1682 qualiter
1196 1615 1536 1684 omnipotens
1585 1614 1725 1668 Deus
1775 1631 1880 1669 non
1951 1615 2124 1671 solum

557 1703 804 1762 homines
835 1715 998 1773 atque
1035 1705 1310 1770 animalia,
1365 1707 1457 1765 sed
1496 1707 1657 1764 etiam
1718 1706 1889 1775 ipsum
1941 1707 2122 1761 mundi

2226 541 2432 598 peccat,
2465 532 2516 586 in
2546 539 2807 601 potestate
2846 532 2942 594 Dei
2969 540 3054 588 est
3097 543 3254 599 quem
3281 526 3406 582 velit
3435 525 3629 595 magis,
3662 522 3791 578 velit

2229 621 2406 676 minus
2440 636 2537 691 pro
2584 621 2819 691 peccatis
2847 622 2959 677 suis
3007 619 3227 690 punire;
3259 630 3420 688 quem
3448 614 3583 695 velit
3613 613 3794 678 humi:

2229 712 2360 766 liarc
2386 712 2470 767 vel
2497 713 2770 778 exaltare;
2802 727 2962 782 quem
2985 711 3108 764 velit
3133 710 3302 772 eliger
3389 706 3434 761 el
3477 705 3791 785 reprobare.

2228 805 2342 875 Ipse
2367 807 2508 861 enim
2537 806 2693 860 dicit:
2727 806 3009 860 Miserebor
3031 805 3115 868 cui
3134 801 3340 856 voluero
3365 795 3559 868 (Exod.
3587 813 3791 866 xum,

2225 896 2334 966 49).
2368 897 2434 952 Et
2459 897 2779 966 Apostolus:
2818 895 2939 950 Non
2982 904 3079 958 est,
3117 894 3307 964 inquit,
3333 899 3578 962 potestas,
3623 890 3725 943 nisi
3756 906 3788 941 a

2227 986 2368 1054 L-‘eo;
2391 1003 2507 1057 qua:
2527 998 2696 1044 autem
2723 995 2843 1041 sunt
2871 1003 2903 1040 a
2935 984 3044 1038 Deo
3085 985 3342 1038 ordinata:
3393 987 3556 1043 sunt:
3608 980 3793 1050 itaque

2224 1080 2313 1150 qui
2336 1080 2527 1133 resistit
2546 1078 2784 1148 potestati
2804 1077 2902 1140 Dei
2926 1073 3243 1129 ordinaticni
3271 1073 3456 1126 resistit
3485 1071 3664 1141 (Rom.
3697 1085 3795 1125 xut

2230 1172 2248 1222 ιι
2266 1170 2369 1240 ,3).
2396 1169 2638 1239 Cumque
2659 1169 2772 1223 hzec
2797 1167 2976 1224 omnia
3000 1167 3071 1220 ita
3094 1175 3211 1222 csso
3231 1162 3632 1234 perpenderinl,
3660 1161 3798 1216 nihil

2227 1264 2278 1318 in
2313 1261 2661 1332 dispositione
2683 1260 2862 1314 divina
2901 1257 3316 1328 reprehendant,
3345 1256 3438 1318 sed
3473 1271 3595 1313 cum
3639 1253 3799 1308 Psal-

2225 1352 2384 1404 mista
2420 1349 2632 1402 dicant:
2664 1347 2921 1413 Quoniam
2947 1355 3115 1400 rectus
3144 1345 3398 1400 heminas
3421 1343 3560 1405 Deus
3598 1352 3798 1401 noster,

2224 1450 2272 1494 et
2321 1455 2424 1494 non
2449 1446 2521 1491 est
2547 1437 2792 1507 iniquitas
2818 1437 2873 1491 in
2895 1451 2951 1490 eo
2979 1433 3152 1507 (Psal.
3180 1448 3289 1498 xei,
3315 1432 3403 1503 i6)
3426 1448 3440 1498 ;
3472 1441 3527 1486 et
3556 1431 3758 1484 iterum
3786 1449 3804 1483 ;

2222 1530 2406 1584 Justus
2439 1544 2515 1592 es,
2566 1527 2802 1592 Domine,
2827 1537 3092 1582 ctrectum
3129 1525 3392 1596 judicium
3433 1532 3579 1580 tuum
3623 1520 3800 1592 (Psal.

2225 1637 2413 1685 cxvttt,
2445 1619 2589 1691 157).
2617 1619 2756 1684 Ecce
2785 1616 3272 1688 quam'neeessaria
3294 1611 3652 1686 oppositiouis
3681 1625 3806 1679 spe-

2228 1711 2338 1765 cies
2387 1718 2494 1773 est,
2542 1709 2595 1762 in
2643 1723 2749 1776 qua
2799 1708 3138 1776 aliquatenus
3185 1717 3478 1775 agnoscere
3513 1715 3811 1772 possumus

558 1802 758 1849 είειιυιιι
784 1808 878 1870 Ρει·
907 1792 1116 1873 aliquas
1165 1794 1437 1868 OPPOSilaS
1479 1793 1688 1867 species
1723 1793 1960 1863 quotidie
2018 1795 2124 1853 dis-
2158 1781 2198 1838 B
2220 1802 2422 1872 judicia
2453 1799 2663 1856 Domini
2689 1814 2811 1855 esse
2843 1813 2994 1865 vera,
3019 1805 3075 1852 et
3109 1797 3232 1866 quia
3265 1811 3368 1862 non
3417 1791 3815 1862 justiﬁcabitur.

555 1895 739 1967 imm"
1207 1926 1211 1940 =
2221 1897 2277 1948 in
2301 1903 2573 1961 conspectu
2597 1891 2710 1961 ejus
2737 1889 2904 1953 omnis
2933 1889 3102 1944 vivens
3131 1885 3302 1952 (Psat.
3335 1900 3500 1954 exul,
3525 1883 3606 1954 2).

627 1979 696 2034 Et
721 1979 952 2049 primum
977 1978 1190 2050 quidem
1216 1978 1281 2034 de
1304 1979 1608 2036 hominibus
1643 1979 1903 2034 dicamus.
1932 1978 2124 2036 Nonne
2295 1985 2398 2042 Per
2425 1982 2663 2052 ejusdem
2701 1996 2914 2052 quoque
2959 1979 3311 2050 appositionis
3337 1977 3573 2047 speciem
3605 1987 3805 2030 omnes

557 2084 686 2140 ergo
699 2070 936 2139 spiritus
964 2079 1020 2124 et
1042 2085 1193 2137 caro.
1222 2070 1363 2126 unde
1392 2066 1640 2126 subsistit
1684 2071 1866 2134 homo.
1895 2069 1948 2124 in
1979 2078 2124 2125 tanta
2223 2079 2452 2132 virtutes
2472 2076 2797 2136 clarescunt,
2837 2074 2880 2128 si
2910 2072 3109 2127 fuerint
3137 2071 3282 2125 vitiis
3309 2068 3598 2130 contrariis
3626 2081 3804 2136 oppo-~

558 2159 898 2229 Oppositione
935 2160 1038 2214 sibi
1086 2160 1316 2216 invicem
1361 2161 1716 2216 adversantes
1768 2159 2019 2216 laborant
2068 2167 2128 2213 ut
2226 2171 2364 2226 sim,
2411 2168 2550 2237 Quid
2581 2167 2784 2223 multa?
2814 2164 2970 2228 Noua
3005 2177 3224 2234 prorsus
3247 2163 3384 2225 bona
3413 2159 3547 2215 satis
3575 2155 3804 2228 agnosci

560 2265 668 2306 non
702 2248 804 2303 nisi
832 2248 1141 2308 diliicillima
1169 2250 1379 2309 ratione
1403 2249 1690 2305 convenire
1719 2250 1966 2306 valeant?
1991 2249 2128 2304 Caro
2226 2271 2471 2335 possunt,
2513 2260 2618 2315 nisi
2671 2274 2768 2331 per
2803 2256 3045 2328 opposita
3068 2263 3117 2311 et
3143 2253 3424 2312 contraria
3473 2251 3575 2308 sibi
3625 2247 3806 2320 mala;

555 2342 715 2404 enim,
741 2349 798 2396 ut
822 2341 1218 2410 aitApostolus,
1249 2343 1562 2412 concupiscit
1591 2343 1838 2398 adversus
1858 2342 2125 2412 spiritum,

555 2441 602 2488 et
624 2432 838 2500 spiritus
874 2432 1121 2502 adversus
1164 2449 1370 2487 carnem
1417 2432 1562 2502 (Gal.
1585 2447 1637 2497 v,
1670 2433 1776 2502 17).
1812 2432 1916 2488 Sed
1947 2432 2130 2503 hujus.

461 2560 463 2562 -
556 2524 700 2580 modi
730 2523 996 2594 Oppositio
1027 2540 1131 2580 non
1161 2525 1226 2578 ad
1251 2525 1525 2590 damnum,
1574 2525 1667 2579 sed
1715 2525 1780 2578 ad
1824 2523 2126 2593 profectum

557 2623 800 2669 nostrum
819 2611 1024 2682 judicio
1049 2615 1230 2677 divino
1255 2615 1470 2670 decreta
1503 2623 1586 2671 est
1616 2622 1695 2678 ut,
1727 2630 1850 2670 cum
1877 2628 1942 2668 ex
1977 2612 2131 2668 nobis

557 2721 888 2776 nequeamus
919 2707 1231 2772 coadunari,
1283 2721 1593 2784 quaeramus
1626 2705 1886 2760 auxilium
1915 2704 2127 2760 Domini

559 2801 743 2869 sicque
779 2800 1048 2860 discamus
1069 2799 1194 2868 quia
1223 2799 1356 2854 nihil
1387 2800 1513 2854 boni
1543 2799 1660 2854 sine
1687 2798 1774 2861 illo
1801 2796 1980 2853 facere
2007 2813 2132 2866 pos»

557 2905 768 2945 sumus.
799 2887 903 2944 Sed
928 2898 985 2948 et
1010 2890 1092 2943 vir
1115 2897 1169 2944 et
1201 2888 1392 2950 mulier
1411 2889 1454 2944 si
1485 2890 1556 2944 ita
1589 2888 1788 2942 fuerint
1814 2887 2044 2958 oppositi
2075 2894 2132 2940 ut

559 2980 867 3036 attendatur
887 2981 1013 3050 quia
1046 2981 1186 3035 Dens
1212 2995 1552 3050 nequaquam
1601 2979 1800 3037 frustra
1848 2978 2129 3033 mulierem

557 3069 678 3125 viro
703 3068 1054 3126 infirmiorem
1085 3070 1290 3126 creavit
1327 3071 1548 3139 viroque
1579 3069 1850 3124 subditam
1879 3083 2001 3124 esse
2032 3068 2128 3122 de-

560 3161 758 3225 crevit,
781 3160 877 3216 sed
903 3170 962 3215 ut
985 3160 1240 3232 probaret
1267 3137 1558 3230 utrumque
1578 3161 1631 3216 in
1656 3159 1790 3227 alio;
1818 3160 1989 3214 virum
2012 3159 2130 3230 qui-
2157 3137 2201 3198 (ἶ

2227 2364 2319 2410 aut
2339 2355 2483 2409 enim
2505 2351 2786 2415 vilescunt,
2815 2357 2908 2403 aut
2927 2362 3024 2416 pro
3046 2344 3213 2400 nihilo
3239 2350 3622 2414 computantur
3638 2339 3809 2403 bona,

2227 2441 2329 2496 nisi
2359 2447 2696 2509 opponantur
2721 2436 2878 2492 mala.
2905 2435 2996 2490 Sic
3025 2433 3184 2489 etiam
3211 2431 3383 2501 pietas
3413 2429 3508 2484 Dei
3535 2428 3590 2482 in
3626 2428 3810 2498 equis,

2229 2533 2283 2587 in
2325 2531 2515 2596 bobus,
2545 2529 2599 2584 in
2629 2529 2841 2593 ovibus,
2871 2534 2926 2583 et
2955 2526 3006 2580 in
3053 2523 3280 2590 canibus
3317 2519 3639 2590 exterisque
3685 2517 3809 2572 ani-

2229 2620 2463 2674 malibus
2501 2616 2826 2673 necessariis
2849 2613 3254 2674 consideratur,
3289 2611 3334 2667 si
3363 2610 3600 2673 leonum,
3646 2606 3807 2677 lupo-

2231 2727 2352 2766 rum
2383 2709 2717 2779 aliarumque
2755 2707 3048 2764 bestiarum
3088 2703 3342 2758 ferocitas
3376 2702 3430 2755 in
3476 2715 3576 2756 nos
3599 2700 3814 2771 jugites

2229 2812 2450 2875 propter
2479 2810 2700 2873 peccata
2732 2809 2914 2855 nostra
2941 2797 3238 2854 desaeviens
3263 2803 3584 2866 opponatur.
3638 2790 3807 2847 Simi-

2229 2895 2355 2951 liter
2383 2897 2472 2954 lux
2511 2911 2609 2966 per
2644 2893 2990 2952 tenebrarmn
3037 2889 3434 2961 oppositionem
3482 2901 3588 2944 non
3627 2886 3810 2944 solum

2232 2988 2452 3051 clarior,
2485 2987 2579 3042 sed
2617 2993 2671 3040 et
2693 2984 2900 3056 gratior
2926 2984 3158 3038 videtur.
3210 2981 3300 3035 Sic
3339 2991 3579 3048 tempora
3611 2976 3812 3038 diurna

2231 3097 2328 3150 per
2357 3087 2643 3143 nocturna,
2674 3076 2753 3132 sic
2777 3075 2962 3131 :estiva
2995 3090 3088 3144 per
3109 3071 3384 3138 hiemalia,
3413 3069 3491 3125 sic
3511 3067 3689 3123 calida
3714 3081 3813 3136 per

2234 3169 2428 3241 frigida
2457 3175 2751 3237 temperata
2781 3165 3086 3220 efﬁciuntur
3112 3170 3286 3234 grata.
3343 3159 3434 3216 Sic
3470 3173 3664 3213 aurum
3692 3173 3814 3214 omo.

559 3251 701 3317 dem,
726 3251 772 3308 si
799 3251 898 3306 rite
926 3267 1184 3321 przeesse;
1213 3251 1489 3307 mulierem
1516 3266 1666 3316 vero,
1703 3251 1748 3306 si
1793 3251 1895 3315 rite
1913 3251 2128 3305 subesse

2232 3277 2407 3331 neque
2435 3258 2733 3330 pretiosum
2767 3253 3040 3313 metallum
3085 3269 3180 3322 per
3212 3251 3420 3306 vilioris
3450 3247 3654 3305 metalli
3689 3261 3814 3316 spec.

559 3341 752 3409 vellet;
776 3343 862 3403 vel
887 3344 931 3400 si
963 3343 1046 3399 vir
1075 3352 1254 3415 grates
1283 3344 1416 3403 ullas
1440 3345 1552 3400 Deo
1577 3359 1674 3414 pro
1704 3345 1946 3414 prioratu
1979 3353 2133 3406 tanto

561 3450 741 3506 agere,
776 3436 858 3499 vel
896 3437 1089 3495 mulier
1117 3452 1214 3506 pro
1249 3437 1404 3509 culpa
1441 3437 1798 3508 suggestionis
1829 3435 1991 3502 illius,
2025 3452 2130 3506 qua

556 3528 737 3587 virum
765 3528 997 3600 decepit,
1037 3529 1196 3587 vellet
1221 3546 1280 3586 se
1309 3529 1611 3595 humiliare,
1642 3531 1708 3595 si,
1743 3529 1982 3599 inquam,
2011 3527 2133 3582 talis

558 3621 826 3691 oppositio
863 3622 1007 3679 inter
1045 3623 1220 3678 virum
1249 3631 1303 3678 et
1335 3622 1609 3677 mulierem
1637 3637 1667 3676 a
1698 3621 1808 3675 Deo
1834 3620 1974 3674 facta
2005 3634 2130 3700 pro-

559 3715 794 3770 bationis
822 3731 985 3772 causa
1034 3717 1293 3782 creditur,
1348 3730 1574 3785 magnus
1621 3714 1806 3783 utique
1854 3712 2132 3782 profectus

561 3809 759 3864 exinde
799 3809 995 3863 oritur.
1042 3808 1293 3877 Ejusdem
1330 3805 1681 3875 oppositionis
1732 3803 1913 3873 specie
1943 3817 2130 3858 omnes

561 3903 770 3972 praelati
799 3912 856 3959 et
901 3902 1118 3964 subditi,
1165 3914 1353 3956 omnes
1381 3899 1582 3954 domini
1625 3907 1680 3954 et
1725 3897 1890 3963 servi,
1944 3911 2132 3953 omnes

560 3995 678 4053 sani
703 4003 760 4049 et
789 3993 1010 4060 infirmi,
1061 4007 1249 4047 omnes
1279 3991 1469 4045 divites
1496 3999 1549 4046 et
1583 4004 1848 4061 pauperes
1890 3988 2131 4059 quotidie

558 4087 888 4157 probantur;
917 4085 1007 4141 isti
1031 4084 1236 4140 scilicet
1264 4081 1493 4153 qualiter
1521 4082 1742 4152 praesint
1791 4089 2130 4157 quantasque

561 4177 744 4250 grates
769 4177 879 4233 Deo
911 4175 1148 4235 referant
1169 4190 1268 4246 pro
1291 4174 1522 4230 sanitate
1547 4172 1631 4227 vel
1657 4172 1983 4228 abundantia
2005 4186 2129 4227 con-

560 4283 738 4336 cessa,
764 4278 848 4324 ast
874 4268 963 4323 alii
985 4267 1217 4339 qualiter
1243 4266 1354 4322 sint
1375 4263 1575 4326 subditi
1595 4272 1650 4318 et
1671 4262 1714 4318 si
1741 4263 1869 4332 quid
1893 4262 2129 4331 peccatis

561 4361 674 4416 suis
695 4361 1066 4417 inﬁrmitatem
1090 4358 1174 4414 vel
1209 4363 1586 4428 paupertatem
1616 4355 1986 4412 imminentem
2035 4356 2126 4409 dc—

557 4460 766 4520 putent.
804 4450 1004 4505 Omnes
1053 4463 1284 4520 namque
1322 4447 1434 4516 jam
1483 4443 1879 4515 praenominati,
1912 4444 1955 4499 si
1993 4443 2126 4498 invi-

559 4556 678 4599 cem
709 4540 810 4595 rite
834 4547 1190 4609 opponantur.
1218 4539 1305 4594 alii
1335 4537 1550 4611 quidem
1579 4535 1706 4600 viri,
1735 4534 1825 4588 alii
1849 4549 1978 4589 vero
2009 4549 2124 4588 mu-

559 4629 710 4692 lieris
743 4643 1028 4700 personam
1077 4638 1290 4700 gestare
1332 4629 1604 4689 videntur.
1654 4628 1722 4682 Et
1769 4627 1910 4682 sicut
1933 4623 2127 4681 mulier

558 4722 733 4775 virum
758 4721 1020 4776 seducens
1050 4720 1249 4774 meruit
1277 4718 1454 4782 subdi,
1506 4718 1578 4772 ita
1636 4730 1825 4770 omnes
1853 4714 1944 4784 qui
1978 4713 2124 4769 infir-

561 4811 758 4867 miores
778 4812 861 4866 vel
882 4811 1230 4881 pauperiores
1253 4805 1372 4863 aliis
1394 4808 1446 4862 in
1468 4806 1706 4862 Ecclesia
1726 4806 1986 4870 existunt,
2008 4818 2126 4860 crc—

559 4901 732 4958 dendi‘
777 4910 904 4957 sunt
930 4903 1034 4957 hoc
1087 4900 1348 4956 meruisse
1391 4907 1448 4953 ut
1491 4896 1700 4952 caeteris
1746 4896 2127 4963 subderentur,

563 4991 646 5047 vel
671 4991 983 5054 inﬁrmitate
1003 4991 1086 5048 vel
1115 4997 1428 5062 paupertate
1452 4996 1823 5059 gravarentur.

635 5083 744 5139 Sed
777 5085 820 5139 si
851 5083 988 5138 forte
1017 5082 1285 5152 aliquibus
1322 5080 1437 5135 [nec
1474 5079 1758 5134 videantur
1792 5076 2127 5132 incredibilia

563 5185 614 5210 an
645 5177 819 5210 inania
840 5191 937 5210 nun
965 5191 1028 5210 an
1054 5175 1297 5210 ιιῖιΙιιιῖοοΙ
1330 5173 1469 5210 nunc!
1498 5171 1697 5210 mulinr
1749 5170 1884 5210 cinnl
1911 5170 2106 5210 Ιρσίιιη·

2231 3355 2368 3407 ciem
2409 3350 2567 3422 quale
2599 3349 2670 3404 sit
2692 3346 3018 3403 declaratur.
3052 3346 3146 3411 Est
3174 3343 3420 3400 etiamin
3449 3342 3554 3396 hoc
3604 3339 3812 3395 intesti-

2232 3444 2444 3501 mabilis
2471 3443 2642 3514 gratia
2697 3439 2792 3496 Dei
2850 3438 3264 3500 consideranda,
3302 3435 3446 3506 quod
3493 3433 3812 3505 supradicta

2231 3537 2476 3606 qutedam
2500 3535 2762 3605 oppositis
2787 3531 2994 3586 variata
3026 3529 3278 3598 utrinque
3304 3525 3609 3582 eiﬁciantur
3657 3522 3810 3580 dele:

2227 3625 2532 3682 ctabiliora‘.
2561 3622 2716 3678 Unde
2741 3621 3019 3690 Scriptura
3037 3617 3192 3674 dicit:
3217 3614 3445 3678 Alternis
3475 3613 3555 3668 uti
3580 3611 3811 3669 delecta:

2231 3716 2330 3773 bile
2357 3725 2430 3769 est
2453 3713 2534 3783 (II
2568 3713 2744 3766 Much.
2780 3727 2870 3776 xv,
2893 3708 3006 3781 40).
3034 3708 3166 3764 Cum
3193 3719 3322 3775 ergo
3340 3721 3406 3761 ex
3440 3705 3525 3759 his
3550 3701 3809 3758 omnibus

2231 3823 2351 3876 quae
2373 3805 2486 3874 jam
2525 3803 2704 3869 vobis,
2752 3801 2952 3860 fratres
2999 3797 3326 3862 citatissimi,
3364 3796 3621 3860 diximus,
3675 3793 3810 3852 satis

2231 3906 2417 3967 pateat
2472 3909 2724 3966 magnam
2774 3892 2882 3958 vim
2937 3890 3139 3957 habere
3176 3885 3567 3961 oppositionem
3600 3898 3808 3953 rerum,

2231 3986 2591 4050 attendentes,
2637 3998 2850 4054 quteso,
2893 3983 3016 4052 quia
3054 3981 3242 4037 eadem
3293 3978 3373 4034 vis
3402 3985 3486 4034 est
3511 3976 3564 4030 in
3595 3973 3812 4046 Opposi-

2232 4081 2377 4136 tioue
2404 4077 2716 4142 verborum,
2755 4075 2937 4130 audite
2972 4073 3273 4129 Psalmistte
3319 4070 3482 4126 verba
3533 4082 3659 4136 quas
3707 4065 3810 4122 Sae

2230 4169 2429 4241 pientia
2459 4169 2678 4226 miscuit
2705 4166 2906 4232 divina,
2935 4165 3072 4220 dans
3105 4178 3171 4218 ex
3201 4177 3306 4216 una
3331 4167 3488 4231 parte
3521 4158 3680 4228 quasi
3715 4171 3809 4212 ca-

2229 4261 2358 4326 lida,
2405 4275 2472 4315 ex
2501 4259 2669 4313 altera
2717 4272 2846 4312 vero
2876 4254 3028 4326 quasi
3083 4251 3300 4324 frigida,
3330 4257 3390 4304 ut
3419 4247 3505 4304 cui
3536 4264 3646 4303 non
3677 4261 3809 4304 ρων

2229 4352 2372 4422 gruit
2397 4364 2604 4405 merum
2633 4349 2838 4414 vinum,
2869 4345 2995 4416 quia
3026 4344 3166 4398 calix
3195 4343 3248 4396 in
3270 4356 3431 4400 manu
3455 4336 3667 4404 Domini
3702 4336 3808 4392 vini

2230 4441 2358 4494 meri
2391 4438 2573 4509 plenus
2597 4438 2751 4503 misto
2778 4434 2950 4508 (Psal.
2990 4448 3133 4500 μιν,
3163 4431 3239 4500 9),
3262 4429 3312 4485 id
3343 4437 3427 4492 est
3456 4428 3548 4497 qui
3587 4425 3810 4497 negligit

2229 4529 2416 4584 bibere
2449 4527 2517 4582 de
2544 4525 2912 4584 sincerissima
2936 4522 3029 4578 Dei
3057 4519 3230 4592 gratia
3273 4517 3554 4586 utriusque
3610 4515 3805 4572 Testa:

2225 4619 2394 4681 menti
2431 4617 2690 4675 doctrinis
2726 4612 3086 4679 mista,bibat
3134 4609 3301 4675 feces,
3347 4608 3402 4677 id
3446 4615 3552 4670 est,
3603 4606 3671 4660 de
3718 4605 3801 4670 ira

2227 4708 2342 4774 Dei,
2369 4707 2512 4763 unde
2537 4707 2704 4761 bibent
2728 4721 2902 4760 omnes
2923 4710 3215 4774 peccatores
3239 4709 3389 4756 terra:
3411 4696 3622 4767 (Ibid.).
3646 4693 3806 4754 Fecis

2229 4808 2408 4854 autem
2445 4799 2664 4862 nomine
2701 4809 3039 4866 nequaquam
3099 4794 3316 4862 proprie
3365 4790 3671 4863 appellatur
3723 4789 3803 4843 ira

2231 4888 2347 4953 Dei,
2384 4888 2479 4948 sed
2503 4886 2748 4955 abusive,
2785 4901 2850 4942 eo
2871 4883 3014 4956 quod
3036 4882 3288 4948 omnibus
3312 4881 3560 4935 videatur
3585 4894 3798 4942 amara.

2231 4981 2337 5036 Sed
2365 4980 2431 5034 de
2453 4979 2815 5051 oppositorum
2839 4976 3097 5048 qualitate
3122 4973 3256 5029 satis
3282 4972 3484 5030 dictum
3510 4980 3624 5037 est;
3643 4969 3792 5028 dicae

2230 5087 2350 5128 mus
2367 5086 2507 5126 nunc
2527 5071 2672 5140 ipsas
2693 5068 2988 5126 sententias
3010 5081 3104 5136 per
3120 5063 3514 5134 Oppositionetu
3531 5062 3792 5132 prolatas.

2312 5163 2465 5210 Novit
2496 5160 2750 5210 Dominus
2772 5159 2910 5210 viam
2942 5157 3226 5210 iustorum.
3275 5167 3325 5206 et
3370 5156 3468 5205 iter
3519 5151 3798 5210 impiorum
