3942 5340
474 156 580 219 .187
1332 163 1363 207 Ι

1488 155 1798 214 OTHLONI'
1828 158 2149 216 MONACHL
2174 160 2253 216 S.-
2274 159 2699 218 EMMERAMMI

3612 156 3724 214 £88

390 262 399 268 ’
484 266 664 335 lienelu
708 265 925 331 Domino
970 266 1103 319 uiam
1131 274 1292 345 tuam,
1325 275 1373 320 et
1411 283 1562 337 spera
1602 274 1658 322 in
1685 270 1828 335 eum,
1856 281 1916 324 et.
1935 275 2044 341 ipse
2070 276 2117 336 Α
2144 264 2312 339 meus,
2334 264 2497 344 legent
2522 288 2709 327 meam.
2748 269 3009 326 lnclinate
3035 286 3213 327 aurem
3240 250 3459 326 uestram
3485 270 3540 326 in
3560 273 3727 326 verba

483 356 657 423 faeiet.
696 354 823 412 Noli
848 354 1089 415 cumulari
1107 355 1161 417 in
1181 372 1247 410 eo
1260 357 1350 426 qui
1378 368 1716 428 prosperatur
1741 360 1795 413 iu
1816 362 1899 415 uia
1925 378 2045 429 sua,

481 447 538 516 in
572 446 781 503 homine
804 434 1029 518 faciente
1055 447 1366 518 injustitios.
1397 448 1583 505 Desine
1617 451 1683 506 ab
1712 453 1793 507 ira
1821 464 1875 508 et
1905 455 2046 509 dere-

482 526 657 607 linqne
683 537 932 607 furorem.
964 535 1093 591 Noli
1113 537 1376 600 cumulari,
1402 548 1459 592 ut
1481 540 1801 611 maligneris.
1831 541 2049 596 Declina

482 625 694 708 angulo,
716 637 763 680 et
786 626 873 698 [ac
902 626 1113 692 bonum,
1146 640 1194 683 et
1217 629 1452 684 iuhabita
1480 631 1534 685 in
1561 632 1813 692 circulum
1848 636 2046 690 sa'culi.

485 714 743 785 Exspecta
780 716 1064 772 Dominum
1086 728 1134 774 et
1158 720 1361 777 custodi
1389 723 1525 795 uiam
1553 724 1690 794 ejus,
1723 734 1770 779 et
1801 725 2050 780 exaltabit

482 818 554 877 te,
582 808 966 881 utlta'reditate
1004 811 1182 881 capias
1225 823 1418 889 terram
1462 830 1483 870 :
1510 831 1626 869 cum
1664 816 1910 885 perierint
1935 833 2050 886 pce:

483 896 683 951 calores
704 897 918 952 videbis.
942 897 1160 954 Custodi
1177 901 1521 959 innocentiam
1537 914 1585 957 et
1600 904 1714 958 uide
1731 905 2048 975 (equitatem,

480 988 729 1060 quoniam
766 999 887 1043 sunt
930 988 1162 1061 reliquiae
1184 992 1383 1047 homini
1422 993 1641 1062 paciﬁca
1669 993 1841 1065 (Psal.
1865 994 2052 1060 XXXVI,

485 1080 659 1147 5—37).
682 1072 860 1147 Audi,
886 1080 1023 1151 lilia,
1054 1068 1124 1145 "et
1161 1083 1296 1148 vide,
1323 1093 1369 1139 et
1399 1084 1596 1139 inclina
1620 1096 1983 1154 auremtuam,
2006 1098 2055 1143 et

479 1171 781 1243 obliviscere
801 1173 1048 1243 populum
1100 1185 1246 1233 tuum
1274 1186 1322 1230 et
1347 1175 1557 1243 domum
1582 1179 1750 1247 patris
1774 1180 1851 1233 tui
1880 1176 2054 1250 (Psal.

485 1279 629 1336 κων,
659 1264 766 1335 Η).
818 1264 942 1323 llaec
984 1266 1254 1335 sententia
1290 1268 1355 1323 ad
1381 1283 1817 1341 unamquamque
1844 1269 2056 1326 ﬁdelem

486 1354 727 1407 :mimam
751 1352 949 1425 dicitur
991 1354 1350 1420 admonendo,
1396 1366 1455 1412 ut
1478 1356 1748 1413 inclinans
1773 1373 1933 1414 aures
1956 1376 2058 1414 au-

462 1444 665 1501 diendi
695 1445 763 1501 ad
784 1445 877 1501 Dei
899 1447 1093 1502 summi
1138 1446 1313 1503 Patris
1338 1447 1544 1504 monita
1572 1448 1921 1504 obliviscatur
1946 1450 2062 1520 pri-

487 1534 686 1590 sziuam
734 1537 1203 1613 conversationem
1253 1546 1309 1595 et
1357 1553 1582 1611 pompas
1631 1539 1830 1609 diaboli
1886 1541 2059 1612 patris

487 1626 730 1687 ninnium
761 1628 1080 1685 inﬁdelium.

2147 367 2254 422 oris
2280 367 2381 420 mei
2402 364 2574 435 (Psal.
2597 379 2799 429 Lxxvn,
2825 363 2902 432 i).
2929 361 3204 418 Exsultate
3229 362 3342 418 Deo
3364 362 3598 433 adjutori
3626 379 3732 417 no-

2148 456 2280 521 itro,
2321 456 2549 526 jubilate
2597 454 2706 523 Deo
2741 455 2913 509 Iacob
2949 453 3123 525 (Psal.
3173 470 3339 517 un,
3367 453 3444 524 2).
3468 454 3733 510 Judicatc

2148 566 2305 620 egeno
2333 559 2382 604 et
2402 548 2620 619 pupillo,
2636 550 2881 603 humilem
2906 559 2953 603 et
2975 564 3251 619 pauperem
3264 548 3575 618 justi/irate.
3599 546 3735 602 Eri-

2148 641 2253 710 pite
2287 648 2586 710 pauperem,
2628 648 2679 694 et
2721 656 2937 709 egenum
2978 640 3052 694 de
3068 655 3224 694 manu
3263 640 3554 709 peccatoris
3592 638 3736 691 libe-

2151 737 2267 785 rate
2301 726 2479 800 (Psal.
2534 745 2720 795 uxxr,
2754 731 2811 794 5,
2867 731 2945 800 4r).
2985 729 3285 800 Intelligite,
3320 730 3623 800 insipientes
3674 729 3733 783 in

2150 818 2362 891 populo,
2392 828 2443 872 et
2484 819 2653 885 stulti,
2684 819 2972 889 aliquando
3023 821 3187 889 sapite
3223 817 3396 888 (Psal.
3451 834 3607 879 xcm,
3646 817 3732 889 8).

2164 905 2361 972 Venite,
2392 906 2710 961 exsultemus
2765 909 3011 972 Domino,
3041 907 3330 977 jubilemus’
3358 906 3466 961 Deo
3496 907 3736 961 salutari

2153 1008 2351 1060 nostro,
2397 1013 2817 1065 praeoccupemus
2869 997 3057 1067 faciem
3084 997 3197 1068 ejus
3221 998 3275 1051 in
3298 997 3649 1067 confessione,
3683 1006 3734 1051 et

2153 1092 2211 1145 in
2235 1089 2453 1161 psalmis
2481 1089 2771 1159 jubilemus
2808 1091 2856 1144 ei
2883 1086 3054 1161 (Psal.
3099 1089 3323 1154 xcw,1,
3368 1088 3447 1157 2).
3502 1086 3739 1143 Cantate

2154 1181 2378 1236 Domino
2415 1181 2672 1235 canticum
2710 1196 2915 1244 novum,
2943 1190 3149 1235 cantate
3174 1179 3397 1234 Domino
3424 1180 3592 1233 omnis
3623 1189 3739 1232 ters-

2156 1288 2238 1326 ra.
2271 1271 2494 1326 Cantate
2534 1270 2780 1338 Domino,
2804 1282 2853 1326 et
2896 1271 3175 1327 benedicite
3212 1271 3412 1326 nomini
3447 1272 3597 1341 ejus;
3628 1287 3735 1324 an.

2156 1366 2393 1423 nuntiate
2438 1365 2502 1418 de
2544 1365 2632 1419 die
2679 1364 2735 1419 in
2771 1363 2910 1418 diem
2961 1366 3192 1418 salutare
3223 1364 3338 1433 ejus
3382 1362 3556 1435 (Psal.
3603 1378 3737 1427 xcv,

2157 1456 2211 1519 1-,
2234 1454 2313 1526 2).
2359 1453 2706 1524 Qui-diligitis
2754 1452 3035 1508 Dominum
3074 1455 3212 1508 adite
3242 1452 3461 1518 malum,
3501 1454 3759 1507 custodit,

2157 1544 2413 1600 Dominus
2440 1546 2647 1599 animos
2674 1552 2971 1599 sanctorum
2998 1560 3234 1613 suorum,
3262 1546 3325 1597 de
3359 1560 3519 1597 manu
3548 1560 3742 1613 pecca-

1993 1670 1997 1674 -
2088 1642 2134 1702 B
2163 1647 2334 1693 torum
2387 1636 2625 1691 liberabit
2672 1651 2779 1690 eos.
2852 1634 3129 1689 Lwtamini
3154 1635 3289 1705 justi
3321 1636 3375 1690 in
3406 1634 3658 1698 Domino,
3690 1643 3741 1687 et

567 1713 748 1783 Venite
788 1726 836 1773 et
866 1718 1028 1775 videte
1053 1718 1463 1790 operaDontini,
1488 1739 1606 1794 qute
1625 1724 1795 1795 posuit
1820 1724 2060 1795 prodigia
2161 1729 2478 1799 conﬁtemini
2500 1727 2765 1807 memoria:
2789 1727 3217 1796 sanctiﬁcationis
3250 1726 3360 1798 ejus
3385 1725 3557 1799 (Psal.
3582 1741 3739 1791 cxvr,

488 1827 645 1882 super
695 1819 910 1881 terram,
952 1813 1649 1889 auferens‘beila,‘subaudi
1700 1815 2058 1886 inﬁdelitatis,

396 1922 399 1928 ·
491 1920 597 1973 qua
625 1904 867 1963 diabolus
889 1905 1197 1962 universum
1226 1907 1581 1979 impugnabat.
1598 1909 1878 1972 mundum,
1900 1910 2063 1980 usque

492 2001 560 2054 ad
581 2000 708 2069 ﬁnes
742 2009 895 2055 terra:
918 1998 1087 2070 (Psal.
1118 2016 1237 2065 XLV,
1262 2000 1340 2071 9-).
1372 2001 1564 2057 Omnes
1593 2012 1790 2072 gentes,
1827 1999 2063 2070 plaudite

495 2091 756 2158 manibus,
798 2091 1023 2161 jubilate
1066 2092 1175 2149 Deo
1224 2094 1279 2148 in
1319 2094 1833 2148 voceexsultationis
1864 2091 2055 2165 (Psalu

495 2186 742 2258 urna).
768 2186 1109 2254 limeyoxest
1139 2187 1476 2253 exhortantis
1496 2202 1683 2242 omnes
1706 2196 1914 2258 gentes,
1945 2202 2064 2256 quae

485 2276 598 2346 iam
620 2279 966 2335 crediderunt
991 2279 1071 2334 vel
1096 2279 1379 2334 creditura:
1410 2287 1557 2341 sunt,
1587 2287 1644 2332 ut
1673 2277 1933 2348 plaudunt
1952 2291 2065 2330 ma-

493 2371 654 2425 nibus
692 2380 745 2424 et
781 2368 1014 2437 jubilent
1050 2373 1159 2427 Deo
1200 2371 1253 2425 in
1297 2384 1429 2427 voce
1474 2370 1870 2436 exsultatiouis,
1896 2369 1948 2423 id
1983 2377 2067 2424 est

494 2462 827 2519 concordent
879 2462 1135 2531 operibus
1183 2470 1240 2516 et
1287 2463 1470 2534 lingua
1526 2462 1580 2516 in
1630 2461 1832 2521 Christi
1882 2459 2062 2514 laude.

494 2553 682 2615 Audite
710 2554 840 2617 lites,
859 2570 1033 2606 omnes
1057 2563 1251 2623 gentes,
1266 2553 1481 2607 auribus
1499 2553 1767 2622 percipite,
1790 2567 1965 2606 omnes
1976 2549 2068 2621 qui

494 2642 937 2701 habitatisorbem
962 2641 1132 2710 (Psal.
1160 2658 1347 2707 xnvm,
1379 2642 1457 2713 ἓ).
1484 2642 1608 2698 Haec
1634 2657 1738 2697 vox
1765 2651 1850 2697 est
1873 2643 2071 2697 exhor-

497 2732 665 2788 tantis
702 2747 891 2787 omnes
938 2733 1027 2802 qui
1075 2732 1321 2787 habitant
1368 2734 1421 2787 in
1477 2742 1646 2798 terra,
1691 2742 1763 2789 ut.
1788 2733 2068 2789 audientes

498 2839 618 2893 quae
644 2824 696 2881 in
725 2823 824 2886 hoc
853 2824 1059 2893 psalmo
1090 2824 1345 2879 dicuntur
1380 2824 1455 2881 de
1481 2825 1738 2887 divitibus
1759 2834 1813 2880 et
1838 2824 2066 2879 rectori-

501 2917 601 2970 bus
633 2915 855 2985 iniquis,
898 2917 1168 2985 quomodo
1190 2916 1398 2972 scilicet
1433 2906 1658 2987 propter
1683 2917 1944 2972 honorem
1964 2915 2066 2971 sibi

2164 1818 2381 1888 10,12).
2410 1815 2630 1873 Cantate
2653 1816 2876 1871 Domino
2905 1818 3164 1871 canticum
3191 1834 3400 1882 novum,
3424 1818 3547 1888 quia
3572 1818 3744 1872 mira-

2162 1909 2289 1964 bilia
2320 1909 2439 1978 fecit
2487 1906 2659 1975 (Psal.
2684 1922 2850 1971 xcv",
2896 1906 2970 1979 l).
3010 1907 3135 1962 Hice
3175 1924 3276 1963 vox
3323 1916 3404 1963 est
3429 1906 3743 1963 Psalmistm

2164 1998 2499 2054 adhortantis
2526 2012 2712 2052 omnes
2750 1996 2934 2051 ﬁdeles
2961 1996 3027 2050 ad
3076 1997 3288 2053 laudem
3327 1996 3454 2060 Dei;
3486 2006 3541 2051 et
3577 1996 3741 2066 quasi

2165 2091 2361 2162 aliquis
2413 2090 2751 2145 Psahnistam
2786 2088 3145 2158 interrogaret
3194 2104 3311 2160 qum
3344 2088 3611 2144 mirabilia
3641 2088 3740 2144 Dei

2165 2182 2517 2253 signiﬁcaret,
2549 2196 2673 2234 mox
2700 2180 2868 2244 addit,
2897 2180 3082 2235 dicens
3116 2198 3130 2235 :
3160 2179 3394 2255 Salvavit
3425 2182 3527 2236 sibi
3554 2181 3749 2235 dexte-.

2166 2290 2279 2327 ram
2316 2272 2433 2342 ejus
2462 2276 2529 2325 'et
2598 2270 2867 2323 brachium
2909 2279 3147 2325 sanctum
3190 2271 3324 2341 ejus.
3376 2268 3574 2326 Notum
3618 2271 3745 2340 fecit

2168 2362 2422 2417 Dominus
2445 2360 2678 2415 salutare
2702 2376 2855 2413 suum
2882 2376 2900 2423 ;
2928 2360 2981 2413 in
3007 2371 3283 2429 conspectu
3297 2360 3524 2430 gentium
3546 2358 3746 2413 reuela-

2166 2456 2233 2511 uit
2254 2438 2522 2525 justitiam
2542 2467 2690 2506 suam
2716 2449 2903 2521 (lbid.,
2919 2450 2997 2520 2).
3015 2449 3118 2505 Per
3136 2451 3409 2505 dexteram
3425 2450 3746 2505 brachium-

2166 2560 2273 2616 que
2300 2544 2389 2599 Dei
2417 2542 2571 2599 Iesus
2592 2542 2841 2597 Christus
2863 2540 3197 2612 intelligitur,
3238 2556 3395 2613 quem
3424 2540 3591 2596 Pater
3626 2555 3747 2595 om-

2170 2638 2419 2708 nipotens
2445 2645 2573 2690 tunc
2599 2633 2846 2699 salvavit,
2875 2648 2997 2687 eum
3019 2649 3140 2688 eum
3166 2634 3216 2688 in
3243 2633 3499 2688 mundum
3523 2634 3747 2688 mittens
3836 2634 3845 2647 ‘

2169 2744 2196 2782 a
2220 2714 2429 2783 cunctis
2456 2725 2743 2781 mundanis
2773 2724 3025 2795 periculis
3061 2724 3280 2794 eripuit,
3321 2732 3374 2780 et
3400 2724 3542 2794 quod
3570 2724 3745 2778 mira-

2171 2819 2328 2875 bilius
2351 2830 2452 2883 est,
2480 2816 2651 2872 solum
2682 2817 2826 2870 inter
2853 2816 3100 2871 homines
3155 2816 3274 2870 sine
3310 2823 3533 2885 peccato
3560 2817 3747 2872 vivere

2172 2914 2318 2970 fecit.
2346 2914 2464 2982 ipse
2486 2915 2650 2969 etiam
2674 2914 2911 2971 salutare
2933 2912 3045 2976 Dei,
3074 2913 3215 3001 quod
3244 2922 3427 2969 notum
3454 2902 3603 2978 fecit,
3631 2913 3747 2983 ipse

500 3004 762 3060 tributum
791 3013 847 3060 et
874 3021 1024 3059 vnum
1052 3006 1236 3075 gloriae
1284 3009 1580 3077 appetitum
1612 3007 1912 3077 comparati
1944 3013 2071 3062 sunt.
2097 2995 2138 3056 (ἶ
2163 3006 2398 3077 justitia,
2420 3023 2583 3078 quam
2625 3007 2677 3061 in
2711 3004 3000 3075 conspectu
3028 2995 3265 3076 gentium
3305 3003 3585 3068 revelavit,
3614 3002 3753 3058 dici-

497 3096 764 3166 jumeutis
793 3098 1192 3167 insipientibus,
1225 3107 1451 3154 caveant
1480 3115 1547 3155 ne
1596 3099 1699 3154 illis
1726 3099 1915 3153 eadem
1942 3113 2071 3153 con-

501 3187 729 3258 tingant.
760 3186 984 3241 Immola
1006 3186 1113 3242 Deo
1144 3188 1466 3256 sacriﬁcium
1495 3188 1670 3242 laudis
1723 3200 1770 3243 et
1800 3188 1955 3242 redde
1978 3186 2072 3241 ΑΙ-

502 3278 702 3332 tissimo
726 3288 846 3345 vota
876 3288 969 3333 tua
997 3276 1167 3350 (Psal.
1197 3295 1340 3342 seu,
1376 3279 1486 3350 14),
1516 3279 1567 3334 id
1603 3290 1684 3335 est
1713 3279 1928 3334 itnmola
1964 3279 2072 3334 Deo

502 3368 830 3425 sacrificium
858 3370 1001 3441 quod
1036 3370 1138 3426 sibi
1192 3378 1277 3425 est
1298 3371 1687 3442 gratissimum,
1716 3380 1839 3427 vota
1867 3371 2074 3428 scilicet

503 3462 974 3534 tua,utabucguns
987 3463 1330 3534 temetipsum
1353 3464 1597 3533 sequaris
1617 3463 1912 3519 Christum.
1937 3463 2073 3517 Hinc

501 3564 555 3607 et
577 3553 628 3608 in
660 3553 766 3609 alio
791 3553 997 3623 psalmo
1020 3553 1221 3609 dicitur
1240 3572 1252 3609 :
1273 3553 1442 3609 Inme
1466 3564 1613 3621 sunt,
1641 3554 1800 3617 Deus,
1832 3562 2072 3616 votatna,

501 3659 618 3713 quia
660 3643 876 3697 reddam
923 3643 1254 3698 laudationes
1304 3644 1397 3697 tibi
1428 3643 1599 3714 (Psal.
1644 3659 1733 3706 ιν,
1768 3644 1883 3710 12),
1915 3643 2072 3711 quasi

504 3735 805 3788 diceretur:
831 3732 1464 3797 Licetextrinsecusnon
1496 3734 1723 3788 habeam
1745 3733 2073 3788 sacriﬁcium

507 3824 631 3887 tibi,
674 3823 918 3887 Domine,
942 3821 1293 3885 offerendum,
1328 3824 1381 3878 in
1408 3837 1493 3878 me
1528 3835 1704 3879 tamen
1731 3823 1903 3878 habeo
1931 3824 2075 3892 quod

508 3914 603 3968 tibi
633 3929 732 3985 pro
761 3913 938 3968 laudis
984 3914 1251 3968 sacriﬁcio
1306 3913 1504 3970 oﬁ‘erre
1542 3914 1696 3971 valeo
1730 3932 1743 3969 :
1779 3913 1970 3968 Inuoco
1996 3931 2077 3969 me

503 4006 558 4059 in
599 4005 685 4058 die
734 4003 1109 4071 tribulationis,
1146 4012 1194 4059 et
1223 4021 1404 4059 eruam
1432 4014 1499 4069 te,
1536 4016 1584 4060 et
1611 4005 1976 4074 honori/icabis
1998 4023 2078 4060 me

504 4094 679 4168 (Psal.
723 4112 867 4161 χιιι,
914 4095 1019 4165 15).
1047 4094 1205 4151 Jacta
1233 4112 1389 4166 super
1416 4094 1695 4150 Dominum
1726 4113 1906 4150 curam
1934 4107 2075 4151 tuam

502 4199 550 4245 et
576 4190 684 4260 ipse
709 4198 757 4245 te
775 4190 1032 4253 enutriet;
1059 4206 1163 4243 non
1185 4189 1327 4245 dabit
1345 4189 1401 4244 in
1414 4198 1665 4244 wternum
1681 4190 2076 4258 fluctuationem

498 4281 645 4351 justo
668 4280 840 4354 (Psal.
863 4298 971 4346 ων,
997 4282 1118 4353 25),

2173 3111 2276 3157 tur.
2306 3100 2362 3155 In
2386 3099 2705 3169 quibusdam
2737 3097 2888 3153 libris
2915 3097 3172 3152 habetur:
3205 3095 3437 3152 Salvavit
3465 3112 3584 3149 eum
3612 3095 3773 3149 des-—

2171 3201 2281 3246 tera
2313 3193 2427 3262 ejus
2454 3207 2471 3255 ;
2531 3191 2671 3260 quod
2718 3189 2924 3244 scilicet
2953 3189 2996 3242 si
3047 3186 3189 3256 apud
3219 3202 3315 3241 nos
3344 3172 3620 3242 diceretur
3648 3186 3747 3252 ita,

2171 3300 2271 3356 ego
2305 3298 2518 3355 quoque
2565 3282 2753 3337 eadem
2800 3293 3057 3351 sequerer
3095 3280 3257 3333 verba
3286 3295 3300 3344 ;
3350 3277 3483 3345 sed,
3514 3286 3576 3333 ut
3612 3278 3749 3334 mihi

2171 3377 2409 3441 videtur,
2433 3374 2706 3445 quodlibet
2733 3372 2926 3428 horum
2955 3373 3169 3427 dicatur
3195 3386 3297 3425 non
3328 3379 3565 3425 erratur.
3624 3446 3631 3449 ν

2246 3467 2490 3523 Exaltate
2536 3465 2814 3519 Dominum
2855 3463 3018 3518 Deum
3069 3474 3326 3525 nostrum,
3378 3472 3426 3516 et
3447 3464 3668 3517 adorato
3696 3464 3751 3519 in

2174 3568 2347 3614 monte
2396 3568 2576 3612 sancto
2611 3557 2747 3626 ejus,
2792 3554 3036 3626 quoniam
3065 3562 3278 3608 sanctus
3323 3552 3581 3607 Dominus
3608 3551 3752 3606 Deus

2176 3660 2350 3706 noster
2392 3640 2564 3720 (Psal.
2611 3660 2811 3709 xcvnt,
2857 3643 2935 3715 9).
2988 3643 3222 3698 Jubilate
3268 3642 3526 3707 Domino,
3556 3644 3753 3697 omnis

2176 3751 2346 3804 terra;
2379 3741 2560 3795 servite
2589 3738 2812 3793 Domino
2840 3737 2895 3791 in
2914 3734 3097 3790 lwtitia
3123 3734 3295 3803 (Psal.
3322 3750 3468 3797 xcrx,
3497 3731 3755 3805 l).Bene—

2178 3831 2334 3885 dicite
2357 3830 2600 3894 Domino,
2627 3843 2804 3882 omnes
2844 3828 3058 3881 virtutes
3085 3825 3217 3895 ejus,
3246 3825 3473 3879 ministri
3499 3824 3632 3893 ejus,
3662 3825 3755 3895 qui

2178 3924 2351 3995 facitis
2399 3923 2719 3979 voluntatem
2762 3918 2875 3988 eius
2925 3915 3102 3987 (Psal.
3150 3930 3242 3979 cn,
3272 3908 3386 3986 ΞΟ).
3420 3910 3759 3983 Confitentini

2183 4018 2403 4073 Domino
2454 4025 2504 4071 et
2550 4015 2784 4069 invocato
2833 4027 3017 4066 nomen
3068 4009 3223 4080 ejus;
3263 4008 3576 4062 annuntiate
3617 4007 3759 4060 inter

2179 4119 2352 4182 gentes
2375 4125 2531 4179 opera
2562 4106 2697 4176 ejus.
2726 4102 2948 4159 Cantate
2974 4103 3043 4170 ei,
3070 4112 3118 4157 et
3153 4101 3380 4171 psallite,
3410 4108 3626 4153 narrate
3646 4105 3758 4153 οπιέ

2168 4201 2267 4254 ‘nia
2314 4197 2577 4253 mirabilia
2605 4190 2739 4268 ejus.
2781 4195 3013 4261 Quaerite
3056 4193 3362 4256 Dominum,
3392 4201 3440 4245 et
3466 4190 3756 4260 conﬁrma-

2181 4291 2329 4354 mini,
2370 4290 2589 4358 qurerite
2637 4287 2823 4357 [aciem
2876 4283 2988 4355 ejus
3016 4282 3238 4350 'semper
3282 4274 3457 4350 (Psal.
3482 4270 3768 4349 cmi-4).;

579 4370 642 4426 Si
673 4341 787 4424 uere
814 4373 1003 4442 utique
1033 4372 1300 4441 justitiam
1340 4371 1634 4440 loquimini,
1657 4380 1794 4427 recte
1814 4371 2067 4442 judicate,

2186 4378 2522 4448 Conﬁtemini
2568 4376 2792 4431 Domino
2818 4373 3062 4443 quoniam
3084 4362 3272 4433 bonus,
3305 4370 3551 4438 quoniam
3576 4368 3629 4421 in
3654 4385 3755 4421 sa:-

506 4459 605 4531 ﬁlii
634 4460 904 4514 hominum
924 4459 1095 4530 (Psal.
1121 4477 1253 4526 Lm,
1278 4462 1358 4533 2),
1383 4462 1485 4516 hoc
1513 4470 1616 4525 est,
1640 4461 1686 4516 si
1711 4476 1891 4516 veram
1911 4459 2088 4529 justi-

509 4551 641 4604 tiam
669 4550 820 4605 scitis
834 4559 886 4603 et
901 4548 1178 4621 loquimini
1190 4591 1204 4617 ,
1226 4550 1383 4606 facite
1394 4550 1823 4621 etiamjudicium
1838 4560 2074 4616 rectum;

508 4642 647 4696 bene
677 4641 818 4709 enim
850 4641 1001 4712 loqui
1037 4651 1092 4698 et
1119 4642 1259 4696 niale
1299 4641 1479 4697 facere
1513 4641 1649 4696 nihil
1684 4654 1765 4698 est
1797 4641 1942 4696 aliud
1973 4642 2077 4696 nisi

513 4748 573 4788 se
594 4732 765 4802 ipsum
789 4732 1073 4801 damnare.
1109 4732 1290 4787 Nolite
1323 4747 1534 4799 sperare
1559 4733 1613 4785 in
1634 4731 1906 4801 iniquitate
1925 4740 1972 4785 et
1992 4748 2080 4785 ra-

508 4826 661 4892 pinas
696 4824 855 4879 nolite
888 4824 1247 4894 concupiscere
1269 4840 1288 4888 ;
1335 4823 1532 4878 divitia:
1574 4822 1621 4877 si
1647 4822 1880 4892 aﬂluant,
1925 4821 2082 4875 nolite

510 4933 603 4971 cor
646 4933 902 4989 opponere
947 4916 1119 4989 (ιξδαι.
1170 4932 1303 4981 ιιι,
1332 4917 1444 4983 11).
1479 4912 1713 4969 Jubilate
1748 4914 1879 4980 Deo,
1913 4913 2082 4968 omnis

512 5019 670 5072 terra,
704 5009 963 5079 psalmum
986 5008 1143 5064 dicite
1165 5008 1362 5079 nomini
1382 5007 1517 5075 ejus,
1541 5009 1661 5061 date
1688 5005 1908 5076 gloriam
1934 5005 2083 5058 laudi

513 5098 630 5168 ejus
651 5098 826 5171 (Psal.
848 5114 976 5165 va,
1002 5099 1054 5165 1,
1077 5098 1157 5169 2).
1198 5096 1518 5160 Benedicitc,
1563 5107 1762 5167 gentes,
1795 5096 1962 5150 Deum
1989 5111 2085 5148 no-

513 5199 678 5244 ssrum
707 5199 758 5244 et
787 5191 1026 5253 auditam
1052 5189 1212 5259 facite
1249 5203 1421 5242 vocem
1444 5186 1761 5256 laudisejus
1792 5184 1979 5256 (lbid.,
2002 5183 2099 5255 8)..

516 5280 737 5337 Cantate
761 5281 893 5340 Deo.
934 5281 1192 5340 psalmum
1216 5280 1373 5340 dicite
1421 5279 1619 5333 nomini
1643 5278 1775 5340 ejus,
1807 5278 1905 5332 iter
1926 5276 2086 5340 facile

2182 4469 2358 4525 culum
2384 4464 2739 4521 misericordia
2761 4462 2873 4526 eius
2907 4458 3080 4531 (Psal.
3105 4474 3190 4521 ον,
3218 4459 3291 4527 1).
3323 4456 3581 4519 Laudate,
3606 4459 3759 4525 pueri

2184 4555 2756 4624 Domimtm,-laudate
2796 4568 2980 4607 nomen
3026 4550 3237 4604 Domini
3282 4546 3453 4620 (Psal.
3507 4561 3642 4612 cxrt,
3681 4547 3767 4617 i).‘

2184 4652 2423 4708 Laudute
2450 4664 2590 4712 eum,
2615 4662 2790 4701 omnes
2820 4653 3013 4714 gentes,
3042 4641 3256 4695 laudate
3282 4646 3423 4704 eum,
3448 4654 3628 4692 omnes
3667 4648 3769 4706 po-‘

2185 4742 2318 4814 puli,
2364 4740 2612 4812 quoniam
2657 4735 2966 4805 conﬁrmata
2997 4742 3071 4786 est
3099 4748 3254 4798 super
3272 4747 3366 4784 nos
3394 4724 3758 4782 misericordia

2182 4834 2320 4905 ejus,
2372 4842 2420 4886 et
2480 4830 2673 4885 veritus
2734 4826 2939 4881 Domini
2994 4831 3168 4879 manet
3206 4823 3260 4875 in
3299 4833 3549 4875 arternum
3584 4817 3759 4890 (Psal.

2181 4938 2326 4987 cxvr,
2349 4921 2425 4992 1).
2456 4919 2650 4990 Rogate
2677 4918 2800 4988 qua!
2822 4915 2890 4970 ad
2910 4929 3089 4985 pacem
3113 4922 3233 4966 sunt
3273 4909 3590 4971 Jerusalem,
3635 4908 3762 4963 sub-

2183 5013 2305 5067 audi
2333 5007 2572 5075 ccefestis,
2595 4994 2711 5081 qua:
2751 5006 3044 5070 ludificatur
3064 5013 3118 5057 ut
3144 5002 3325 5057 civitas
3365 5010 3577 5055 terrena
3599 4999 3764 5054 variis

2186 5103 2488 5173 sumptibus
2531 5099 2716 5173 (Psal.
2750 5112 2898 5160 cur,
2929 5097 3005 5161 '3,
3044 5093 3121 5165 6).
3174 5091 3415 5147 Laudate
3448 5088 3769 5155 Dominum,

2186 5195 2433 5265 quoniam
2472 5193 2638 5246 bonus
2672 5188 2927 5242 Dominus
2949 5200 2977 5251 ;
3017 5181 3224 5255 psallite
3252 5180 3451 5235 nomini
3468 5179 3604 5250 ejus,
3627 5194 3759 5250 quo—

2189 5286 2331 5338 niam
2358 5298 2514 5337 suaue
2532 5277 2704 5340 (Psal.
2719 5291 2938 5340 cxxxrv,
2960 5273 3037 5340 5).
3067 5270 3246 5326 Nolite
3260 5271 3518 5340 conlidere
3539 5270 3594 5323 in
3614 5270 3760 5340 prino
