3942 5340
192 313 290 375 189

188 517 309 587 quia
340 513 633 570 exaltatum
658 526 733 571 est
759 531 944 571 nomen
985 515 1101 585 ejus
1129 514 1292 570 solius
1323 512 1496 586 (Psal.
1526 529 1750 580 exuvm,

190 605 273 670 l2,
301 602 408 675 15).
431 604 540 661 Sed
568 614 624 661 et
644 607 812 660 omnis
836 604 1050 678 spiritus
1066 605 1242 660 laudet
1269 604 1552 662 Dominum
1579 603 1752 675 (Psal.

187 710 265 759 CL,
295 692 375 766 6).

250 782 382 850 Qum
410 784 480 837 de
505 781 673 838 tribus
700 782 873 838 modis
891 782 1185 839 locutionis
1225 783 1440 850 divinas,
1479 783 1658 851 idest,
1688 784 1756 840 de

183 874 641 949 pronuntiatione,
673 874 741 929 de
761 874 1149 941 admonitione,
1172 873 1241 933 de
1263 875 1630 946 increpatione
1658 892 1757 931 ex-

182 962 400 1035 planare
430 962 806 1035 promisi,jam
832 965 989 1030 satis,
1035 974 1092 1018 ut
1139 981 1283 1031 reor,
1341 967 1581 1036 implevi,
1630 967 1759 1023 licet

183 1040 347 1120 pauca
378 1051 450 1107 de
482 1046 857 1123 increpatione
874 1053 1097 1124 ipsaque
1119 1052 1274 1123 juxta
1299 1055 1541 1111 ordinem
1564 1070 1757 1125 prope.-

182 1140 338 1193 situm
374 1141 608 1196 minime
636 1142 777 1197 dicta
822 1142 953 1197 sint.
998 1144 1110 1199 lloc
1159 1156 1336 1198 autem
1385 1143 1507 1199 ideo
1554 1143 1754 1200 factum

180 1239 276 1293 est,
305 1231 436 1298 quia
467 1232 760 1287 cumidem
788 1233 979 1289 modus
1021 1234 1326 1289 inveniatur
1374 1234 1549 1289 rarius
1592 1249 1756 1304 quam

168 1325 378 1386 ‘cteteri,
408 1321 704 1378 locutionis
745 1324 986 1395 ejusdem
1037 1324 1281 1380 ordinem
1321 1326 1611 1379 observare
1658 1342 1755 1380 ne-

180 1413 353 1481 quivi;
407 1414 507 1471 sed
561 1414 758 1484 quovis
801 1416 1010 1481 ordine,
1058 1415 1347 1470 dummodo
1395 1416 1530 1470 satis
1574 1424 1757 1486 aperte

180 1507 278 1563 sint
303 1506 473 1569 dicta.
508 1522 728 1589 precor,
751 1509 948 1566 fratres
977 1509 1309 1571 citarissimi.
1357 1516 1415 1562 ut
1466 1508 1757 1565 attendatis

181 1599 300 1676 quid.
319 1613 422 1667 per
451 1599 640 1662 eadem
670 1600 813 1658 dicta
834 1600 1091 1661 Dominus
1103 1601 1258 1655 nobis
1276 1600 1485 1657 innuat.
1502 1598 1755 1672 Magnum

180 1691 367 1767 quippe
392 1700 480 1744 est
508 1690 654 1760 quod
682 1699 791 1754 tam
817 1690 984 1746 variis
1011 1690 1184 1746 modis
1235 1690 1561 1754 insinuatur,
1612 1688 1756 1759 quod

1198 334 1205 341 ·
1302 310 1434 369 ιω.
1472 310 1562 369 DE
1594 310 1824 372 CL'BSU
1864 312 2264 373 SPIRITUALI.

189 424 432 495 virgines,
459 439 603 479 senes
620 440 736 478 cum
762 421 1052 490 junioribus
1072 421 1286 480 laudent
1305 439 1493 478 nomen
1518 422 1750 490 Domini;
1778 424 1831 486 Α,

3321 307 3417 363 illi)

2440 425 2665 482 CAPUT
2704 424 2820 480 XV.
3416 437 3420 463 :

1854 536 1984 603 Quae
2001 537 2067 591 sit
2077 536 2689 617 nconfessi‘oparnitentia’,
2710 551 2827 617 quo:
2848 533 3023 617 lqudis
3035 534 3075 617 9.
3097 526 3421 617 Documenta

1918 603 2258 732 moralialfe:
2299 603 2445 677 libris
2499 603 2827 672 Salomonis,
2872 603 2996 672 Job,
3046 603 3227 671 Isaiae,
3270 603 3425 659 λιι-οι

1920 693 2058 732 ante.
2098 691 2129 732 e
2155 691 2203 731 c.
2972 712 2975 713 ν
3412 729 3419 732 Α

1920 693 2058 739 mue,
2098 691 2203 732 CIC.

1921 788 2057 846 Illud
2087 804 2237 855 vero,
2261 794 2404 860 quod
2441 788 2671 857 necdum
2703 804 2788 844 me
2817 788 3019 844 dixisse
3061 786 3260 853 recolo,
3304 784 3419 855 iam

1853 880 2099 950 profero;
2125 879 2250 950 quia
2272 878 2542 935 confessio
2570 879 2623 933 in
2653 876 2931 946 Scriptura
2954 890 3106 939 sacra
3133 876 3270 930 duas
3292 889 3423 944 ερας

1854 971 1967 1025 cies
1996 970 2195 1025 habere
2217 969 2559 1039 perhibetur:
2585 982 2689 1023 una
2719 967 2936 1038 quidem
2962 974 3044 1025 est
3065 964 3422 1034 paenitentiae,

1853 1074 2015 1131 quam
2044 1059 2348 1123 confitendo
2378 1068 2596 1130 peccata
2622 1066 2805 1115 nostra
2827 1074 3009 1113 coram
3035 1056 3421 1127 Deo'gerimus;

1856 1148 2025 1204 altera
2056 1164 2186 1204 vero
2207 1148 2402 1203 laudis.
2444 1147 2551 1204 Sed
2580 1158 2806 1218 utraque
2836 1147 3028 1217 saepius
3069 1146 3339 1201 invenitur
3367 1144 3424 1198 in

1855 1238 2095 1310 psalmis.
2120 1239 2272 1296 Unde
2295 1250 2381 1296 est
2409 1239 2496 1295 illa
2519 1240 2783 1297 sententia
2813 1240 2883 1295 ad
2908 1226 3279 1309 paenitentiam
3298 1252 3424 1308 per-

1857 1330 2036 1385 tinens
2063 1348 2077 1384 :
2108 1328 2375 1399 Confessio
2406 1339 2455 1386 et
2496 1329 2832 1400 pulchritudo
2887 1331 2942 1383 in
2989 1338 3264 1398 conspectu
3310 1328 3426 1398 ejus

1858 1418 2028 1492 (Psal.
2074 1435 2196 1485 xcv,
2245 1421 2333 1492 6);
2372 1429 2431 1477 ut
2474 1420 2801 1491 intelligatur
2838 1421 2963 1491 quia
3005 1437 3110 1476 non
3170 1420 3273 1474 nisi
3329 1433 3429 1489 per

1856 1509 2250 1566 confessionem
2301 1518 2359 1567 et
2415 1510 2786 1582 paenitentiam
2853 1511 3098 1565 obtinere
3153 1510 3430 1566 valeamus

1856 1601 2306 1672 pulchritudinem
2344 1602 2456 1679 Deo
2480 1602 2765 1673 placitam;
2804 1611 2859 1656 et
2889 1600 3268 1669 :qun/itemini
3314 1600 3425 1654 Do-

1858 1695 2021 1759 mino,
2049 1695 2295 1765 quoniam
2319 1693 2516 1759 bonus;
2556 1693 2801 1765 quoniam
2841 1695 2896 1748 in
2927 1694 3177 1748 statutum
3221 1693 3427 1747 miseri-

182 1793 290 1850 ego,
321 1790 596 1849 quantum
625 1781 803 1849 valeo,
826 1782 980 1838 vobis
1011 1780 1206 1838 refero.
1232 1780 1368 1837 Cum
1408 1780 1571 1861 igitur
1618 1780 1756 1836 Deus
1788 1774 1828 1833 Β
1857 1785 2035 1839 cordia
2062 1786 2174 1854 ejus
2198 1782 2366 1855 (Psal.
2395 1799 2561 1850 cxvu,
2589 1784 2663 1852 1).
2706 1784 2782 1840 De
2800 1782 3141 1839 confessione
3162 1797 3291 1838 vero
3315 1783 3431 1837 lau-

181 1885 268 1952 per
289 1886 511 1927 sacram
554 1872 889 1949 Scripturam
929 1874 1084 1931 nobis
1126 1874 1381 1945 quaelibet
1424 1873 1755 1945 pronuntiat,

180 1963 283 2017 sive
303 1962 665 2027 consolando,
685 1956 697 1968 ’
716 1965 830 2020 sive
855 1966 1195 2033 deterrendo,
1245 1980 1368 2019 nam
1396 1980 1490 2035 per
1524 1964 1624 2020 bas
1661 1979 1756 2035 ge-

182 2056 346 2109 anas
409 2056 625 2124 species
670 2057 847 2113 omnis
891 2058 1070 2113 divina
1124 2056 1509 2133 pronuntiatio
1540 2056 1755 2128 agitur:

182 2147 312 2201 unde
364 2147 425 2200 in
478 2146 773 2217 Evangelio
824 2148 1104 2212 Dominus,
1145 2156 1428 2217 utramque
1478 2145 1758 2215 proferens

182 2236 300 2293 dicit
328 2257 341 2292 :
378 2238 487 2306 Qui
516 2238 792 2296 crediderit
835 2250 882 2294 et
910 2239 1202 2309 baptizatus
1230 2238 1412 2307 fuerit,
1442 2238 1615 2293 salvus
1636 2238 1755 2305 erit;

181 2333 260 2401 qui
289 2346 408 2384 vero
433 2346 539 2384 non
560 2330 833 2389 crediderit
864 2330 1291 2385 condemnabitur
1317 2329 1508 2399 (Marc.
1530 2329 1753 2400 “1.16):

183 2421 345 2476 aufert
377 2437 409 2475 a
447 2422 605 2476 nobis
646 2410 860 2477 omnem
894 2422 1213 2497 ignorantia:
1242 2422 1663 2488 excusationem,
1691 2438 1759 2477 ne

185 2515 291 2582 quis
322 2523 574 2569 nostrum
610 2514 806 2569 merito
831 2515 999 2585 possit
1040 2514 1239 2581 dicere,
1297 2515 1417 2584 quia
1466 2530 1612 2569 nemo
1664 2530 1757 2568 nos

184 2604 420 2659 conduxit
454 2604 673 2677 (Matth.
717 2620 812 2670 xx,
867 2605 944 2669 7).
976 2604 1109 2659 Cum
1163 2616 1343 2659 autem
1395 2620 1490 2659 nos
1523 2620 1620 2674 pro
1650 2605 1757 2671 bis,

184 2696 418 2766 quatiam
454 2697 804 2767 pronuntiata
828 2704 975 2760 sunt,
1007 2696 1291 2762 admonet,
1321 2704 1606 2766 paternum
1628 2696 1759 2752 allec

187 2794 320 2842 ctum
353 2786 622 2851 ostendit,
674 2786 852 2841 sciens
879 2787 1005 2857 quia
1038 2787 1331 2840 luunanum
1360 2795 1444 2847 est
1480 2795 1535 2840 et
1587 2787 1760 2841 maxi-

184 2891 317 2931 mum
337 2877 594 2932 accidens
608 2876 1004 2947 negligentibus
1018 2876 1282 2933 oblivisci.
1303 2878 1572 2932 Admonet
1593 2878 1756 2932 etiam

183 2979 463 3039 ptoplerea
496 2978 557 3023 ut
583 2976 639 3024 et
670 2966 768 3023 nos
796 2969 922 3035 illis,
980 2985 1117 3040 quos
1149 2969 1231 3023 vel
1290 2980 1481 3039 sponte
1521 2971 1760 3042 suscepi-

184 3073 311 3124 mus,
344 3057 431 3113 vel
459 3059 529 3112 ab
557 3057 681 3113 aliis
706 3058 982 3113 commissi
1037 3066 1162 3114 sunt
1212 3058 1278 3112 ad
1330 3060 1705 3114 instruendum
1738 3099 1753 3125 ,

183 3148 424 3203 similiter
445 3148 709 3205 faciamus
736 3151 1091 3205 admonentes
1113 3165 1207 3204 eos
1236 3150 1430 3219 smpius
1452 3159 1510 3204 ut
1534 3152 1751 3206 iutima-
1782 3124 1827 3186 Ο

185 3247 282 3295 tam
308 3237 412 3293 sibi
445 3237 751 3293 doctrinam
781 3240 1084 3294 attendant.
1114 3238 1315 3293 Deinde
1335 3254 1464 3293 vero
1498 3255 1620 3294 cum
1673 3241 1758 3295 vi-

184 3327 309 3380 dcrit
345 3341 448 3381 nos
484 3342 675 3399 parum
704 3327 998 3394 profecisse
1041 3342 1107 3381 ex
1137 3325 1352 3381 assidua
1398 3326 1615 3396 lenique
1664 3328 1760 3383 ad-

183 3419 490 3481 menitione,
529 3434 633 3475 non
674 3419 877 3477 idcirco
930 3434 1027 3474 nos
1053 3418 1283 3485 deserit;
1330 3418 1426 3473 sed
1457 3419 1632 3474 adhuc
1661 3435 1759 3474 nos

184 3511 449 3565 sustinens
485 3511 642 3583 quasi
676 3519 829 3579 pater
851 3511 970 3581 pius
1000 3511 1146 3564 addit
1175 3510 1589 3581 increpationes,
1617 3526 1761 3566 nunc

185 3602 378 3666 verbis,
412 3611 592 3665 utest
622 3602 753 3656 illud
786 3620 798 3655 :
829 3600 896 3655 Ut
947 3602 1072 3677 quid
1101 3600 1317 3670 diligitis
1366 3601 1665 3667 vanitatem,
1711 3610 1759 3655 et

184 3691 408 3757 quieritis
436 3692 763 3745 mendacium
791 3691 965 3762 (Paul.
996 3703 1068 3756 tv,
1098 3691 1188 3761 '5);
1234 3690 1523 3761 aliquando
1572 3690 1759 3763 ﬂagel-

186 3780 266 3845 lis,
285 3782 441 3849 juxta
472 3785 614 3852 quod
647 3784 764 3854 ipse
796 3784 928 3839 dicit
954 3799 967 3836 :
1008 3780 1140 3856 Ego,
1163 3799 1291 3859 quos
1326 3799 1466 3851 amo,
1517 3800 1680 3855 arguo
1711 3780 1759 3839 et

187 3874 377 3941 canigo
416 3872 595 3943 (Apoc.
637 3890 723 3939 ιιι,
752 3873 861 3945 19).

256 3962 381 4018 llaec
408 3965 570 4035 igitur
600 3967 704 4020 tria
735 3969 1077 4041 omnipotens
1096 3968 1239 4025 Deus
1285 3968 1493 4024 cunctis
1523 3967 1761 4023 homini-

188 4056 282 4113 bus
310 4073 413 4115 non
440 4059 614 4114 solum
637 4061 706 4115 ad
732 4062 1039 4133 exemplum
1063 4064 1306 4129 exhibet,
1339 4072 1397 4119 ut
1437 4078 1595 4118 nemo
1621 4063 1756 4119 alios

191 4152 293 4205 cito
314 4152 542 4218 deserat,
571 4152 656 4208 vel
677 4154 961 4225 despiciat,
987 4171 1080 4211 seu
1102 4157 1449 4224 condemnet;
1477 4156 1569 4212 sed
1591 4157 1755 4211 etiam

193 4243 252 4294 al
286 4245 641 4300 testimonium
668 4245 1138 4316 extremijudicii,
1168 4248 1338 4319 utqui
1377 4249 1466 4305 hic
1506 4262 1602 4320 per
1647 4256 1756 4303 tam

190 4335 379 4389 variam
404 4336 803 4392 institutionem
834 4338 1141 4395 nullatenus
1180 4339 1453 4411 corrigere
1480 4348 1535 4395 et
1574 4322 1772 4395 emen-l

193 4422 311 4477 dire
338 4439 392 4478 se
415 4426 619 4491 volunt,
647 4426 759 4482 illic
784 4412 980 4483 merito
1009 4443 1074 4483 se
1105 4429 1440 4485 damnandos
1456 4428 1659 4485 sciant.
1691 4429 1757 4485 Et

193 4527 256 4565 ne
278 4516 388 4584 quis
412 4534 476 4572 ex
505 4520 825 4602 conjectura
853 4520 1068 4590 propria
1104 4520 1219 4576 haec
1261 4537 1347 4576 me
1371 4522 1571 4577 dixisse
1611 4521 1758 4576 arbi-

194 4613 366 4669 t:etur,
393 4610 573 4664 audiat
601 4610 730 4680 quid
758 4609 876 4680 ipse
904 4610 1160 4666 Dominus
1192 4610 1244 4665 in
1273 4610 1561 4681 Evangelio
1580 4610 1754 4666 dicat:

199 4694 291 4760 Qui
311 4702 493 4763 spernit
515 4719 618 4765 me,
649 4713 826 4757 etnon
849 4703 1033 4773 accipit
1085 4703 1239 4758 rerba
1291 4697 1424 4764 mea,
1468 4698 1620 4756 liabet
1668 4701 1758 4774 qui

190 4780 367 4850 indicet
393 4807 538 4857 eum;
586 4808 760 4846 sermo
799 4808 954 4862 quem
996 4792 1198 4846 locutus
1222 4809 1336 4847 sum
1375 4790 1462 4844 ille
1496 4791 1757 4860 judicabil

198 4892 301 4930 eam
327 4880 375 4933 in
404 4882 680 4936 novissimo
706 4882 796 4935 die
824 4879 1006 4949 (Joan.
1030 4898 1126 4948 xu,
1152 4881 1228 4954 8).
1256 4881 1402 4936 Talia
1426 4897 1554 4951 ergo
1581 4890 1757 4936 atten-

200 4967 363 5026 dentes
376 4970 596 5043 jugiter,
622 4987 834 5045 quaeso,
855 4972 1130 5028 vobiscum
1164 4982 1426 5039 tractatc;
1453 4974 1578 5043 quia
1609 4970 1754 5026 nulla

200 5063 467 5127 excusatio,
493 5063 817 5133 nullumque
839 5070 1011 5116 restat
1036 5062 1296 5135 refugium
1325 5063 1585 5118 evadendi
1605 5061 1756 5133 judi-

202 5148 320 5204 cium
342 5152 576 5209 divinum
598 5154 684 5209 his
718 5153 815 5223 qul
842 5152 1000 5207 modo
1021 5161 1375 5229 contemnunt
1405 5155 1600 5223 ipsum.
1633 5152 1758 5208 Hmc

200 5236 353 5312 itaque
378 5246 496 5302 ideo
522 5247 656 5310 dixi,
685 5254 748 5301 ut
772 5245 965 5301 modos
994 5232 1319 5317 eausamque
1350 5248 1545 5304 divinae
1598 5248 1756 5302 locu-

1855 1876 1937 1932 dis
1972 1877 2168 1932 dicitur
2193 1890 2208 1931 :
2234 1875 2529 1947 Conﬁtebor
2555 1877 2667 1943 tibi,
2695 1876 2934 1941 Domine,
2958 1876 3014 1930 in
3056 1875 3292 1931 Ecclesia
3318 1892 3432 1929 ma-

1853 1983 1978 2037 gna,
2008 1966 2060 2019 in
2081 1965 2272 2036 populo
2299 1967 2446 2036 gravi
2470 1963 2696 2021 laudabo
2722 1975 2770 2021 te
2793 1964 2961 2037 (Psal.
2986 1981 3170 2031 xxxrv,
3204 1966 3321 2035 18);
3345 1973 3426 2020 et:

1856 2054 2249 2125 Conﬁtebuntnr
2301 2056 2413 2112 curii
2465 2057 2728 2112 mirabilia
2754 2066 2901 2129 .tua,
2969 2055 3191 2112 Domine
3252 2054 3428 2129 (Psal.

1855 2164 2117 2213 Luxvul,
2142 2146 2222 2218 6).
2876 2200 2881 2205 .
3158 2164 3161 2165 '

1926 2240 2021 2296 llis
2052 2241 2214 2311 igitur
2241 2240 2493 2296 omnibus
2519 2239 2747 2310 prolatis
2766 2239 2943 2296 adhuc
2970 2238 3225 2309 quiddam
3251 2238 3433 2299 dicere

1859 2333 2040 2403 cupio,
2088 2332 2229 2402 quod
2277 2332 2403 2388 licet
2453 2331 2613 2388 alicui
2664 2330 3090 2401 reprehensibile
3139 2330 3432 2397 videatur;

1858 2442 2016 2496 spero
2040 2436 2222 2479 tamen
2248 2425 2371 2494 quia
2393 2424 2639 2493 plurimis
2661 2422 2886 2493 placeat.
2907 2421 3254 2491 Perpendens
3269 2436 3427 2474 nam-

1858 2532 1961 2588 que
1990 2532 2154 2587 quam
2185 2515 2461 2586 multiplex
2491 2515 2733 2575 doctrina
2783 2513 2983 2568 divina:
3028 2512 3200 2566 laudis
3246 2522 3302 2566 et
3348 2521 3432 2565 to-

1858 2610 1964 2666 tius
1998 2609 2241 2664 utilitatis
2261 2618 2405 2662 esset
2438 2608 2489 2661 in
2514 2606 2763 2676 psalmis;
2797 2605 3032 2660 iutellevi
3064 2610 3118 2658 et
3145 2603 3230 2656 illa
3261 2603 3427 2658 verba

1861 2700 2035 2769 inesse
2064 2740 2077 2764 ,
2123 2699 2316 2770 quibus
2352 2697 2765 2753 saluberrimum
2802 2703 2882 2750 est
2940 2695 3016 2749 uti
3066 2693 3119 2748 iu
3149 2692 3434 2762 cujuslibet

1859 2790 2019 2844 stmlii
2050 2788 2129 2844 vel
2160 2787 2337 2857 operis
2369 2786 2498 2857 liciti
2535 2785 2710 2851 initio,
2741 2793 2796 2839 et
2820 2784 3014 2852 quibus
3037 2781 3295 2837 utendum
3343 2789 3433 2835 est

1859 2860 1935 2957 ad
1976 2862 2276 2935 orationem
2329 2877 2571 2932 intimam
2626 2876 2681 2957 in
2746 2874 3167 2945 congregatione
3210 2872 3430 2942 positis,

1860 2952 2085 3043 qua-que
2110 2969 2436 3026 conveniant
2464 2952 2738 3022 diceread
2781 2966 3203 3022 benedicendum
3250 2980 3436 3034 quem-

1859 3066 2021 3135 piam.
2052 3062 2131 3117 Ad
2162 3061 2373 3115 initium
2409 3060 2604 3130 quippe
2618 3044 3110 3129 cujuslibetoperis
3132 3056 3253 3111 boni
3283 3056 3432 3110 salu-

1861 3153 2151 3209 berrimum
2184 3158 2266 3205 est
2294 3150 2510 3204 dicere:
2538 3148 2871 3217 Adjutorium
2904 3157 3160 3212 nostrum,
3205 3144 3446 3201 subaudi

1856 3246 1944 3309 sit,
1984 3245 2039 3297 in
2064 3243 2270 3296 nomine
2295 3240 2536 3305 Domini,
2591 3239 2679 3309 qui
2727 3238 2849 3308 fecit
2901 3237 3084 3291 uelum
3139 3244 3187 3290 et
3239 3245 3433 3290 terram

1858 3333 2028 3408 (Psal.
2058 3348 2281 3393 cxxvm,
2303 3333 2383 3399 8).
2422 3330 2574 3397 Quod
2596 3329 2802 3384 scilicet
2826 3336 2879 3382 et
2922 3326 3215 3396 Apostolus
3240 3326 3446 3380 obser-

1856 3426 2089 3481 vaudum
2113 3421 2586 3493 prcecipicnsdicit
2618 3438 2630 3474 :
2660 3420 2824 3475 Omne
2860 3419 3204 3488 quodcunque
3257 3416 3435 3486 facitis

1858 3518 1913 3572 in
1949 3516 2096 3571 verbo
2122 3525 2212 3568 aut
2237 3516 2292 3568 in
2312 3529 2485 3583 opere,
2514 3513 2694 3566 omnia
2722 3512 2775 3563 iu
2805 3510 3031 3564 nomine
3053 3508 3267 3562 Domini
3305 3507 3447 3561 Jesu

1858 3609 2055 3679 gratias
2077 3616 2283 3676 agentes
2309 3605 2414 3659 Deo
2445 3603 2597 3658 Patri
2635 3618 2725 3670 per
2752 3602 2920 3671 ipsum
2947 3598 3168 3668 (Coloss.
3209 3613 3289 3664 ιιι,
3323 3598 3431 3666 1⁸7).

1875 3760 1885 3767 ,
1931 3700 2062 3755 Cum
2089 3714 2219 3753 vero
2235 3696 2411 3766 liiqui
2446 3696 2496 3749 in
2525 3692 2943 3764 congregatione
2970 3689 3128 3759 positi
3162 3695 3309 3753 sunt,
3335 3700 3436 3757 pro

1859 3788 2274 3853 necessitatibus
2300 3786 2411 3841 suis
2436 3797 2623 3854 preces
2658 3783 2875 3836 intimas
2927 3794 3088 3848 agere
3139 3777 3434 3842 voluerint,

1860 3862 2149 3955 nusquam,
2179 3889 2237 3933 ut
2264 3892 2405 3941 reor,
2440 3874 2602 3930 verba
2629 3874 2696 3928 ad
2718 3874 2820 3928 hoc
2863 3872 3071 3941 aptiora
3130 3870 3433 3933 inveniunt,

1858 3989 2016 4044 quam
2049 3972 2101 4027 hi
2132 3969 2319 4040 psalmi
2350 3976 2511 4023 sunt:
2542 3966 2680 4020 Deus
2712 3965 3017 4019 misereatur
3053 3963 3221 4017 nostri
3249 3959 3426 4030 (Psul.

1858 4050 2006 4129 DXVl,
2037 4063 2111 4131 -l).
2136 4063 2214 4114 Ad
2240 4071 2288 4114 te
2312 4060 2474 4113 levari
2514 4058 2689 4112 oculos
2737 4072 2880 4127 meos
2923 4053 3095 4125 (l’sal.
3140 4068 3307 4117 cxxn,
3356 4053 3432 4122 1).

1860 4156 2159 4226 Eccequum
2176 4153 2362 4206 bonum
2380 4162 2426 4205 et
2442 4144 2896 4221 quamjucundum
2936 4144 3106 4218 (Psal.
3128 4160 3332 4210 cxxxu,
3356 4145 3432 4203 1).

1857 4245 1989 4301 Cum
2044 4244 2294 4314 precibus
2341 4238 2781 4310 istis:Propitius
2820 4250 2926 4291 esto
2972 4238 3195 4306 peccatis
3245 4236 3435 4290 nostris

1859 4335 2030 4409 (Psal.
2062 4350 2287 4398 Lxxvm,
2321 4332 2396 4403 9).
2416 4331 2688 4409 (Memento
2710 4331 2895 4394 nostri,
2928 4328 3166 4392 Domine,
3196 4329 3250 4382 in
3280 4328 3435 4381 bene-

1856 4426 2046 4497 placito
2066 4425 2244 4494 populi
2269 4425 2348 4477 tui
2377 4422 2546 4493 (Psal.
2576 4437 2659 4486 cv,
2687 4419 2764 4492 4).
2794 4419 2923 4473 Esto
2967 4419 3135 4485 nobis,
3190 4418 3434 4482 Domine,

1859 4518 2019 4573 turris
2064 4504 2790 4588 fortitudinis(Psal.Lx,4).
2842 4511 2921 4565 Da
2973 4511 3139 4575 nobis,
3190 4509 3432 4573 Domine,

1861 4606 2115 4662 auxilium
2136 4606 2199 4659 de
2218 4604 2551 4659 tribulatione
2581 4601 2749 4673 (Psal.
2776 4619 2887 4667 LIX,
2916 4603 3023 4671 15).
3044 4600 3302 4672 Exsurge,
3330 4601 3455 4656 Do»

1862 4702 2020 4764 mine,
2053 4698 2245 4768 adjuva
2268 4714 2359 4752 nos
2388 4694 2559 4767 (Psal.
2590 4711 2738 4759 me,
2766 4695 2883 4765 26).
2933 4694 3061 4763 Qua:
3087 4709 3216 4769 ergo
3246 4710 3435 4762 supra-

1864 4790 2023 4846 dictis
2055 4790 2278 4859 psalmis
2322 4798 2378 4843 et
2416 4771 2676 4859 Opi-ceibus
2725 4786 2884 4840 verba
2928 4788 3134 4858 aptiora
3169 4785 3236 4839 ad
3279 4786 3457 4847 ξυνο-⁸

1860 4879 2091 4935 candum
2123 4877 2287 4933 Deum
2313 4888 2535 4947 possunt
2558 4876 2782 4931 inveniri
2824 4876 2908 4930 his
2936 4874 3329 4943 duntaxatqui
3382 4873 3437 4927 in

1861 4971 1976 5026 loco
1999 4960 2105 5024 uno
2130 4969 2285 5039 positi
2316 4969 2598 5044 nuauintes
2645 4968 2696 5021 in
2747 4966 2839 5021 Dei
2868 4967 3091 5022 servitio
3136 4964 3436 5019 consistere

1861 5062 2106 5119 student?
2127 5050 2215 5117 01)⁴
2229 5062 2331 5116 hoc
2359 5061 2519 5115 etiam
2548 5059 2810 5130 psalmum
2835 5058 3058 5128 apposui
3094 5055 3332 5116 tertium,
3378 5053 3429 5104 in

1862 5171 1968 5229 quo
2021 5153 2301 5210 Psalmista
2352 5152 2547 5221 fratres
2596 5151 2880 5206 unanimes
2933 5149 3163 5209 laudat,
3200 5144 3465 5215 dicens:.

1865 5251 1996 5304 Eure
2020 5263 2174 5319 quam
2202 5247 2408 5308 bonum,
2439 5254 2487 5298 et
2517 5260 2671 5321 quam
2694 5240 2994 5313 jucundum
3043 5236 3281 5292 habitare
3322 5231 3432 5299 fra-
