3942 5340
446 179 541 235 191

1466 170 1764 229 OTIILONI
1804 169 2121 228 MONACﬂli
2153 161 2217 226 S‘.
2254 162 2688 226 EMMER‘AMMI'

3593 168 3705 224 191

338 314 345 317 τ
440 290 677 350 subaudi
718 290 963 360 peccatis,
995 297 1271 359 autrqimm
1307 287 1484 358 aliqua
1530 289 1841 357 paenitentia-
1880 304 2021 344 mor—
2045 286 2098 350 Α
2122 284 2207 340 lac
2230 301 2329 356 per
2351 286 2616 356 simplicia
2638 284 2781 340 dicta
2806 284 3118 352 exhibetur;
3143 285 3213 341 ibi
3243 285 3512 341 mansueti
3537 293 3709 356 atque

439 384 742 451 tiﬁcsntur:
776 380 861 439 illi.
876 379 1027 435 enim
1070 378 1224 449 quasi
1254 378 1497 435 viventes
1539 377 1592 431 in
1643 376 1914 434 infernum
1936 377 2023 433 de-
2123 377 2375 442 bumiles,
2402 376 2627 432 studiosi
2653 385 2710 432 et
2738 377 2905 432 Deum
2926 376 3199 441 timentes,
3229 377 3299 431 ita
3331 377 3625 433 laudantur
3645 387 3709 435 ut

441 471 713 535 scendunt
731 470 820 542 qui
857 469 1164 529 nullatenus
1205 468 1295 528 hic
1324 483 1422 539 per
1450 468 1833 541 paenitentiam.
1880 482 2026 525 mor-

443 559 719 621 tiﬁcamur
747 566 1035 627 antequam
1060 557 1388 613 moriantur.

2122 481 2227 521 eos
2264 466 2441 537 possit
2478 465 2648 537 magis
2679 465 2932 522 delectari
2978 468 3177 537 optima
3211 482 3436 538 quaeque
3481 468 3708 524 sectari.

2124 560 2358 621 Econtra
2385 561 2761 633 verosuperbi
2802 570 2856 617 et
2900 563 3426 635 art‘ogantes,nliosi
3454 571 3512 618 et
3538 562 3716 632 negli-

464 688 471 697 .
512 650 595 707 Ad
639 647 1064 707 benedicendum
1119 655 1300 705 autem
1359 646 1655 719 quemlibet
1715 645 2028 718 aptissimus
2125 660 2314 721 gentes
2337 650 2748 707 talibusverbis
2773 651 2843 707 ibi
2870 652 3242 723 increpantur,
3270 654 3516 710 utetiam
3542 653 3733 709 corda.

446 740 721 813 invenitur
766 739 857 804 hic
899 738 1143 813 psalmus
1186 754 1214 793 :s
1251 738 1440 797 Levavi
1477 738 1656 797 oculos
1701 754 1870 804 meos,
1905 751 2027 794 cum

446 834 701 906 precibus
752 832 914 899 istis,
978 847 1100 902 quae
1160 842 1388 904 sumptae
1450 841 1578 895 sunt
1624 849 1701 896 ex.
1737 831 1961 902 psalmis

447 930 664 995 Salvum
690 930 787 1001 fac.
806 946 1013 985 seruum
1039 938 1228 1011 tuum,
1261 929 1482 988 Domine
1534 926 1927 1000 (Psal.uxxv,
1950 926 2030 998 2).

450 1018 601 1076 Nihil
628 1019 871 1089 proﬁciat
902 1019 1148 1077 inimicus
1173 1020 1229 1073 in
1279 1035 1341 1073 eo
1384 1018 1559 1091 (Paul.
1606 1033 1873 1085 Lxxxvm,
1915 1018 2031 1087 25).

448 1107 719 1173 Επαιιάίαι
744 1120 793 1164 te
813 1108 1071 1164 Dominus
1097 1110 1153 1164 in
1179 1108 1263 1169 die
1288 1108 1671 1175 tribulationis,
1727 1109 1902 1166 mittat
1942 1109 2035 1163 tibi

2128 756 2315 798 eorum
2345 741 2623 797 stimulare
2646 752 2700 798 et
2725 742 2999 815 ﬁagellare
3028 742 3331 799 videantur.
3369 743 3619 814 Cumque
3643 759 3714 800 ex

2013 848 2040 891 :.
2130 838 2210 894 eis
2235 836 2395 893 ﬁeres
2423 838 2819 897 sententiarum
2866 837 3076 909 aliquos
3105 838 3395 910 decerpere
3437 838 3737 895 interdum.

2131 925 2325 982 vellem
2353 926 2937 998 oircumspieeremque
2966 927 3057 984 ubi
3106 926 3445 997 potissimum
3494 926 3603 981 hoc
3632 924 3729 981 ra...

2133 1030 2256 1072 cere
2296 1031 2535 1087 posscn,
2563 1031 2687 1071 mox
2736 1032 2849 1088 pne
2894 1015 3235 1075 multitudine
3280 1032 3470 1073 eorum
3518 1016 3721 1087 aequali

2132 1109 2332 1168 decore
2360 1106 2697 1168 rutilantium
2729 1107 3085 1179 impediebar,
3120 1109 3367 1163 nesciens
3390 1123 3510 1179 qua:
3540 1108 3725 1176 magis

448 1201 708 1258 auxilium
738 1202 813 1256 de
830 1211 1011 1259 sancto
1040 1200 1215 1271 (Paul.
1250 1216 1361 1266 xu,
1402 1202 1476 1271 1).
1512 1194 1801 1259 Benedicat
1843 1211 1893 1254 te
1921 1199 2036 1255 Do:-
2136 1198 2422 1268 carpendze
2454 1197 2667 1260 forent.~
2684 1195 2839 1254 Unde
2866 1213 3001 1266 vos,
3026 1197 3221 1273 fratres
3265 1199 3598 1265 charissimi,
3627 1199 3744 1268 qui.

448 1292 621 1347 minus
657 1307 721 1347 ex
744 1289 893 1355 Sion,
917 1291 1007 1361 qui
1035 1290 1155 1366 fecit
1179 1289 1363 1353 caelum
1383 1300 1432 1345 et
1457 1301 1649 1345 terram
1668 1287 1844 1360 (Psal.
1885 1303 2035 1367 xcm,
2136 1288 2343 1343 litteras
2362 1289 2565 1360 optime
2587 1289 2760 1357 scitis,
2787 1289 3139 1347 admoneant
3165 1289 3381 1348 eosdem
3411 1289 3751 1347 Salomonis,

448 1380 528 1451 '5).
556 1379 693 1448 Quis
723 1380 888 1451 igitur
928 1380 1044 1435 haec
1070 1379 1382 1451 supradicta
1411 1379 1673 1436 orationis
1705 1378 1790 1433 vel
1814 1378 2036 1434 benedi-
2140 1379 2328 1445 libros,
2360 1395 2461 1438 nec
2490 1395 2597 1436 non
2647 1378 2776 1437 Jesu
2828 1380 2923 1437 ﬁlii
2973 1380 3184 1441 Siraclt.
3218 1381 3412 1438 librum
3449 1382 3747 1454 sapientia.

452 1471 653 1533 ctionis
677 1470 870 1538 verba,
890 1479 1052 1542 atque
1072 1472 1158 1534 his
1187 1470 1384 1529 similia
1413 1486 1537 1544 quae
1565 1470 1798 1543 plurima
1820 1470 1872 1525 in
1896 1469 2052 1541 psalc.
2140 1472 2355 1544 plenum
2379 1513 2393 1535 .
2431 1471 2637 1543 saepius
2668 1471 2906 1544 legentes
2932 1473 3127 1533 exinde
3172 1472 3382 1544 eligatis
3408 1488 3530 1544 quae
3571 1472 3753 1528 vobis.

454 1564 561 1625 niis
584 1563 967 1630 inveniuntur,
988 1560 1170 1621 secum
1196 1564 1401 1636 iugiter
1427 1565 1708 1620 ruminans
1754 1572 1811 1621 et
1859 1573 2040 1643 atten-
2088 1638 2095 1643 Δ
2144 1566 2379 1623 maxime
2447 1565 2759 1622 necessaria
2828 1565 3111 1638 magisque
3187 1564 3569 1639 desiderabilia
3647 1563 3732 1623 vi:

453 1656 589 1713 dens
610 1655 677 1710 ad
707 1654 1133 1719 aediﬁcationem,
1155 1671 1263 1711 non
1289 1655 1559 1715 trahitur?
1607 1654 1737 1723 Quis
1765 1640 1946 1712 autem
1977 1670 2040 1710 ea
2072 1638 2399 1722 Bjdeantur.

455 1744 758 1817 intelligens
777 1743 984 1819 jugitter
1026 1755 1217 1808 cantat
1240 1746 1331 1807 vel,
1354 1748 1536 1813 audit,
1579 1757 1634 1802 et
1664 1762 1770 1804 non
1814 1746 2044 1802 attendit

456 1845 516 1893 ut
534 1834 851 1900 aediﬁcetur,
879 1835 1096 1908 nisiqui
1119 1826 1410 1907 perditioni
1438 1843 1658 1892 aeternae
1680 1836 1793 1908 jam
1821 1835 2050 1906 deputaq

459 1927 695 1989 tus-esti
716 1924 842 1983 Non
866 1935 1058 1989 autem.
1081 1926 1202 1982 ideo
1241 1926 1368 1985 illuc
1406 1926 1700 1997 quisquam
1730 1926 2044 1997 deputatur,

457 2016 584 2089 quia
608 2017 658 2073 ei
692 2016 852 2073 modo
872 2016 1106 2087 pulsanti
1130 2031 1235 2073 non
1265 2017 1582 2089 aperiatur;
1623 2016 1717 2071 sed
1744 2016 1887 2073 sicut
1930 2031 2047 2072 om.

460 2109 544 2172 uis
571 2108 664 2183 qui
696 2108 1163 2180 petit'accipit,et
1186 2108 1278 2180 qui
1307 2110 1504 2180 quaerit
1543 2107 1773 2174 invenit,
1818 2116 1874 2163 et
1921 2107 2049 2183 pul-t

459 2200 600 2262 santi
623 2201 937 2273 aperietur;
957 2200 1044 2257 ita.
1059 2200 1237 2263 nullus
1262 2202 1353 2272 qui
1378 2217 1484 2265 non
1507 2203 1661 2271 petit,
1690 2217 1793 2256 non
1816 2201 2042 2272 accipit;

461 2291 552 2358 qui
585 2305 693 2348 non
719 2291 914 2370 quaerit
934 2293 1042 2347 nun
1067 2292 1292 2357 invenit,
1320 2301 1376 2346 et
1400 2308 1520 2356 non
1536 2292 1773 2363 pulsanti
1799 2307 1905 2351 non
1920 2307 2046 2363 ape-

462 2383 652 2447 rietur,
685 2385 937 2454 exceptis.
980 2384 1065 2440 bis
1120 2385 1223 2463 qui
1263 2386 1497 2441 necdum
1544 2385 1612 2445 ad
1652 2384 2049 2459 intelligibilem

462 2488 678 2542 nitatem
705 2479 1102 2550 pervenientes,
1135 2495 1237 2535 nec
1264 2488 1481 2550 petere,
1505 2494 1606 2536 nec
1643 2495 1911 2551 quaerere,
1947 2465 2051 2537 nec

462 2572 681 2642 pulsare
718 2571 1201 2635 noverunt.Unde,
1243 2571 1442 2627 fratres
1468 2571 1796 2637 charissimi,
1849 2572 2049 2642 quibus

464 2663 659 2727 notitia
688 2661 991 2718 litterarum
1026 2673 1423 2729 concessaest,
1459 2672 1743 2720 cantantes
1788 2664 2058 2734 psalmos,

466 2767 681 2827 precor,
707 2753 969 2809 attendite
1002 2752 1132 2822 quid
1154 2754 1413 2819 cantetis,
1466 2768 1628 2823 quam
1682 2754 2052 2814 consolatorie

466 2843 552 2903 vel
591 2842 851 2906 terribilia
881 2843 991 2900 sint
1009 2845 1253 2915 quaedam
1284 2844 1620 2916 psalmorum
1648 2846 1835 2903 verba.

485 2966 493 2970 υ
535 2935 812 3001 Attendile
840 2936 1006 2997 etiam
1053 2945 1255 3010 quanta
1281 2939 1503 3010 pietatis
1534 2938 1731 2999 divinae
1772 2941 2052 3010 dispensa-

466 3026 546 3090 tio
573 3026 646 3084 sit
675 2998 728 3084 in
758 3027 861 3083 hoc
891 3027 1034 3098 quod
1061 2998 1159 3098 per
1188 2998 1339 3085 illum
1393 3030 1670 3087 hominem
1704 2998 1885 3086 taliar
1904 2998 2052 3091 dicta
2077 2998 2122 3058 C

466 3114 709 3195 profecta
742 3116 934 3183 voluit,
987 3117 1079 3188 qui
1111 3127 1316 3188 quanto
1351 3119 1556 3189 majora
1604 3118 2053 3192 crimina'perpe-

470 3209 655 3276 travit,
681 3218 832 3271 tanto
849 3209 1022 3281 magis
1048 3209 1266 3265 divitias
1292 3226 1541 3282 superna:
1569 3213 1758 3285 gratia:
1785 3222 1906 3283 post
1928 3230 2056 3270 eon-

474 3301 778 3365 versionem
805 3301 1042 3375 esperiri
1067 3303 1265 3372 potuit,
1284 3303 1444 3374 juxta
1471 3303 1602 3359 illud
1641 3305 1885 3376 Apostoli
1913 3324 1927 3361 :
1952 3304 2057 3362 Ubi

471 3391 756 3457 abundauit
787 3395 1065 3468 iniquitas,
1110 3398 1497 3469 superabundet
1547 3399 1719 3469 gratia
1785 3399 1965 3469 (Rom.
1996 3416 2051 3468 ν,

470 3483 587 3555 20),
626 3494 684 3551 ut
713 3486 856 3547 nulla
880 3489 1164 3549 excusatio
1194 3488 1368 3559 possit
1395 3503 1515 3544 esse
1544 3490 1630 3544 his
1659 3487 1751 3567 qui
1795 3504 1901 3543 non
1931 3504 2057 3545 cre-

473 3575 607 3634 dunt
634 3583 800 3632 tanta:
820 3577 1047 3652 pietati:
1062 3576 1277 3645 Quanto
1307 3576 1451 3634 enim
1498 3576 1621 3647 quis
1652 3576 1854 3645 majora
1904 3576 2053 3647 peri-

474 3663 597 3723 cula
638 3664 725 3719 vel
757 3665 1023 3721 beneﬁcia
1075 3666 1129 3719 in
1162 3679 1223 3720 se
1248 3665 1712 3736 expertusl’uerit,
1767 3676 1919 3721 tanto
1940 3680 2057 3721 cer-

478 3758 589 3813 tius
618 3757 685 3812 de
714 3756 963 3831 utrisque
992 3756 1116 3818 aliis
1160 3770 1421 3817 enarrare
1458 3758 1655 3827 poterit
1689 3771 1851 3827 quam
1882 3757 2065 3816 dulcis.

479 3847 760 3914 Dominus,
796 3848 889 3923 qui
915 3834 1023 3906 tam
1043 3848 1197 3903 varia
1219 3848 1430 3909 ratione
1454 3847 1793 3907 Psalmistam
1812 3859 2057 3906 sanctum

489 3939 797 3995 decreverat
821 3938 1202 4005 erudiendum,
1254 3948 1317 4019 ut
1361 3944 1570 4011 pariter
1615 3940 1797 3996 cuncti
1844 3940 2060 3998 valeant

478 4032 674 4089 exinde
699 4032 904 4089 doceri.
945 4031 1238 4106 ﬂuensque
1258 4047 1358 4105 per
1401 4046 1616 4089 amoena
1652 4023 1868 4105 lataque
1910 4033 2061 4089 Psal-.

481 4138 691 4180 morum
716 4133 872 4194 prata
907 4123 1147 4191 cucurri,
1178 4132 1289 4180 tam
1345 4123 1669 4184 admirando
1707 4123 2059 4195 investigahio

480 4218 591 4298 lem
608 4218 889 4289 sapientia:
916 4218 1115 4275 divina:
1160 4218 1528 4285 latitudinem,
1584 4232 1706 4295 qua:
1755 4218 1808 4273 in
1855 4218 2061 4274 eisdem

480 4309 705 4380 psalmis
740 4311 1067 4378 continetur,
1107 4327 1269 4381 quam
1309 4311 1649 4387 deccrpendo
1671 4310 1867 4367 exinde
1900 4310 2069 4367 ﬂores

483 4402 747 4472 quosdam
769 4402 1026 4458 studiosis
1059 4404 1301 4460 moribus
1330 4404 1511 4472 utiles,
1546 4404 1622 4460 ita
1660 4413 1722 4461 ut
1754 4404 1956 4463 nullum
1997 4419 2065 4461 ex

482 4481 703 4550 centum
727 4494 1114 4565 quinquaginta
1147 4495 1370 4566 psalmis
1415 4498 1805 4568 relinquerem,
1852 4498 1919 4554 de
1954 4512 2068 4569 quo

486 4602 595 4640 non
642 4583 856 4656 aliquos
911 4585 1168 4643 ﬂosculos
1217 4587 1417 4643 rationi
1468 4588 1630 4644 illata:
1678 4588 2067 4651 convenientes

485 4678 852 4747 decerperem.

557 4766 676 4823 iam
714 4783 848 4824 vero
874 4784 1093 4824 cursum
1119 4768 1251 4825 libet
1300 4766 1523 4823 tendere
1571 4767 1851 4831 aliorsum,
1909 4767 1975 4821 ad
2004 4765 2069 4821 li-

487 4858 615 4917 bros
643 4857 892 4916 videlicet
912 4858 1245 4925 Salomonis,
1300 4861 1356 4915 in
1387 4860 1777 4930 quibus,-quia
1804 4867 1959 4913 tanta
1987 4868 2072 4914 est

490 4948 781 5007 multitudo
820 4950 1232 5021 proverbiorum
1271 4948 1604 5020 quibuslibet
1637 4948 1888 5017 personis
1935 4962 2069 5003 con-

482 5042 824 5116 gruentium,
862 5050 922 5098 ut
949 5042 1003 5098 in
1028 5042 1115 5099 his
1146 5058 1285 5114 pene
1315 5050 1575 5112 tanquam
1624 5040 1678 5095 in
1710 5038 1934 5109 psalmis
1985 5054 2072 5119 re;

490 5134 662 5205 creari
689 5134 896 5206 possint
925 5148 1116 5190 omnes
1147 5126 2075 5196 esurientesetsitientesjustitiam,

493 5227 810 5293 pretermisi
838 5226 1018 5298 aliqua
1037 5224 1350 5295 decerpere.
1373 5223 1448 5280 lbi
1474 5222 1626 5287 enim,
1646 5216 2073 5289 eloquentissimi

725 5317 867 5340 ---³-
910 5315 1243 5340 --.m..:-.......
1276 5315 1376 5340 ι...ιέ

1803 5308 2074 5340 ρῖωηιῖηηε

498 5331 527 5340 ,.
551 5317 690 5340 -:----
725 5317 867 5340 ---³-
910 5315 1243 5340 --.m..:.........
1276 5314 1545 5340 .....:-..n....
1606 5311 1677 5340 :I.:
1716 5311 1764 5340 ηδ

2214 1746 2333 1804 Jam
2357 1761 2489 1803 vero
2515 1747 2581 1803 ad
2610 1748 2784 1803 sancti
2811 1745 2911 1804 Job
2935 1747 3130 1803 librum
3158 1762 3379 1803 currere
3408 1747 3591 1816 cupio,
3620 1760 3734 1802 non

2146 1847 2203 1894 ut
2232 1854 2297 1894 ex
2325 1838 2429 1896 hoc
2461 1839 2763 1898 sententias
2792 1838 3021 1909 aliquas,
3058 1838 3198 1894 sicut
3245 1839 3312 1896 de
3357 1836 3586 1909 psalmis
3632 1837 3753 1892 de--

2145 1932 2342 2003 cerpsi,
2367 1931 2596 2002 capiam,
2621 1932 2714 1988 sed
2735 1941 2794 1986 ut
2820 1931 2923 1987 hoc
2943 1930 3281 1987 solummodo
3305 1918 3753 1987 commemorem.

2148 2021 2388 2094 qualiter
2431 2019 2549 2090 ejus
2584 2021 2848 2079 mirabilis
2890 2020 3149 2093 patientia
3199 2020 3411 2077 cunctis
3456 2019 3751 2085 ﬁdelibus,

2147 2115 2489 2185 maximeque
2520 2112 2829 2170 dolentibus
2855 2122 2911 2169 et
2958 2112 3172 2170 amictis
3210 2112 3412 2184 jugiler
3439 2111 3512 2167 sit
3556 2121 3755 2167 allen-v-

2147 2207 2343 2272 denda,
2375 2194 2624 2278 quodque
2648 2220 2870 2262 necesse
2894 2205 2966 2261 sit
2985 2212 3043 2261 ut
3063 2204 3403 2262 attendentes
3429 2204 3557 2273 quia
3585 2217 3736 2258 eam-

2149 2302 2271 2357 dem
2305 2299 2597 2357 versutiam
2626 2297 2978 2368 eamdemque
3024 2296 3322 2368 nequitiam
3350 2310 3515 2366 quam
3544 2294 3738 2351 diaboo

2147 2393 2232 2449 lus
2258 2393 2310 2449 in
2342 2392 2489 2447 illum
2519 2390 2795 2456 exercuit,
2814 2390 2866 2444 in
2892 2405 2991 2445 nos
3015 2403 3229 2458 quoque
3259 2393 3309 2442 et
3338 2385 3392 2440 in
3417 2399 3615 2441 omnes
3644 2383 3737 2440 hoc

2150 2486 2323 2547 mines
2391 2497 2648 2541 exercere
2719 2481 2935 2537 studeat
3001 2480 3046 2535 si
3101 2484 3307 2540 tantum
3362 2476 3737 2548 permittatur,

2148 2577 2542 2650 praeveniamus
2592 2572 2708 2644 ejus
2756 2572 2917 2629 dolos.
2958 2581 3068 2628 tam
3104 2586 3261 2627 sacra
3306 2559 3542 2625 lectione
3571 2582 3738 2637 qualn

2150 2667 2401 2724 continua
2432 2664 2708 2736 profectus
2759 2662 2927 2718 nostri
2974 2661 3343 2716 meditatione.
3381 2657 3537 2714 Sicut
3586 2657 3738 2711 enim

2154 2759 2304 2819 illum
2349 2773 2494 2813 nunc
2541 2772 2636 2827 per
2686 2742 3041 2810 substantiam
3089 2752 3353 2824 perditam
3379 2790 3411 2817 ,,
3446 2764 3595 2806 nunc
3644 2762 3744 2820 per

2155 2852 2292 2907 ﬁlios
2345 2851 2741 2919 interemptos,
2790 2846 3060 2902 interdum
3110 2859 3240 2900 vero
3284 2858 3381 2915 per
3433 2842 3741 2898 amicorum

2153 2942 2445 3013 nxorisque
2471 2938 2753 2997 consilium
2778 2950 3092 3008 perversum
3138 2933 3406 2999 tentavit;
3442 2934 3514 2988 ita
3548 2945 3745 2987 omnes

2157 3033 2426 3098 homines,
2476 3038 2739 3101 quantum
2785 3044 2816 3084 a
2866 3027 2978 3083 Deo
3018 3025 3387 3100 permittitur,
3419 3039 3519 3096 per
3553 3038 3741 3078 rerum

2156 3123 2389 3189 damna,
2430 3136 2526 3193 per
2557 3135 2725 3192 prava
2765 3117 3061 3175 amicorum
3103 3115 3326 3172 consilia
3366 3123 3581 3170 tentare
3634 3128 3744 3171 non

2155 3221 2352 3273 cessat.
2381 3213 2447 3269 Et
2472 3212 2619 3267 sicut
2639 3210 2727 3266 ille
2757 3210 2811 3272 in
2839 3208 3134 3267 teutatione
3159 3215 3307 3271 tanta
3332 3205 3555 3266 minimc
3583 3219 3745 3275 supe-

2155 3316 2307 3363 ratus
2335 3322 2365 3361 a
2395 3305 2506 3361 Deo
2534 3301 2783 3360 coronari
2821 3299 3017 3357 meruit
3045 3299 3101 3357 in
3126 3297 3230 3354 hac
3258 3297 3492 3369 vitaper
3515 3294 3743 3366 duplam

2155 3396 2394 3457 omnium
2426 3410 2605 3451 rerum
2653 3409 2898 3458 suarum,
2943 3406 3081 3463 quas
3115 3389 3320 3454 amisit,
3358 3402 3746 3458 recompensa-

2157 3491 2360 3546 tionem
2387 3504 2403 3556 ;
2435 3488 2508 3544 ita
2537 3500 2728 3543 omnes
2757 3485 2849 3557 qui
2890 3483 3105 3547 leuiter
3133 3480 3523 3540 testationibus
3559 3479 3749 3535 diabao

2160 3582 2285 3640 licis
2313 3580 2595 3647 resistunt,
2620 3578 2889 3650 duplicem
2940 3568 3196 3634 coronam
3226 3573 3411 3639 vel.in
3460 3573 3643 3629 anima
3694 3579 3751 3629 et

2168 3688 2415 3744 corpore,
2442 3671 2526 3727 vel
2561 3671 2612 3726 in
2651 3670 2756 3727 hac
2780 3670 2975 3727 vitaet
3046 3667 3225 3725 futura
3272 3665 3551 3736 recipient.
3592 3662 3751 3724 Hanc

2157 3778 2297 3835 ergo'
2317 3762 2736 3820 admonitionem
2765 3760 2892 3816 licet
2917 3760 3154 3817 breviter
3178 3756 3445 3820 desencti
3472 3754 3574 3824 Job
3603 3755 3761 3811 libro.

2160 3856 2360 3914 laetam
2401 3856 2706 3928 dignanter,
2736 3868 2944 3925 quaeso,
2979 3852 3253 3924 suscipite.

2230 3947 2434 4003 Deinde
2462 3961 2592 4001 vero
2632 3945 2698 4000 ad
2739 3945 3123 4016 prophetarum
3169 3942 3335 3999 libros
3360 3955 3609 4003 currens,
3642 3939 3749 3994 hoc

2160 4028 2215 4094 in
2241 4038 2321 4094 eis
2366 4050 2528 4108 quam
2560 4036 2795 4092 maxime
2838 4033 3285 4091 considerandum
3316 4031 3571 4093 existimo
3600 4030 3747 4101 quod

2162 4129 2342 4189 omnia
2371 4128 2561 4193 verba,
2592 4143 2712 4200 qua:
2744 4125 2827 4185 vel
2873 4125 2940 4181 ad
2989 4124 3128 4179 ﬁlios
3168 4121 3353 4187 Israel,
3379 4122 3460 4177 vel
3489 4121 3558 4176 ad
3586 4119 3750 4177 Chal-

2165 4220 2327 4288 datos,
2355 4221 2449 4277 vel
2469 4223 2536 4277 ad
2565 4220 2834 4292 quaslibet
2871 4227 3059 4291 gentes
3093 4215 3488 4288 prophetando,
3521 4228 3619 4271 seu
3650 4213 3751 4270 ade

2169 4314 2436 4369 monendo
2463 4312 2716 4368 dixerunt
2742 4352 2768 4376 ι
2806 4312 2873 4367 ad
2908 4325 3006 4367 nos
3037 4308 3194 4365 simul
3225 4316 3278 4363 et
3306 4306 3371 4362 ad
3403 4319 3592 4375 omnes
3621 4304 3759 4360 ﬁdem

2173 4403 2253 4461 les
2278 4402 2482 4458 eisdem
2509 4401 2655 4457 vitiis
2682 4400 2891 4456 deditos
2928 4400 3070 4457 dicta
3113 4395 3554 4463 esse,.credenda
3600 4405 3749 4451 sunt.

2175 4495 2243 4555 Et
2269 4502 2331 4549 ut
2354 4494 2468 4550 haec
2497 4492 2571 4547 ita
2599 4506 2720 4547 esse
2747 4490 2974 4546 ﬁrmiter
2999 4488 3183 4546 sciatis
3204 4527 3219 4553 ,
3268 4487 3452 4542 audite
3485 4487 3753 4563 quasdam

2171 4584 2560 4656 prophetarum
2597 4580 2919 4639 sententias.
2965 4579 3133 4641 Isaias
3168 4593 3400 4648 namque
3437 4577 3565 4633 dicit
3597 4595 3612 4631 :
3645 4579 3755 4631 Αιιο

2172 4674 2295 4739 dite,
2324 4672 2457 4737 caeli,
2493 4681 2540 4728 et
2572 4670 2789 4729 auribus
2830 4670 3052 4741 percipe,
3088 4678 3253 4733 terra,
3289 4668 3537 4740 quoniam
3565 4666 3765 4721 Domio-

2144 4780 2270 4821 ‘nus
2299 4764 2501 4818 locutus
2532 4770 2605 4818 est
2635 4760 2790 4833 (lsai.
2817 4777 2855 4826 ι,
2886 4759 2974 4830 2),
3005 4759 3230 4815 subaudi
3276 4775 3397 4830 qua:
3430 4774 3522 4828 ego
3566 4757 3753 4829 loquor

2172 4855 2332 4911 vobis.
2365 4853 2499 4910 Cum
2535 4867 2663 4922 ergo
2691 4852 2821 4908 dicit
2853 4870 2866 4907 :
2908 4853 3120 4917 Audite,
3153 4850 3286 4917 caeli,
3313 4848 3604 4904 stantibus
3630 4866 3750 4919 per-

2172 4938 2303 5016 cipe,
2339 4954 2477 4999 terra
2499 4984 2516 5011 ,
2554 4959 2671 5000 non
2706 4943 3011 5019 specialiter
3045 4940 3314 5012 quoslibet
3354 4939 3578 5011 p0pnl0s
3602 4980 3619 5006 ,
3660 4938 3752 4993 sed

2174 5050 2272 5108 per
2324 5035 2490 5096 stelas
2536 5034 2886 5108 spiritualiter
2937 5034 3223 5100 viventes,
3265 5047 3363 5103 per
3393 5041 3593 5089 terram
3625 5043 3762 5085 vero

2176 5125 2471 5185 carnaliter
2523 5133 2906 5181 conversantes
2972 5122 3282 5195 signiﬁcans
3348 5130 3607 5192 utrosque
3661 5122 3755 5177 ad-

2179 5224 2398 5280 monet;
2427 5212 2546 5268 illos
2571 5212 2815 5281 quidem,
2837 5220 2895 5266 ut
2925 5210 2980 5265 in
3003 5210 3207 5268 caelesti
3235 5210 3345 5269 vita
3370 5217 3754 5281 permaneant;

2182 5306 2313 5340 ἶαΙΛα
2364 5316 2494 5340 unrn

2581 5310 2638 5340 ut
2688 5315 2716 5340 ει
2758 5300 2963 5340 par-nali
3018 5299 3431 5340 nnnvnrcnlinnn
3481 5300 3752 5340 mnmlnnl-
