3942 5340
176 325 273 386 193

1285 320 1411 374 LIB.
1447 318 1535 374 DE
1569 313 1799 372 CURSU
1842 315 2250 372 SPIRITUALI.

3319 314 3418 370 191

133 455 356 516 .presso,
379 436 623 509 judicate
650 433 870 505 pupillo,
900 432 1162 502 defendite
1201 433 1412 485 viduam
1441 472 1455 493 ,
1498 442 1546 485 et
1575 431 1739 484 uenite
1768 430 1813 487 Α
1835 425 2013 494 justus
2039 444 2072 480 a
2092 428 2308 497 justitia
2337 444 2455 492 sua,
2498 436 2547 481 et
2577 427 2754 498 fecerit
2779 429 3107 500 iniquitatem
3135 430 3418 484 secundum

173 541 214 588 et
243 531 442 600 arguite
471 544 575 590 me,
596 526 722 580 dicit
757 522 1180 593 Dominusllsai.
1199 541 1244 588 1,
1270 524 1468 592 16-18).
1510 520 1616 585 Vte,
1644 522 1736 592 qui

172 622 413 690 sapientes
444 619 569 673 estis
590 619 643 670 in
667 616 833 670 oculis
853 615 1056 680 uestris,
1084 626 1130 669 et
1160 632 1336 668 coram
1365 616 1738 684 nobismetipsis

169 709 468 776 prudentes!
490 708 644 779 (Isai.
669 722 722 771 v,
741 707 856 774 21.)
885 704 999 770 Vae,
1023 707 1110 775 qui
1133 708 1358 759 condunt
1382 705 1513 775 leges
1531 705 1739 775 iniquas

171 813 209 857 et
227 801 500 855 scribentes
542 791 855 869 injustitian‘t
896 799 1246 868 scripserunt,
1281 807 1341 850 ut
1394 797 1738 865 opprimerent

170 896 215 947 in
249 892 452 961 judicio
482 891 768 960 pauperes!
798 887 946 954 Quid
980 887 1182 957 facietis
1224 888 1278 942 in
1317 887 1402 940 die
1429 886 1740 941 uisitationis

169 993 209 1037 et
256 981 579 1034 calamitatis
625 982 691 1032 de
735 977 887 1048 longe
927 977 1217 1032 uenientis?
1263 976 1420 1048 (Isai.
1463 991 1518 1036 ι,
1566 978 1616 1039 1,
1656 976 1736 1045 5.)

171 1071 290 1125 Ecce
315 1071 423 1123 dies
457 1067 670 1124 Domini
709 1067 842 1122 venit
877 1067 1103 1120 crudelis
1141 1079 1186 1120 et
1229 1067 1603 1136 indignationis
1631 1065 1741 1135 ple-

170 1179 252 1215 nus
279 1162 346 1212 ad
369 1159 672 1228 ponendam
696 1168 889 1211 terram
928 1157 981 1211 in
1012 1157 1346 1212 solitudinem
1370 1167 1418 1212 et
1444 1169 1739 1226 peccatores

170 1252 266 1319 ejus
288 1248 634 1301 conterendos
657 1247 719 1300 de
743 1263 804 1300 ea
828 1245 982 1317 (Isai.
999 1258 1121 1311 'xm,
1145 1247 1222 1315 9).
1256 1245 1346 1301 Va:
1368 1248 1458 1318 qui
1487 1248 1738 1317 profundi

169 1342 276 1396 estis
297 1339 485 1403 corde;
520 1347 580 1391 ut
606 1355 640 1391 a
667 1337 888 1392 Domino
927 1338 1260 1392 abscondatis
1290 1338 1584 1404 consilium,
1609 1353 1739 1410 quo-

170 1446 268 1482 111111
295 1441 413 1482 sunt
439 1430 496 1485 in
523 1430 748 1484 tenebris
768 1429 962 1499 opera!
1003 1430 1158 1501 (Isai.
1191 1446 1340 1496 xxix,
1369 1431 1481 1504 15.)
1518 1428 1628 1497 νω,
1647 1435 1740 1503 qui

171 1519 439 1587 prcrdaris!
480 1535 656 1573 nonne
693 1529 740 1572 et
765 1518 872 1588 ipse
901 1519 1262 1588 prcedaberis?
1291 1531 1354 1575 ~et
1385 1523 1476 1592 qui
1515 1523 1734 1592 spernis,

172 1625 317 1663 nonne
339 1611 530 1679 etipse
551 1610 852 1681 sperneris?
897 1609 1053 1681 (Isai.
1089 1628 1286 1676 xxxiii,
1321 1613 1398 1681 1.)
1435 1611 1740 1683 Confortate

171 1717 335 1754 manus
376 1702 673 1757 dissolutas
720 1714 768 1757 et
817 1719 984 1774 genua
1033 1705 1225 1758 debilia
1250 1708 1515 1764 roborato.
1567 1706 1738 1762 Dicite

1840 520 2250 574 abominationes
2274 563 2290 585 ,
2330 537 2459 591 quas
2501 522 2704 591 operari
2749 523 2875 576 solet
2905 524 3093 590 impius
3119 561 3135 587 ,
3183 522 3418 593 nunquid

1839 613 2015 666 vivet?
2060 611 2253 666 Omnes
2273 613 2496 682 justitire
2524 613 2658 682 ejus,
2697 631 2829 683 quas
2871 617 3085 683 fecerat,
3115 621 3219 667 non
3247 619 3420 668 recor-

1838 705 2104 760 dabuntur
2131 705 2346 774 (Eucti.
2376 705 2489 774 24).
2525 705 2894 761 Convertimini
2933 717 2981 760 et
3013 707 3150 776 agite
3171 707 3422 775 prenitem

1838 797 1965 850 tiam
2005 798 2069 851 ab
2100 797 2342 851 omnibus
2369 797 2592 865 peccatis
2620 798 2826 862 uestris,
2873 808 2922 851 et
2945 783 3048 852 11011
3071 797 3166 850 erit
3195 795 3332 850 vobis
3363 797 3420 850 in

1839 889 2045 942 ruinam
2081 888 2350 958 iniquitas.
2401 886 2652 955 Projicite
2676 906 2706 940 a
2733 891 2872 942 vobis
2903 905 3078 943 omnes
3105 889 3421 957 prcevariraa

1831 980 2005 1033 tiones
2047 989 2241 1034 uestras
2264 1011 2283 1045 ν
2330 980 2387 1032 in
2421 979 2607 1048 quibus
2635 981 2961 1048 pra'uaricati
2989 979 3110 1032 estis
3133 1018 3148 1042 ,
3194 990 3240 1032 et
3268 979 3422 1048 facite

1840 1070 1978 1125 vobis
2012 1087 2102 1124 cor
2125 1087 2313 1125 novum
2355 1078 2402 1125 et
2434 1070 2673 1140 spiritum
2715 1086 2896 1123 novum
2929 1068 3119 1139 (Ibid.,
3147 1084 3278 1130 xxx,
3305 1068 3420 1138 31).

1841 1152 1989 1216 ‘l‘alia
2019 1162 2185 1233 igitur
2215 1163 2401 1227 verba,
2431 1173 2551 1232 qtue
2581 1161 2647 1216 de
2675 1162 2849 1216 tribus
2875 1159 3279 1231 praenominatis
3306 1174 3423 1230 pro-

1841 1255 2017 1324 phetis
2039 1254 2152 1324 jam
2179 1253 2393 1325 protuli,
2427 1270 2493 1309 ex
2525 1253 2710 1309 multis
2736 1251 3045 1307 difﬁcilibus
3081 1267 3180 1322 pro
3207 1261 3424 1307 cuncto-

1841 1354 1960 1398 rum
2005 1345 2376 1399 admonitione
2408 1343 2644 1398 fidelium
2681 1344 2972 1412 decerpere
3001 1341 3202 1406 studui,
3231 1343 3420 1396 existi-

1847 1449 2006 1494 mans
2035 1437 2223 1506 paucis
2249 1435 2528 1506 prodesse,
2555 1435 2602 1489 si
2635 1449 2743 1506 qua
2768 1433 3002 1492 dilﬁcilia
3033 1448 3099 1490 ex
3129 1433 3209 1490 eis
3241 1435 3424 1490 stude-

1836 1545 1956 1587 rem
1987 1529 2252 1600 proferre.

1911 1623 2017 1678 Sed
2068 1632 2122 1677 et
2165 1637 2264 1693 per
2311 1615 2628 1688 historiam,
2679 1629 2798 1693 quae
2865 1620 2920 1676 in
2980 1611 3122 1676 libro
3183 1614 3422 1674 Danielis

1838 1713 2115 1782 propheta:
2167 1713 2365 1782 scripta
2421 1721 2547 1779 est,
2624 1725 2815 1767 omnes
2888 1711 3073 1766 ﬁdeles
3143 1709 3420 1764 admoneri

171 1790 504 1857 pusillanimis
539 1805 559 1844 :
596 1791 1002 1864 Confortamini,
1032 1794 1191 1849 nolite
1217 1798 1430 1864 timere;
1459 1796 1601 1852 Deus
1629 1799 1736 1867 ipse
1767 1777 1812 1838 Β
1841 1777 2085 1874 possunt,
2125 1803 2170 1858 si
2195 1777 2480 1858 attendere
2526 1777 2782 1857 studeant
2822 1801 2948 1871 quia
2993 1802 3137 1856 sicut
3164 1799 3285 1855 illos
3315 1808 3426 1854 tres

171 1881 311 1935 veniet
339 1893 385 1937 et
414 1883 648 1938 saluabit
669 1901 756 1940 eos
801 1883 954 1955 (Isai.
978 1902 1139 1952 xxxv,
1165 1887 1220 1953 3,
1247 1887 1325 1957 6).
1366 1887 1739 1944 Convertimini

161 1971 228 2024 ad
271 1989 374 2038 me,
431 1975 564 2028 dicit
612 1975 902 2042 Dominus,
934 1989 980 2032 et
1026 1977 1158 2034 salvi
1189 1980 1357 2046 eritis,
1403 1995 1580 2034 omnes
1608 1981 1738 2049 ﬁnes

161 2073 302 2119 teme
327 2067 484 2136 (Isai.
509 2083 642 2133 ιω,
667 2069 780 2140 22).
808 2070 998 2124 Audite
1020 2089 1099 2128 me
1117 2073 1250 2126 duro
1277 2074 1454 2139 corde,
1474 2075 1565 2143 qui
1590 2075 1738 2143 longe

162 2158 272 2210 ~sst.'s
311 2174 342 2210 a
378 2158 599 2227 justitia
645 2159 799 2229 (Isai.
836 2177 981 2222 xui.
1018 2163 1138 2233 12).
1175 2149 1406 2228 Quiut-ite
1457 2165 1738 2219 Dominum

162 2247 277 2299 tium
319 2249 538 2302 inveniri
577 2260 764 2319 potest,
817 2253 1052 2307 invocate
1093 2270 1211 2308 eum
1259 2256 1384 2309 dum
1437 2273 1595 2325 prope
1642 2268 1736 2310 est.

171 2337 478 2410 Derelinquat
507 2342 706 2412 impius
743 2348 881 2397 ciam
912 2362 1088 2410 suam,
1115 2356 1164 2400 et
1197 2347 1278 2400 vir
1306 2349 1517 2418 iniquus
1542 2344 1741 2417 cogita-

177 2430 311 2485 tiones
335 2447 482 2499 suos,
510 2443 564 2488 et
590 2446 880 2490 revertatur
902 2438 971 2490 ad
1002 2437 1304 2502 Dominum,
1334 2451 1382 2494 et
1413 2442 1741 2496 miserebitur

167 2523 287 2590 ejus,
307 2535 353 2579 et
390 2528 459 2580 ad
501 2527 679 2582 Deum
713 2539 969 2593 nostrum,
1015 2533 1263 2601 quoniam
1315 2533 1511 2587 multus
1551 2545 1624 2588 est
1670 2536 1739 2587 ad

176 2613 518 2682 ignoscendum
553 2617 713 2684 (Isai.
746 2617 800 2678 ϐ,
825 2619 901 2687 7).
930 2619 1054 2675 llam
1083 2621 1263 2691 itaque
1292 2622 1441 2676 Isaia:
1465 2625 1740 2693 propheta:

181 2705 359 2771 verba,
408 2709 662 2778 nunquid
699 2711 1008 2779 specialiter
1037 2711 1177 2766 dicta
1208 2721 1336 2766 sunt
1380 2712 1464 2768 vel
1504 2714 1573 2768 ad
1605 2713 1741 2770 ﬁlios

176 2794 339 2860 israel,
368 2799 450 2853 vel
475 2799 547 2853 ad
581 2799 719 2854 alios
746 2801 1016 2870 quoslibet
1048 2804 1312 2874 populos?
1355 2803 1543 2861 Nonne
1572 2808 1743 2876 magis

181 2888 298 2942 dicta
323 2901 442 2945 sunt
467 2892 538 2946 ad
575 2907 764 2947 omnes
790 2892 994 2960 fideles,
1029 2905 1085 2949 ut
1109 2897 1305 2952 exinde
1338 2897 1600 2954 admoniti
1627 2897 1738 2954 elli-

173 2977 362 3031 ciautur
389 2981 649 3036 meliores
663 2982 688 3034 Ἰ

237 3065 483 3124 ieremias
515 3085 736 3142 quoque
777 3073 1036 3144 propheta
1099 3075 1349 3132 admonet
1379 3095 1477 3132 nos
1507 3080 1696 3136 dicens
1725 3099 1736 3135 :

1837 1905 2078 1965 pueros,
2141 1889 2267 1948 licet
2314 1892 2366 1946 in
2413 1891 2728 1962 captivitate
2773 1900 2830 1945 et
2882 1891 2936 1944 in
2992 1889 3428 1961 peregrinatione

1839 1991 2064 2047 essent,
2119 1982 2428 2036 nullatenus
2475 1990 2656 2035 tamen
2716 1979 2800 2034 Vel
2843 1995 2941 2049 per
2986 1979 3158 2034 minas
3204 1978 3286 2032 vel
3331 1993 3428 2047 per

1841 2074 2106 2145 supplicia
2157 2087 2252 2128 rex
2306 2071 2803 2128 Nabuchodonosor
2851 2085 3102 2126 amovens
3146 2078 3361 2140 poterat
3393 2084 3426 2126 a

1843 2168 1992 2223 cultu
2040 2167 2169 2231 Dei;
2223 2166 2296 2221 ita
2341 2166 2505 2219 etiam
2553 2165 2652 2234 ipsi
2705 2163 2902 2220 debent
2945 2162 3090 2218 nulla
3134 2177 3425 2233 pravorum

1843 2259 2121 2314 hominum
2149 2256 2402 2312 suasione
2429 2271 2459 2309 a
2493 2255 2610 2324 lege
2635 2255 2817 2309 divina
2845 2254 3102 2308 amoveri.
3133 2252 3250 2308 Non
3279 2253 3425 2308 enim

1843 2349 1960 2403 sine
1988 2361 2149 2402 causa
2182 2346 2439 2400 Dominus
2463 2343 2592 2398 olim
2623 2343 2738 2397 fieri
2770 2344 3015 2413 permisit
3047 2343 3201 2405 talia,
3241 2344 3334 2398 scd
3369 2352 3430 2398 ut

1843 2441 2128 2512 praesentis
2186 2438 2448 2508 temporis
2478 2437 2726 2492 homines
2760 2436 2812 2490 iu
2841 2437 3036 2506 quibus
3076 2435 3249 2500 fraus,
3279 2435 3430 2490 fallaa

1842 2534 1926 2588 cia
1975 2544 2032 2587 et
2081 2538 2427 2600 contemptus
2465 2527 2597 2593 Dei,
2654 2543 2754 2583 nec
2796 2521 2901 2581 non
2946 2526 3126 2582 omnis
3169 2525 3430 2594 iniquitas

1847 2632 2042 2694 regnat
2097 2621 2220 2693 plus
2295 2635 2458 2692 quam
2519 2619 2572 2674 in
2643 2627 2940 2688 temporum
3006 2617 3427 2686 prtecedcutium

1843 2715 2197 2778 hominibus,
2229 2711 2388 2781 juxta
2420 2709 2734 2782 Apostolum
2765 2709 3035 2765 dicentem
3069 2725 3084 2762 :
3119 2706 3183 2761 In
3211 2709 3430 2761 novissi-

1844 2808 1940 2861 mis
1963 2807 2143 2861 tliebus
2170 2816 2319 2859 erant
2343 2804 2637 2872 periculosa
2662 2811 2918 2870 tempora,
2943 2811 2988 2854 et
3017 2808 3168 2852 erunt
3196 2798 3431 2853 homines

1841 2899 2142 2966 semetipsos
2186 2907 2422 2951 amantes
2477 2893 2562 2965 (11
2595 2893 2728 2948 Tim.
2762 2909 2844 2958 111,
2896 2892 2980 2961 1),
3021 2893 3340 2947 admoneret
3370 2900 3429 2945 ut

1847 2990 2028 3054 fidem,
2059 3005 2222 3060 quam
2250 2993 2421 3043 sancti
2453 2997 2720 3057 martyres
2751 2995 2859 3040 tam
2889 2987 2942 3040 in
2973 2985 3152 3040 Veteri
3181 2999 3344 3054 quam
3373 2985 3426 3038 in

1847 3083 1994 3139 Novo
2045 3082 2393 3138 Testamento
2448 3080 2605 3150 positi
2662 3081 2806 3134 inter
2847 3078 3106 3149 supplicia
3153 3078 3424 3133 horrenda

178 3154 290 3209 {lac
305 3159 426 3212 dicit
457 3160 719 3217 Dominus
745 3175 764 3213 :
789 3163 912 3217 Non
937 3165 1188 3232 glorietur
1214 3169 1420 3236 sapiens
1448 3167 1502 3222 in
1527 3171 1737 3239 sapiend
1763 3161 1810 3226 C
1841 3184 2158 3229 constanter
2210 3173 2517 3227 retinebant
2542 3205 2556 3235 ,
2630 3170 2730 3240 ipsi
2785 3169 2871 3225 vel
2929 3171 2980 3224 iu
3039 3185 3172 3240 pace
3227 3178 3428 3224 sanctae

177 3244 240 3296 tia
259 3261 365 3309 sua,
395 3257 441 3300 et
470 3265 590 3302 non.
623 3249 877 3320 glorietur
915 3253 1066 3321 fortis
1107 3255 1160 3307 in
1204 3254 1511 3322 fortitudine
1541 3275 1660 3324 sua,
1691 3270 1740 3314 et

181 3349 267 3389 non
290 3337 541 3408 glorietur
567 3341 709 3396 diues
734 3344 786 3396 in
816 3344 1008 3398 divitiis
1038 3347 1180 3411 suis;
1222 3349 1312 3402 sed
1342 3350 1396 3401 in
1423 3350 1520 3403 hoc
1549 3349 1740 3418 glorie-

184 3437 272 3493 tur,
292 3432 375 3499 qui
401 3431 669 3501 gloriatur
689 3434 820 3490 scire
850 3445 897 3490 et
929 3453 1078 3492 nosse
1109 3455 1208 3501 me,
1233 3439 1356 3510 quia
1379 3457 1471 3509 ego
1497 3458 1611 3494 sum
1637 3441 1745 3495 Do.

177 3520 348 3579 minus.
373 3526 459 3593 qui
488 3524 634 3592 facio
672 3526 1082 3582 misericordiam
1117 3541 1166 3584 et
1189 3531 1470 3600 judicium,
1504 3541 1552 3585 ct
1574 3533 1710 3602 justi
1723 3563 1742 3574 -

184 3607 287 3661 tiam
324 3611 372 3666 in
417 3623 563 3668 terra
587 3655 602 3679 ,
645 3617 757 3670 lucc
785 3619 921 3672 enim
945 3619 1149 3687 placent
1179 3621 1338 3686 mihi,
1379 3622 1450 3675 ait
1487 3622 1742 3679 Dominus

181 3700 298 3770 (let.
330 3723 402 3774 ix,
435 3708 530 3774 23,
566 3709 682 3780 21).
733 3709 1045 3768 Maledictus
1074 3715 1176 3781 vir,
1206 3716 1294 3785 qui
1326 3716 1537 3784 conﬁdit
1572 3717 1623 3770 in
1648 3717 1737 3771 11οο

185 3794 322 3859 utine,
373 3809 418 3850 et
446 3799 598 3868 ponit
627 3817 835 3857 carnem
865 3801 1132 3858 brachium
1173 3821 1347 3872 suum,
1378 3817 1426 3861 et
1456 3826 1488 3862 a
1518 3807 1741 3863 Domino

183 3888 351 3941 recedit
392 3907 483 3944 cor
520 3891 660 3961 ejus.
688 3892 1000 3948 Benedictus
1041 3898 1138 3960 vir,
1173 3899 1264 3968 qui
1306 3899 1520 3967 confidit
1550 3901 1604 3953 in
1633 3899 1743 3954 Do-

183 3977 332 4043 mino,
375 3992 420 4035 et
450 3985 553 4036 erit
587 3984 843 4038 Dominus
870 3985 1066 4053 ﬁducia
1110 3988 1224 4059 ejus
1264 3989 1399 4059 (Jer.
1429 4007 1558 4057 xvu,
1583 3992 1638 4057 5,
1663 3993 1738 4062 7).

190 4063 298 4148 llazc
331 4072 452 4125 dicit
495 4072 758 4126 Dominus
786 4087 804 4125 :
835 4074 1060 4146 Repente
1089 4076 1277 4149 loquar
1315 4080 1591 4134 adversum
1619 4099 1743 4150 gen-

187 4164 270 4210 tem
315 4171 357 4213 et
391 4165 648 4219 adversus
676 4179 930 4234 regnum;
963 4177 1017 4220 ut
1055 4168 1326 4222 destruant
1367 4180 1414 4223 et
1442 4170 1741 4240 disperdam

187 4248 318 4305 illud.
366 4253 422 4309 Si
465 4257 827 4326 penitentiam
866 4261 1024 4328 egerit
1067 4277 1188 4330 gens
1235 4261 1327 4315 illa
1367 4279 1399 4316 a
1449 4263 1586 4316 malo
1621 4279 1739 4327 suo,

188 4343 303 4406 quod
343 4343 548 4399 locutus
583 4362 701 4400 sum
730 4346 978 4401 adversus
1013 4366 1152 4412 eam,
1191 4367 1344 4419 agant
1376 4361 1423 4404 et
1451 4368 1546 4420 ego
1581 4353 1740 4420 pleni-

190 4437 378 4492 tentiam
405 4456 563 4510 super
585 4439 725 4494 malo
751 4442 890 4510 quod
935 4443 1176 4510 cogitavi,
1210 4452 1264 4496 ut
1297 4442 1520 4510 facerem
1555 4444 1623 4498 et.
1672 4445 1740 4517 Et

1845 3266 2101 3321 Ecclesia:
2131 3263 2384 3319 studeant
2432 3263 2688 3317 retinere.
2723 3261 2854 3328 Qum
2880 3262 3088 3316 scilicet
3132 3260 3430 3315 admonitio

1845 3372 1951 3412 non
1979 3355 2151 3410 solum
2182 3355 2236 3408 in
2286 3354 2425 3408 libro
2470 3353 2746 3417 Danielis,
2789 3352 2881 3406 sed
2907 3351 3070 3406 etiam
3117 3353 3173 3405 in
3218 3351 3432 3407 cunctis

1846 3459 2160 3505 sanctorum
2188 3457 2486 3517 martyrum
2527 3445 2866 3514 passiouibus
2901 3443 3128 3498 inveniri
3161 3451 3356 3511 potest.

1915 3542 1994 3597 De
2037 3541 2157 3596 aliis
2201 3554 2415 3610 quoque
2467 3540 2854 3608 prophetarum
2913 3537 3067 3591 libris
3127 3537 3430 3592 sententias

1847 3635 2060 3704 aliquas
2107 3631 2260 3687 vobis
2296 3629 2618 3701 proferrem,
2653 3629 2756 3684 nisi
2787 3629 2931 3698 quod
2981 3627 3143 3682 nimis
3185 3627 3428 3683 difliciles

1843 3735 1975 3780 sunt
2002 3735 2110 3779 tam
2141 3723 2205 3778 ad
2241 3721 2646 3791 intelligendum
2681 3735 2842 3790 quam
2872 3721 2939 3774 ad
3000 3719 3431 3790 proferendum;

1843 3817 1988 3886 quod
2039 3815 2184 3870 enim
2233 3829 2415 3868 coram
2462 3811 2646 3866 multis
2689 3810 2924 3866 refertur
2963 3810 3122 3864 debet
3167 3823 3288 3864 esse
3335 3819 3432 3863 aut

1845 3907 2064 3978 planum
2096 3913 2188 3959 aut
2233 3905 2377 3960 facili
2424 3904 2636 3958 ratione
2672 3903 3094 3973 explanaudum.
3145 3901 3436 3964 Verumta-a

1844 4015 1967 4054 men
1993 4013 2165 4068 pauca
2211 3998 2373 4052 verba
2404 3994 2675 4066 proferam
2720 3997 2786 4051 de
2834 3997 3094 4065 propheta
3127 3993 3427 4064 Sophonia,

1844 4106 1965 4160 quae
1993 4099 2049 4146 et
2075 4089 2208 4144 satis
2228 4089 2385 4159 plana
2415 4097 2469 4142 et
2496 4096 2816 4144 cunctorum
2850 4087 3053 4142 notitia:
3083 4094 3212 4140 sunt
3243 4101 3434 4141 necesa

1844 4182 2008 4237 saria.
2039 4179 2173 4235 Nam
2205 4179 2416 4236 cunctis
2444 4188 2528 4234 est
2570 4179 2933 4234 necessarium
2979 4187 3038 4232 ut
3064 4179 3291 4232 credant
3319 4187 3432 4233 trc-

1843 4273 2101 4329 mendum
2130 4271 2490 4340 ultimumque
2519 4270 2612 4324 Dei
2643 4269 2928 4338 judicium,
2963 4275 3018 4322 et
3044 4275 3105 4322 ut
3131 4281 3189 4322 se
3217 4282 3430 4337 praepa-

1845 4372 1968 4418 rent
1994 4363 2061 4418 ad
2087 4363 2279 4432 ipsum.
2315 4361 2394 4415 De
2415 4361 2744 4429 quojudicio
2764 4359 3065 4428 Sophonias
3095 4359 3168 4413 ita
3197 4359 3386 4414 scribit
3413 4369 3431 4414 :1

1859 4452 1968 4508 νοτ
1993 4454 2098 4507 diei
2139 4453 2352 4505 Dontini
2378 4467 2585 4515 amara,
2622 4451 2960 4505 tribulabitur
2993 4450 3064 4504 ibi
3099 4449 3272 4519 fortis.
3304 4450 3436 4503 Dies

192 4526 336 4582 subito
359 4529 544 4601 loquar
566 4532 631 4585 de
660 4545 806 4601 gente
833 4543 880 4586 et
909 4549 1092 4603 regno,
1128 4543 1182 4588 ut
1205 4535 1460 4604 ludificem
1494 4545 1542 4590 et
1590 4535 1740 4606 plun-

1846 4545 1970 4608 irte,
2015 4544 2125 4595 dies
2173 4539 2298 4604 illa,
2341 4539 2452 4593 dies
2497 4539 2851 4593 tribulationis
2891 4549 2938 4592 et
2982 4538 3274 4608 angustiae,
3320 4538 3430 4592 dies

195 4627 280 4670 tem
305 4621 452 4676 illud.
506 4621 563 4676 Si
594 4624 772 4692 fecerit
809 4623 1008 4678 malum
1039 4627 1094 4681 in
1136 4626 1302 4682 oculis
1343 4629 1503 4692 meis;
1543 4637 1598 4680 ut
1640 4645 1742 4682 non

189 4710 353 4765 audiat
381 4731 551 4784 uocem
582 4732 781 4781 meam,
821 4718 1176 4786 parnitentiam
1209 4735 1362 4789 agam
1397 4734 1554 4790 super
1588 4720 1740 4784 bono,

191 4805 312 4869 quod
337 4807 543 4862 locutus
580 4826 732 4876 sum,
770 4819 826 4863 ut
866 4810 1094 4879 facerem
1123 4813 1172 4866 ei
1216 4812 1348 4884 (Jer.
1383 4829 1531 4877 mu,
1564 4814 1598 4864 ϐ
1631 4815 1740 4884 10).

195 4895 312 4957 Quis
350 4912 477 4967 rogo
504 4916 599 4969 per
626 4901 740 4955 lucc
767 4902 926 4955 verba
957 4901 1048 4957 Dei
1080 4919 1185 4960 non
1228 4905 1573 4962 deterretur?
1623 4907 1744 4976 quis

198 4983 338 5039 etiam
382 5004 503 5063 non
536 4990 864 5056 consolatur,
903 4993 948 5048 si
995 5003 1174 5050 tamen
1230 4997 1402 5051 credit
1447 4995 1514 5052 ad
1559 5013 1747 5053 omnes

203 5071 364 5134 ﬁdeles
394 5095 516 5136 esse
541 5082 726 5138 dicta?

257 5165 434 5224 Audite
457 5186 673 5244 quoque
699 5172 826 5242 quid
859 5188 953 5242 per
974 5175 1309 5234 Ezeeliielem
1336 5178 1653 5250 prophetam
1679 5178 1746 5234 ad

204 5269 284 5311 nos
311 5260 447 5315 dicat
475 5262 738 5319 Dominus
769 5278 783 5321 :
817 5265 1003 5320 Anima
1028 5309 1043 5332 ,
1087 5287 1206 5340 qua:
1252 5272 1538 5340 peccaverit
1567 5310 1584 5337 ,
1633 5271 1747 5340 ipsa

1844 4634 2160 4689 calamitatis
2203 4642 2250 4685 et
2295 4631 2518 4686 miseria:
2566 4628 2759 4702 (Soph.
2808 4646 2848 4696 l,
2898 4629 2984 4694 14,
3024 4629 3143 4699 15).
3192 4629 3260 4683 Et
3307 4638 3432 4699 post

1847 4742 2016 4796 pauca
2050 4725 2348 4795 subiungit,
2379 4724 2564 4780 dicens
2593 4742 2606 4777 :
2637 4725 2928 4794 Antequam
2966 4725 3186 4787 venient,
3209 4724 3432 4794 qtta't'ite

1846 4819 2156 4881 Dominum,
2185 4833 2362 4871 omnes
2394 4817 2651 4870 mansueti
2680 4825 2852 4878 terrai,
2892 4817 2992 4885 qui
3009 4815 3278 4885 judicium
3313 4814 3436 4882 ejua

1846 4911 1968 4964 esis
1998 4909 2217 4979 operati.
2260 4907 2491 4973 Qucerite
2513 4907 2744 4975 justum,
2773 4905 2818 4958 si
2848 4907 3107 4976 quomodo
3135 4903 3435 4969 absconth

1853 5001 1984 5053 mini
2009 5001 2062 5055 in
2094 5001 2179 5054 die
2210 4998 2403 5067 furoris
2433 4997 2644 5050 Domini
2694 4994 2878 5068 (Soph.
2909 5010 2971 5061 11,
2995 4994 3048 5055 2,
3080 4994 3158 5064 '5).
3208 4990 3331 5044 llaec
3365 4993 3435 5042 det

1852 5090 2131 5160 prophetis
2176 5090 2413 5144 breviter
2449 5087 2900 5151 commemoravi,
2941 5101 3008 5140 ne
3043 5091 3205 5137 tanta:
3232 5077 3435 5130 sancti

1854 5183 1982 5238 tatis
2008 5184 2176 5240 libros
2210 5182 2262 5235 in
2291 5181 2585 5251 Scriptura:
2625 5193 2798 5235 sacrae
2844 5194 3008 5234 cursu
3053 5173 3266 5247 penitus
3291 5183 3436 5236 prarn

1855 5275 2048 5330 terisse
2073 5274 2278 5330 videar.
