3942 5340
491 288 598 392 555
1519 325 1825 387 OTllLONi
1862 323 2172 382 nomen:
2212 323 2273 381 s.
2313 322 2735 383 EMMERAMMI
3664 328 3762 407 tos

491 445 787 518 Scriptura:
818 446 991 500 sacrae
1030 447 1231 507 arcem,
1272 443 1329 497 id
1353 450 1437 496 est
1469 440 1821 511 Evangelium
1853 454 2076 496 currere
2102 447 2156 509 Α
2179 438 2353 495 deret.
2378 436 2586 495 Similis
2621 434 2869 495 doctrina
2900 440 2955 493 in
2986 437 3279 511 Erangelio
3312 438 3761 500 eodem-iuveni-

492 539 648 603 libet,
680 539 823 609 quod
860 537 985 608 quia
1005 537 1189 591 instar
1224 532 1424 587 tltOlIllS
1451 531 1652 589 excelsi
1682 531 1827 586 inter
1848 536 2081 592 caetera-1
2182 538 2290 596 tur,
2339 530 2430 592 ubi
2475 530 2709 587 Domino
2735 530 2990 601 loquente
3024 532 3091 586 ad
3140 531 3351 600 turbas,
3387 532 3527 589 dixit
3552 534 3603 589 ei
3643 522 3812 605 qui-'

490 644 610 685 rum
639 628 1026 685 sublimitatem
1053 627 1452 694 scripturarum
1481 625 1557 680 ita
1585 624 1949 694 supereminet
1969 663 1984 689 ,
2015 629 2077 677 ut

489 722 555 776 ad
581 721 949 775 summitatem
970 716 1087 785 ejus
1112 718 1398 787 pervenire
1420 731 1707 787 nequeam,
1733 724 1841 770 tam
1864 714 2074 772 meritis

488 828 648 884 quam
681 812 905 867 scientia
931 812 1086 882 quasi
1121 813 1351 879 utroque
1373 810 1530 879 pede,
1561 810 1694 879 prob
1719 808 1901 864 dolor!
1931 807 2077 863 clau-

488 904 609 967 dus,
652 917 908 972 magnum
962 902 1093 956 mihi
1141 901 1379 966 videtur,
1426 900 1472 955 si
1511 900 1704 956 saltem
1753 900 1820 955 ad
1867 899 2081 954 radices

487 993 729 1062 ejuszlcm
767 992 970 1048 montis
1000 993 1341 1063 perveniens,
1369 989 1580 1061 aliquos
1608 990 1678 1047 ibi
1707 989 1957 1046 ﬂosculos
1983 1003 2075 1044 ca-

489 1098 619 1152 pere
647 1085 857 1152 potero.
896 1122 897 1127 η
1414 1092 1415 1095 “
1550 1126 1555 1131 .

556 1172 671 1227 Hoc
719 1180 902 1227 autem
962 1171 1211 1242 inprimis
1280 1171 1406 1227 inde
1455 1170 1787 1244 carpendum
1837 1169 2068 1234 videtur,

484 1263 630 1332 quod
656 1263 915 1318 Dominus
939 1273 994 1318 et
1031 1262 1282 1318 Salvator
1313 1271 1519 1326 noster,
1548 1262 1704 1333 cujus
1730 1263 1811 1339 ibi
1841 1270 1990 1332 gesta
2018 1269 2075 1316 et

488 1354 754 1410 miracula
796 1355 1103 1409 veneranda
1137 1351 1408 1425 leguntur,
1458 1355 1599 1409 Deus
1636 1362 1690 1408 et
1720 1353 1895 1409 homo
1915 1368 2073 1408 verus

490 1462 613 1502 esse
657 1448 961 1502 credendus
1010 1456 1114 1503 est.
1144 1447 1297 1514 Quod
1326 1447 1469 1500 enim
1504 1448 1644 1501 Deus
1679 1456 1780 1510 est,
1820 1447 1905 1501 illa
1949 1462 2070 1501 sau-

484 1539 729 1593 clissima
751 1537 977 1594 Joannis
1015 1541 1177 1595 verba
1206 1539 1484 1594 declarant
1510 1557 1524 1593 :
1572 1539 1638 1594 In
1665 1541 1928 1610 principio
1959 1549 2071 1593 erat

496 1630 742 1695 Verbum,
787 1641 835 1686 et
891 1630 1111 1686 Verbum
1147 1643 1262 1686 erat
1294 1635 1443 1703 apud
1474 1633 1666 1698 Deum,
1698 1643 1745 1687 et
1775 1632 1914 1687 Deus
1958 1643 2069 1687 erat

497 1718 722 1774 Verbum
750 1720 932 1791 (John.
959 1737 998 1787 ι,
1029 1722 1106 1793 i).
1138 1722 1292 1789 Quod
1343 1732 1521 1783 autem
1573 1721 1750 1777 factus
1786 1732 1869 1778 est
1910 1724 2070 1778 homo

2178 621 2304 678 dam
2333 639 2347 675 :
2384 618 2523 677 Ecce
2544 632 2714 677 mater
2736 632 2849 689 tua,
2875 632 2923 677 et
2950 622 3143 693 fratrem
3168 624 3245 679 tui
3280 622 3413 694 [oris
3447 634 3591 680 stant
3612 642 3763 692 ιιιιαει

2178 719 2346 765 rentes
2374 720 2423 766 te
2450 710 2666 783 (Matth.
2708 728 2805 777 xu,
2846 711 2958 782 47).
3001 711 3104 768 Cui
3147 712 3409 770 Dominus
3435 714 3761 784 respondit:

2179 801 2311 868 Qua:
2364 812 2439 859 est
2485 811 2652 858 ntater
2700 821 2847 873 mea,
2881 814 2931 860 et
2974 805 3063 876 qui
3108 815 3231 859 sunt
3279 805 3475 875 fratres
3502 808 3651 862 mei?
3692 807 3763 863 Et

2175 892 2459 949 extendens
2479 911 2694 949 manum
2724 896 2779 949 in
2801 894 3089 966 discipulos
3113 912 3238 950 suos
3279 897 3453 953 dixit:
3479 898 3621 953 Ecce
3646 915 3761 952 mn-

2175 994 2255 1039 ter
2275 1001 2389 1040 mea
2423 996 2468 1041 et
2491 986 2683 1057 fratres
2704 989 2833 1056 mei;
2862 989 3155 1060 quicunque
3201 990 3338 1045 enim
3364 990 3548 1060 fecerit
3574 993 3766 1045 colun—

2070 1113 2078 1119 ο
2174 1087 2333 1133 tatem
2358 1078 2541 1134 Patris
2566 1082 2700 1146 mei,
2733 1080 2823 1151 qui
2858 1081 2910 1135 in
2955 1081 3096 1136 ctelis
3120 1093 3230 1148 est,
3265 1084 3373 1152 ipse
3401 1099 3551 1139 meus
3574 1084 3763 1153 frater,

2175 1179 2221 1223 et
2254 1186 2424 1235 soror,
2476 1181 2524 1225 et
2568 1181 2736 1227 mater
2781 1181 2856 1228 est
2903 1171 3088 1243 (Ibid.,
3121 1172 3348 1245 48-50).
3415 1174 3460 1231 Ο
3516 1173 3764 1246 piissima

2173 1262 2505 1333 dispensatio
2555 1263 2769 1320 Domini
2816 1265 2985 1321 nostri
3036 1263 3165 1321 Jesu
3206 1266 3433 1333 Christi,
3490 1267 3587 1337 qui
3638 1269 3761 1324 ideo

2175 1353 2345 1409 voluit
2383 1368 2415 1409 a
2452 1363 2629 1411 matre
2658 1356 3009 1426 cognatisque
3047 1355 3358 1413 carnalibus
3404 1364 3532 1412 tunc
3563 1359 3763 1428 quaeri,

2175 1456 2233 1502 ut
2270 1460 2509 1520 congrue
2553 1464 2652 1504 nos
2683 1448 2971 1509 instruere:
3000 1457 3187 1519 posset
3217 1458 3428 1518 quanta
3451 1449 3764 1504 diﬁ‘erentia

2173 1538 2426 1595 sitinter
2480 1539 2732 1616 carnales
2777 1548 2834 1594 et
2879 1538 3192 1608 spirituales
3238 1539 3457 1606 fratres,
3474 1554 3483 1603 ς
3503 1540 3763 1611 quodque

2172 1643 2362 1684 omnes
2386 1628 2720 1686 voluntatem
2752 1629 2847 1685 Dei
2873 1627 3140 1686 facientes
3163 1629 3267 1686 dici
3296 1630 3510 1701 possint
3535 1630 3762 1699 fratres,

2173 1729 2227 1778 et
2254 1731 2478 1791 matres,
2508 1733 2671 1795 atque
2696 1737 2913 1780 sorores
2945 1723 3083 1793 ejus.

486 1812 575 1865 illa
628 1813 982 1869 nihilominus
1035 1815 1179 1868 dicta
1236 1814 1505 1883 probant:
1556 1813 1624 1867 Et
1681 1812 1906 1868 Verbum
1944 1831 2068 1868 cura
2105 1819 2143 1871 li
2240 1812 2495 1884 Ejusdem
2520 1814 2780 1870 doctrinae
2810 1830 2973 1871 causa
3001 1814 3271 1871 invenitur
3294 1815 3391 1883 ibi,
3421 1815 3515 1871 ubi
3548 1815 3762 1872 Scribis

482 1905 682 1975 factum
729 1913 829 1972 est,
877 1917 924 1959 et
968 1906 1221 1960 habitavit
1273 1906 1328 1960 in
1379 1907 1525 1961 nobis
1556 1905 1893 1977 (Ibid.,‘14).
1936 1906 2068 1962 Item

483 2004 772 2066 utrumque
814 1994 1036 2052 sanctus
1088 1996 1374 2053 Matthaaus
1426 2006 1677 2064 testatur,
1723 2012 1954 2053 narrans
2003 1997 2071 2052 de

482 2088 900 2162 Domino,'quia
931 2092 1162 2167 esuriret
1192 2100 1248 2146 et
1292 2100 1529 2147 tentatus
1580 2101 1751 2147 esset.
1778 2106 1806 2145 a
1855 2090 2069 2146 diabolo

487 2189 549 2234 ut
590 2182 772 2246 homo,
815 2178 1069 2253 quodque
1114 2168 1162 2236 ei
1212 2180 1388 2253 angeli
1423 2181 1797 2237 ministrarent
1829 2191 1889 2237 ut
1935 2182 2064 2237 Deo.

481 2271 647 2328 Multa
676 2273 841 2329 etiam
880 2274 965 2329 bis
1004 2268 1198 2328 similia
1231 2282 1341 2327 tam
1379 2273 1559 2328 verbis
1606 2288 1769 2344 quam
1811 2275 2068 2345 operibus

479 2364 753 2419 declarata
787 2366 1093 2421 testimonia
1121 2367 1172 2419 in
1205 2350 1510 2436 Evangeliis
1537 2365 1915 2433 inueniuntur;
1947 2382 2067 2436 qua:

480 2457 605 2511 ideo
637 2455 885 2527 inprimis
913 2473 981 2512 ex
1015 2456 1241 2513 historia
1292 2456 1601 2527 evangelica
1646 2458 1883 2528 protuli,
1940 2460 2066 2528 quia

479 2548 547 2601 ad
579 2547 736 2603 ﬁdem
769 2562 982 2604 sacram
1012 2549 1309 2621 pertinent,
1339 2548 1458 2618 quae
1487 2550 1653 2604 totius
1683 2550 1957 2620 religionis
1986 2551 2066 2605 di-

477 2639 618 2693 vinae
648 2638 1058 2695 fundamentum
1092 2649 1330 2695 constat.
1363 2639 1418 2693 in
1443 2655 1765 2711 quocunque
1794 2642 1938 2697 enim
1971 2643 2066 2697 bo-

382 2737 389 2743 ’
479 2736 629 2791 mine
670 2734 979 2803 hujus‘modi
1018 2734 1150 2790 ﬁdes
1177 2744 1234 2791 et
1277 2734 1503 2790 scientia
1541 2735 1824 2802 solidatur,
1856 2736 2065 2793 facilius

478 2826 947 2899 oinnia‘intelligit
978 2842 1100 2896 qua:
1139 2828 1408 2897 scriptura
1442 2826 1652 2883 Veteris
1686 2837 1742 2882 et
1770 2829 1903 2884 Novi
1933 2830 2064 2886 Tes-

478 2919 708 2974 tumenti
736 2919 802 2974 de
824 2918 1043 2974 Christo
1070 2929 1321 2975 testatur.
1353 2921 1431 2974 Ad
1473 2922 1589 2976 bmc
1626 2921 1789 2976 etiam
1834 2940 2064 2994 pensan-

478 3007 609 3061 dum
636 3016 722 3062 est
754 3008 807 3062 in
843 3007 1168 3079 Evangeliis,
1201 3009 1330 3079 quia
1360 3024 1390 3062 a
1420 3010 1833 3081 quilmscunque
1860 3012 1940 3065 rel
1969 3014 2063 3068 bo-

481 3099 568 3153 nis
612 3098 697 3155 vel
746 3100 905 3155 malis
959 3102 1209 3157 Christus
1261 3102 1737 3173 interrogabatur,
1787 3100 2058 3161 communi

2173 1916 2230 1964 et
2258 1907 2545 1965 Pharisaeis
2572 1909 2651 1964 ad
2668 1909 2954 1965 Dominum
2991 1909 3297 1966 dicentibus
3322 1925 3337 1964 :
3387 1909 3569 1977 Quare
3599 1910 3765 1965 disci-

2169 2000 2282 2072 puli
2319 2002 2398 2056 tui
2432 2002 2895 2075 transgrediuntur
2940 2002 3249 2058 traditiones
3278 2004 3605 2068 seniorum,
3654 2018 3763 2056 non

2170 2095 2307 2149 enim
2360 2094 2537 2150 lavant
2590 2110 2778 2150 manus
2815 2110 2971 2159 suae,
3022 2110 3141 2147 cum
3191 2108 3378 2163 panem
3431 2092 3760 2147 manducent

2172 2187 2387 2260 (Matth.
2432 2205 2523 2255 xv,
2553 2187 2630 2260 2).
2663 2188 2781 2258 Ipse
2820 2187 3153 2257 respondens
3189 2187 3289 2251 eis,
3326 2186 3381 2241 in
3405 2185 3600 2255 primis
3641 2185 3763 2253 qui-

2168 2280 2292 2336 dem
2321 2281 2583 2352 exemplis
2619 2279 3065 2337 convenientibus
3102 2276 3761 2349 increpaviteorumby-

2168 2361 2458 2443 pocrysin;
2504 2382 2692 2444 postea
2732 2388 2863 2428 vero
2904 2369 3184 2440 discipulis
3230 2369 3635 2440 inquirentibus
3661 2384 3761 2422 εχι-

2167 2465 2427 2537 planavit,
2473 2466 2742 2537 quomodo
2773 2465 2946 2536 magis
2989 2462 3303 2533 coinquinet
3332 2461 3611 2517 hominem
3638 2476 3761 2515 sor-

2166 2557 2293 2611 dida
2357 2558 2554 2612 mentis
2615 2557 2989 2620 conscientia,
3048 2556 3321 2624 verbaque
3372 2567 3541 2623 prava
3589 2567 3760 2623 quam

2167 2662 2360 2703 manus
2408 2647 2591 2717 illotze,
2647 2649 2880 2705 dicens:
2914 2646 3242 2713 Homicidia,
3292 2645 3578 2709 adulteria,
3612 2645 3759 2715 falsa

2167 2741 2492 2808 testimonia,
2522 2740 2876 2812 blasphemite,
2913 2739 3024 2794 hazc
3071 2746 3215 2804 sunt,
3263 2753 3383 2808 qua:
3408 2736 3756 2807 coinquinant

2164 2831 2460 2897 hominem;
2500 2848 2605 2886 non
2628 2832 2750 2887 totis
2775 2841 2950 2886 autem
2980 2830 3224 2885 manibus
3261 2829 3608 2894 manducare,
3649 2844 3758 2884 non

2165 2922 2471 2992 coinquinat
2510 2923 2774 2977 hominem
2828 2916 3031 2993 (Ibid,
3054 2922 3258 2993 19-20).
3304 2923 3584 2995 Disposuit
3631 2924 3760 2992 pius

2166 3011 2426 3068 Dominus
2469 3022 2525 3068 et
2551 3027 2795 3079 causam,
2827 3014 2972 3068 unde
3003 3013 3229 3069 doceret
3246 3028 3409 3084 quam
3439 3015 3758 3069 necessaria

2164 3102 2237 3156 sit
2271 3102 2428 3169 ﬁdes,
2480 3103 2898 3173 constantiaque
2941 3103 3133 3159 orandi
3181 3103 3237 3158 in
3286 3103 3595 3159 Cbanauaaa
3636 3120 3759 3160 mu-

476 3190 668 3246 salutis
723 3193 972 3248 luunaum
1017 3209 1180 3249 causa
1229 3192 1430 3248 factum
1470 3171 1551 3249 est
1601 3204 1660 3250 ut
1707 3196 2060 3267 dispositidne
2088 3171 2131 3233 ο
2163 3194 2295 3249 liere
2318 3209 2456 3264 quae,
2486 3193 2615 3250 licet
2638 3194 2707 3249 ab
2734 3171 2938 3250 colam
2964 3194 3181 3250 silentio
3217 3209 3381 3265 quam
3413 3195 3600 3250 verbis
3625 3210 3759 3251 con-

474 3282 570 3337 tali
595 3284 920 3355 proderetur
942 3286 1147 3341 veritas
1166 3287 1425 3341 doctrinm
1446 3302 1544 3357 per
1566 3302 1821 3358 responsa
1838 3288 2057 3345 Christi.

478 3375 589 3432 Nisi
633 3378 780 3432 enim
821 3380 1190 3448 praecederent
1230 3380 1685 3452 interrogationes
1730 3383 2058 3454 aliquorum,

476 3481 582 3522 non
613 3470 1098 3538 poteratomnibus
1146 3471 1482 3541 responderi,
1529 3487 1635 3527 non
1665 3482 1878 3544 poterat
1922 3490 2059 3546 quo-

474 3562 721 3616 rumdam
760 3562 964 3617 malitia
1011 3572 1136 3635 apte
1181 3564 1481 3640 increpari.
1529 3582 1635 3621 non
1682 3578 1893 3636 poterat
1922 3586 2060 3640 quo-

475 3652 724 3707 rumdam
752 3652 1054 3724 ignorantia
1076 3669 1315 3727 congrue
1336 3639 1574 3710 edoceri.
1599 3655 1707 3711 Sed
1730 3666 1783 3712 ut
1808 3658 1923 3713 hare
1943 3639 2062 3728 quae

472 3745 708 3801 dicimus
738 3747 981 3816 apertius
1017 3747 1391 3811 innotescant.
1425 3749 1667 3818 exempla
1703 3749 2058 3819 proferemus.

473 3837 531 3895 In
557 3839 852 3911 Evangelio
874 3856 1110 3897 namque
1135 3841 1373 3896 Matthaei
1401 3841 1633 3913 legitur:
1658 3844 1797 3911 Quia
1828 3846 2064 3901 discum-

466 3931 636 3985 bente
663 3929 791 3986 Jesu
823 3930 874 3985 in
906 3932 1148 4002 ejusdem
1180 3930 1419 3987 Matthaei
1465 3935 1629 3989 domu
1657 3951 1779 3990 cum
1819 3937 2062 4007 publica-

475 4023 562 4076 nis
615 4029 672 4077 et
727 4022 1140 4093 peccatoribus,
1195 4022 1458 4079 Pharismi
1526 4027 1593 4080 de
1654 4034 1801 4081 tanta
1864 4028 2063 4098 pietate

465 4112 830 4168 ‘scandalizati
883 4114 1136 4169 dicebant
1189 4115 1255 4169 ad
1317 4114 1608 4186 discipulos
1656 4108 1773 4187 ejus
1820 4136 1833 4172 :
1885 4117 2063 4184 Quare

476 4219 596 4258 cum
658 4203 953 4275 publicanis
998 4214 1047 4258 et
1082 4205 1442 4275 peccatoribus
1480 4207 1767 4262 manducet
1811 4208 2064 4280 Magister

466 4296 923 4367 'rcster.’(.llatth.
975 4314 1053 4364 rx,
1108 4299 1221 4370 ii.)
1270 4297 1397 4354 Haec
1442 4297 1600 4355 Jesus
1643 4301 1887 4366 audiens,
1944 4303 2058 4358 ait:

468 4387 602 4444 ’Νυη
629 4400 703 4444 est
732 4406 862 4460 opus
908 4390 1200 4446 valentibus
1231 4393 1499 4458 medicus;
1537 4392 1627 4447 sed
1653 4393 1790 4448 male
1822 4395 2061 4449 habenti-

474 4479 570 4532 bus
598 4492 617 4530 :
662 4496 766 4532 non
811 4480 947 4533 enim
984 4483 1100 4535 veni
1144 4498 1329 4536 vocare
1380 4482 1591 4553 justas,
1639 4484 1730 4537 sed
1763 4493 2058 4555 peccatores

476 4567 666 4639 (Ibid.,
691 4568 799 4639 12).
827 4569 1015 4624 Nonne
1039 4562 1321 4626 attendere
1353 4572 1560 4635 valetis,
1588 4573 1712 4643 quia
1748 4584 1908 4628 tanta:
1929 4575 2058 4629 doe—

478 4658 654 4724 trina),
685 4667 847 4714 tanta:
867 4660 1085 4730 pietatis
1108 4663 1387 4732 responsio
1416 4678 1443 4715 a
1463 4663 1683 4719 Christo
1708 4664 1916 4734 prolata
1950 4678 2054 4718 non

474 4760 640 4817 esset,
686 4750 789 4807 nisi
838 4752 1187 4824 interrogatio
1235 4753 1362 4810 licet
1393 4756 1628 4827 maligna
1657 4756 2055 4813 Pharisaeorum

474 4843 841 4916 praecederet?
870 4845 1119 4916 Ejusdem
1150 4861 1366 4916 quoque
1403 4847 1662 4902 doetriuze
1689 4864 1850 4903 causa
1884 4851 2053 4905 inter-

477 4944 697 5007 rogatus
724 4934 882 4993 Iesus
914 4951 946 4991 a
990 4936 1268 5008 discipulis
1292 4937 1517 4994 Joannis
1543 4957 1557 4993 :
1601 4954 1771 5009 quare
1803 4940 2061 5011 discipuli

476 5030 594 5078 eius
618 5044 725 5078 non
753 5046 875 5078 cum
902 5029 1024 5078 aliis
1048 5029 1375 5078 iaiunnrent-
1410 5031 1683 5078 resnnndit
1704 5030 1862 5078 Janus
1886 5051 1899 5078 τ
1939 5033 2056 5078 Non

2164 3283 2461 3340 tumeliosis
2509 3292 2816 3355 contempta
2857 3294 2913 3338 et
2956 3284 3175 3355 indigna
3228 3284 3347 3356 ejus
3396 3284 3756 3341 miseratione

2164 3374 2457 3442 videretur,
2485 3391 2588 3431 non
2618 3384 2795 3431 tamen
2834 3375 3046 3431 destitit
3070 3391 3101 3430 a
3129 3374 3405 3447 precibus,
3435 3375 3614 3431 donec
3640 3376 3756 3446 ipse

2160 3467 2476 3525 collaudans
2514 3469 2635 3541 ejus
2661 3470 2844 3536 ﬁdem,
2874 3470 3346 3541 constantiamque
3374 3470 3572 3527 orandi
3603 3472 3753 3525 dice-

2163 3570 2283 3615 ret:
2328 3559 2526 3632 Magna
2553 3570 2629 3615 est
2660 3560 2794 3630 ﬁdes
2842 3569 2957 3628 tua,
3000 3561 3097 3631 ﬁat
3133 3561 3227 3615 tibi
3271 3561 3405 3615 sicut
3438 3562 3514 3616 vis
3552 3559 3752 3632 (Ibid,

2160 3652 2273 3720 28).
2303 3652 2472 3724 Hujus
2497 3654 2661 3724 igitur
2702 3653 2945 3709 mulieris
2994 3652 3099 3709 ﬁde
3124 3661 3180 3708 et
3204 3653 3510 3710 constantia
3560 3668 3755 3709 omnes

2164 3745 2350 3802 ﬁdeles
2381 3746 2747 3812 instruuntur,
2773 3755 2831 3800 ut
2860 3747 2915 3801 in
2948 3745 3202 3817 precibus
3229 3746 3344 3802 suis
3377 3745 3486 3801 sint
3528 3746 3754 3802 stabiles

2161 3847 2218 3892 et
2274 3838 2329 3891 in
2388 3837 2571 3894 divina
2619 3837 2821 3907 pietate
2863 3836 3196 3894 conﬁdentes
3232 3855 3246 3891 :
3278 3836 3469 3893 eadem
3518 3851 3755 3907 namque

2167 3928 2378 3984 Domini
2416 3927 2590 3999 pietas
2616 3928 2670 3983 in
2697 3943 2887 3984 omnes
2909 3929 2975 3983 ad
3002 3944 3063 3984 se
3089 3927 3389 3986 clamantes
3411 3936 3652 3983 constat.

2232 4017 2474 4075 Providit
2516 4021 2681 4074 etiam
2726 4019 2985 4075 Dominus
3014 4033 3233 4075 causam
3280 4034 3386 4090 qua
3429 4019 3755 4074 doceremur

2163 4122 2310 4169 recte
2337 4113 2391 4168 in
2420 4127 2543 4168 eum
2575 4112 2823 4181 credere,
2850 4127 3065 4182 quaque
3093 4109 3401 4183 pastOribus
3424 4122 3630 4167 sanctae
3656 4112 3748 4167 Ec-

2161 4203 2342 4259 clesiae
2398 4211 2640 4274 potestas
2700 4203 2905 4274 ligandi
2974 4215 3140 4273 atque
3198 4202 3442 4258 solvendi
3498 4203 3747 4259 daretur.

2160 4291 2295 4349 Nam
2333 4310 2456 4350 cum
2496 4295 2549 4349 in
2585 4294 2706 4350 loco
2738 4295 2970 4365 quodam
3018 4294 3409 4365 interrogasset
3453 4293 3753 4365 discipulos

2159 4403 2310 4455 suos,
2340 4402 2499 4457 quem
2547 4387 2631 4442 vel
2669 4387 2916 4442 homines
2946 4387 3148 4453 caeteri,
3193 4386 3280 4441 vel
3321 4386 3421 4457 ipsi
3451 4400 3580 4440 eum
3606 4388 3752 4442 dice—

2160 4487 2303 4544 rent,
2345 4478 2677 4548 respondens
2711 4476 2904 4532 Petrus
2940 4493 3038 4548 pro
3064 4477 3317 4532 omnibus
3356 4476 3531 4531 dixit:
3580 4475 3660 4531 Tu
3697 4491 3750 4529 es

2163 4570 2402 4626 Christus
2447 4570 2591 4639 ﬁlius
2619 4570 2717 4624 Dei
2759 4570 2862 4624 vivi
2911 4569 3127 4640 (Matth.
3170 4585 3290 4636 xvr,
3338 4569 3450 4641 16).
3476 4567 3581 4637 Qui
3625 4582 3750 4623 mox

2163 4676 2263 4732 pro
2286 4668 2449 4716 tanta:
2471 4661 2595 4715 ﬁdei
2625 4657 2967 4715 confessione
2990 4662 3171 4714 beatus
3208 4675 3241 4715 a
3282 4661 3511 4716 Domino
3535 4674 3749 4729 re5p0u-

2162 4753 2324 4809 dente
2349 4753 2550 4818 dictus,
2589 4751 2768 4808 claves
2828 4752 2979 4823 regni
3018 4752 3278 4807 cmlorum
3325 4762 3380 4805 et
3420 4761 3747 4821 potestatem

2166 4845 2364 4915 ligandi
2392 4854 2569 4915 atque
2595 4844 2837 4900 solvendi
2884 4844 3074 4898 tamin
3102 4843 3257 4899 ctelis
3298 4859 3460 4913 quam
3499 4846 3555 4899 in
3587 4844 3749 4899 terris

2158 4939 2407 5010 accipere
2450 4939 2669 4994 meruit.
2715 4937 2874 4994 Unde
2916 4946 2974 4992 et
3010 4937 3222 4993 cunctis
3251 4946 3458 4994 sancta:
3489 4936 3747 4992 Ecclesia:

2158 5032 2471 5078 metm-ilius
2512 5030 2703 5078 eadem
2747 5039 2988 5078 mlestus
3047 5029 3247 5078 ligandi
3302 5039 3466 5078 alnue
3498 5025 3744 5078 solvendi
