3942 5340
514 337 615 396 199

1530 322 1833 383 οτηιοΝι
1871 319 2179 380 MONACHI
2219 319 2277 377 S.
2319 317 2734 377 EMMERAMMI

3663 310 3768 373 Ξδο

512 449 871 521 relinquatur,
915 444 1043 516 quid
1093 443 1164 500 sit
1201 442 1269 497 de
1292 441 1396 497 illis
1421 439 1541 512 qui,
1577 454 1639 496 se
1675 436 1992 496 concubinis
2040 443 2097 493 et
2122 438 2171 499 Α
2199 435 2365 507 gitur,
2408 434 2625 507 indigne
2651 431 2897 491 ferebant
2938 424 3190 505 gentibus
3232 430 3516 504 praedicari
3547 435 3771 492 verbum

512 539 892 598 meretricibus
951 537 1196 608 plurimis
1243 535 1446 606 jugiter
1505 533 1825 606 polluentes,
1883 531 1955 586 nil
1999 545 2094 586 cu-

493 622 635 688 'rant
664 630 897 702 qualiter
925 629 1149 684 honeste
1182 628 1383 691 vivant,
1422 626 1517 682 sed
1560 634 1771 680 tantum
1817 639 1967 679 more
1994 628 2093 693 pe-

511 724 710 781 cudum
752 720 1202 777 irrationabilium
1245 735 1407 775 omne
1450 727 1661 790 tempus
1685 718 1808 773 vitae
1832 732 1943 773 sum
1974 732 2097 787 pcr-

513 814 716 887 agunt?
744 812 851 867 llas
870 811 1329 883 ergosententias
1357 811 1423 867 de
1445 804 1736 880 Evangelio
1761 808 2095 878 decerpsisse

510 920 600 961 me
622 903 772 967 nulli.
799 917 1008 973 quaeso,
1048 901 1345 972 displiceat,
1396 902 1491 957 sed
1531 900 1775 955 attendat
1810 899 1934 969 quia
1974 912 2096 968 qu:e

512 996 773 1053 Dominus
793 995 1054 1067 dignatus
1072 1002 1159 1051 est
1184 994 1329 1065 loqui
1355 1000 1411 1050 et
1437 991 1812 1049 decerenobis
1838 990 2003 1046 etiam
2031 989 2094 1044 lio

511 1100 602 1148 cet
633 1090 905 1162 proferre.

1094 1168 1322 1239 CAPUT
1355 1174 1513 1236 xvn.

513 1275 634 1331 Alia
685 1274 922 1347 ejusdem
985 1274 1188 1397 ἀσπενὲ
1238 1273 1551 1395 dasqmenta
1615 1274 1681 1325 ea":
1742 1270 2094 1338 sacrosanctis

972 1362 975 1365 ν
1191 1360 1462 1397 vanaens.

972 1362 975 1365 '
1139 1360 1462 1414 cvangems.

582 1436 715 1494 Item
743 1438 786 1492 si
829 1436 1024 1507 aliquis
1047 1434 1100 1491 in
1124 1435 1289 1490 corde
1317 1448 1418 1493 suo
1440 1432 1643 1508 tacitus
1674 1436 1890 1503 quaerat
1913 1439 2095 1487 utrum

514 1531 762 1586 homines
783 1538 889 1585 tam
911 1528 1160 1584 abinitio
1182 1525 1368 1583 mundi
1390 1539 1557 1595 quam
1579 1540 1610 1579 a
1635 1523 1870 1594 pueritia
1898 1537 1995 1578 sua
2029 1521 2097 1576 ad

519 1622 612 1678 Dei
637 1620 843 1677 cultum
869 1621 1091 1675 veniant
1124 1625 1317 1689 Sponte
1339 1626 1395 1672 et
1419 1617 1534 1671 suis
1560 1615 1791 1680 meritis,
1829 1627 1896 1668 an
1935 1627 2098 1668 voca-

520 1713 665 1768 tione
693 1701 810 1767 Dei.
838 1698 1010 1781 Legat
1029 1708 1176 1764 illam
1202 1706 1515 1777 parabolam
1544 1720 1574 1760 a
1601 1699 1827 1760 Domino
1858 1704 2091 1759 dictam:

2194 527 2290 583 Dei
2320 527 2471 597 prius
2492 542 2655 598 quam
2675 527 2831 597 ipsis,
2852 524 3130 596 quilonge
3154 533 3313 580 antea
3336 523 3393 580 in
3412 523 3530 597 lege
3548 524 3765 581 Domini

2193 622 2598 686 'convel'santes,
2629 621 2782 691 quasi
2813 618 2868 675 in
2916 618 3075 674 vinea
3110 616 3452 674 laborabant.
3494 616 3685 672 Potest
3715 626 3771 672 et

2195 710 2298 766 hoc
2323 710 2393 766 ad
2413 709 2860 767 murinurationis
2885 708 3047 766 verba
3072 706 3266 764 referri
3296 707 3440 777 quod
3467 698 3690 787 plurimi
3719 701 3773 767 in

2194 802 2448 859 cordibus
2475 802 2591 858 suis
2626 803 2821 873 sepius
2856 801 3192 857 admirantes
3230 797 3501 869 judicium
3541 798 3640 855 Dei
3692 800 3775 855 di.-

2193 903 2324 951 ‘cunt
2348 898 2364 949 ‘:
2391 895 2501 950 Cur
2526 893 2668 950 Deus
2695 894 2958 965 quosdam
2984 893 3198 949 n'oviter
3227 899 3516 949 conversos
3533 891 3688 963 prius
3711 898 3777 948 ex

2194 985 2299 1039 hac
2331 984 2437 1038 vita
2463 985 2769 1040 subtractos
2810 983 2878 1038 ad
2902 980 3145 1039 ctelestia
3187 995 3353 1053 regna
3391 981 3563 1059 ducat
3600 984 3770 1052 quam

2199 1069 2316 1130 illos
2339 1075 2429 1144 qui
2458 1091 2488 1129 a
2513 1074 2741 1145 pueritia
2771 1089 2944 1144 usque
2986 1072 3054 1128 ad
3074 1079 3406 1130 senectutem
3426 1081 3777 1140 summopere

2198 1174 2548 1221 certaverunt
2596 1165 2700 1222 sibi
2753 1164 3006 1221 servire?
3051 1163 3151 1220 Cui
3200 1163 3364 1220 etiam
3411 1163 3777 1220 numerationi

2195 1260 2328 1315 satis
2352 1257 2762 1329 convenitquod
2788 1255 3178 1329 paterfamilias
3211 1257 3276 1312 ad
3302 1257 3597 1327 queindam
3620 1267 3775 1313 muro

2196 1349 2525 1405 murantium
2568 1348 2749 1407 dixit:
2779 1348 2862 1404 Aa
2891 1348 3074 1403 oculus
3102 1358 3226 1403 tuus
3271 1354 3492 1419 arguam
3532 1357 3610 1403 est
3653 1348 3779 1417 quia

2196 1457 2290 1512 ego
2312 1440 2475 1496 bonus
2497 1437 2641 1495 sum?
2665 1436 2879 1513 (Matth.
2910 1448 3004 1509 xx,
3030 1428 3143 1511 l5.)
3165 1438 3330 1506 Quasi
3364 1440 3609 1496 diceret:
3631 1436 3780 1494 Nun~

2195 1530 2322 1601 quid
2346 1531 2574 1587 intentio
2610 1539 2699 1586 tua
2729 1530 2850 1588 ideo
2877 1543 3132 1601 perversa
3153 1536 3240 1606 est
3274 1527 3402 1600 quia
3428 1542 3529 1601 ego
3557 1528 3687 1599 pius
3724 1536 3778 1584 et
3808 1516 3815 1521 ’

2197 1620 2504 1678 misericors
2527 1637 2668 1686 sum,
2693 1629 2752 1676 et
2774 1621 2971 1690 quibus
2991 1617 3113 1675 volo
3138 1619 3291 1690 prius
3312 1634 3477 1689 quam
3512 1619 3609 1674 tibi
3638 1633 3779 1689 pm-

2196 1713 2305 1769 mia
2328 1722 2535 1770 acterna
2565 1713 2741 1770 dabo?
2765 1708 2862 1768 llis
2904 1712 3071 1784 igitur
3107 1710 3292 1768 verbis
3321 1719 3551 1782 possunt
3585 1722 3779 1767 amnes

518 1802 704 1862 Simile
729 1814 803 1871 est
827 1819 1043 1873 regnum
1078 1801 1326 1857 culorum
1350 1799 1552 1855 homini
1576 1796 1975 1870 patrifamilias,
2005 1795 2095 1866 qui

2204 1807 2434 1873 edoceri,
2464 1806 2590 1876 quia
2616 1820 2799 1872 nemo,
2822 1804 2926 1861 nisi
2957 1804 3133 1875 gratia
3157 1804 3252 1860 Dei
3287 1804 3499 1866 ductus,
3545 1804 3601 1859 in
3629 1804 3775 1861 CIII.“

516 1894 641 1948 exiit
656 1894 824 1964 primo
849 1906 1001 1947 mone
1026 1891 1314 1947 conducere
1335 1888 1602 1960 operarios
1632 1889 1689 1942 in
1713 1888 1914 1942 vineam
1944 1894 2097 1940 suam

518 1985 737 2058 (Matth.
795 2002 887 2054 xx,
921 1985 996 2059 l).
1053 1985 1207 2054 Quod
1265 1984 1411 2040 enim
1465 1983 1597 2040 dicit
1653 1980 2100 2054 patremfamilias

519 2078 699 2148 primo
730 2092 889 2132 mane
919 2076 1121 2144 exisse,
1172 2083 1234 2131 ut
1256 2074 1596 2137 conduceret
1624 2072 1904 2143 operarios
1933 2071 1985 2125 in
2017 2070 2099 2124 vi—

521 2182 680 2222 neam
704 2166 1166 2239 suam,’signiﬁoat
1191 2166 1316 2236 quia
1340 2152 1601 2219 Dominus
1625 2162 1747 2218 etin
1767 2160 1921 2216 initio
1946 2173 2101 2214 mun-

518 2258 573 2313 di
605 2266 661 2315 et
690 2258 742 2313 in
766 2259 939 2329 prima
969 2257 1253 2328 cujuslibet
1284 2255 1520 2312 hominis
1545 2264 1706 2309 aetate
1734 2267 1871 2323 quos
1896 2250 2006 2305 vult
2032 2250 2098 2305 ad

518 2351 709 2423 "gratia:
729 2360 839 2406 sua:
870 2349 1116 2405 notitiam
1147 2336 1316 2420 eligit.
1349 2342 1502 2416 Quod
1532 2355 1713 2401 autem
1736 2345 1886 2400 circa
1912 2344 2099 2398 horam

519 2441 729 2497 tertiam
753 2441 889 2496 exiit
917 2442 1191 2512 signiﬁcat
1218 2440 1341 2511 quia
1374 2440 1426 2495 iu
1452 2439 1610 2494 tertia
1638 2435 1843 2500 mundi,
1875 2450 1973 2489 nec
1994 2448 2100 2489 non

516 2532 574 2587 in
609 2533 763 2589 tertia
798 2533 1036 2589 hominis
1058 2540 1221 2589 tetate
1250 2529 1515 2603 quosdam
1542 2529 1619 2601 .ad
1659 2544 1718 2584 se
1744 2527 1945 2597 eligere
1972 2524 2102 2579 uiti-

521 2630 627 2681 tur.
662 2624 850 2680 Simile
877 2625 1196 2696 mysterium
1225 2629 1373 2680 sexta
1409 2631 1465 2676 et
1509 2634 1647 2675 nona
1679 2619 1814 2673 hora
1841 2616 2101 2671 continet.

518 2714 675 2783 Quod
705 2728 833 2770 vero
861 2714 1009 2770 circa
1033 2713 1371 2769 undecimam
1404 2710 1604 2766 dicitur
1631 2708 1809 2764 exisse
1846 2716 1902 2763 et
1931 2714 2100 2775 quos-

520 2803 670 2871 dam,
700 2818 837 2874 quos
867 2803 1068 2859 otiosos
1100 2802 1323 2866 invenit,
1348 2800 1490 2857 sicut
1512 2809 1565 2855 et
1590 2799 1761 2870 prius,
1792 2799 1848 2854 in
1887 2798 2102 2853 vineam

522 2907 681 2951 Suam
708 2896 971 2952 conduxit
1003 2894 1275 2965 signiﬁcat
1301 2895 1427 2963 quia
1458 2892 1596 2947 Deus
1620 2899 1674 2946 et
1701 2891 1754 2945 in
1779 2889 1886 2946 line
1920 2889 2103 2944 mundi

520 2987 666 3042 etin
694 2994 971 3043 senectute
1015 3001 1114 3042 sua
1159 2987 1408 3041 homines
1431 2984 1651 3041 'multos
1694 3000 1724 3039 a
1767 2984 1912 3039 bono
1942 2997 2106 3054 opere

522 3077 617 3132 diu
639 3087 893 3134 vacantes
917 3077 982 3134 ad
1002 3076 1190 3133 salutis
1208 3088 1425 3132 aeterna:
1446 3075 1676 3147 gratiam
1692 3082 2100 3130 vocaturusest.

522 3167 678 3236 Quod
705 3176 949 3239 tempere
994 3166 1307 3239 vespertino
1351 3142 1677 3221 adveniente
1708 3162 2101 3235 paterfamilias
2129 3142 2173 3204 (ἶ

523 3258 860 3330 procuratori
875 3272 976 3315 suo
992 3258 1156 3329 jussit
1175 3267 1234 3312 ut
1251 3255 1516 3326 operariis
1534 3254 1846 3312 mercedem
1873 3253 2098 3319 tribuat,

523 3354 789 3426 incipiens
835 3368 867 3409 a
913 3352 1222 3410 novissimis
1249 3365 1419 3421 usque
1466 3349 1532 3405 ad
1578 3349 1803 3420 primos,
1832 3346 2102 3420 «gnificat

521 3448 647 3519 quia
684 3446 947 3504 Dominus
969 3447 1025 3502 in
1073 3445 1357 3517 cujuslibet
1406 3445 1514 3499 line
1561 3443 1795 3499 hominis
1840 3442 1896 3497 in
1941 3442 2099 3497 vinea

511 3535 759 3607 Domini,
782 3541 834 3597 id
861 3551 945 3598 est
972 3541 1027 3596 in
1054 3540 1293 3597 Ecclesia
1318 3547 1506 3594 sancta
1538 3536 1859 3601 laborantis,
1882 3533 2102 3605 angelos

524 3649 654 3691 suos
681 3634 847 3689 mittit
877 3634 947 3701 ad
968 3632 1371 3704 suscipiendam
1401 3629 1545 3685 illius
1571 3631 1829 3693 animam,
1864 3628 2103 3683 maxime

525 3728 706 3782 tamen
735 3742 924 3782 eorum
954 3727 1162 3781 animas
1181 3717 1273 3795 qui
1305 3725 1405 3780 sub
1432 3722 1521 3779 illo
1546 3731 1787 3792 tempore
1810 3736 1920 3791 quo
1940 3719 2103 3776 Chri-

526 3826 645 3873 stus
688 3817 742 3872 in
793 3818 937 3873 hunc
976 3817 1234 3871 mundum
1279 3814 1448 3879 venit,
1477 3815 1581 3871 hoc
1620 3821 1707 3869 est
1758 3814 1810 3867 in
1854 3810 1962 3867 fine
2003 3825 2104 3867 saa-

526 3913 820 3978 culorum,
874 3911 1099 3967 credere
1162 3916 1466 3981 coeperunt.
1543 3903 1885 3978 Receperunt
1957 3904 2103 3960 enim

528 4001 929 4071 quodammodo
963 4000 1267 4056 mercedem
1316 3999 1462 4055 circa
1501 3998 1843 4054 undecimam
1909 3995 2101 4052 horam

526 4093 806 4148 Venientes
856 4093 1007 4164 prius
1077 4107 1239 4164 quam
1298 4100 1455 4147 antea
1524 4091 1842 4157 venientes,
1890 4089 2106 4161 quando

528 4182 799 4254 apostoli,
855 4190 1159 4256 martyres,
1189 4181 1597 4249 ,confessores,
1657 4181 1893 4251 virgines
1945 4190 2107 4252 atque

530 4291 721 4332 omnes
763 4275 941 4331 sancti
984 4282 1108 4346 post
1148 4275 1436 4330 adventum
1471 4266 1672 4330 Gliristi
1723 4263 1897 4329 effecti
1936 4273 2108 4345 magis

528 4365 586 4421 in
612 4365 852 4422 Ecclesia
896 4375 1088 4421 sancta
1116 4364 1363 4420 venerari
1391 4372 1677 4435 coeperunt
1713 4378 1874 4434 quam
1912 4362 1986 4419 illi
2015 4363 2106 4433 qui

2198 1899 2299 1969 pia:
2328 1898 2558 1955 actionis
2592 1897 2830 1965 labaret;
2875 1897 2971 1954 sed
3012 1908 3113 1954 nec
3156 1896 3335 1953 null'ds
3365 1894 3637 1967 judicium
3684 1897 3776 1953 Del

2199 1989 2597 2062 reprehendere
2621 1989 2783 2047 debet
2808 1994 2908 2047 our
2931 1988 3098 2046 alium
3130 2000 3273 2054 Sero,
3301 1988 3466 2045 alium
3494 1983 3679 2045 autem
3701 1989 3777 2044 ci-

2200 2080 2305 2135 tius
2334 2079 2586 2151 perennis
2608 2080 2734 2135 vitae
2758 2080 2995 2151 praemiis
3020 2087 3353 2135 remuneret.

2266 2157 2488 2229 Cunctis
2533 2172 2698 2228 etiam
2737 2172 3045 2243 pastoribus
3086 2169 3363 2236 Ecclesia},
3399 2170 3492 2241 qui
3534 2177 3780 2226 tantum:

2200 2265 2362 2320 modo
2391 2263 2641 2319 laborant
2671 2272 2843 2318 semet
2879 2259 3136 2333 praeferre
3161 2261 3285 2316 aliis
3312 2261 3453 2315 fastu
3485 2261 3777 2332 superbire,

2200 2369 2310 2411 non
2334 2355 2474 2409 bona
2506 2353 2741 2417 actione,
2772 2353 2826 2407 in
2858 2345 3152 2423 Evangelio
3181 2350 3567 2421 pronuntiatur
3603 2350 3781 2421 quali;

2202 2456 2287 2502 ter
2310 2459 2370 2500 se
2389 2440 2646 2514 praeferre
2680 2442 2929 2507 debeant,
2964 2440 3037 2496 ita
3087 2440 3317 2495 Domino
3342 2439 3563 2496 dicente
3592 2457 3606 2494 :
3650 2439 3784 2506 Qui-

2199 2543 2401 2609 cunque
2428 2536 2648 2592 soluerit
2670 2537 2805 2590 inter
2830 2551 2918 2590 vos
2952 2533 3125 2605 major
3157 2532 3296 2603 ﬁeri,
3329 2532 3395 2587 sit
3422 2540 3589 2587 vester
3623 2530 3782 2586 mini-

2201 2639 2326 2694 ster,
2353 2637 2402 2682 et
2426 2628 2516 2699 qui
2544 2626 2764 2682 uoluerit
2787 2626 2921 2683 inter
2945 2639 3034 2680 vos
3061 2625 3263 2695 primus
3307 2635 3436 2686 esse,
3474 2623 3575 2677 erit
3618 2631 3785 2676 restet

2203 2735 2382 2773 servus
2404 2730 2426 2771 ξ
2456 2718 2590 2773 sicut
2615 2718 2758 2787 ﬁlius
2778 2717 3003 2771 hominis
3026 2730 3128 2770 non
3155 2716 3291 2771 venit
3336 2714 3655 2779 ministrari,
3695 2703 3783 2769 sed

2202 2808 2502 2863 ministrare
2536 2804 2751 2878 (Matth.
2785 2812 2877 2870 xx,
2901 2806 2994 2869 ‘26,
3020 2802 3134 2875 27).
3180 2803 3381 2861 Omnes
3406 2810 3664 2873 namque,
3695 2803 3784 2873 qui

2203 2916 2233 2957 a
2285 2899 2513 2956 Domino
2546 2899 2795 2968 cupimus
2833 2896 3105 2960 coronari,
3153 2894 3411 2952 debemus
3459 2894 3614 2965 prius
3668 2894 3787 2965 ejus

2203 2991 2455 3045 mandata
2490 2998 2653 3059 atque
2694 2987 2942 3059 exempla
2975 2986 3200 3050 imitari,
3243 2986 3497 3056 quoniam
3529 2995 3587 3041 et
3614 3000 3720 3041 nos
3754 3000 3783 3039 a

2204 3082 2406 3137 nostris
2450 3080 2643 3137 amicis
2682 3089 2847 3149 atque
2888 3078 3121 3134 subditis
3164 3079 3271 3134 hoc
3311 3078 3581 3149 exigimus
3618 3088 3707 3144 ut,
3739 3078 3787 3133 si

2204 3172 2384 3244 aliqua
2413 3188 2444 3228 a
2473 3172 2631 3229 nobis
2661 3171 2878 3242 praemia
2916 3169 3000 3227 vel
3026 3171 3314 3228 commoda
3346 3170 3617 3227 voluerint
3646 3170 3790 3226 obtia

2180 3279 2354 3331 vnere,
2398 3263 2501 3335 ipsi
2547 3263 2702 3335 prius
2728 3262 3059 3320 voluntatem
3087 3271 3330 3319 nostram
3384 3263 3641 3319 studeant
3684 3263 3791 3318 ima

2202 3348 2370 3428 plere.
2428 3378 2435 3387 ι

2278 3449 2346 3505 Ει
2392 3462 2462 3504 ne
2493 3445 2617 3518 Quis
2658 3445 2879 3518 propter
2919 3435 3095 3515 aliqua
3143 3448 3306 3515 opera
3353 3444 3493 3500 bona
3537 3436 3791 3499 hutnana

2202 3541 2377 3597 laudis
2416 3540 2656 3611 appetitu
2703 3537 2965 3608 impulsus
3006 3546 3310 3606 superetur,
3354 3535 3603 3591 attendat
3641 3535 3788 3590 illam

2201 3633 2514 3707 parabolam
2537 3647 2555 3687 ε
2581 3630 2768 3687 Simiie
2793 3638 2867 3686 est
2888 3645 3105 3700 regnum
3130 3627 3376 3684 caelorum
3400 3628 3648 3683 thesauro
3667 3630 3791 3682 nisi

2202 3727 2411 3782 condito
2450 3726 2508 3780 in
2546 3739 2695 3795 agro,
2739 3731 2846 3780 etc.
2892 3721 3106 3794 (Matth.
3164 3736 3287 3787 xm,
3325 3720 3439 3793 Η).
3485 3718 3600 3776 Nisi
3646 3719 3789 3776 enim

2203 3819 2345 3875 actio
2373 3818 2515 3873 bona
2545 3816 2815 3872 interdum
2850 3815 2920 3871 ab
2949 3815 3265 3871 hominibus
3320 3813 3713 3877 abscondatur,
3759 3821 3789 3865 a

2204 3908 2455 3981 malignis
2474 3908 2756 3984 spiritibus
2785 3905 2931 3963 velut
2959 3922 2992 3963 a
3034 3906 3336 3963 latronibus
3368 3896 3614 3977 pecunia
3650 3904 3793 3961 male

2204 3999 2416 4072 prodita
2444 3998 2711 4055 aufertur.

2274 4089 2370 4147 llis
2394 4090 2552 4146 simul
2581 4091 2671 4161 qui
2700 4089 2900 4160 saepius
2931 4088 3042 4162 Deo
3076 4089 3401 4160 promittunt
3428 4082 3784 4155 benefacere,

2206 4182 2300 4239 sed
2331 4198 2440 4237 non
2470 4181 2696 4246 faciunt,
2729 4181 3086 4250 respondetur
3121 4179 3175 4235 in
3206 4179 3499 4252 Evangelio
3525 4179 3656 4251 quia
3686 4196 3785 4234 net»

2204 4274 2427 4346 quiores
2472 4280 2601 4330 sunt
2654 4272 2761 4329 illis
2806 4272 2900 4343 qui
2946 4286 3052 4327 non
3084 4271 3429 4342 promittunt,
3483 4272 3582 4327 sed
3610 4274 3793 4326 tamen

2208 4362 2502 4435 aliquando
2544 4364 2686 4420 bona
2737 4361 2941 4417 iaciunt
2984 4376 3105 4433 quae
3129 4371 3236 4417 non
3260 4361 3652 4432 promiserunt.
3682 4359 3795 4415 [loc
3886 4410 3889 4421 ς

530 4454 601 4510 ab
632 4455 786 4510 initio
814 4454 1000 4510 mundi
1030 4469 1201 4525 usque
1229 4453 1294 4509 ad
1319 4454 1523 4511 Christi
1559 4455 1847 4511 adventum
1870 4454 2108 4511 sanctili—
2133 4492 2187 4552 Β
2212 4458 2445 4525 namque
2469 4454 2730 4510 Deminus
2750 4454 2952 4509 indicat
2976 4469 3072 4523 per
3094 4453 3236 4508 illam
3268 4446 3603 4522 parabolam,
3631 4464 3794 4526 qnam

496 4547 639 4603 'cati
683 4555 829 4602 sunt.
883 4545 982 4602 Est
1026 4554 1082 4603 et
1128 4548 1272 4602 aliud
1302 4562 1410 4617 quo
1457 4547 1735 4603 novissimi
1766 4547 1916 4619 prius
1943 4561 2104 4616 quam
2139 4543 2173 4552 '
2212 4548 2280 4602 ad
2310 4546 2611 4602 Pharisasos
2626 4545 2800 4600 dixit:
2830 4544 3000 4600 Homo
3021 4548 3237 4616 quidam
3264 4543 3447 4600 habuit
3475 4544 3611 4599 duos
3635 4544 3792 4612 filios,

529 4635 695 4706 primi
726 4635 1032 4691 mercedem
1060 4636 1336 4706 accepisse
1364 4636 1515 4691 credi
1555 4644 1800 4705 possunt,
1833 4635 1961 4706 quia
2000 4649 2107 4697 non
2176 4622 2180 4625 ’
2209 4648 2257 4693 et
2290 4640 2540 4693 accedens
2577 4636 2648 4691 ad
2697 4637 2923 4707 primum
2951 4636 3082 4691 dixit
3108 4649 3127 4687 :
3156 4634 3288 4699 Fili,
3321 4635 3453 4690 vade
3494 4636 3653 4690 hodie
3677 4650 3797 4702 ope-

528 4725 708 4782 solum
739 4725 1014 4795 apostolis,
1046 4729 1140 4781 sed
1169 4726 1338 4781 etiam
1366 4726 1579 4781 cunctis
1606 4724 1969 4782 Ecclesiarum
2008 4740 2107 4796 pa-
2209 4743 2330 4783 rare
2348 4728 2407 4781 in
2428 4727 2576 4782 vinea
2599 4742 2751 4791 mea;
2784 4724 2871 4780 ille
2899 4735 3072 4781 autem
3124 4726 3436 4794 respondens
3464 4726 3537 4779 ait
3577 4738 3598 4777 :
3632 4723 3793 4781 Νοιοι

530 4816 771 4873 storibus
798 4816 922 4872 data
966 4827 1049 4872 est
1075 4831 1105 4870 a
1142 4812 1371 4870 Domino
1398 4825 1585 4871 nostro
1629 4823 1870 4885 potestas
1908 4814 2108 4886 ligandi
2213 4818 2403 4872 Postea
2428 4826 2603 4870 autem
2629 4816 2924 4886 poenitentia
2950 4823 3121 4870 motus
3148 4814 3298 4868 abiit.
3324 4814 3405 4869 Ad
3430 4812 3652 4868 alterum
3680 4829 3798 4869 tero

531 4919 699 4982 atque
723 4910 987 4967 solvendi.
1015 4909 1143 4967 Haec
1172 4920 1354 4966 autem
1382 4918 1623 4980 potestas
1652 4910 1761 4966 illis
1792 4911 1996 4967 sanctis
2017 4909 2108 4979 qui
2210 4906 2455 4962 similiter
2489 4906 2661 4971 dixit;
2699 4906 2787 4977 qui
2833 4904 3149 4976 respondens
3198 4905 3274 4956 ait
3305 4916 3324 4955 :
3356 4902 3460 4969 Eo,
3488 4903 3720 4970 domine,
3747 4911 3797 4956 et

536 5012 667 5060 ante
687 5002 979 5059 adventum
996 4999 1204 5059 Christi
1248 5001 1462 5058 fuerant
1489 5001 1710 5057 minime
1751 5000 1949 5073 legitur
1983 5005 2114 5057 co'n-
2214 5015 2319 5053 non
2347 4998 2460 5052 irit»
2490 4997 2620 5063 Quis
2650 5013 2716 5052 ea:
2742 4997 2944 5050 duobus
2977 4996 3098 5066 fecit
3122 4994 3439 5050 voluntatem
3464 4995 3632 5066 patris
3652 4995 3678 5048 .9
3706 4994 3801 5048 Dia

531 5106 713 5189 cessa.
749 5093 902 5162 Quod
942 5109 1072 5189 vero
1115 5094 1377 5163 dicuntur;
1406 5092 1463 5148 hi
1491 5092 1584 5165 qui
1622 5093 1774 5164 prius
1815 5093 1868 5148 in
1899 5093 2111 5148 vineam
2214 5097 2338 5142 cunt
2362 5086 2442 5141 illi
2467 5101 2486 5140 :
2509 5084 2745 5141 Primus.
2773 5085 2908 5140 Dicit
2926 5085 3034 5140 illis
3060 5082 3216 5140 Jesas
3244 5099 3268 5138 ς
3290 5084 3455 5152 Amen
3485 5085 3603 5139 dico
3633 5086 3797 5147 vobis,

482 5172 492 5193 ’
536 5174 755 5242 Domini
803 5172 1088 5266 venien'tes
1133 5184 1451 5243 laborabant
1501 5193 1559 5239 et
1610 5193 1733 5254 post
1790 5183 2116 5239 novissimos
2212 5178 2338 5250 quia
2365 5178 2631 5249 publicani
2656 5188 2702 5233 et
2731 5178 3027 5233 tueretrices
3060 5178 3362 5248 praeedunt
3382 5193 3471 5232 vos
3496 5178 3549 5232 in
3581 5192 3796 5248 negtium
