3942 5340
157 178 243 233 2M

1270 169 1399 226 LIB.
1437 168 1527 226 DE
1564 167 1795 226 CURSU
1836 166 2247 226 SPlRlTlHLL

150 301 252 350 tuut
287 281 624 357 spiritualem
652 280 812 337 vitam
836 280 1060 343 seetari.
1083 280 1358 334 saecularia
1378 279 1724 349 relinquere;
1758 284 1799 341 Λ
1832 288 2023 336 neutra
2076 291 2234 350 parte
2283 282 2474 339 fuisset
2499 281 2579 338 vel
2620 291 2813 339 tactus.
2852 281 2993 338 Dixit
3028 282 3173 338 cuitu
3205 294 3259 339 et
3288 284 3410 340 Cte-

154 382 258 448 szd,
280 380 415 451 proh
446 374 863 446 dolor!plurimi
894 389 999 428 non
1025 372 1250 428 faciunt.
1276 372 1577 429 Stl‘Cltlill’L‘S
1599 387 1728 427 vero

152 476 264 538 viri,
291 471 424 526 licet
468 471 604 525 nihil
640 468 742 523 tale
772 468 881 522 Deo
916 465 1288 537 promiserint,
1323 474 1619 536 operantur
1642 475 1726 517 ta—

158 581 263 620 men
284 562 484 632 sepius
514 577 579 615 ea
602 574 722 630 quae
768 558 833 611 ad
864 556 1194 627 spiritualetn
1229 556 1393 610 vitam
1424 556 1727 626 pertinent,

156 655 390 723 ideoque,
438 649 587 707 sicut
613 648 825 704 Judzeos
856 646 1127 717 publicani
1167 656 1221 701 ct
1271 646 1618 710 meretrices,
1649 646 1729 701 sic

155 744 429 801 monachos
458 741 793 812 negligentes
815 738 1123 809 prmcedmtt
1158 735 1214 789 in
1240 752 1408 806 regno
1434 736 1527 791 Dei
1556 752 1728 792 sarcu-

155 835 279 890 larcs
305 831 428 887 viri.
882 898 889 901 _

212 922 515 982 Notandum
546 936 765 992 quoque
806 929 1007 991 quanta
1055 921 1127 976 sit
1162 921 1381 990 pietatis
1408 921 1604 979 divina:
1643 922 1730 978 di-

155 1015 405 1088 spensatio
430 1013 488 1067 itt
521 1028 590 1067 eo
619 1011 759 1082 quod
790 1010 1113 1065 documenta
1141 1011 1335 1066 salutis
1364 1020 1561 1066 nostrae
1581 1028 1730 1083 qua:-

156 1108 281 1170 dam,
305 1120 448 1177 quae,
482 1102 650 1157 nullis
671 1100 1040 1156 accidentibus
1067 1100 1269 1166 causis,
1298 1118 1395 1172 per
1426 1102 1726 1173 interroga.

158 1202 308 1257 tiones
328 1198 644 1267 aliquorum
671 1194 755 1250 vel
779 1209 876 1264 per
903 1202 1053 1264 gesta
1085 1194 1468 1249 miraculorum
1501 1209 1725 1249 Slml‘tlln

160 1289 468 1362 proferenda
502 1302 627 1342 esse
656 1284 921 1357 prtevidit,
962 1299 1057 1356 per
1086 1283 1369 1354 parabolas
1391 1294 1447 1341 et
1472 1285 1730 1340 similitu-

158 1385 290 1438 dines
317 1397 348 1437 ει
392 1395 454 1436 se
477 1380 820 1449 excogitatas
857 1376 1100 1448 protulit.
1141 1377 1197 1431 Si
1229 1377 1351 1449 quis
1384 1392 1511 1433 vero
1533 1378 1727 1433 dubius

159 1491 291 1531 nosse
328 1474 517 1543 cupiat
558 1473 603 1527 si
647 1472 775 1542 quid
820 1471 1058 1525 ltumana
1084 1470 1326 1525 versutia
1356 1478 1412 1525 et
1457 1470 1724 1541 sapientia

159 1568 311 1622 valeat
334 1577 529 1619 contra
560 1563 831 1623 divinam,
862 1560 1004 1631 legat
1033 1561 1134 1615 ltoc
1163 1561 1305 1630 quod
1347 1562 1608 1633 scriptum
1642 1570 1728 1618 est

1832 372 1940 427 sari
1973 386 2093 441 quae
2115 388 2210 427 sua
2250 370 2445 434 forent,
2495 381 2547 427 et
2572 389 2691 444 qua:
2719 372 2811 429 llei
2845 373 3019 427 forent
3049 374 3157 429 Deo
3190 374 3413 431 redden-

1831 466 1921 521 da.
1952 465 2009 521 ltt
2048 466 2245 538 quibus
2297 466 2478 521 verbis
2514 467 2620 522 duo
2661 467 2936 537 pensanda
2967 478 3093 521 sunt
3127 485 3141 521 :
3176 484 3409 539 quorum

1832 575 1996 614 unum
2021 560 2135 631 jam
2165 560 2421 625 diximus,
2451 560 2575 629 quia
2606 559 2942 616 obstructum
2972 572 3055 616 est
3083 575 3147 617 os
3185 561 3412 632 loquen-

1833 651 1964 704 tium
1989 659 2177 705 contra
2233 638 2517 705 Dominum
2544 667 2560 718 ;
2589 651 2819 706 alterunt
2862 668 2992 707 vero
3017 661 3120 718 est,
3151 654 3276 722 quia
3322 653 3414 714 illo

1830 742 1921 812 qui
1954 758 2118 813 super
2148 758 2360 807 ontues,
2389 751 2442 797 et
2474 757 2577 812 per
2603 741 2806 808 omnia,
2833 751 2890 798 et
2919 744 2971 798 itt
3016 743 3269 800 omnibus
3310 744 3409 800 do-

1832 833 2070 887 minatur
2097 834 2349 904 dignatus
2378 844 2464 890 est
2495 832 2793 892 decernere
2826 844 3046 891 terreno
3070 837 3297 908 principi
3326 836 3414 894 vel

1833 922 1936 977 ulla
1962 922 2248 978 commoda
2278 924 2418 979 dari.
2455 923 2645 982 Merito
2691 926 2875 995 itaque
2902 927 3221 997 sapientiam
3246 929 3409 983 simul

1830 1023 1885 1070 et
1911 1014 2255 1071 cleuzcutiam
2295 1013 2508 1069 Domini
2543 1015 2747 1083 iugiter
2794 1031 3137 1083 venerantur,
3171 1017 3412 1073 dicentes

1829 1120 1951 1162 cunt
1979 1105 2264 1161 Psaltttista
2298 1122 2313 1159 :
2341 1106 2568 1178 Magnus
2604 1106 2862 1162 Dominus
2917 1119 3110 1174 noster,
3146 1120 3194 1164 et
3222 1127 3413 1180 magna

1828 1199 1995 1253 virtus
2047 1198 2187 1267 ejus,
2213 1208 2259 1252 et
2289 1199 2557 1266 sapientia’
2588 1199 2701 1268 ejus
2733 1209 2928 1254 nonest
2955 1216 3204 1256 numerus
3233 1199 3408 1264 (Psai.

1828 1306 2008 1355 cam,
2030 1290 2107 1361 5).
2140 1290 2205 1344 Et
2255 1291 2451 1345 iterum
2483 1308 2495 1344 :
2533 1286 2797 1346 Universa:
2838 1292 2935 1346 uite
2964 1290 3174 1345 Domini
3203 1291 3411 1347 miseri-

1828 1380 2011 1435 cordia
2048 1390 2095 1434 ει
2125 1381 2333 1446 veritas,
2383 1380 2762 1450 requirentibus
2808 1392 3173 1435 testamentum
3201 1381 3317 1452 ejus
3361 1392 3411 1437 et

1829 1472 2125 1527 testimonia
2174 1473 2289 1543 ejus
2330 1471 2505 1545 (Psal.
2564 1490 2717 1539 xxiv,
2746 1473 2851 1545 10).
2895 1474 3020 1528 Πειιο
3061 1474 3226 1546 igitur
3246 1474 3410 1530 verba

1830 1563 2113 1633 sapientiae
2140 1575 2196 1619 et
2223 1564 2442 1633 pietatis
2465 1563 2680 1627 divinte,
2714 1579 2834 1633 qua:
2874 1564 2941 1620 de
2969 1563 3304 1636 evangelicae
3339 1563 3417 1619 le-

160 1658 201 1711 in
227 1654 527 1727 Erangelio,
561 1652 690 1723 quia
733 1652 944 1708 scilicet
969 1650 1218 1705 abeuntes
1256 1650 1519 1708 l’ltarisrei
1545 1655 1722 1709 consi-
1758 1646 1797 1703 Β
1829 1656 2025 1710 t-tiouis
2061 1657 2420 1726 expositione,
2454 1670 2556 1711 nec
2588 1670 2693 1710 non
2736 1656 2801 1711 de
2848 1654 3072 1725 psalmis
3100 1655 3415 1726 nuperrime

158 1750 263 1801 lium
301 1748 529 1802 inierunt
564 1756 620 1800 ut
652 1754 891 1816 caperent
931 1743 1116 1798 Iesum
1159 1744 1213 1799 in
1244 1761 1479 1800 sermone
1502 1747 1718 1817 (Μαιςιι.

160 1857 272 1907 nu,
298 1839 413 1909 l5).
443 1837 545 1905 Qui
580 1836 707 1891 licet
736 1850 860 1891 eum
885 1834 1087 1892 dolosis
1116 1835 1295 1891 verbis
1322 1836 1578 1906 primitus
1601 1839 1723 1893 lau-

159 1934 323 1989 dantes
352 1931 703 1995 exlollerettt,
745 1928 1064 2000 cunctisque
1096 1929 1405 1985 hominibus
1430 1930 1720 2001 perfectio-

160 2041 254 2080 rem
285 2025 546 2087 dicerent,
576 2029 635 2077 et
687 2020 769 2076 sic
807 2021 1023 2075 demum
1072 2030 1194 2091 post
1246 2029 1452 2076 tantam
1508 2020 1722 2077 laudem

160 2125 408 2171 tentantes
438 2115 864 2185 interrogarent,
888 2113 1224 2169 :estimantes
1244 2129 1391 2181 eum,
1419 2124 1475 2169 ιιι
1498 2126 1725 2172 οωιοιός

162 2213 402 2276 homines,
429 2210 706 2265 laudatum
744 2208 957 2265 facilius
984 2225 1144 2280 posse
1170 2211 1368 2283 decipi,
1404 2212 1494 2269 ille
1516 2222 1722 2277 tamen,
1761 2249 1766 2253 -

162 2303 445 2373 priusquam
472 2300 677 2370 aliquid
699 2300 768 2354 ad
791 2300 1120 2373 interrogata
1146 2303 1515 2373 responderet,
1537 2318 1724 2360 eorum

166 2394 438 2462 nequitiam
452 2400 710 2463 potenter
739 2392 1059 2462 increpavit,
1088 2392 1309 2448 dicens:
1345 2392 1487 2458 Quid
1517 2410 1595 2449 me
1616 2405 1730 2450 ten-

162 2485 292 2551 tatis,
317 2483 648 2557 hypocriten?
680 2481 869 2553 (Ibid,
906 2483 1018 2552 18).
1047 2483 1104 2537 ltt
1136 2485 1335 2554 quibus
1366 2485 1546 2543 verbis
1589 2503 1724 2559 pett-

164 2592 265 2633 sare
293 2591 572 2648 possumus
614 2576 767 2646 quia,
812 2574 915 2630 utsi
949 2576 1089 2629 Deus
1116 2585 1282 2639 esset,
1316 2587 1423 2631 tant
1452 2578 1561 2635 cito
1610 2595 1728 2636 ver-

165 2672 333 2725 sutiam
378 2680 582 2725 tantam
631 2683 793 2723 nosse
838 2668 1108 2737 nequiret.
1167 2669 1273 2723 Sed
1303 2679 1359 2724 et
1401 2670 1504 2725 hoc
1548 2679 1730 2742 potest

165 2763 310 2817 omnis
332 2761 637 2832 intelligens
658 2769 710 2815 et
742 2759 1021 2829 requirens
1050 2760 1220 2815 Deam
1243 2760 1296 2813 in
1321 2758 1526 2816 eisdem
1550 2762 1728 2818 verbis

166 2854 463 2924 perpendere
508 2852 637 2925 quia
674 2868 832 2907 neruo
855 2851 1043 2918 alium,
1075 2867 1181 2906 non
1207 2850 1382 2907 solunt
1414 2853 1603 2918 Deum,
1632 2853 1726 2909 sed

168 2963 248 3003 nec
271 2948 537 3013 humincs,
569 2957 782 3002 tentare
817 2956 871 3002 et
911 2946 1165 3003 invadere
1207 2948 1369 3004 debet
1416 2965 1514 3020 per
1565 2951 1728 3005 verba

1827 1748 2025 1817 protuli
2047 1787 2061 1809 ,
2086 1746 2302 1802 dolosos
2336 1760 2581 1817 quosque
2610 1761 2804 1816 precor
2828 1745 3132 1812 attendere,
3161 1762 3229 1802 ne
3254 1745 3414 1810 forte,

1826 1838 2086 1894 ubcwcati
2115 1854 2212 1907 pro
2235 1837 2543 1893 temeritate
2573 1836 2680 1902 sui,
2710 1835 2917 1891 similes
2942 1834 3415 1891 eﬂicianturPlta-

1828 1928 2027 1995 risaeis,
2054 1932 2145 2001 qui
2200 1931 2332 1987 foris
2382 1930 2599 2000 quidem
2648 1929 2951 2000 hypocrisis
2990 1929 3232 1984 moribus
3266 1926 3421 1982 deal-

1829 2024 1964 2089 bati,
2002 2023 2148 2077 intus
2174 2032 2353 2078 autem
2387 2031 2543 2079 erant
2566 2021 2709 2094 pleni
2734 2023 2992 2093 spurcitia
3021 2022 3193 2078 omni.

2385 2137 2613 2195 CAPUT
2659 2137 2843 2195 XVIII.

1827 2269 1894 2307 .n
1914 2251 2100 2323 quibus
2128 2248 2535 2320 anngeliorum
2559 2249 2688 2303 locis
2706 2259 2960 2323 perpetuo
2985 2249 3220 2319 vigilare,
3262 2250 3410 2323 [rau-

1896 2320 2123 2377 d'nlentis
2165 2324 2568 2392 cogitationibus
2614 2320 2872 2392 resistere,
2916 2337 3121 2392 πικραι-
3159 2320 3410 2392 pro/icere

1888 2393 2198 2463 jubeantur,
2228 2389 2299 2445 ἰιι
2326 2392 2451 2462 quid
2478 2391 2641 2463 prosit
2674 2389 2953 2461 bttptt'zrttis
2996 2389 3185 2461 parrul
3207 2407 3231 2443 s
3281 2390 3416 2459 ﬁdes

1898 2463 2249 2533 o/fcrcntium.

1899 2575 1967 2630 Et
1997 2584 2052 2629 ut
2081 2574 2283 2646 aliquid
2318 2573 2613 2630 studiosius
2639 2573 2864 2646 vigilent
2894 2573 2961 2628 ad
3003 2573 3245 2628 melioris
3288 2572 3416 2628 vita:

1827 2666 2319 2732 conversationem,
2349 2665 2573 2721 audiant
2595 2665 2725 2739 quid
2758 2664 3021 2720 Dominus
3048 2663 3101 2720 in
3127 2661 3417 2735 Evangelia

1828 2758 2101 2830 quoslibet
2136 2759 2476 2814 admonendo
2523 2757 2698 2813 dicat:
2740 2754 2984 2827 Vigilate,
3029 2758 3153 2828 quia
3206 2756 3419 2812 nescitis

1826 2866 1932 2921 qua
1976 2849 2107 2903 hora
2154 2847 2408 2903 Dominus
2434 2857 2601 2902 vester
2624 2855 2873 2902 venturus
2920 2848 2985 2900 sit
3016 2846 3234 2916 (Matth.
3262 2862 3416 2908 sxw,

1828 2943 1944 3010 42).
1974 2940 2238 2997 Dominus
2270 2940 2469 3012 quippe
2506 2940 2573 2994 ad
2609 2954 3054 3010 unumquemque
3106 2939 3254 2993 venit
3293 2953 3417 2992 cum

171 3044 344 3101 dolosa.
372 3045 671 3114 Postquam
701 3051 881 3097 autem
914 3042 1174 3099 Dominus
1203 3044 1597 3101 Pharisaeorum
1634 3059 1729 3099 ne-
1757 3020 1800 3082 (ἶ
1832 3038 2012 3094 obitus
2048 3035 2131 3091 sui
2182 3037 2313 3090 hora
2361 3032 2914 3105 appropinquaverit;
2947 3032 3015 3087 ad
3048 3030 3201 3102 cujus
3227 3030 3423 3085 adven-

170 3138 361 3204 quitiaat
392 3135 718 3206 increpavit,
763 3135 927 3204 jussit
952 3150 1047 3191 eos
1093 3137 1381 3192 ostendere
1424 3138 1525 3192 sibi
1565 3138 1728 3193 dena-

171 3229 306 3292 riutn,
352 3237 408 3282 ut
460 3243 559 3297 per
584 3227 797 3281 denarii
854 3227 1218 3282 ostensiouem
1267 3243 1504 3298 congrue
1547 3236 1731 3297 posset

172 3317 542 3386 responderead
595 3316 961 3385 interrogata;
1003 3315 1410 3389 ittterrogalant
1459 3318 1625 3383 enim,
1682 3316 1728 3372 si

174 3423 359 3461 censum
391 3408 523 3462 dare
550 3406 756 3461 Cmsari
788 3405 997 3461 liceret.
1029 3404 1273 3477 Cumque
1300 3407 1583 3462 denarium
1633 3407 1731 3463 0b-

178 3498 401 3563 tulissent,
436 3497 798 3570 interrogavit
828 3508 883 3553 et
904 3498 1017 3568 ipse
1044 3496 1305 3554 Dominus
1333 3500 1554 3553 eosdem
1589 3498 1666 3554 Plt
1686 3518 1728 3552 t-

179 3592 322 3647 κῆπος
348 3593 411 3647 de
435 3592 653 3647 denarii
680 3590 1058 3659 inscriptione,
1086 3607 1249 3662 quant
1283 3590 1597 3661 aspiciebat.
1621 3592 1729 3648 l‘l's

178 3697 275 3739 vero
301 3684 756 3755 respondentibus
805 3683 929 3753 quia
973 3682 1204 3737 Csesaris
1236 3692 1382 3738 esset
1424 3684 1603 3754 imago
1643 3684 1727 3738 in-

179 3778 360 3847 scripta,
399 3787 529 3832 tunc
578 3774 800 3831 tandem
841 3775 1064 3845 protulit
1110 3775 1455 3840 sententiam,
1487 3790 1586 3845 pro
1623 3792 1726 3846 qua

179 3873 498 3946 interrogatus
541 3881 682 3939 erat,
730 3872 965 3927 dicens:
1020 3870 1238 3925 Reddite
1282 3887 1404 3940 ergo
1456 3888 1574 3942 quia
1607 3882 1728 3926 sunt

182 3964 619 4030 CamisCresari,
650 3976 699 4020 et
720 3982 843 4038 qum
879 3975 999 4019 sunt
1030 3963 1149 4031 Dei,
1179 3963 1287 4018 Deo
1325 3963 1524 4037 (Ibid,
1546 3964 1659 4036 21).
1684 3963 1729 4020 Ο
1764 3987 1771 3991 ·

132 4084 135 4085 ν
180 4074 312 4129 quam
343 4059 535 4129 {rustra
570 4058 778 4127 jacitur
816 4066 921 4109 rete
960 4065 1080 4110 ante
1109 4054 1290 4109 oculos
1334 4055 1730 4125 pennatorum.’

182 4149 334 4216 (Prae.
368 4169 404 4215 ι,
435 4151 546 4221 17.)
575 4148 624 4205 0
652 4165 816 4219 quam
849 4146 1051 4203 frustra
1081 4147 1191 4201 Deo
1216 4154 1564 4217 opponuntur
1604 4146 1731 4200 sul;—

188 4246 323 4299 tilium
342 4247 512 4317 jaeula
544 4245 834 4300 verborum
863 4244 878 4298 l
909 4243 1051 4297 sicut
1073 4242 1219 4297 enim
1265 4241 1526 4311 puluerem
1560 4240 1727 4311 proji-

185 4338 235 4391 τη
254 4350 412 4394 ventus
439 4358 470 4394 a
497 4338 640 4409 facie
666 4347 821 4392 terra!
844 4332 1023 4406 (Psal.
1051 4350 1092 4399 t,
1114 4333 1194 4401 4),
1219 4333 1299 4386 sic
1330 4331 1727 4387 Phariszcorum

184 4432 377 4486 versutia
434 4432 700 4501 projeeta,
737 4436 791 4483 et
827 4425 1046 4481 redacta
1079 4433 1163 4478 est
1186 4424 1251 4477 ad
1306 4422 1530 4477 nihilum
1560 4439 1588 4475 a
1620 4423 1727 4476 Dn-

183 4525 286 4577 ntiui
329 4523 610 4579 sententia.
648 4521 752 4592 ipsi
780 4520 1014 4589 denique
1048 4516 1369 4572 insidiantes
1396 4514 1492 4580 illi,
1526 4529 1727 4584 ponen-

182 4624 338 4685 trsque
377 4619 473 4672 sub
525 4630 634 4669 una
679 4613 951 4668 sententia
1007 4610 1114 4663 duo
1158 4600 1333 4671 retia,
1401 4607 1453 4660 in
1499 4621 1727 4676 quorum

184 4709 406 4764 alterutro
429 4725 538 4763 non
577 4706 896 4761 dubitabant
921 4719 1045 4757 eum
1073 4703 1212 4772 capi,
1242 4701 1494 4755 dixerunt
1523 4717 1536 4750 :
1594 4699 1730 4753 Licet

183 4817 357 4857 tensum
383 4806 510 4856 dare
537 4800 761 4863 Ca'sari,
791 4816 859 4853 an
883 4795 1027 4851 non?
1049 4793 1261 4864 (Matth.
1291 4808 1425 4855 xxii,
1462 4790 1573 4858 t7.)
1596 4791 1666 4847 Ut
1686 4791 1730 4846 si

184 4891 255 4947 ille
273 4895 578 4949 decerneret
600 4907 819 4947 ceusmn
842 4886 1050 4945 Caesari
1087 4887 1449 4949 tribuendum,
1479 4892 1734 4954 caperent

180 4997 285 5040 eum
327 4987 376 5042 in
418 4986 532 5042 hoc
584 4984 728 5054 quod
780 4989 977 5039 contra
1012 4978 1143 5048 legis
1174 4986 1437 5050 prmeepta
1469 4983 1734 5032 statueret

180 5070 366 5133 Judteos
407 5076 575 5132 cultui
634 5075 813 5131 divino
863 5070 1076 5129 deditos
1102 5070 1181 5123 vel
1225 5069 1477 5142 euiquaut
1527 5067 1729 5123 homini

186 5180 373 5222 censura
406 5167 558 5223 dare.
611 5167 666 5221 Si
707 5182 833 5222 vero
862 5164 1075 5219 diceret
1102 5178 1206 5216 non
1234 5177 1356 5219 esse
1401 5159 1484 5214 fas
1509 5175 1728 5217 censum

188 5256 354 5315 (Σκευᾶ
377 5260 734 5323 tribuendum,
760 5275 889 5315 mox
919 5271 1043 5309 eum
1076 5257 1222 5325 apud
1268 5255 1534 5311 Caesarem
1566 5270 1731 5315 accn-

1762 4377 1809 4435 D

1828 3138 1947 3187 tum
1973 3130 2165 3201 vigilat
2191 3126 2282 3198 qui
2332 3142 2391 3182 se
2441 3127 2598 3180 bouis
2618 3126 2881 3193 operibus
2909 3124 2975 3178 ad
3018 3122 3227 3177 obitum
3259 3135 3420 3177 suum

1831 3230 2136 3295 praeparat;
2169 3220 2324 3290 cujus
2349 3219 2515 3273 etiam
2558 3214 2810 3272 adventui
2842 3214 3251 3269 similitudinem
3296 3213 3419 3266 bre-

1834 3330 1955 3370 vem
1984 3324 2039 3368 et
2069 3311 2413 3367 notissimam
2447 3308 2693 3378 adiungit
2714 3349 2728 3372 ,
2758 3316 2815 3361 ut
2846 3305 3221 3376 unusquisque
3249 3318 3307 3359 se
3354 3318 3421 3357 eo

1831 3406 2008 3477 magis
2054 3403 2182 3459 illuc
2210 3409 2503 3474 praeparet,
2545 3416 2652 3469 quo
2683 3397 2887 3452 certior
2912 3394 3088 3450 factus
3115 3404 3199 3449 est
3222 3393 3419 3448 exinde

1832 3512 1958 3554 cum
2009 3492 2267 3562 adjuncta
2316 3490 2693 3546 similitudine.
2731 3486 2859 3542 "rec
2891 3493 2976 3539 est
3008 3492 3189 3539 autem
3227 3482 3421 3537 simili-

1832 3588 1964 3645 tudo
2000 3602 2164 3659 quam
2195 3583 2458 3639 Dominus
2486 3579 2781 3652 subjungit,
2811 3577 3038 3633 dicens:
3065 3574 3213 3630 Illud
3241 3583 3419 3628 autent

1829 3680 2037 3743 scitote,
2071 3677 2343 3749 quoniam,
2365 3673 2409 3728 si
2451 3674 2601 3727 sciret
2631 3667 3019 3742 paterfamilias
3040 3683 3150 3738 qua
3176 3667 3305 3721 Itora
3328 3665 3420 3734 {ur

1831 3775 2046 3831 veniret,
2075 3769 2311 3840 vigilaret
2342 3769 2517 3838 utique
2546 3776 2592 3819 et
2625 3782 2727 3819 non
2757 3765 2947 3818 sineret
2968 3761 3177 3833 perfodi
3203 3759 3419 3813 domum

1829 3884 1980 3922 suam
2008 3864 2317 3937 (Ibid.,-i5).
2340 3861 2455 3928 Qua
2480 3856 2833 3914 similitudine.
2850 3867 3042 3911 omnes
3067 3861 3218 3907 tanto
3248 3849 3422 3919 magis

1832 3956 2110 4014 admoneri
2138 3962 2382 4026 possunt,
2401 3962 2602 4022 quanto
2634 3950 2734 4004 sibi
2760 3954 2981 4003 constat
3005 3946 3240 4000 maxime
3267 3952 3415 3998 nota.

1832 4050 1889 4106 Si
1932 4051 2084 4105 enim
2127 4048 2329 4103 scirent
2387 4059 2493 4116 qua
2540 4043 2671 4097 liora
2733 4039 2820 4093 fur
2865 4038 3098 4098 veniret,
3133 4034 3423 4107 vigilarent

1831 4142 2099 4211 tttiqueet
2138 4156 2244 4194 non
2291 4127 2535 4193 sinerent
2581 4131 2786 4203 perfodi
2839 4130 3058 4185 domum
3106 4140 3301 4188 suam;
3338 4125 3422 4181 sic

1831 4234 1994 4289 etiam
2046 4232 2089 4287 si
2135 4230 2323 4285 mortis
2351 4243 2460 4283 sua:
2490 4213 2705 4289 horam,
2733 4236 2853 4292 qua:
2879 4236 2976 4291 per
3005 4219 3179 4275 furem
3210 4216 3422 4288 signiﬁ-

1833 4335 2010 4387 catur,
2044 4322 2378 4394 prtcscirent,
2413 4317 2569 4373 bonis
2616 4314 2804 4385 utique
2846 4310 3126 4382 operibus,
3177 4309 3278 4364 etsi
3312 4324 3419 4364 non

1835 4425 2017 4480 antea,
2046 4413 2101 4467 in
2146 4411 2393 4482 proximo
2420 4416 2598 4482 tamen
2651 4421 2708 4461 se
2743 4404 2811 4462 ad
2837 4403 2984 4460 hanc
3029 4407 3417 4473 praepararent.

1835 4507 1941 4562 Sed
1967 4507 2012 4559 si
2034 4480 2379 4575 omnipotens
2410 4480 2574 4565 Deus,
2596 4496 2688 4567 qui
2720 4495 2903 4550 omnia
2933 4494 2987 4548 in
3033 4489 3299 4563 sapientia
3345 4487 3426 4542 fe-

1833 4598 1930 4661 cit,
1958 4604 2014 4651 et
2056 4591 2212 4662 cujus
2270 4589 2647 4646 misericordia
2693 4587 2850 4658 plena
2886 4593 2972 4641 est
3021 4593 3200 4648 terra,
3257 4579 3428 4635 sciret

1835 4690 2091 4746 omnibus
2121 4686 2250 4740 utile
2277 4700 2398 4740 esse
2439 4683 2633 4738 mortis
2667 4698 2779 4739 suae
2829 4680 3017 4734 horam
3058 4686 3425 4748 praenoscere,

1836 4792 2022 4837 notam
2071 4776 2258 4849 procul
2299 4776 2465 4833 dubio
2528 4774 2735 4830 iaceret
2776 4771 2900 4830 illis.
2955 4768 3236 4827 Fortassis
3278 4766 3428 4820 enim

1836 4870 2057 4945 plurimi
2094 4885 2159 4925 cx
2210 4868 2315 4927 hac
2361 4865 2552 4922 notitia
2602 4880 2768 4921 omne
2804 4872 3018 4932 tempus
3053 4862 3178 4915 vita:
3218 4870 3330 4911 suae
3375 4852 3429 4945 iu

1837 4943 2059 5041 ﬂagitiis
2110 4972 2436 5044 peragerent
2466 4974 2639 5029 usque
2684 4961 2751 5015 ad
2783 4950 3300 5044 proximam‘obitus
3344 4943 3428 5044 sui

1837 5036 2052 5127 lteram.
2090 5036 2536 5123 [bidecoll‘gitur
2568 5051 2738 5107 multo
2768 5047 2963 5105 melius
2978 5060 3102 5100 esse
3122 5050 3205 5106 ut,
3233 5036 3428 5127 incerti

1838 5155 1906 5210 de
1940 5124 2122 5211 obitus
2183 5149 2352 5205 nostri
2395 5157 2661 5213 tempore,
2712 5152 2931 5208 semper
2979 5129 3195 5190 solliciti
3225 5124 3426 5213 simus,

1841 5258 2059 5315 semper
2081 5242 2134 5295 in
2164 5239 2319 5293 bonis
2346 5211 2601 5310 operibus
2626 5231 2930 5299 vigilemus.
2982 5211 3429 5340 A:ijllttgill.“:li:lit:
3474 5222 3479 5225 '

1845 5334 1875 5340 “
1986 5335 1997 5340 ’
2299 5329 2311 5340 ·
2544 5323 2555 5340 ¹
2718 5315 3025 5340 ---------.ιε..η,
3048 5325 3079 5340 η
3111 5318 3214 5340 ,....,
3358 5335 3365 5340 _

2857 5311 3079 5340 -..ἔην-..Λ
