3942 5340
520 193 532 205 ἦ
546 188 674 250 ".133

1608 196 1905 254 OTlILONI
1948 198 2253 254 MthAClll
2289 200 2347 255 S.
2366 269 2370 272 ⁴
2390 194 2807 254 ΕΜΜΕΒΑΜΜΙ

3733 198 3827 253 ειμι

569 299 1030 384 ι’ἱεὶιειιιίεέειίνί,
1086 326 1206 365 cum
1243 308 1501 370 Dominus
1541 313 1884 384 omnipotens
1912 314 1979 370 ad
2017 309 2121 367 eun

2250 312 2565 368 avertimus.
2616 298 2810 367 Semen
2849 310 3134 381 germinat,
3188 320 3242 366 ct
3285 311 3503 378 crescit,
3560 329 3687 368 cum
3740 331 3828 372 nos

561 404 796 468 venerit,
823 404 874 457 in
900 400 1149 472 plurimis
1179 402 1462 457 intimatur
1486 402 1656 469 libris,
1685 421 1749 459 ex
1773 406 1969 476 quibus
1986 421 2147 460 unam

562 495 806 566 Apostoli
853 496 1070 566 profero
1107 496 1455 562 sententiam,
1505 497 1737 554 dicentis
1770 516 1784 553 :
1812 497 2010 554 Oculus
2046 515 2149 554 non

563 587 715 651 nillit,
744 578 835 642 nec
865 588 1009 641 auris
1041 587 1268 653 audivit,
1296 604 1388 642 nec
1431 590 1485 643 in
1511 606 1602 644 cor
1629 590 1854 645 hominis
1893 591 2146 656 ascendit,

561 698 678 751 quin
706 672 1020 751 promoravit
1046 678 1188 735 Dens
1216 681 1556 751 diligentibus
1585 700 1639 736 se
1669 681 1721 753 (I
1752 682 1875 737 Cor.
1907 699 1966 746 ll,
1997 684 2073 751 9).

633 771 902 839 Quoniam
942 771 1125 825 multre
1170 784 1295 827 sunt
1328 773 1612 829 hominum
1654 775 2012 846 cogitationes
2045 774 2147 830 hoc

558 856 898 917 solummodo
947 863 1287 917 attendentes
1332 861 1567 933 qualiter
1623 879 1682 919 se
1730 874 1992 919 excusent
2047 881 2145 935 pro

560 956 801 1027 quolibet
833 956 1134 1027 vitio'quod
1170 956 1258 1012 vel
1303 964 1489 1012 contra
1524 957 1810 1012 Dominum
1849 958 1933 1013 vel
1956 969 2141 1014 contra

556 1049 868 1118 proximum
911 1048 1280 1112 committunt,
1314 1046 1596 1113 Dominus,
1630 1049 1934 1119 ltujusmodi
1966 1049 2145 1105 stulti-

558 1142 687 1195 tiam
734 1140 1069 1212 prznvidens,
1116 1142 1211 1195 scit
1271 1140 1409 1195 enim
1482 1142 1823 1211 cogitationes
1873 1143 2140 1196 hominum

554 1234 802 1303 quoniam
818 1248 962 1286 came
988 1242 1107 1286 sunt
1135 1230 1304 1303 (Psal.
1323 1247 1475 1295 xcnt,
1492 1232 1605 1302 Η).
1622 1233 1928 1288 omnimoda
1953 1233 2142 1287 admo-

554 1323 762 1377 nitione
793 1322 1054 1385 occurrit,
1089 1330 1147 1375 ut
1195 1336 1288 1376 eos
1343 1338 1372 1375 a
1404 1321 1825 1390 cogitationibus
1868 1323 2139 1392 perversis

553 1415 812 1485 corrigat.
873 1413 1027 1469 Unde
1072 1413 1125 1467 in
1182 1398 1477 1484 Evangelia
1520 1413 1787 1483 quoslibet
1815 1415 2133 1482 admonens,

553 1506 685 1562 dicit
710 1512 737 1561 ':
768 1505 835 1560 In
866 1522 968 1576 qtta
1014 1492 1260 1559 mensura
1324 1504 1490 1559 mensi
1541 1504 1781 1573 fueritis,
1839 1506 2138 1559 remetietur

551 1602 690 1655 robis
725 1599 941 1671 (Matth.
971 1614 1067 1663 vn,
1098 1599 1193 1671 2);
1227 1599 1381 1669 quasi
1412 1598 1619 1654 diceret
1650 1616 1662 1651 :
1697 1617 1715 1649 ‹
1737 1596 1912 1652 Nolite
1934 1596 2131 1651 frustra

2251 405 2542 469 nescimus,
2588 404 2714 474 quia
2765 403 2930 459 semel
2975 414 3232 473 concepta
3280 405 3453 459 virtus
3481 419 3581 474 per
3603 408 3826 477 gratiam

2250 497 2344 552 Dei
2372 496 2511 550 intra
2543 512 2641 551 nos
2663 494 2865 567 jugiter
2890 506 3116 566 augetur
3154 507 3209 550 ct
3239 496 3305 550 ad
3342 509 3659 566 provectum
3685 499 3825 553 duci-

2251 599 2356 643 tur.
2390 588 2544 644 Ultro
2572 599 2715 643 terra
2752 587 3043 643 fructificat
3085 589 3317 659 primum
3364 590 3613 652 herbam,
3644 591 3827 647 deinde

2248 680 2475 749 spicam,
2517 680 2712 734 deinde
2752 679 2966 749 plenum
3010 680 3336 736 frumentum
3391 681 3443 735 in
3475 682 3651 752 spica,
3689 699 3825 749 cum.

2246 772 2606 841 prwveniente
2651 788 2750 826 nos
2776 773 2947 841 gratia
2980 773 3090 838 Dei,
3133 788 3286 829 mens
3330 783 3513 831 nostra
3548 786 3742 845 sponte
3766 778 3828 834 ad

2245 866 2478 920 fructum
2511 865 2637 921 boni
2674 867 2853 936 operis
2881 868 3144 938 assurgit:
3192 869 3424 939 primum
3466 870 3687 940 quidem
3713 887 3827 942 pro-

2244 960 2452 1014 dncens
2481 976 2643 1029 opera
2678 970 2847 1026 recta,
2897 963 2991 1017 sed
3037 965 3398 1019 teneritudine
3443 968 3681 1037 quadam
3730 970 3827 1025 cir-

2243 1052 2493 1105 cumdata
2557 1063 2613 1105 et
2677 1052 2852 1107 adhuc
2910 1063 3097 1107 contra
3164 1053 3447 1122 cujuslibet
3519 1059 3826 1115 lentationis

2243 1140 2480 1211 impetus
2535 1140 2789 1207 infirma;
2848 1142 3041 1197 deinde
3086 1159 3213 1198 vero
3269 1145 3522 1200 virtutem
3570 1147 3825 1218 cujusque

2240 1231 2420 1301 Operis
2469 1231 2593 1285 boni
2650 1241 2876 1297 tantam,
2932 1240 2990 1286 ut
3038 1234 3109 1287 sit
3161 1234 3333 1288 valida
3377 1248 3564 1290 contra
3605 1251 3826 1308 quisque

2240 1329 2593 1377 tentamcnta.
2642 1322 2867 1377 Plenum
2918 1331 3098 1377 autem
3150 1323 3478 1380 frttmenttnn
3524 1335 3659 1383 tunc
3693 1340 3824 1385 terra

2240 1415 2547 1478 fructificat,
2574 1432 2695 1470 cum
2726 1417 2776 1470 in
2805 1417 2948 1471 omni
2970 1433 3135 1487 opere
3167 1422 3305 1474 bono
3333 1420 3652 1491 proficimus
3680 1431 3735 1477 ct
3762 1424 3825 1480 ad

2238 1505 2585 1578 perfectionis
2639 1508 3007 1563 maturitatem
3062 1509 3375 1565 solidantur.
3448 1502 3699 1583 Cumque
3763 1529 3826 1571 eo

2238 1597 2397 1652 modo
2454 1613 2512 1651 se
2567 1599 2881 1668 produxerit
2933 1597 3160 1666 fruetus,
3212 1604 3507 1672 messisque
3545 1607 3824 1662 alvencrit

510 1694 513 1697 ’
550 1693 798 1749 laborare
844 1691 945 1747 hoc
980 1691 1271 1762 cogitando
1292 1691 1433 1761 quod
1457 1690 1542 1746 vel
1571 1690 1782 1746 occulta
1829 1689 1912 1744 vel
1943 1698 2131 1759 aperta
2168 1680 2208 1738 Β
2240 1698 2451 1759 tempus
2477 1730 2491 1755 ,
2553 1690 2734 1744 statim
2786 1691 2948 1746 homo
3006 1693 3171 1748 mittit
3244 1695 3437 1750 falcem
3488 1706 3543 1751 et
3606 1700 3823 1754 desecat

551 1784 780 1838 crimina
828 1790 1007 1839 vestra
1054 1781 1225 1836 Deum
1277 1782 1503 1847 lateant,
1556 1791 1615 1836 ut
1645 1782 1839 1837 exinde
1863 1780 2128 1850 judicium

550 1880 669 1950 t-jus
694 1879 925 1932 evadere
976 1876 1228 1946 possitis;
1279 1875 1382 1930 scit
1409 1876 1552 1930 enim
1592 1883 1648 1930 et
1694 1875 1746 1929 id
1776 1875 1947 1946 ipsum
1984 1874 2130 1943 quod

546 1969 818 2043 Cogitatis,
851 1966 1086 2038 qualiter
1129 1966 1551 2036 unumquodque
1574 1964 1763 2019 vitium
1807 1981 1912 2019 non
1958 1964 2131 2035 paeni-

547 2062 715 2116 tendo
746 2061 843 2116 sed
896 2043 1208 2137 excusando
1259 2056 1481 2130 possitis
1514 2073 1698 2113 coram
1743 2072 1808 2112 eo
1832 2057 2127 2110 occultare.

547 2153 655 2210 Sed
686 2152 811 2222 quia
843 2152 945 2207 hoc
979 2166 1085 2207 non
1139 2151 1313 2208 solum
1371 2150 1506 2205 nihil
1544 2150 1793 2221 prodest,
1824 2149 1918 2204 sed
1964 2149 2126 2203 etiam

544 2247 775 2307 multum
824 2254 1000 2310 nocet,
1051 2253 1263 2300 mentes
1291 2253 1502 2299 vestras
1532 2242 1788 2321 corrigite
1819 2240 2129 2310 paenitendo

541 2348 597 2393 et
626 2337 935 2393 conlitendo
969 2344 1189 2406 peccata
1238 2343 1444 2400 vestra,
1473 2334 1722 2388 faciendo
1749 2347 1966 2402 quoque
2007 2331 2129 2384 aliis

543 2448 662 2502 qua:
689 2430 856 2485 vultis
887 2429 1006 2484 illos
1052 2427 1233 2483 facere
1263 2427 1434 2483 vobis.
1469 2427 1527 2482 Si
1565 2428 1650 2481 cui
1690 2427 1866 2503 aliqua
1918 2424 2128 2478 fecistis

541 2527 755 2586 damna,
771 2521 1079 2577 omnimodo
1094 2519 1330 2573 lahorate
1346 2528 1402 2571 ut
1420 2518 1770 2571 restituantur
1783 2515 1980 2579 ablata,
2011 2528 2096 2568 aut
2112 2555 2127 2579 ,

541 2614 586 2669 si
618 2614 720 2669 hoc
749 2621 1040 2682 paupertas
1070 2607 1315 2678 impedit,
1350 2618 1457 2662 tam
1516 2622 1544 2661 a
1600 2606 1709 2660 Deo
1749 2621 1910 2676 quam
1940 2604 2128 2658 abillo

540 2705 628 2759 eui
663 2699 862 2759 damna
901 2710 1028 2757 sunt
1061 2700 1202 2755 facta
1259 2698 1511 2770 precibus
1554 2697 1757 2753 intimis
1800 2696 2126 2771 indulgentia

539 2804 781 2866 petatur.
824 2793 883 2849 Si
918 2792 1116 2864 ergoin
1142 2791 1242 2846 hac
1272 2806 1523 2846 mensura
1561 2788 1730 2842 mensi
1756 2787 1965 2841 fueritis
1986 2787 2125 2852 aliis,

539 2885 858 2942 remetietur
870 2881 1111 2955 profecto
1137 2882 1289 2936 vobis
1309 2882 1495 2936 eadem
1522 2893 1773 2933 mensura
1790 2894 1818 2931 a
1835 2878 2078 2931 Domino.
2102 2896 2121 2929 ι

509 2976 799 3033 ΔΕαιιιιιεξιιι
833 2988 1046 3044 quoque
1111 2971 1433 3027 sententiam
1490 2968 1818 3024 confirmans
1866 2968 2126 3022 Dominus

2233 1798 2461 1837 messem
2484 1800 2498 1850 ;
2536 1784 2661 1853 quia
2688 1784 3026 1855 omnipotens
3055 1785 3214 1852 Deus,
3241 1803 3361 1842 cmn
3387 1805 3823 1860 nntiatptemque

2233 1875 2298 1928 ad
2353 1891 2518 1944 opera
2570 1873 2808 1945 perfecta
2871 1878 3206 1945 perduxerit,
3284 1876 3399 1947 ejus
3472 1882 3823 1951 temporalem

2229 1967 2394 2021 vitam
2446 1983 2543 2037 per
2593 1968 2844 2022 emissam
2895 1972 3218 2024 sententiam
3270 1971 3474 2037 incidit,
3508 1982 3566 2027 ut
3594 1989 3825 2043 granum

2230 2073 2385 2113 suum
2427 2059 2493 2112 ad
2543 2059 2785 2113 cwlestia
2843 2059 3035 2115 horrea
3093 2063 3371 2132 perducat.
3433 2063 3557 2119 [late
3616 2066 3824 2137 itaque,

2231 2150 2426 2204 fratres
2474 2150 2813 2218 charissimi,
2867 2150 3226 2219 attendentes,
3276 2153 3576 2225 supplicate
3605 2159 3719 2213 Deo
3748 2168 3821 2224 ut,

2229 2242 2351 2297 siin
2378 2242 2542 2296 herba
2574 2242 2779 2312 pusilla:
2824 2243 2969 2308 fidei,
3018 2243 3100 2298 vel
3152 2253 3349 2301 tenera:
3395 2248 3707 2305 devotionis
3755 2252 3820 2305 ad

2230 2335 2469 2390 studium
2496 2334 2649 2389 bona:
2690 2336 2919 2390 actionis
2949 2336 3127 2392 adhuc
3156 2338 3306 2404 estis,
3342 2338 3441 2394 ille
3484 2342 3642 2396 vobis
3699 2357 3823 2399 con-

2229 2426 2422 2480 cedere
2449 2426 2698 2494 dignetur
2746 2425 2850 2480 tale
2893 2427 3303 2494 incrementum,
3345 2430 3617 2502 talemque
3671 2433 3821 2504 spiri-

2230 2525 2315 2570 tus
2368 2517 2771 2581 maturitatem,
2845 2525 3111 2586 quatenus
3181 2518 3247 2572 ad
3309 2520 3523 2589 plenum
3580 2520 3816 2577 fructum

2226 2610 2480 2680 perennis
2513 2609 2636 2663 vitae
2676 2610 2990 2663 mereamini
3020 2611 3322 2679 pervenire.

2298 2700 2436 2755 Sunt
2489 2700 2659 2755 etiam
2705 2701 2860 2755 multi
2910 2701 3003 2771 qui
3050 2702 3395 2756 arbitrantur
3435 2718 3499 2758 ex
3554 2704 3818 2760 diabolica

2228 2791 2341 2847 fieri
2366 2801 2631 2864 potestate
2652 2807 2987 2862 quaecunque
3013 2793 3173 2847 noxia
3198 2794 3509 2849 et‘advcrsa
3538 2794 3591 2848 in
3619 2798 3817 2850 mundo

2227 2884 2580 2955 contingunt:
2637 2883 2836 2953 quibus
2887 2883 3245 2953 respondetur
3294 2884 3346 2938 in
3393 2883 3692 2954 Evangelia
3721 2900 3818 2954 per

2227 2974 2372 3028 illum
2401 2987 2560 3043 quem
2608 2972 2864 3027 Dominus
2891 2973 3125 3039 curavit,
3146 2971 3418 3043 expellens
3442 2975 3511 3028 ab
3533 2990 3601 3029 eo
3618 2984 3816 3030 atumo-

538 3068 842 3141 Sltbjungil.
886 3068 1073 3122 dicens
1130 3082 1144 3119 ε
1198 3064 1302 3131 Qui
1358 3064 1494 3118 enim
1545 3061 1717 3124 Ῐιαθει»
1756 3060 1968 3114 dabitur
2011 3059 2121 3124 ίίίίὶ
2150 3047 2195 3108 C
2226 3083 2325 3122 nes
2354 3067 2569 3138 legionis
2600 3080 2793 3121 nomen
2823 3067 3102 3121 habentes.
3141 3067 3305 3122 Iidem
3351 3083 3592 3140 namque
3620 3071 3814 3125 daemo-

536 3172 586 3216 ει
638 3176 731 3233 qut
777 3174 881 3213 non
939 3157 1127 3219 habet,
1179 3157 1336 3209 etiam
1368 3154 1506 3225 quod
1565 3153 1767 3206 ridetur
1804 3152 1994 3205 habere
2018 3167 2120 3203 au-

537 3255 740 3324 feretur
766 3251 830 3306 ab
862 3268 921 3307 eo
944 3249 1157 3318 (Matth.
1188 3263 1318 3311 xxv,
1346 3247 1456 3317 29).
1488 3246 1618 3313 Qum
1646 3245 1901 3298 nimirum
1932 3243 2118 3309 verba,

541 3350 601 3400 ut
628 3343 1006 3407 credimus,ita
1036 3350 1161 3397 sunt
1191 3338 1533 3409 intelligenda
1568 3355 1580 3390 :
1612 3337 1712 3404 Qui
1740 3336 1904 3389 habet
1933 3350 2118 3389 curam

539 3418 680 3496 lianc
706 3430 764 3494 lli.
789 3437 929 3493 dona
966 3433 1078 3506 jam
1134 3443 1353 3505 accepta
1396 3433 1535 3488 bene
1564 3429 1873 3493 distribuat,
1905 3428 2121 3482 dabitur

530 3533 609 3593 illi
641 3547 702 3593 ut
729 3536 862 3591 alias
886 3535 1047 3590 etiam
1069 3533 1299 3586 virtutes
1319 3530 1571 3598 accipiat.
1598 3527 1699 3593 Qui
1725 3536 1903 3580 autem
1932 3539 2118 3577 curam

524 3628 839 3699 iliujusmodi
894 3639 1001 3681 non
1033 3624 1219 3689 habet,
1267 3623 1382 3691 ipsa
1434 3621 1597 3674 etiam
1640 3618 1876 3687 cognitio
1928 3617 2120 3670 salutis

534 3732 773 3786 aeternae,
803 3722 964 3789 qualn
1009 3732 1038 3771 a
1070 3715 1241 3786 gratia
1272 3713 1362 3767 Dei
1398 3712 1577 3766 datam
1598 3711 1816 3775 habuit,
1847 3709 2120 3764 auferetur

533 3814 603 3867 ab
631 3827 718 3875 eo,
749 3812 822 3865 ita
850 3819 926 3874 ut,
958 3809 1011 3862 in
1048 3806 1335 3877 reprobum
1363 3819 1580 3860 sensum
1608 3803 1827 3868 cadens,
1859 3801 2023 3856 faciat
2053 3817 2116 3857 ea

530 3915 654 3974 quae
683 3916 790 3955 non
821 3897 1175 3955 conveniunt.

602 3991 804 4048 Deinde
845 3980 972 4043 vero
1019 3987 1171 4058 quasi
1202 3984 1396 4056 aliquis
1420 3991 1687 4053 quaereret
1714 3982 1799 4037 cui
1821 3982 1903 4037 rei
1935 3983 2111 4052 quod-

528 4060 660 4141 libet
688 4101 822 4155 opus
859 4071 1058 4138 bonum
1091 4080 1142 4135 in
1177 4078 1349 4141 initio,
1395 4086 1450 4132 et
1496 4077 1548 4130 in
1597 4075 1824 4146 longiori
1869 4074 2110 4145 profectu

527 4188 583 4235 et
625 4177 679 4232 in
724 4175 1055 4247 perfectione
1103 4171 1262 4228 simul
1316 4169 1472 4236 foret,
1515 4169 1665 4224 addit
1709 4169 2111 4224 similitudinem

526 4271 671 4325 unde
707 4269 931 4339 quiestio
972 4265 1094 4320 talis
1142 4263 1344 4319 absolvi
1382 4263 1572 4333 possit,
1610 4262 1832 4317 dicens:
1872 4261 2004 4317 «εἰς
2028 4272 2111 4318 est

524 4378 751 4434 regnum
778 4360 894 4424 Dei,
923 4355 1372 4427 quemadmodum
1402 4355 1446 4409 si
1471 4355 1633 4409 homo
1654 4354 1822 4424 jaciat
1847 4368 2029 4408 semen
2056 4353 2107 4407 in

524 4465 696 4521 terra,
720 4462 776 4509 et
800 4442 1053 4517 dormiat,
1078 4458 1133 4504 et
1154 4455 1412 4517 exsurgat
1442 4456 1599 4501 nocte
1620 4462 1684 4502 ac
1711 4445 1819 4508 die,
1842 4453 1898 4501 et
1919 4459 2104 4500 semen

522 4545 812 4617 germinet,
860 4550 916 4598 et
962 4550 1172 4598 crescat
1222 4540 1347 4593 dum
1400 4537 1571 4592 nescit
1624 4536 1750 4591 ille:
1791 4535 1930 4590 ultro
1960 4536 2103 4591 enim

521 4646 670 4692 terra
716 4632 1028 4697 frnctilicat,
1082 4632 1315 4702 primum
1370 4628 1616 4691 herbam,
1647 4626 1838 4681 deinde
1876 4626 2101 4695 spicam,

521 4724 715 4782 deinde
742 4725 958 4795 plenum
988 4721 1315 4777 frumentum
1349 4720 1399 4773 in
1422 4719 1609 4788 spica;
1659 4728 1860 4773 etcum
1895 4733 1955 4773 se
1979 4734 2109 4788 pro-

518 4798 735 4876 duxerit
760 4817 986 4882 fructus,
1018 4817 1200 4872 statim
1231 4814 1397 4869 mittit
1419 4811 1635 4875 falcem,
1666 4812 1921 4882 quoniam
1948 4812 2104 4868 adest

517 4910 734 4968 messis.
775 4930 794 4964 ι
821 4910 984 4981 Cujus
1028 4907 1277 4962 videlicet
1316 4903 1581 4974 parabolae
1612 4918 1803 4957 sensus
1824 4912 1913 4957 est
1961 4904 2099 4958 iste:

510 5003 762 5076 Regnum
791 4978 996 5058 Deiest
1026 4999 1300 5072 quodlibet
1321 5012 1456 5068 Opus
1482 4996 1701 5058 bonum,
1753 4995 1895 5069 qugd
1946 4994 2105 5048 nimi-

514 5110 638 5149 rum
691 5109 826 5165 opus
874 5094 1030 5165 quasi
1085 5106 1269 5147 semen
1322 5090 1376 5144 in
1429 5097 1571 5143 terra
1620 5085 1928 5153 jactamus,
1979 5100 2101 5139 cum

515 5186 868 5242 intentionem
918 5185 1113 5240 bonam
1154 5182 1301 5238 cordi
1334 5189 1518 5235 nostro
1562 5177 1871 5231 inserimus.
1904 5173 2100 5230 Semen

515 5277 662 5333 enim
691 5280 742 5334 in
771 5288 915 5333 terra
953 5278 1188 5340 mittere,
1219 5282 1304 5330 est
1329 5270 1595 5327 desideria
1622 5268 1761 5322 bona
1793 5266 2095 5336 concipere.

2225 3172 2341 3221 nes,
2364 3172 2487 3211 cum
2514 3171 2571 3211 se
2592 3155 2937 3226 expellendos
2962 3170 3083 3211 esse
3104 3155 3172 3210 ab
3194 3155 3411 3211 homine
3431 3167 3811 3228 agnoscerent,

2223 3246 2432 3300 nisibus
2508 3245 2634 3299 totis
2695 3245 3129 3314 deprecabantur
3176 3245 3463 3301 Dominum
3525 3250 3811 3304 dicentes:

2226 3339 2372 3394 Mitte
2403 3356 2495 3392 nos
2517 3341 2572 3392 in
2594 3354 2802 3408 porcos,
2828 3349 2881 3391 ut
2917 3338 2972 3392 in
3016 3354 3101 3392 eos
3133 3338 3449 3392 introeamus
3509 3338 3728 3410 (Matii.
3759 3356 3808 3406 v,

2224 3429 2344 3501 12),
2401 3430 2692 3498 Statimque
2744 3444 2774 3482 a
2830 3426 2956 3482 Jesu
3009 3437 3231 3498 accepta
3283 3428 3499 3484 licentia
3550 3440 3814 3485 exeuntes

2222 3518 2549 3573 introierunt
2588 3518 2641 3571 in
2670 3532 2884 3587 porcos,
2916 3527 2971 3571 et
2996 3533 3188 3589 magno
3219 3518 3418 3587 impetu
3442 3535 3576 3591 grex
3613 3536 3807 3590 porco-~

2222 3625 2340 3663 rum
2363 3609 2730 3678 praecipitatus
2750 3616 2833 3662 est
2854 3609 2906 3662 in
2934 3623 3102 3662 mare.
3139 3607 3196 3662 lu
3239 3625 3345 3677 quo
3372 3608 3631 3664 nimirum
3666 3612 3810 3665 facto

2220 3716 2407 3755 Omnes
2434 3710 2659 3771 possunt
2688 3700 2902 3754 edoceri
2945 3699 3090 3768 quia,
3123 3698 3166 3754 si
3200 3699 3443 3755 diabolus
3484 3717 3593 3755 non
3621 3702 3808 3757 habuit

2220 3804 2541 3865 potestatem
2557 3794 2745 3847 laedere
2767 3794 3084 3863 porcOs,qui
3102 3802 3227 3847 sunt
3243 3794 3493 3849 animalia
3516 3795 3808 3860 viiissitna,

2128 3910 2132 3915 ’
2218 3891 2319 3944 nisi
2351 3891 2666 3960 permissus,
2715 3888 3065 3943 multominus
3093 3886 3290 3942 lit-dere
3328 3886 3585 3956 praevalet
3615 3903 3805 3959 quem.

2215 3999 2378 4055 quam
2411 3983 2709 4048 hominem,
2748 3981 3073 4035 animalibus
3095 3981 3305 4035 cunctis
3339 3982 3799 4049 excellentiorcm,

2217 4073 2319 4129 nisi
2346 4088 2373 4125 a
2402 4073 2511 4127 Deo
2533 4072 2759 4142 accipiat
2790 4080 3133 4141 potestatem.
3186 4072 3319 4125 Cum
3365 4073 3509 4126 enim
3553 4073 3806 4131 homines

2216 4166 2386 4236 magis
2429 4163 2643 4219 diabolo
2692 4179 2854 4233 quam
2913 4164 3021 4217 Deo
3061 4164 3270 4217 servire
3302 4165 3627 4228 studuerint,
3677 4177 3800 4222 tune

2212 4257 2500 4313 dabiturei
2531 4264 2771 4327 potestas
2800 4274 2829 4310 a
2872 4256 3118 4319 Domino,
3168 4264 3226 4311 ιιι
3270 4257 3510 4322 eosdem,
3559 4259 3650 4329 qui
3697 4259 3798 4313 sibi

2212 4348 2417 4403 servire
2459 4347 2697 4411 student,
2746 4344 3008 4418 afﬂigens,
3049 4346 3214 4400 faciat
3264 4346 3471 4402 sentire
3521 4348 3704 4418 qualis
3729 4348 3799 4405 sit

2212 4439 2462 4495 dominus
2502 4439 2590 4493 ille
2627 4438 2714 4493 cui
2755 4439 3108 4493 decreverunt
3134 4438 3378 4502 servire,
3416 4449 3686 4508 quatenus
3713 4441 3797 4497 vel

2210 4529 2390 4586 alil.cti
2416 4538 2686 4600 cogantur
2710 4530 2935 4585 Domino
2971 4544 3098 4584 vero
3133 4529 3397 4585 submitti.

2276 4620 2618 4676 Pensandum
2668 4620 3018 4676 nihilominus
3047 4630 3130 4675 est
3182 4622 3324 4690 quod
3357 4620 3405 4675 ei
3451 4620 3542 4691 qui
3572 4629 3797 4676 sanatus

2207 4712 2405 4779 fuerat,
2460 4730 2489 4768 a
2538 4713 2763 4767 Domino
2808 4713 3117 4784 praecipitur
3160 4722 3239 4777 ut,
3272 4713 3323 4765 in
3371 4714 3589 4769 domum
3637 4728 3791 4769 suam

2206 4806 2430 4868 vadens,
2454 4804 2742 4859 annuntict
2778 4804 2968 4859 vicinis
2996 4804 3107 4858 suis
3135 4810 3391 4873 quantam
3418 4803 3519 4858 sibi
3561 4805 3791 4875 gratiam

2208 4897 2466 4952 Dominus
2518 4895 2726 4958 fecerit.
2771 4904 2828 4950 et
2875 4896 3145 4966 quomodo
3187 4895 3269 4948 sui
3304 4896 3558 4953 misertus
3588 4894 3788 4952 fuerit:

2205 4992 2347 5062 quod
2376 4989 2581 5046 scilicet
2608 4989 2876 5059 geminam
2907 4989 3105 5043 habere
3137 4995 3322 5057 potest
3357 4987 3787 5057 intelligentiam.

2209 5083 2324 5136 Ilua
2361 5083 2559 5151 quippe
2602 5083 2759 5136 docet
2801 5096 2899 5135 nos
2929 5080 3280 5149 spiritualiter
3323 5088 3404 5144 ut,
3451 5079 3518 5133 ad
3566 5080 3786 5133 domum

2205 5174 2553 5227 conscientiae
2584 5183 2784 5225 nostra:
2818 5172 3041 5235 reversi,
3088 5170 3438 5226 emendentus
3489 5170 3544 5226 in
3594 5170 3788 5226 melius

2204 5265 2346 5332 quod
2395 5264 2709 5334 ignoranter
2752 5264 3116 5332 peccavimus,
3163 5262 3349 5332 sicque
3399 5278 3494 5333 per
3544 5265 3786 5320 melioris
