  <div class='ocr_page' id='page_1' title='image "/cluster/home/n/w/nwhite01/storage/ocr_20150623/146/hvd.32044015471832/108.png"; bbox 0 0 3942 5340; ppageno 0'>
   <div class='ocr_carea' id='block_1_1' title="bbox 137 364 233 419">
    <p class='ocr_par' dir='ltr' id='par_1_1' title="bbox 137 364 233 419">
     <span class='ocr_line' id='line_1_1' title="bbox 137 364 233 419; baseline 0 0"><span class='ocrx_word' id='word_1_1' title='bbox 137 364 233 419; x_wconf 67' lang='lat'><strong>205</strong></span> 
     </span>
    </p>
   </div>
   <div class='ocr_carea' id='block_1_2' title="bbox 1263 352 2245 418">
    <p class='ocr_par' dir='ltr' id='par_1_2' title="bbox 1263 352 2245 418">
     <span class='ocr_line' id='line_1_2' title="bbox 1263 352 2245 418; baseline -0.007 0"><span class='ocrx_word' id='word_1_2' title='bbox 1263 357 1392 418; x_wconf 70' lang='lat' dir='ltr'><strong>LIB.</strong></span> <span class='ocrx_word' id='word_1_3' title='bbox 1434 357 1523 416; x_wconf 80' lang='lat' dir='ltr'><strong>DE</strong></span> <span class='ocrx_word' id='word_1_4' title='bbox 1563 356 1797 417; x_wconf 80' lang='lat' dir='ltr'><strong>CURSU</strong></span> <span class='ocrx_word' id='word_1_5' title='bbox 1840 352 2245 414; x_wconf 77' lang='lat' dir='ltr'><strong>SPIRlTUALl.</strong></span> 
     </span>
    </p>
   </div>
   <div class='ocr_carea' id='block_1_3' title="bbox 3293 369 3400 428">
    <p class='ocr_par' dir='ltr' id='par_1_3' title="bbox 3293 369 3400 428">
     <span class='ocr_line' id='line_1_3' title="bbox 3293 369 3400 428; baseline -0.028 -1"><span class='ocrx_word' id='word_1_6' title='bbox 3293 369 3400 428; x_wconf 73' lang='lat'><strong>206</strong></span> 
     </span>
    </p>
   </div>
   <div class='ocr_carea' id='block_1_4' title="bbox 140 456 3403 554">
    <p class='ocr_par' dir='ltr' id='par_1_4' title="bbox 140 456 3403 554">
     <span class='ocr_line' id='line_1_4' title="bbox 140 456 3403 554; baseline 0.001 -17"><span class='ocrx_word' id='word_1_7' title='bbox 140 484 313 537; x_wconf 76' lang='lat' dir='ltr'><strong>tietuus</strong></span> <span class='ocrx_word' id='word_1_8' title='bbox 339 476 530 532; x_wconf 77' lang='lat' dir='ltr'><strong>vicinis</strong></span> <span class='ocrx_word' id='word_1_9' title='bbox 557 474 781 541; x_wconf 89' lang='lat' dir='ltr'><strong>nostris,</strong></span> <span class='ocrx_word' id='word_1_10' title='bbox 810 482 868 531; x_wconf 89' lang='lat' dir='ltr'><strong>ut</strong></span> <span class='ocrx_word' id='word_1_11' title='bbox 898 472 1177 531; x_wconf 83' lang='lat' dir='ltr'><strong>nobiscum</strong></span> <span class='ocrx_word' id='word_1_12' title='bbox 1222 474 1505 533; x_wconf 74' lang='lat' dir='ltr'><strong>laudantes</strong></span> <span class='ocrx_word' id='word_1_13' title='bbox 1533 474 1702 533; x_wconf 88' lang='lat' dir='ltr'><strong>Deum</strong></span> <span class='ocrx_word' id='word_1_14' title='bbox 1731 482 1778 540; x_wconf 72' lang='grc' dir='ltr'><strong>Α</strong></span> <span class='ocrx_word' id='word_1_15' title='bbox 1806 470 1895 544; x_wconf 98' lang='lat' dir='ltr'><strong>qui</strong></span> <span class='ocrx_word' id='word_1_16' title='bbox 1926 456 2279 545; x_wconf 87' lang='lat' dir='ltr'><strong>paralyticum</strong></span> <span class='ocrx_word' id='word_1_17' title='bbox 2309 472 2627 541; x_wconf 78' lang='lat' dir='ltr'><strong>oll‘erebant,</strong></span> <span class='ocrx_word' id='word_1_18' title='bbox 2677 475 2812 534; x_wconf 75' lang='lat' dir='ltr'><strong>dixit</strong></span> <span class='ocrx_word' id='word_1_19' title='bbox 2855 478 2921 535; x_wconf 87' lang='lat' dir='ltr'><strong>ad</strong></span> <span class='ocrx_word' id='word_1_20' title='bbox 2960 479 3208 537; x_wconf 89' lang='lat' dir='ltr'><strong>eumdem</strong></span> <span class='ocrx_word' id='word_1_21' title='bbox 3241 496 3403 554; x_wconf 84' lang='lat' dir='ltr'><strong>para-</strong></span> 
     </span>
    </p>
   </div>
   <div class='ocr_carea' id='block_1_5' title="bbox 122 565 1204 638">
    <p class='ocr_par' dir='ltr' id='par_1_5' title="bbox 122 565 1204 638">
     <span class='ocr_line' id='line_1_5' title="bbox 122 565 1204 638; baseline -0.004 -12"><span class='ocrx_word' id='word_1_22' title='bbox 122 573 327 633; x_wconf 81' lang='lat' dir='ltr'><strong>.discant</strong></span> <span class='ocrx_word' id='word_1_23' title='bbox 350 582 573 638; x_wconf 86' lang='lat' dir='ltr'><strong>sperare</strong></span> <span class='ocrx_word' id='word_1_24' title='bbox 603 567 655 621; x_wconf 93' lang='lat' dir='ltr'><strong>in</strong></span> <span class='ocrx_word' id='word_1_25' title='bbox 682 566 1046 621; x_wconf 79' lang='lat' dir='ltr'><strong>misericordia</strong></span> <span class='ocrx_word' id='word_1_26' title='bbox 1070 565 1204 635; x_wconf 82' lang='lat' dir='ltr'><strong>ejus.</strong></span> 
     </span>
    </p>
   </div>
   <div class='ocr_carea' id='block_1_6' title="bbox 116 646 1702 732">
    <p class='ocr_par' dir='ltr' id='par_1_6' title="bbox 116 646 1702 732">
     <span class='ocr_line' id='line_1_6' title="bbox 116 646 1702 732; baseline -0.001 -18"><span class='ocrx_word' id='word_1_27' title='bbox 116 646 127 669; x_wconf 76' lang='grc'><strong><em>⁸</em></strong></span> <span class='ocrx_word' id='word_1_28' title='bbox 197 659 564 729; x_wconf 73' lang='lat' dir='ltr'><strong>Respondetur</strong></span> <span class='ocrx_word' id='word_1_29' title='bbox 592 673 807 728; x_wconf 86' lang='lat' dir='ltr'><strong>quoque</strong></span> <span class='ocrx_word' id='word_1_30' title='bbox 837 658 888 711; x_wconf 93' lang='lat' dir='ltr'><strong>in</strong></span> <span class='ocrx_word' id='word_1_31' title='bbox 917 656 1204 729; x_wconf 80' lang='lat' dir='ltr'><strong>Evangelio</strong></span> <span class='ocrx_word' id='word_1_32' title='bbox 1240 658 1327 713; x_wconf 89' lang='lat' dir='ltr'><strong>his</strong></span> <span class='ocrx_word' id='word_1_33' title='bbox 1368 658 1459 732; x_wconf 90' lang='lat' dir='ltr'><strong>qui</strong></span> <span class='ocrx_word' id='word_1_34' title='bbox 1507 665 1702 729; x_wconf 87' lang='lat' dir='ltr'><strong>putant</strong></span> 
     </span>
    </p>
   </div>
   <div class='ocr_carea' id='block_1_7' title="bbox 139 749 1697 822">
    <p class='ocr_par' dir='ltr' id='par_1_7' title="bbox 139 749 1697 822">
     <span class='ocr_line' id='line_1_7' title="bbox 139 749 1697 822; baseline -0.002 -16"><span class='ocrx_word' id='word_1_35' title='bbox 139 766 306 822; x_wconf 82' lang='lat' dir='ltr'><strong>magna</strong></span> <span class='ocrx_word' id='word_1_36' title='bbox 355 749 584 804; x_wconf 78' lang='lat' dir='ltr'><strong>divitum</strong></span> <span class='ocrx_word' id='word_1_37' title='bbox 642 765 861 805; x_wconf 90' lang='lat' dir='ltr'><strong>munera</strong></span> <span class='ocrx_word' id='word_1_38' title='bbox 910 751 1019 805; x_wconf 84' lang='lat' dir='ltr'><strong>Deo</strong></span> <span class='ocrx_word' id='word_1_39' title='bbox 1069 750 1316 806; x_wconf 87' lang='lat' dir='ltr'><strong>ehariora</strong></span> <span class='ocrx_word' id='word_1_40' title='bbox 1367 763 1486 805; x_wconf 89' lang='lat' dir='ltr'><strong>esse</strong></span> <span class='ocrx_word' id='word_1_41' title='bbox 1535 763 1697 819; x_wconf 87' lang='lat' dir='ltr'><strong>quam</strong></span> 
     </span>
    </p>
   </div>
   <div class='ocr_carea' id='block_1_8' title="bbox 139 841 1698 917">
    <p class='ocr_par' dir='ltr' id='par_1_8' title="bbox 139 841 1698 917">
     <span class='ocr_line' id='line_1_8' title="bbox 139 841 1698 917; baseline -0.001 -19"><span class='ocrx_word' id='word_1_42' title='bbox 139 860 277 917; x_wconf 82' lang='lat' dir='ltr'><strong>parva</strong></span> <span class='ocrx_word' id='word_1_43' title='bbox 329 858 632 913; x_wconf 84' lang='lat' dir='ltr'><strong>pauperum</strong></span> <span class='ocrx_word' id='word_1_44' title='bbox 686 843 1023 899; x_wconf 87' lang='lat' dir='ltr'><strong>munuscula.</strong></span> <span class='ocrx_word' id='word_1_45' title='bbox 1074 843 1186 899; x_wconf 87' lang='lat' dir='ltr'><strong>Hoc</strong></span> <span class='ocrx_word' id='word_1_46' title='bbox 1253 853 1434 899; x_wconf 89' lang='lat' dir='ltr'><strong>autem</strong></span> <span class='ocrx_word' id='word_1_47' title='bbox 1485 841 1698 897; x_wconf 79' lang='lat' dir='ltr'><strong>Marcus</strong></span> 
     </span>
    </p>
   </div>
   <div class='ocr_carea' id='block_1_9' title="bbox 137 933 1699 1004">
    <p class='ocr_par' dir='ltr' id='par_1_9' title="bbox 137 933 1699 1004">
     <span class='ocr_line' id='line_1_9' title="bbox 137 933 1699 1004; baseline -0.003 -12"><span class='ocrx_word' id='word_1_48' title='bbox 137 936 438 1004; x_wconf 80' lang='lat' dir='ltr'><strong>evangelista</strong></span> <span class='ocrx_word' id='word_1_49' title='bbox 471 951 707 991; x_wconf 85' lang='lat' dir='ltr'><strong>narrans</strong></span> <span class='ocrx_word' id='word_1_50' title='bbox 740 936 924 992; x_wconf 83' lang='lat' dir='ltr'><strong>scribit</strong></span> <span class='ocrx_word' id='word_1_51' title='bbox 966 935 1065 990; x_wconf 91' lang='lat' dir='ltr'><strong>ita:</strong></span> <span class='ocrx_word' id='word_1_52' title='bbox 1108 934 1305 991; x_wconf 80' lang='lat' dir='ltr'><strong><em>Sedens</em></strong></span> <span class='ocrx_word' id='word_1_53' title='bbox 1334 933 1488 990; x_wconf 82' lang='lat' dir='ltr'><strong>Jesus</strong></span> <span class='ocrx_word' id='word_1_54' title='bbox 1516 943 1699 987; x_wconf 83' lang='lat' dir='ltr'><strong>contra</strong></span> 
     </span>
    </p>
   </div>
   <div class='ocr_carea' id='block_1_10' title="bbox 137 1026 1701 1101">
    <p class='ocr_par' dir='ltr' id='par_1_10' title="bbox 137 1026 1701 1101">
     <span class='ocr_line' id='line_1_10' title="bbox 137 1026 1701 1101; baseline -0.003 -18"><span class='ocrx_word' id='word_1_55' title='bbox 137 1027 571 1101; x_wconf 72' lang='lat' dir='ltr'><strong>gazophylacium,</strong></span> <span class='ocrx_word' id='word_1_56' title='bbox 623 1027 902 1097; x_wconf 72' lang='lat' dir='ltr'><strong>aspiciebat</strong></span> <span class='ocrx_word' id='word_1_57' title='bbox 956 1030 1214 1097; x_wconf 85' lang='lat' dir='ltr'><strong>quomodo</strong></span> <span class='ocrx_word' id='word_1_58' title='bbox 1258 1028 1411 1081; x_wconf 88' lang='lat' dir='ltr'><strong>turba</strong></span> <span class='ocrx_word' id='word_1_59' title='bbox 1471 1026 1701 1096; x_wconf 84' lang='lat' dir='ltr'><strong>jactaret</strong></span> 
     </span>
    </p>
   </div>
   <div class='ocr_carea' id='block_1_11' title="bbox 137 1117 1701 1191">
    <p class='ocr_par' dir='ltr' id='par_1_11' title="bbox 137 1117 1701 1191">
     <span class='ocr_line' id='line_1_11' title="bbox 137 1117 1701 1191; baseline -0.003 -14"><span class='ocrx_word' id='word_1_60' title='bbox 137 1138 195 1177; x_wconf 82' lang='lat' dir='ltr'><strong>trs</strong></span> <span class='ocrx_word' id='word_1_61' title='bbox 241 1122 292 1175; x_wconf 88' lang='lat' dir='ltr'><strong>in</strong></span> <span class='ocrx_word' id='word_1_62' title='bbox 338 1120 800 1191; x_wconf 71' lang='lat' dir='ltr'><strong>gazophy&#39;acium.</strong></span> <span class='ocrx_word' id='word_1_63' title='bbox 855 1118 925 1174; x_wconf 81' lang='lat' dir='ltr'><strong>Et</strong></span> <span class='ocrx_word' id='word_1_64' title='bbox 976 1117 1129 1175; x_wconf 89' lang='lat' dir='ltr'><strong>ntulti</strong></span> <span class='ocrx_word' id='word_1_65' title='bbox 1180 1120 1365 1175; x_wconf 84' lang='lat' dir='ltr'><strong>divites</strong></span> <span class='ocrx_word' id='word_1_66' title='bbox 1419 1120 1701 1191; x_wconf 83' lang='lat' dir='ltr'><strong>jactabant</strong></span> 
     </span>
    </p>
   </div>
   <div class='ocr_carea' id='block_1_12' title="bbox 134 1211 1700 1282">
    <p class='ocr_par' dir='ltr' id='par_1_12' title="bbox 134 1211 1700 1282">
     <span class='ocr_line' id='line_1_12' title="bbox 134 1211 1700 1282; baseline -0.002 -15"><span class='ocrx_word' id='word_1_67' title='bbox 134 1214 294 1267; x_wconf 74' lang='lat' dir='ltr'><strong>multa.</strong></span> <span class='ocrx_word' id='word_1_68' title='bbox 323 1211 456 1266; x_wconf 85' lang='lat' dir='ltr'><strong>Cum</strong></span> <span class='ocrx_word' id='word_1_69' title='bbox 485 1213 705 1266; x_wconf 82' lang='lat' dir='ltr'><strong>renisset</strong></span> <span class='ocrx_word' id='word_1_70' title='bbox 731 1222 901 1266; x_wconf 86' lang='lat' dir='ltr'><strong>autem</strong></span> <span class='ocrx_word' id='word_1_71' title='bbox 947 1228 1052 1266; x_wconf 88' lang='lat' dir='ltr'><strong>una</strong></span> <span class='ocrx_word' id='word_1_72' title='bbox 1103 1212 1260 1266; x_wconf 81' lang='lat' dir='ltr'><strong>vidua</strong></span> <span class='ocrx_word' id='word_1_73' title='bbox 1300 1228 1521 1282; x_wconf 79' lang='lat' dir='ltr'><strong>pauper,</strong></span> <span class='ocrx_word' id='word_1_74' title='bbox 1559 1211 1700 1265; x_wconf 87' lang='lat' dir='ltr'><strong>misit</strong></span> 
     </span>
    </p>
   </div>
   <div class='ocr_carea' id='block_1_13' title="bbox 136 1301 1702 1373">
    <p class='ocr_par' dir='ltr' id='par_1_13' title="bbox 136 1301 1702 1373">
     <span class='ocr_line' id='line_1_13' title="bbox 136 1301 1702 1373; baseline -0.004 -13"><span class='ocrx_word' id='word_1_75' title='bbox 136 1306 222 1359; x_wconf 79' lang='lat' dir='ltr'><strong>duo</strong></span> <span class='ocrx_word' id='word_1_76' title='bbox 246 1306 461 1367; x_wconf 86' lang='lat' dir='ltr'><strong>minuta,</strong></span> <span class='ocrx_word' id='word_1_77' title='bbox 493 1303 635 1372; x_wconf 88' lang='lat' dir='ltr'><strong>quod</strong></span> <span class='ocrx_word' id='word_1_78' title='bbox 678 1313 752 1358; x_wconf 85' lang='lat' dir='ltr'><strong>est</strong></span> <span class='ocrx_word' id='word_1_79' title='bbox 790 1302 1077 1373; x_wconf 74' lang='lat' dir='ltr'><strong>quadrans.</strong></span> <span class='ocrx_word' id='word_1_80' title='bbox 1122 1302 1187 1356; x_wconf 86' lang='lat' dir='ltr'><strong>Et</strong></span> <span class='ocrx_word' id='word_1_81' title='bbox 1229 1319 1517 1357; x_wconf 73' lang='lat' dir='ltr'><strong>convocans</strong></span> <span class='ocrx_word' id='word_1_82' title='bbox 1546 1301 1702 1356; x_wconf 85' lang='lat' dir='ltr'><strong>disci-</strong></span> 
     </span>
    </p>
   </div>
   <div class='ocr_carea' id='block_1_14' title="bbox 136 1393 1701 1468">
    <p class='ocr_par' dir='ltr' id='par_1_14' title="bbox 136 1393 1701 1468">
     <span class='ocr_line' id='line_1_14' title="bbox 136 1393 1701 1468; baseline -0.001 -19"><span class='ocrx_word' id='word_1_83' title='bbox 136 1397 260 1468; x_wconf 79' lang='lat' dir='ltr'><strong>pulos</strong></span> <span class='ocrx_word' id='word_1_84' title='bbox 286 1413 405 1451; x_wconf 85' lang='lat' dir='ltr'><strong>suos</strong></span> <span class='ocrx_word' id='word_1_85' title='bbox 439 1397 515 1450; x_wconf 86' lang='lat' dir='ltr'><strong>ait</strong></span> <span class='ocrx_word' id='word_1_86' title='bbox 542 1394 688 1450; x_wconf 89' lang='lat' dir='ltr'><strong>illis:</strong></span> <span class='ocrx_word' id='word_1_87' title='bbox 719 1396 881 1450; x_wconf 81' lang='lat' dir='ltr'><strong>Amen</strong></span> <span class='ocrx_word' id='word_1_88' title='bbox 909 1395 1027 1449; x_wconf 89' lang='lat' dir='ltr'><strong>dico</strong></span> <span class='ocrx_word' id='word_1_89' title='bbox 1062 1396 1223 1459; x_wconf 75' lang='lat' dir='ltr'><strong>vobis,</strong></span> <span class='ocrx_word' id='word_1_90' title='bbox 1252 1394 1500 1466; x_wconf 86' lang='lat' dir='ltr'><strong>quoniam</strong></span> <span class='ocrx_word' id='word_1_91' title='bbox 1543 1393 1701 1448; x_wconf 64' lang='lat' dir='ltr'><strong>vidua</strong></span> 
     </span>
    </p>
   </div>
   <div class='ocr_carea' id='block_1_15' title="bbox 138 1488 1703 1560">
    <p class='ocr_par' dir='ltr' id='par_1_15' title="bbox 138 1488 1703 1560">
     <span class='ocr_line' id='line_1_15' title="bbox 138 1488 1703 1560; baseline -0.003 -15"><span class='ocrx_word' id='word_1_92' title='bbox 138 1492 227 1545; x_wconf 68' lang='lat' dir='ltr'><strong>lta&#39;c</strong></span> <span class='ocrx_word' id='word_1_93' title='bbox 264 1506 461 1559; x_wconf 84' lang='lat' dir='ltr'><strong>pauper</strong></span> <span class='ocrx_word' id='word_1_94' title='bbox 520 1489 639 1559; x_wconf 84' lang='lat' dir='ltr'><strong>plus</strong></span> <span class='ocrx_word' id='word_1_95' title='bbox 685 1490 924 1544; x_wconf 86' lang='lat' dir='ltr'><strong>omnibus</strong></span> <span class='ocrx_word' id='word_1_96' title='bbox 969 1490 1153 1555; x_wconf 87' lang='lat' dir='ltr'><strong>misit,</strong></span> <span class='ocrx_word' id='word_1_97' title='bbox 1203 1490 1293 1560; x_wconf 79' lang='lat' dir='ltr'><strong>qui</strong></span> <span class='ocrx_word' id='word_1_98' title='bbox 1339 1489 1593 1543; x_wconf 85' lang='lat' dir='ltr'><strong>miserunt</strong></span> <span class='ocrx_word' id='word_1_99' title='bbox 1648 1488 1703 1542; x_wconf 89' lang='lat' dir='ltr'><strong>in</strong></span> 
     </span>
    </p>
   </div>
   <div class='ocr_carea' id='block_1_16' title="bbox 138 1582 1703 1656">
    <p class='ocr_par' dir='ltr' id='par_1_16' title="bbox 138 1582 1703 1656">
     <span class='ocr_line' id='line_1_16' title="bbox 138 1582 1703 1656; baseline 0.002 -21"><span class='ocrx_word' id='word_1_100' title='bbox 138 1582 541 1653; x_wconf 73' lang='lat' dir='ltr'><strong>gnopliylacinm</strong></span> <span class='ocrx_word' id='word_1_101' title='bbox 567 1600 588 1638; x_wconf 89' lang='lat'><strong><em>:</em></strong></span> <span class='ocrx_word' id='word_1_102' title='bbox 624 1600 802 1638; x_wconf 86' lang='lat' dir='ltr'><strong>onmes</strong></span> <span class='ocrx_word' id='word_1_103' title='bbox 840 1585 978 1639; x_wconf 79' lang='lat' dir='ltr'><strong>enim</strong></span> <span class='ocrx_word' id='word_1_104' title='bbox 1015 1600 1079 1639; x_wconf 79' lang='lat' dir='ltr'><strong>ea:</strong></span> <span class='ocrx_word' id='word_1_105' title='bbox 1131 1584 1366 1656; x_wconf 54' lang='lat' dir='ltr'><strong>adquod</strong></span> <span class='ocrx_word' id='word_1_106' title='bbox 1401 1583 1703 1638; x_wconf 75' lang='lat' dir='ltr'><strong>abundabat</strong></span> 
     </span>
    </p>
   </div>
   <div class='ocr_carea' id='block_1_17' title="bbox 139 1675 1706 1750">
    <p class='ocr_par' dir='ltr' id='par_1_17' title="bbox 139 1675 1706 1750">
     <span class='ocr_line' id='line_1_17' title="bbox 139 1675 1706 1750; baseline 0.003 -24"><span class='ocrx_word' id='word_1_107' title='bbox 139 1675 238 1739; x_wconf 81' lang='lat' dir='ltr'><strong>illis,</strong></span> <span class='ocrx_word' id='word_1_108' title='bbox 264 1677 511 1730; x_wconf 84' lang='lat' dir='ltr'><strong>miserunt</strong></span> <span class='ocrx_word' id='word_1_109' title='bbox 539 1694 557 1740; x_wconf 86' lang='lat'><strong><em>;</em></strong></span> <span class='ocrx_word' id='word_1_110' title='bbox 595 1676 710 1731; x_wconf 77' lang='lat' dir='ltr'><strong>lucc</strong></span> <span class='ocrx_word' id='word_1_111' title='bbox 739 1693 855 1731; x_wconf 83' lang='lat' dir='ltr'><strong>vero</strong></span> <span class='ocrx_word' id='word_1_112' title='bbox 876 1677 940 1730; x_wconf 86' lang='lat' dir='ltr'><strong>de</strong></span> <span class='ocrx_word' id='word_1_113' title='bbox 959 1679 1177 1746; x_wconf 89' lang='lat' dir='ltr'><strong>penuria</strong></span> <span class='ocrx_word' id='word_1_114' title='bbox 1216 1693 1335 1743; x_wconf 85' lang='lat' dir='ltr'><strong>suo,</strong></span> <span class='ocrx_word' id='word_1_115' title='bbox 1376 1679 1551 1732; x_wconf 82' lang='lat' dir='ltr'><strong>omnia</strong></span> <span class='ocrx_word' id='word_1_116' title='bbox 1587 1693 1706 1750; x_wconf 66' lang='lat' dir='ltr'><strong>qua:</strong></span> 
     </span>
    </p>
   </div>
   <div class='ocr_carea' id='block_1_18' title="bbox 139 1767 1701 1843">
    <p class='ocr_par' dir='ltr' id='par_1_18' title="bbox 139 1767 1701 1843">
     <span class='ocr_line' id='line_1_18' title="bbox 139 1767 1701 1843; baseline 0.004 -24"><span class='ocrx_word' id='word_1_117' title='bbox 139 1767 307 1833; x_wconf 81' lang='lat' dir='ltr'><strong>habuit,</strong></span> <span class='ocrx_word' id='word_1_118' title='bbox 336 1767 479 1821; x_wconf 87' lang='lat' dir='ltr'><strong>misit</strong></span> <span class='ocrx_word' id='word_1_119' title='bbox 511 1778 680 1822; x_wconf 84' lang='lat' dir='ltr'><strong>totum</strong></span> <span class='ocrx_word' id='word_1_120' title='bbox 704 1769 896 1822; x_wconf 80' lang='lat' dir='ltr'><strong>victum</strong></span> <span class='ocrx_word' id='word_1_121' title='bbox 926 1784 1080 1823; x_wconf 84' lang='lat' dir='ltr'><strong>suum</strong></span> <span class='ocrx_word' id='word_1_122' title='bbox 1104 1767 1297 1839; x_wconf 75' lang='lat' dir='ltr'><strong>(Marc.</strong></span> <span class='ocrx_word' id='word_1_123' title='bbox 1349 1785 1450 1834; x_wconf 76' lang='lat' dir='ltr'><strong>xu,</strong></span> <span class='ocrx_word' id='word_1_124' title='bbox 1490 1770 1621 1825; x_wconf 66' lang='lat'><strong>41-4</strong></span> <span class='ocrx_word' id='word_1_125' title='bbox 1634 1772 1701 1843; x_wconf 78' lang='lat' dir='ltr'><strong>l).</strong></span> 
     </span>
    </p>
   </div>
   <div class='ocr_carea' id='block_1_19' title="bbox 1804 563 3398 646">
    <p class='ocr_par' dir='ltr' id='par_1_19' title="bbox 1804 563 3398 646">
     <span class='ocr_line' id='line_1_19' title="bbox 1804 563 3398 646; baseline 0.008 -28"><span class='ocrx_word' id='word_1_126' title='bbox 1804 563 2024 635; x_wconf 77' lang='lat' dir='ltr'><strong>lyticum</strong></span> <span class='ocrx_word' id='word_1_127' title='bbox 2051 582 2064 620; x_wconf 89' lang='lat'><strong>:</strong></span> <span class='ocrx_word' id='word_1_128' title='bbox 2110 564 2303 631; x_wconf 72' lang='lat' dir='ltr'><strong>&quot;orno,</strong></span> <span class='ocrx_word' id='word_1_129' title='bbox 2335 569 2667 622; x_wconf 85' lang='lat' dir='ltr'><strong>remittuntur</strong></span> <span class='ocrx_word' id='word_1_130' title='bbox 2687 570 2780 623; x_wconf 88' lang='lat' dir='ltr'><strong>tibi</strong></span> <span class='ocrx_word' id='word_1_131' title='bbox 2803 581 3128 640; x_wconf 85' lang='lat' dir='ltr'><strong>peccatatua</strong></span> <span class='ocrx_word' id='word_1_132' title='bbox 3153 573 3310 646; x_wconf 87' lang='lat' dir='ltr'><strong>(Luc.</strong></span> <span class='ocrx_word' id='word_1_133' title='bbox 3343 592 3398 643; x_wconf 69' lang='grc' dir='ltr'><strong>ν,</strong></span> 
     </span>
    </p>
   </div>
   <div class='ocr_carea' id='block_1_20' title="bbox 1801 654 3394 739">
    <p class='ocr_par' dir='ltr' id='par_1_20' title="bbox 1801 654 3394 739">
     <span class='ocr_line' id='line_1_20' title="bbox 1801 654 3394 739; baseline 0.008 -30"><span class='ocrx_word' id='word_1_134' title='bbox 1801 654 1893 726; x_wconf 74' lang='lat'><strong>20)</strong></span> <span class='ocrx_word' id='word_1_135' title='bbox 1921 673 1936 724; x_wconf 90' lang='lat'><strong>;</strong></span> <span class='ocrx_word' id='word_1_136' title='bbox 1979 655 2051 711; x_wconf 90' lang='lat' dir='ltr'><strong>ita</strong></span> <span class='ocrx_word' id='word_1_137' title='bbox 2080 658 2242 713; x_wconf 86' lang='lat' dir='ltr'><strong>credo</strong></span> <span class='ocrx_word' id='word_1_138' title='bbox 2272 658 2357 730; x_wconf 84' lang='lat' dir='ltr'><strong>agi</strong></span> <span class='ocrx_word' id='word_1_139' title='bbox 2389 674 2486 729; x_wconf 89' lang='lat' dir='ltr'><strong>per</strong></span> <span class='ocrx_word' id='word_1_140' title='bbox 2518 674 2612 715; x_wconf 89' lang='lat' dir='ltr'><strong>eos</strong></span> <span class='ocrx_word' id='word_1_141' title='bbox 2637 662 2727 732; x_wconf 88' lang='lat' dir='ltr'><strong>qui</strong></span> <span class='ocrx_word' id='word_1_142' title='bbox 2755 664 3004 732; x_wconf 87' lang='lat' dir='ltr'><strong>parvulos</strong></span> <span class='ocrx_word' id='word_1_143' title='bbox 3030 666 3097 720; x_wconf 88' lang='lat' dir='ltr'><strong>ad</strong></span> <span class='ocrx_word' id='word_1_144' title='bbox 3126 667 3394 739; x_wconf 87' lang='lat' dir='ltr'><strong>baptisma</strong></span> 
     </span>
    </p>
   </div>
   <div class='ocr_carea' id='block_1_21' title="bbox 1801 746 3400 822">
    <p class='ocr_par' dir='ltr' id='par_1_21' title="bbox 1801 746 3400 822">
     <span class='ocr_line' id='line_1_21' title="bbox 1801 746 3400 822; baseline 0.008 -20"><span class='ocrx_word' id='word_1_145' title='bbox 1801 746 2052 803; x_wconf 81' lang='lat' dir='ltr'><strong>oil‘erunt.</strong></span> <span class='ocrx_word' id='word_1_146' title='bbox 2112 747 2383 820; x_wconf 83' lang='lat' dir='ltr'><strong>inspicere</strong></span> <span class='ocrx_word' id='word_1_147' title='bbox 2446 767 2677 822; x_wconf 87' lang='lat' dir='ltr'><strong>namque</strong></span> <span class='ocrx_word' id='word_1_148' title='bbox 2745 755 2909 810; x_wconf 82' lang='lat' dir='ltr'><strong>credo</strong></span> <span class='ocrx_word' id='word_1_149' title='bbox 2967 755 3253 815; x_wconf 90' lang='lat' dir='ltr'><strong>Dominum</strong></span> <span class='ocrx_word' id='word_1_150' title='bbox 3330 760 3400 815; x_wconf 86' lang='lat' dir='ltr'><strong>ad</strong></span> 
     </span>
    </p>
   </div>
   <div class='ocr_carea' id='block_1_22' title="bbox 1802 838 3398 917">
    <p class='ocr_par' dir='ltr' id='par_1_22' title="bbox 1802 838 3398 917">
     <span class='ocr_line' id='line_1_22' title="bbox 1802 838 3398 917; baseline 0.012 -24"><span class='ocrx_word' id='word_1_151' title='bbox 1802 838 2141 895; x_wconf 77' lang='lat' dir='ltr'><strong>ollercntium</strong></span> <span class='ocrx_word' id='word_1_152' title='bbox 2172 841 2354 906; x_wconf 79' lang='lat' dir='ltr'><strong>ﬁdem,</strong></span> <span class='ocrx_word' id='word_1_153' title='bbox 2385 850 2439 897; x_wconf 91' lang='lat' dir='ltr'><strong>et</strong></span> <span class='ocrx_word' id='word_1_154' title='bbox 2461 843 2677 900; x_wconf 84' lang='lat' dir='ltr'><strong>dicere:</strong></span> <span class='ocrx_word' id='word_1_155' title='bbox 2708 844 2779 903; x_wconf 73' lang='grc' dir='ltr'><strong>«Ο</strong></span> <span class='ocrx_word' id='word_1_156' title='bbox 2791 847 3019 917; x_wconf 86' lang='lat' dir='ltr'><strong>parvuli,</strong></span> <span class='ocrx_word' id='word_1_157' title='bbox 3046 854 3398 912; x_wconf 86' lang='lat' dir='ltr'><strong>remittuntur</strong></span> 
     </span>
    </p>
   </div>
   <div class='ocr_carea' id='block_1_23' title="bbox 1802 933 2463 1005">
    <p class='ocr_par' dir='ltr' id='par_1_23' title="bbox 1802 933 2463 1005">
     <span class='ocr_line' id='line_1_23' title="bbox 1802 933 2463 1005; baseline 0.005 -18"><span class='ocrx_word' id='word_1_158' title='bbox 1802 933 1955 989; x_wconf 82' lang='lat' dir='ltr'><strong>vobis</strong></span> <span class='ocrx_word' id='word_1_159' title='bbox 1985 944 2204 1005; x_wconf 88' lang='lat' dir='ltr'><strong>peccata</strong></span> <span class='ocrx_word' id='word_1_160' title='bbox 2229 944 2463 991; x_wconf 64' lang='lat' dir='ltr'><strong>vestra.»</strong></span> 
     </span>
    </p>
   </div>
   <div class='ocr_carea' id='block_1_24' title="bbox 1820 1022 3395 1105">
    <p class='ocr_par' dir='ltr' id='par_1_24' title="bbox 1820 1022 3395 1105">
     <span class='ocr_line' id='line_1_24' title="bbox 1820 1022 3395 1105; baseline 0.01 -26"><span class='ocrx_word' id='word_1_161' title='bbox 1820 1022 1823 1025; x_wconf 81' lang='grc'><em>’</em></span> <span class='ocrx_word' id='word_1_162' title='bbox 1875 1023 1990 1081; x_wconf 83' lang='lat' dir='ltr'><strong>Non</strong></span> <span class='ocrx_word' id='word_1_163' title='bbox 2033 1026 2205 1082; x_wconf 81' lang='lat' dir='ltr'><strong>soluat</strong></span> <span class='ocrx_word' id='word_1_164' title='bbox 2250 1037 2431 1083; x_wconf 89' lang='lat' dir='ltr'><strong>autem</strong></span> <span class='ocrx_word' id='word_1_165' title='bbox 2479 1028 2533 1083; x_wconf 91' lang='lat' dir='ltr'><strong>in</strong></span> <span class='ocrx_word' id='word_1_166' title='bbox 2585 1028 2687 1084; x_wconf 88' lang='lat' dir='ltr'><strong>hoc</strong></span> <span class='ocrx_word' id='word_1_167' title='bbox 2720 1029 3027 1105; x_wconf 78' lang='lat' dir='ltr'><strong>Evangelia,</strong></span> <span class='ocrx_word' id='word_1_168' title='bbox 3060 1036 3153 1092; x_wconf 89' lang='lat' dir='ltr'><strong>sed</strong></span> <span class='ocrx_word' id='word_1_169' title='bbox 3182 1048 3237 1095; x_wconf 91' lang='lat' dir='ltr'><strong>et</strong></span> <span class='ocrx_word' id='word_1_170' title='bbox 3266 1039 3395 1097; x_wconf 85' lang='lat' dir='ltr'><strong>alibi</strong></span> 
     </span>
    </p>
   </div>
   <div class='ocr_carea' id='block_1_25' title="bbox 1804 1117 3388 1192">
    <p class='ocr_par' dir='ltr' id='par_1_25' title="bbox 1804 1117 3388 1192">
     <span class='ocr_line' id='line_1_25' title="bbox 1804 1117 3388 1192; baseline 0.011 -22"><span class='ocrx_word' id='word_1_171' title='bbox 1804 1117 2002 1187; x_wconf 62' lang='lat' dir='ltr'><strong>legitur</strong></span> <span class='ocrx_word' id='word_1_172' title='bbox 2030 1129 2288 1188; x_wconf 89' lang='lat' dir='ltr'><strong>quantum</strong></span> <span class='ocrx_word' id='word_1_173' title='bbox 2320 1120 2501 1176; x_wconf 87' lang='lat' dir='ltr'><strong>valeat</strong></span> <span class='ocrx_word' id='word_1_174' title='bbox 2549 1122 2682 1178; x_wconf 88' lang='lat' dir='ltr'><strong>lides</strong></span> <span class='ocrx_word' id='word_1_175' title='bbox 2713 1139 2810 1192; x_wconf 91' lang='lat' dir='ltr'><strong>pro</strong></span> <span class='ocrx_word' id='word_1_176' title='bbox 2838 1125 2960 1181; x_wconf 89' lang='lat' dir='ltr'><strong>aliis</strong></span> <span class='ocrx_word' id='word_1_177' title='bbox 3005 1126 3388 1187; x_wconf 65' lang='lat' dir='ltr'><strong>laborantium.</strong></span> 
     </span>
    </p>
   </div>
   <div class='ocr_carea' id='block_1_26' title="bbox 1805 1205 3394 1291">
    <p class='ocr_par' dir='ltr' id='par_1_26' title="bbox 1805 1205 3394 1291">
     <span class='ocr_line' id='line_1_26' title="bbox 1805 1205 3394 1291; baseline 0.013 -31"><span class='ocrx_word' id='word_1_178' title='bbox 1805 1205 1975 1261; x_wconf 82' lang='lat' dir='ltr'><strong>Orare</strong></span> <span class='ocrx_word' id='word_1_179' title='bbox 2027 1209 2226 1279; x_wconf 88' lang='lat' dir='ltr'><strong>quippe</strong></span> <span class='ocrx_word' id='word_1_180' title='bbox 2277 1224 2374 1279; x_wconf 89' lang='lat' dir='ltr'><strong>pro</strong></span> <span class='ocrx_word' id='word_1_181' title='bbox 2406 1210 2526 1266; x_wconf 88' lang='lat' dir='ltr'><strong>aliis</strong></span> <span class='ocrx_word' id='word_1_182' title='bbox 2574 1222 2659 1268; x_wconf 88' lang='lat' dir='ltr'><strong>est</strong></span> <span class='ocrx_word' id='word_1_183' title='bbox 2703 1214 2857 1284; x_wconf 86' lang='lat' dir='ltr'><strong>quasi</strong></span> <span class='ocrx_word' id='word_1_184' title='bbox 2896 1215 3003 1270; x_wconf 90' lang='lat' dir='ltr'><strong>Deo</strong></span> <span class='ocrx_word' id='word_1_185' title='bbox 3034 1216 3230 1276; x_wconf 78' lang='lat' dir='ltr'><strong>oll‘erre</strong></span> <span class='ocrx_word' id='word_1_186' title='bbox 3278 1237 3394 1291; x_wconf 88' lang='lat' dir='ltr'><strong>eos,</strong></span> 
     </span>
    </p>
   </div>
   <div class='ocr_carea' id='block_1_27' title="bbox 1802 1296 3394 1374">
    <p class='ocr_par' dir='ltr' id='par_1_27' title="bbox 1802 1296 3394 1374">
     <span class='ocr_line' id='line_1_27' title="bbox 1802 1296 3394 1374; baseline 0.011 -24"><span class='ocrx_word' id='word_1_187' title='bbox 1802 1296 1942 1351; x_wconf 92' lang='lat' dir='ltr'><strong>sicut</strong></span> <span class='ocrx_word' id='word_1_188' title='bbox 1983 1298 2176 1353; x_wconf 86' lang='lat' dir='ltr'><strong>mulier</strong></span> <span class='ocrx_word' id='word_1_189' title='bbox 2207 1299 2514 1356; x_wconf 69' lang='lat' dir='ltr'><strong>liltauantea</strong></span> <span class='ocrx_word' id='word_1_190' title='bbox 2558 1319 2655 1374; x_wconf 88' lang='lat' dir='ltr'><strong>pro</strong></span> <span class='ocrx_word' id='word_1_191' title='bbox 2707 1305 2833 1370; x_wconf 89' lang='lat' dir='ltr'><strong>lilia,</strong></span> <span class='ocrx_word' id='word_1_192' title='bbox 2890 1308 3031 1362; x_wconf 88' lang='lat' dir='ltr'><strong>sicut</strong></span> <span class='ocrx_word' id='word_1_193' title='bbox 3073 1309 3255 1367; x_wconf 79' lang='lat' dir='ltr'><strong>Jairus</strong></span> <span class='ocrx_word' id='word_1_194' title='bbox 3306 1330 3394 1367; x_wconf 88' lang='lat' dir='ltr'><strong>ar-</strong></span> 
     </span>
    </p>
   </div>
   <div class='ocr_carea' id='block_1_28' title="bbox 1802 1387 3391 1469">
    <p class='ocr_par' dir='ltr' id='par_1_28' title="bbox 1802 1387 3391 1469">
     <span class='ocr_line' id='line_1_28' title="bbox 1802 1387 3391 1469; baseline 0.011 -26"><span class='ocrx_word' id='word_1_195' title='bbox 1802 1387 2195 1460; x_wconf 77' lang='lat' dir='ltr'><strong>cltisynagogus</strong></span> <span class='ocrx_word' id='word_1_196' title='bbox 2228 1405 2325 1459; x_wconf 89' lang='lat' dir='ltr'><strong>pro</strong></span> <span class='ocrx_word' id='word_1_197' title='bbox 2380 1389 2509 1458; x_wconf 83' lang='lat' dir='ltr'><strong>illia,</strong></span> <span class='ocrx_word' id='word_1_198' title='bbox 2574 1393 2714 1448; x_wconf 85' lang='lat' dir='ltr'><strong>sicut</strong></span> <span class='ocrx_word' id='word_1_199' title='bbox 2765 1407 3011 1454; x_wconf 78' lang='lat' dir='ltr'><strong>centurio</strong></span> <span class='ocrx_word' id='word_1_200' title='bbox 3062 1416 3159 1469; x_wconf 89' lang='lat' dir='ltr'><strong>pro</strong></span> <span class='ocrx_word' id='word_1_201' title='bbox 3208 1418 3391 1469; x_wconf 77' lang='lat' dir='ltr'><strong>servo,</strong></span> 
     </span>
    </p>
   </div>
   <div class='ocr_carea' id='block_1_29' title="bbox 1803 1486 3391 1562">
    <p class='ocr_par' dir='ltr' id='par_1_29' title="bbox 1803 1486 3391 1562">
     <span class='ocr_line' id='line_1_29' title="bbox 1803 1486 3391 1562; baseline 0.009 -25"><span class='ocrx_word' id='word_1_202' title='bbox 1803 1486 2348 1554; x_wconf 77' lang='lat' dir='ltr'><strong>rogantes,,exaudiri</strong></span> <span class='ocrx_word' id='word_1_203' title='bbox 2400 1498 2715 1545; x_wconf 88' lang='lat' dir='ltr'><strong>meruerunt</strong></span> <span class='ocrx_word' id='word_1_204' title='bbox 2753 1490 2804 1544; x_wconf 92' lang='lat' dir='ltr'><strong>in</strong></span> <span class='ocrx_word' id='word_1_205' title='bbox 2858 1493 2941 1547; x_wconf 85' lang='lat' dir='ltr'><strong>his</strong></span> <span class='ocrx_word' id='word_1_206' title='bbox 2987 1508 3123 1562; x_wconf 80' lang='lat' dir='ltr'><strong>quos</strong></span> <span class='ocrx_word' id='word_1_207' title='bbox 3161 1495 3391 1553; x_wconf 89' lang='lat' dir='ltr'><strong>Domino</strong></span> 
     </span>
    </p>
   </div>
   <div class='ocr_carea' id='block_1_30' title="bbox 1804 1570 3397 1656">
    <p class='ocr_par' dir='ltr' id='par_1_30' title="bbox 1804 1570 3397 1656">
     <span class='ocr_line' id='line_1_30' title="bbox 1804 1570 3397 1656; baseline 0.012 -30"><span class='ocrx_word' id='word_1_208' title='bbox 1804 1577 2071 1630; x_wconf 73' lang='lat' dir='ltr'><strong>curandos</strong></span> <span class='ocrx_word' id='word_1_209' title='bbox 2099 1575 2427 1633; x_wconf 89' lang='lat' dir='ltr'><strong>obtulerunt.</strong></span> <span class='ocrx_word' id='word_1_210' title='bbox 2461 1577 2586 1633; x_wconf 90' lang='lat' dir='ltr'><strong>Item</strong></span> <span class='ocrx_word' id='word_1_211' title='bbox 2612 1581 2872 1650; x_wconf 84' lang='lat' dir='ltr'><strong>scriptum</strong></span> <span class='ocrx_word' id='word_1_212' title='bbox 2896 1593 2981 1638; x_wconf 87' lang='lat' dir='ltr'><strong>est</strong></span> <span class='ocrx_word' id='word_1_213' title='bbox 3012 1585 3063 1638; x_wconf 92' lang='lat' dir='ltr'><strong>in</strong></span> <span class='ocrx_word' id='word_1_214' title='bbox 3090 1570 3397 1656; x_wconf 77' lang='lat' dir='ltr'><strong>Evangeliis</strong></span> 
     </span>
    </p>
   </div>
   <div class='ocr_carea' id='block_1_31' title="bbox 1805 1668 3397 1747">
    <p class='ocr_par' dir='ltr' id='par_1_31' title="bbox 1805 1668 3397 1747">
     <span class='ocr_line' id='line_1_31' title="bbox 1805 1668 3397 1747; baseline 0.011 -24"><span class='ocrx_word' id='word_1_215' title='bbox 1805 1668 2062 1736; x_wconf 75' lang='lat' dir='ltr'><strong>Matthmi,</strong></span> <span class='ocrx_word' id='word_1_216' title='bbox 2116 1671 2280 1727; x_wconf 81' lang='lat' dir='ltr'><strong>Marci</strong></span> <span class='ocrx_word' id='word_1_217' title='bbox 2312 1682 2367 1728; x_wconf 93' lang='lat' dir='ltr'><strong>ct</strong></span> <span class='ocrx_word' id='word_1_218' title='bbox 2415 1672 2593 1742; x_wconf 64' lang='lat' dir='ltr'><strong>Lucae,</strong></span> <span class='ocrx_word' id='word_1_219' title='bbox 2646 1676 2773 1746; x_wconf 87' lang='lat' dir='ltr'><strong>quia</strong></span> <span class='ocrx_word' id='word_1_220' title='bbox 2832 1677 3049 1747; x_wconf 85' lang='lat' dir='ltr'><strong>quidam</strong></span> <span class='ocrx_word' id='word_1_221' title='bbox 3095 1680 3397 1740; x_wconf 82' lang='lat' dir='ltr'><strong>oli&#39;erebant</strong></span> 
     </span>
    </p>
   </div>
   <div class='ocr_carea' id='block_1_32' title="bbox 1805 1761 3396 1845">
    <p class='ocr_par' dir='ltr' id='par_1_32' title="bbox 1805 1761 3396 1845">
     <span class='ocr_line' id='line_1_32' title="bbox 1805 1761 3396 1845; baseline 0.009 -28"><span class='ocrx_word' id='word_1_222' title='bbox 1805 1761 1931 1817; x_wconf 82' lang='lat' dir='ltr'><strong>Jesu</strong></span> <span class='ocrx_word' id='word_1_223' title='bbox 1973 1766 2224 1834; x_wconf 87' lang='lat' dir='ltr'><strong>parvulos</strong></span> <span class='ocrx_word' id='word_1_224' title='bbox 2258 1775 2317 1822; x_wconf 90' lang='lat' dir='ltr'><strong>ut</strong></span> <span class='ocrx_word' id='word_1_225' title='bbox 2372 1775 2616 1838; x_wconf 79' lang='lat' dir='ltr'><strong>tangeret</strong></span> <span class='ocrx_word' id='word_1_226' title='bbox 2671 1768 2811 1823; x_wconf 88' lang='lat' dir='ltr'><strong>illos.</strong></span> <span class='ocrx_word' id='word_1_227' title='bbox 2862 1768 3101 1839; x_wconf 83' lang='lat' dir='ltr'><strong>Cumque</strong></span> <span class='ocrx_word' id='word_1_228' title='bbox 3148 1774 3396 1845; x_wconf 81' lang='lat' dir='ltr'><strong>discipuli</strong></span> 
     </span>
    </p>
   </div>
   <div class='ocr_carea' id='block_1_33' title="bbox 140 1854 1706 1932">
    <p class='ocr_par' dir='ltr' id='par_1_33' title="bbox 140 1857 1706 1932">
     <span class='ocr_line' id='line_1_33' title="bbox 140 1857 1706 1932; baseline 0.004 -22"><span class='ocrx_word' id='word_1_229' title='bbox 140 1857 253 1911; x_wconf 79' lang='lat' dir='ltr'><strong>Ecce</strong></span> <span class='ocrx_word' id='word_1_230' title='bbox 273 1859 500 1912; x_wconf 82' lang='lat' dir='ltr'><strong>audistis</strong></span> <span class='ocrx_word' id='word_1_231' title='bbox 525 1858 764 1928; x_wconf 87' lang='lat' dir='ltr'><strong>qualiter</strong></span> <span class='ocrx_word' id='word_1_232' title='bbox 785 1860 971 1914; x_wconf 88' lang='lat' dir='ltr'><strong>eadem</strong></span> <span class='ocrx_word' id='word_1_233' title='bbox 998 1859 1155 1914; x_wconf 87' lang='lat' dir='ltr'><strong>vidua</strong></span> <span class='ocrx_word' id='word_1_234' title='bbox 1185 1860 1356 1932; x_wconf 80' lang='lat' dir='ltr'><strong>magis</strong></span> <span class='ocrx_word' id='word_1_235' title='bbox 1386 1860 1706 1917; x_wconf 81' lang='lat' dir='ltr'><strong>laudabatur</strong></span> 
     </span>
    </p>
   </div>
   <div class='ocr_carea' id='block_1_34' title="bbox 1809 1854 3392 1932">
    <p class='ocr_par' dir='ltr' id='par_1_34' title="bbox 1812 1854 3392 1931">
     <span class='ocr_line' id='line_1_34' title="bbox 1812 1854 3392 1931; baseline 0.008 -23"><span class='ocrx_word' id='word_1_236' title='bbox 1812 1854 1935 1909; x_wconf 86' lang='lat' dir='ltr'><strong>talia</strong></span> <span class='ocrx_word' id='word_1_237' title='bbox 1969 1855 2258 1926; x_wconf 87' lang='lat' dir='ltr'><strong>prohibere</strong></span> <span class='ocrx_word' id='word_1_238' title='bbox 2287 1856 2508 1923; x_wconf 90' lang='lat' dir='ltr'><strong>vellent,</strong></span> <span class='ocrx_word' id='word_1_239' title='bbox 2540 1858 2835 1929; x_wconf 77' lang='lat' dir='ltr'><strong>increpavit</strong></span> <span class='ocrx_word' id='word_1_240' title='bbox 2861 1878 2953 1915; x_wconf 84' lang='lat' dir='ltr'><strong>eos</strong></span> <span class='ocrx_word' id='word_1_241' title='bbox 2978 1861 3155 1931; x_wconf 84' lang='lat' dir='ltr'><strong>.Iesus,</strong></span> <span class='ocrx_word' id='word_1_242' title='bbox 3189 1874 3244 1918; x_wconf 82' lang='lat' dir='ltr'><strong>et</strong></span> <span class='ocrx_word' id='word_1_243' title='bbox 3273 1866 3349 1919; x_wconf 90' lang='lat' dir='ltr'><strong>ait</strong></span> <span class='ocrx_word' id='word_1_244' title='bbox 3377 1884 3392 1921; x_wconf 92' lang='lat'><strong>:</strong></span> 
     </span>
    </p>
   </div>
   <div class='ocr_carea' id='block_1_35' title="bbox 141 1950 1707 2021">
    <p class='ocr_par' dir='ltr' id='par_1_35' title="bbox 141 1950 1707 2021">
     <span class='ocr_line' id='line_1_35' title="bbox 141 1950 1707 2021; baseline 0.003 -18"><span class='ocrx_word' id='word_1_245' title='bbox 141 1967 163 2003; x_wconf 76' lang='grc' dir='ltr'><strong>ει</strong></span> <span class='ocrx_word' id='word_1_246' title='bbox 189 1950 391 2004; x_wconf 86' lang='lat' dir='ltr'><strong>Domino</strong></span> <span class='ocrx_word' id='word_1_247' title='bbox 418 1966 523 2019; x_wconf 87' lang='lat' dir='ltr'><strong>pro</strong></span> <span class='ocrx_word' id='word_1_248' title='bbox 554 1950 1199 2021; x_wconf 56' lang='lat' dir='ltr'><strong>oblationezparvissima,</strong></span> <span class='ocrx_word' id='word_1_249' title='bbox 1231 1967 1392 2020; x_wconf 83' lang='lat' dir='ltr'><strong>quam</strong></span> <span class='ocrx_word' id='word_1_250' title='bbox 1419 1951 1489 2006; x_wconf 92' lang='lat' dir='ltr'><strong>illi</strong></span> <span class='ocrx_word' id='word_1_251' title='bbox 1515 1952 1707 2007; x_wconf 69' lang='lat' dir='ltr'><strong>divites</strong></span> 
     </span>
    </p>
   </div>
   <div class='ocr_carea' id='block_1_36' title="bbox 139 2041 1705 2113">
    <p class='ocr_par' dir='ltr' id='par_1_36' title="bbox 139 2041 1705 2113">
     <span class='ocr_line' id='line_1_36' title="bbox 139 2041 1705 2113; baseline 0.003 -18"><span class='ocrx_word' id='word_1_252' title='bbox 139 2058 217 2111; x_wconf 89' lang='lat' dir='ltr'><strong>pro</strong></span> <span class='ocrx_word' id='word_1_253' title='bbox 235 2042 546 2098; x_wconf 86' lang='lat' dir='ltr'><strong>muneribus</strong></span> <span class='ocrx_word' id='word_1_254' title='bbox 574 2044 802 2113; x_wconf 75' lang='lat' dir='ltr'><strong>magnis.</strong></span> <span class='ocrx_word' id='word_1_255' title='bbox 849 2041 964 2111; x_wconf 84' lang='lat' dir='ltr'><strong>Qua</strong></span> <span class='ocrx_word' id='word_1_256' title='bbox 1006 2044 1071 2098; x_wconf 90' lang='lat' dir='ltr'><strong>de</strong></span> <span class='ocrx_word' id='word_1_257' title='bbox 1120 2059 1179 2098; x_wconf 86' lang='lat' dir='ltr'><strong>re</strong></span> <span class='ocrx_word' id='word_1_258' title='bbox 1224 2046 1434 2099; x_wconf 90' lang='lat' dir='ltr'><strong>cunctis</strong></span> <span class='ocrx_word' id='word_1_259' title='bbox 1460 2045 1705 2099; x_wconf 78' lang='lat' dir='ltr'><strong>ﬁdelibus</strong></span> 
     </span>
    </p>
   </div>
   <div class='ocr_carea' id='block_1_37' title="bbox 139 2131 1701 2205">
    <p class='ocr_par' dir='ltr' id='par_1_37' title="bbox 139 2131 1701 2205">
     <span class='ocr_line' id='line_1_37' title="bbox 139 2131 1701 2205; baseline 0.004 -18"><span class='ocrx_word' id='word_1_260' title='bbox 139 2134 253 2188; x_wconf 84' lang='lat' dir='ltr'><strong>scire</strong></span> <span class='ocrx_word' id='word_1_261' title='bbox 295 2137 460 2189; x_wconf 84' lang='lat' dir='ltr'><strong>datur</strong></span> <span class='ocrx_word' id='word_1_262' title='bbox 512 2149 676 2205; x_wconf 88' lang='lat' dir='ltr'><strong>quam</strong></span> <span class='ocrx_word' id='word_1_263' title='bbox 732 2135 1002 2190; x_wconf 85' lang='lat' dir='ltr'><strong>discretus</strong></span> <span class='ocrx_word' id='word_1_264' title='bbox 1050 2134 1122 2190; x_wconf 95' lang='lat' dir='ltr'><strong>sit</strong></span> <span class='ocrx_word' id='word_1_265' title='bbox 1171 2131 1340 2203; x_wconf 75' lang='lat' dir='ltr'><strong>iudex</strong></span> <span class='ocrx_word' id='word_1_266' title='bbox 1395 2151 1701 2205; x_wconf 87' lang='lat' dir='ltr'><strong>supertms.</strong></span> 
     </span>
    </p>
   </div>
   <div class='ocr_carea' id='block_1_38' title="bbox 139 2225 1705 2297">
    <p class='ocr_par' dir='ltr' id='par_1_38' title="bbox 139 2225 1705 2297">
     <span class='ocr_line' id='line_1_38' title="bbox 139 2225 1705 2297; baseline 0.002 -19"><span class='ocrx_word' id='word_1_267' title='bbox 139 2242 269 2294; x_wconf 80' lang='lat' dir='ltr'><strong>quam</strong></span> <span class='ocrx_word' id='word_1_268' title='bbox 294 2227 416 2297; x_wconf 89' lang='lat' dir='ltr'><strong>pius</strong></span> <span class='ocrx_word' id='word_1_269' title='bbox 454 2226 509 2281; x_wconf 86' lang='lat' dir='ltr'><strong>in</strong></span> <span class='ocrx_word' id='word_1_270' title='bbox 535 2225 913 2292; x_wconf 85' lang='lat' dir='ltr'><strong>retributione,</strong></span> <span class='ocrx_word' id='word_1_271' title='bbox 958 2243 1119 2297; x_wconf 90' lang='lat' dir='ltr'><strong>quam</strong></span> <span class='ocrx_word' id='word_1_272' title='bbox 1165 2225 1381 2281; x_wconf 84' lang='lat' dir='ltr'><strong>subtilis</strong></span> <span class='ocrx_word' id='word_1_273' title='bbox 1427 2227 1480 2281; x_wconf 93' lang='lat' dir='ltr'><strong>in</strong></span> <span class='ocrx_word' id='word_1_274' title='bbox 1528 2228 1705 2282; x_wconf 85' lang='lat' dir='ltr'><strong>consi—</strong></span> 
     </span>
    </p>
   </div>
   <div class='ocr_carea' id='block_1_39' title="bbox 141 2317 1703 2390">
    <p class='ocr_par' dir='ltr' id='par_1_39' title="bbox 141 2317 1703 2390">
     <span class='ocr_line' id='line_1_39' title="bbox 141 2317 1703 2390; baseline 0.004 -21"><span class='ocrx_word' id='word_1_275' title='bbox 141 2318 403 2373; x_wconf 86' lang='lat' dir='ltr'><strong>deratione.</strong></span> <span class='ocrx_word' id='word_1_276' title='bbox 443 2317 596 2374; x_wconf 90' lang='lat' dir='ltr'><strong>llunc</strong></span> <span class='ocrx_word' id='word_1_277' title='bbox 635 2334 766 2389; x_wconf 82' lang='lat' dir='ltr'><strong>ergo</strong></span> <span class='ocrx_word' id='word_1_278' title='bbox 809 2319 962 2374; x_wconf 88' lang='lat' dir='ltr'><strong>decet</strong></span> <span class='ocrx_word' id='word_1_279' title='bbox 996 2318 1186 2374; x_wconf 89' lang='lat' dir='ltr'><strong>timere</strong></span> <span class='ocrx_word' id='word_1_280' title='bbox 1226 2328 1280 2373; x_wconf 91' lang='lat' dir='ltr'><strong>et</strong></span> <span class='ocrx_word' id='word_1_281' title='bbox 1306 2320 1573 2385; x_wconf 86' lang='lat' dir='ltr'><strong>venerari,</strong></span> <span class='ocrx_word' id='word_1_282' title='bbox 1611 2319 1703 2390; x_wconf 85' lang='lat' dir='ltr'><strong>qui</strong></span> 
     </span>
    </p>
   </div>
   <div class='ocr_carea' id='block_1_40' title="bbox 142 2406 1166 2479">
    <p class='ocr_par' dir='ltr' id='par_1_40' title="bbox 142 2406 1166 2479">
     <span class='ocr_line' id='line_1_40' title="bbox 142 2406 1166 2479; baseline 0.004 -19"><span class='ocrx_word' id='word_1_283' title='bbox 142 2418 226 2461; x_wconf 76' lang='lat' dir='ltr'><strong>tam</strong></span> <span class='ocrx_word' id='word_1_284' title='bbox 260 2407 490 2463; x_wconf 85' lang='lat' dir='ltr'><strong>subtiler</strong></span> <span class='ocrx_word' id='word_1_285' title='bbox 516 2417 711 2463; x_wconf 89' lang='lat' dir='ltr'><strong>cuncta</strong></span> <span class='ocrx_word' id='word_1_286' title='bbox 745 2416 916 2479; x_wconf 88' lang='lat' dir='ltr'><strong>potest</strong></span> <span class='ocrx_word' id='word_1_287' title='bbox 948 2406 1166 2464; x_wconf 87' lang='lat' dir='ltr'><strong>intueri.</strong></span> 
     </span>
    </p>
   </div>
   <div class='ocr_carea' id='block_1_41' title="bbox 195 2499 1703 2571">
    <p class='ocr_par' dir='ltr' id='par_1_41' title="bbox 195 2499 1703 2571">
     <span class='ocr_line' id='line_1_41' title="bbox 195 2499 1703 2571; baseline 0.003 -18"><span class='ocrx_word' id='word_1_288' title='bbox 195 2499 350 2555; x_wconf 65' lang='lat' dir='ltr'><strong>Multae</strong></span> <span class='ocrx_word' id='word_1_289' title='bbox 403 2510 537 2555; x_wconf 89' lang='lat' dir='ltr'><strong>sunt</strong></span> <span class='ocrx_word' id='word_1_290' title='bbox 587 2500 945 2566; x_wconf 71' lang='lat' dir='ltr'><strong>cogitationes</strong></span> <span class='ocrx_word' id='word_1_291' title='bbox 993 2499 1292 2567; x_wconf 86' lang='lat' dir='ltr'><strong>hominum,</strong></span> <span class='ocrx_word' id='word_1_292' title='bbox 1337 2517 1456 2571; x_wconf 67' lang='lat' dir='ltr'><strong>quae</strong></span> <span class='ocrx_word' id='word_1_293' title='bbox 1489 2502 1533 2557; x_wconf 91' lang='lat' dir='ltr'><strong>si</strong></span> <span class='ocrx_word' id='word_1_294' title='bbox 1569 2518 1703 2571; x_wconf 89' lang='lat' dir='ltr'><strong>pura</strong></span> 
     </span>
    </p>
   </div>
   <div class='ocr_carea' id='block_1_42' title="bbox 142 2589 1704 2663">
    <p class='ocr_par' dir='ltr' id='par_1_42' title="bbox 142 2589 1704 2663">
     <span class='ocr_line' id='line_1_42' title="bbox 142 2589 1704 2663; baseline 0.003 -19"><span class='ocrx_word' id='word_1_295' title='bbox 142 2590 486 2663; x_wconf 81' lang='lat' dir='ltr'><strong>ﬁderectaque</strong></span> <span class='ocrx_word' id='word_1_296' title='bbox 508 2589 807 2645; x_wconf 88' lang='lat' dir='ltr'><strong>intentione</strong></span> <span class='ocrx_word' id='word_1_297' title='bbox 832 2607 1010 2645; x_wconf 87' lang='lat' dir='ltr'><strong>rerum</strong></span> <span class='ocrx_word' id='word_1_298' title='bbox 1035 2591 1405 2661; x_wconf 88' lang='lat' dir='ltr'><strong>spiritualium</strong></span> <span class='ocrx_word' id='word_1_299' title='bbox 1422 2594 1704 2649; x_wconf 84' lang='lat' dir='ltr'><strong>veritatem</strong></span> 
     </span>
    </p>
   </div>
   <div class='ocr_carea' id='block_1_43' title="bbox 143 2672 1705 2752">
    <p class='ocr_par' dir='ltr' id='par_1_43' title="bbox 143 2672 1705 2752">
     <span class='ocr_line' id='line_1_43' title="bbox 143 2672 1705 2752; baseline 0.003 -19"><span class='ocrx_word' id='word_1_300' title='bbox 143 2691 376 2748; x_wconf 65' lang='lat' dir='ltr'><strong>quaerunt,</strong></span> <span class='ocrx_word' id='word_1_301' title='bbox 411 2696 757 2752; x_wconf 84' lang='lat' dir='ltr'><strong>nequaquam</strong></span> <span class='ocrx_word' id='word_1_302' title='bbox 788 2672 1180 2752; x_wconf 71' lang='lat' dir='ltr'><strong>permittuntur</strong></span> <span class='ocrx_word' id='word_1_303' title='bbox 1223 2682 1312 2737; x_wconf 87' lang='lat' dir='ltr'><strong>ditt</strong></span> <span class='ocrx_word' id='word_1_304' title='bbox 1358 2699 1562 2740; x_wconf 89' lang='lat' dir='ltr'><strong>errare.</strong></span> <span class='ocrx_word' id='word_1_305' title='bbox 1600 2684 1705 2739; x_wconf 85' lang='lat' dir='ltr'><strong>Aut</strong></span> 
     </span>
    </p>
   </div>
   <div class='ocr_carea' id='block_1_44' title="bbox 143 2772 1707 2844">
    <p class='ocr_par' dir='ltr' id='par_1_44' title="bbox 143 2772 1707 2844">
     <span class='ocr_line' id='line_1_44' title="bbox 143 2772 1707 2844; baseline 0.003 -18"><span class='ocrx_word' id='word_1_306' title='bbox 143 2773 259 2826; x_wconf 86' lang='lat' dir='ltr'><strong>enim</strong></span> <span class='ocrx_word' id='word_1_307' title='bbox 279 2783 467 2843; x_wconf 82' lang='lat' dir='ltr'><strong>aperte</strong></span> <span class='ocrx_word' id='word_1_308' title='bbox 490 2774 571 2829; x_wconf 90' lang='lat' dir='ltr'><strong>eis</strong></span> <span class='ocrx_word' id='word_1_309' title='bbox 600 2773 745 2844; x_wconf 91' lang='lat' dir='ltr'><strong>quod</strong></span> <span class='ocrx_word' id='word_1_310' title='bbox 773 2772 1061 2843; x_wconf 88' lang='lat' dir='ltr'><strong>requirunt</strong></span> <span class='ocrx_word' id='word_1_311' title='bbox 1111 2774 1510 2839; x_wconf 82' lang='lat' dir='ltr'><strong>manifestatur,</strong></span> <span class='ocrx_word' id='word_1_312' title='bbox 1562 2776 1707 2832; x_wconf 87' lang='lat' dir='ltr'><strong>sicut</strong></span> 
     </span>
    </p>
   </div>
   <div class='ocr_carea' id='block_1_45' title="bbox 144 2867 1704 2940">
    <p class='ocr_par' dir='ltr' id='par_1_45' title="bbox 144 2867 1704 2940">
     <span class='ocr_line' id='line_1_45' title="bbox 144 2867 1704 2940; baseline 0.004 -21"><span class='ocrx_word' id='word_1_313' title='bbox 144 2882 272 2933; x_wconf 83' lang='lat' dir='ltr'><strong>supra</strong></span> <span class='ocrx_word' id='word_1_314' title='bbox 300 2868 660 2933; x_wconf 83' lang='lat' dir='ltr'><strong>ostendimus,</strong></span> <span class='ocrx_word' id='word_1_315' title='bbox 694 2876 790 2923; x_wconf 90' lang='lat' dir='ltr'><strong>aut</strong></span> <span class='ocrx_word' id='word_1_316' title='bbox 837 2867 1065 2939; x_wconf 85' lang='lat' dir='ltr'><strong>mystice</strong></span> <span class='ocrx_word' id='word_1_317' title='bbox 1113 2883 1209 2938; x_wconf 89' lang='lat' dir='ltr'><strong>per</strong></span> <span class='ocrx_word' id='word_1_318' title='bbox 1253 2868 1482 2939; x_wconf 86' lang='lat' dir='ltr'><strong>alicujus</strong></span> <span class='ocrx_word' id='word_1_319' title='bbox 1522 2870 1704 2940; x_wconf 88' lang='lat' dir='ltr'><strong>operis</strong></span> 
     </span>
    </p>
   </div>
   <div class='ocr_carea' id='block_1_46' title="bbox 145 2953 1704 3030">
    <p class='ocr_par' dir='ltr' id='par_1_46' title="bbox 145 2953 1704 3030">
     <span class='ocr_line' id='line_1_46' title="bbox 145 2953 1704 3030; baseline 0.008 -25"><span class='ocrx_word' id='word_1_320' title='bbox 145 2953 331 3025; x_wconf 77' lang='lat' dir='ltr'><strong>ﬁguram</strong></span> <span class='ocrx_word' id='word_1_321' title='bbox 378 2956 713 3022; x_wconf 86' lang='lat' dir='ltr'><strong>insinuatur,</strong></span> <span class='ocrx_word' id='word_1_322' title='bbox 768 2966 826 3011; x_wconf 91' lang='lat' dir='ltr'><strong>ut</strong></span> <span class='ocrx_word' id='word_1_323' title='bbox 871 2959 1029 3012; x_wconf 88' lang='lat' dir='ltr'><strong>modo</strong></span> <span class='ocrx_word' id='word_1_324' title='bbox 1084 2958 1328 3016; x_wconf 88' lang='lat' dir='ltr'><strong>volumus</strong></span> <span class='ocrx_word' id='word_1_325' title='bbox 1375 2961 1587 3030; x_wconf 84' lang='lat' dir='ltr'><strong>aperire</strong></span> <span class='ocrx_word' id='word_1_326' title='bbox 1637 2978 1704 3018; x_wconf 74' lang='lat' dir='ltr'><strong>cx</strong></span> 
     </span>
    </p>
   </div>
   <div class='ocr_carea' id='block_1_47' title="bbox 145 3044 1731 3127">
    <p class='ocr_par' dir='ltr' id='par_1_47' title="bbox 145 3044 1731 3127">
     <span class='ocr_line' id='line_1_47' title="bbox 145 3044 1731 3127; baseline 0.006 -30"><span class='ocrx_word' id='word_1_327' title='bbox 145 3044 430 3115; x_wconf 76' lang='lat' dir='ltr'><strong>Evangelica</strong></span> <span class='ocrx_word' id='word_1_328' title='bbox 463 3047 712 3102; x_wconf 75' lang='lat' dir='ltr'><strong>lectione.</strong></span> <span class='ocrx_word' id='word_1_329' title='bbox 739 3047 916 3115; x_wconf 61' lang='lat' dir='ltr'><strong>Quicri</strong></span> <span class='ocrx_word' id='word_1_330' title='bbox 945 3049 1128 3121; x_wconf 85' lang='lat' dir='ltr'><strong>itaque</strong></span> <span class='ocrx_word' id='word_1_331' title='bbox 1147 3050 1470 3123; x_wconf 88' lang='lat' dir='ltr'><strong>potestquid</strong></span> <span class='ocrx_word' id='word_1_332' title='bbox 1497 3054 1731 3127; x_wconf 29' lang='lat' dir='ltr'><strong>prosint.</strong></span> 
     </span>
    </p>
   </div>
   <div class='ocr_carea' id='block_1_48' title="bbox 144 3139 1703 3217">
    <p class='ocr_par' dir='ltr' id='par_1_48' title="bbox 144 3139 1703 3217">
     <span class='ocr_line' id='line_1_48' title="bbox 144 3139 1703 3217; baseline 0.007 -27"><span class='ocrx_word' id='word_1_333' title='bbox 144 3139 345 3206; x_wconf 73' lang='lat' dir='ltr'><strong>parvulis</strong></span> <span class='ocrx_word' id='word_1_334' title='bbox 374 3139 511 3193; x_wconf 83' lang='lat' dir='ltr'><strong>nihil</strong></span> <span class='ocrx_word' id='word_1_335' title='bbox 541 3140 839 3196; x_wconf 84' lang='lat' dir='ltr'><strong>scientibus</strong></span> <span class='ocrx_word' id='word_1_336' title='bbox 884 3140 1174 3199; x_wconf 78' lang='lat' dir='ltr'><strong>oll‘crcntes</strong></span> <span class='ocrx_word' id='word_1_337' title='bbox 1199 3161 1293 3201; x_wconf 91' lang='lat' dir='ltr'><strong>eos</strong></span> <span class='ocrx_word' id='word_1_338' title='bbox 1325 3146 1391 3200; x_wconf 91' lang='lat' dir='ltr'><strong>ad</strong></span> <span class='ocrx_word' id='word_1_339' title='bbox 1413 3144 1703 3217; x_wconf 89' lang='lat' dir='ltr'><strong>baptisma,</strong></span> 
     </span>
    </p>
   </div>
   <div class='ocr_carea' id='block_1_49' title="bbox 1808 1941 3398 2028">
    <p class='ocr_par' dir='ltr' id='par_1_49' title="bbox 1808 1941 3398 2028">
     <span class='ocr_line' id='line_1_49' title="bbox 1808 1941 3398 2028; baseline 0.009 -31"><span class='ocrx_word' id='word_1_340' title='bbox 1808 1941 1972 1999; x_wconf 89' lang='lat' dir='ltr'><strong>Sinite</strong></span> <span class='ocrx_word' id='word_1_341' title='bbox 1995 1945 2242 2013; x_wconf 85' lang='lat' dir='ltr'><strong>parvulos</strong></span> <span class='ocrx_word' id='word_1_342' title='bbox 2291 1950 2463 2003; x_wconf 80' lang='lat' dir='ltr'><strong>venire</strong></span> <span class='ocrx_word' id='word_1_343' title='bbox 2509 1950 2578 2002; x_wconf 87' lang='lat' dir='ltr'><strong>ad</strong></span> <span class='ocrx_word' id='word_1_344' title='bbox 2626 1966 2743 2005; x_wconf 83' lang='lat' dir='ltr'><strong>me:</strong></span> <span class='ocrx_word' id='word_1_345' title='bbox 2794 1952 2979 2007; x_wconf 88' lang='lat' dir='ltr'><strong>talium</strong></span> <span class='ocrx_word' id='word_1_346' title='bbox 3010 1957 3148 2009; x_wconf 86' lang='lat' dir='ltr'><strong>enim</strong></span> <span class='ocrx_word' id='word_1_347' title='bbox 3180 1974 3398 2028; x_wconf 80' lang='lat' dir='ltr'><strong>regnum</strong></span> 
     </span>
    </p>
   </div>
   <div class='ocr_carea' id='block_1_50' title="bbox 1804 2035 3402 2114">
    <p class='ocr_par' dir='ltr' id='par_1_50' title="bbox 1804 2035 3402 2114">
     <span class='ocr_line' id='line_1_50' title="bbox 1804 2035 3402 2114; baseline 0.013 -27"><span class='ocrx_word' id='word_1_348' title='bbox 1804 2035 2049 2091; x_wconf 72' lang='lat' dir='ltr'><strong>caelorum</strong></span> <span class='ocrx_word' id='word_1_349' title='bbox 2082 2038 2293 2108; x_wconf 72' lang='lat' dir='ltr'><strong>(Matth.</strong></span> <span class='ocrx_word' id='word_1_350' title='bbox 2334 2056 2389 2107; x_wconf 76' lang='grc' dir='ltr'><strong>ιι,</strong></span> <span class='ocrx_word' id='word_1_351' title='bbox 2426 2040 2535 2113; x_wconf 73' lang='grc' dir='ltr'><strong>Η).</strong></span> <span class='ocrx_word' id='word_1_352' title='bbox 2581 2042 2657 2097; x_wconf 77' lang='lat' dir='ltr'><strong>Ex</strong></span> <span class='ocrx_word' id='word_1_353' title='bbox 2706 2044 2903 2114; x_wconf 90' lang='lat' dir='ltr'><strong>quibus</strong></span> <span class='ocrx_word' id='word_1_354' title='bbox 2951 2049 3201 2104; x_wconf 86' lang='lat' dir='ltr'><strong>omnibus</strong></span> <span class='ocrx_word' id='word_1_355' title='bbox 3247 2050 3402 2107; x_wconf 84' lang='lat' dir='ltr'><strong>colli-</strong></span> 
     </span>
    </p>
   </div>
   <div class='ocr_carea' id='block_1_51' title="bbox 1804 2128 3394 2212">
    <p class='ocr_par' dir='ltr' id='par_1_51' title="bbox 1804 2128 3394 2212">
     <span class='ocr_line' id='line_1_51' title="bbox 1804 2128 3394 2212; baseline 0.009 -32"><span class='ocrx_word' id='word_1_356' title='bbox 1804 2128 1948 2198; x_wconf 78' lang='lat' dir='ltr'><strong>gitur</strong></span> <span class='ocrx_word' id='word_1_357' title='bbox 1973 2130 2122 2199; x_wconf 89' lang='lat' dir='ltr'><strong>quia,</strong></span> <span class='ocrx_word' id='word_1_358' title='bbox 2155 2130 2427 2200; x_wconf 73' lang='lat' dir='ltr'><strong>quamVis,</strong></span> <span class='ocrx_word' id='word_1_359' title='bbox 2473 2133 2525 2187; x_wconf 92' lang='lat' dir='ltr'><strong>in</strong></span> <span class='ocrx_word' id='word_1_360' title='bbox 2560 2132 2853 2204; x_wconf 80' lang='lat' dir='ltr'><strong>Evangelio</strong></span> <span class='ocrx_word' id='word_1_361' title='bbox 2881 2133 2970 2192; x_wconf 84' lang='lat' dir='ltr'><strong>illo</strong></span> <span class='ocrx_word' id='word_1_362' title='bbox 3006 2154 3114 2209; x_wconf 90' lang='lat' dir='ltr'><strong>quo</strong></span> <span class='ocrx_word' id='word_1_363' title='bbox 3149 2140 3394 2212; x_wconf 87' lang='lat' dir='ltr'><strong>discipuli</strong></span> 
     </span>
    </p>
   </div>
   <div class='ocr_carea' id='block_1_52' title="bbox 1805 2218 3397 2302">
    <p class='ocr_par' dir='ltr' id='par_1_52' title="bbox 1805 2218 3397 2302">
     <span class='ocr_line' id='line_1_52' title="bbox 1805 2218 3397 2302; baseline 0.009 -30"><span class='ocrx_word' id='word_1_364' title='bbox 1805 2218 2083 2285; x_wconf 83' lang='lat' dir='ltr'><strong>baptizare</strong></span> <span class='ocrx_word' id='word_1_365' title='bbox 2113 2218 2390 2289; x_wconf 73' lang='lat' dir='ltr'><strong>iubentur,</strong></span> <span class='ocrx_word' id='word_1_366' title='bbox 2436 2223 2695 2277; x_wconf 91' lang='lat' dir='ltr'><strong>memoria</strong></span> <span class='ocrx_word' id='word_1_367' title='bbox 2729 2223 2869 2279; x_wconf 85' lang='lat' dir='ltr'><strong>nulla</strong></span> <span class='ocrx_word' id='word_1_368' title='bbox 2899 2226 3239 2284; x_wconf 72' lang='lat' dir='ltr'><strong>offerentium</strong></span> <span class='ocrx_word' id='word_1_369' title='bbox 3271 2246 3397 2302; x_wconf 86' lang='lat' dir='ltr'><strong>par-</strong></span> 
     </span>
    </p>
   </div>
   <div class='ocr_carea' id='block_1_53' title="bbox 1806 2307 3399 2377">
    <p class='ocr_par' dir='ltr' id='par_1_53' title="bbox 1806 2307 3399 2377">
     <span class='ocr_line' id='line_1_53' title="bbox 1806 2307 3399 2377; baseline 0.01 -17"><span class='ocrx_word' id='word_1_370' title='bbox 1806 2307 1957 2362; x_wconf 89' lang='lat' dir='ltr'><strong>vulos</strong></span> <span class='ocrx_word' id='word_1_371' title='bbox 2006 2309 2314 2377; x_wconf 80' lang='lat' dir='ltr'><strong>habeatur,</strong></span> <span class='ocrx_word' id='word_1_372' title='bbox 2368 2312 2699 2367; x_wconf 80' lang='lat' dir='ltr'><strong>credendum</strong></span> <span class='ocrx_word' id='word_1_373' title='bbox 2750 2324 2834 2369; x_wconf 92' lang='lat' dir='ltr'><strong>est</strong></span> <span class='ocrx_word' id='word_1_374' title='bbox 2883 2326 3060 2371; x_wconf 88' lang='lat' dir='ltr'><strong>tamen</strong></span> <span class='ocrx_word' id='word_1_375' title='bbox 3108 2327 3157 2373; x_wconf 90' lang='lat' dir='ltr'><strong>et</strong></span> <span class='ocrx_word' id='word_1_376' title='bbox 3195 2319 3399 2375; x_wconf 89' lang='lat' dir='ltr'><strong>subau-</strong></span> 
     </span>
    </p>
   </div>
   <div class='ocr_carea' id='block_1_54' title="bbox 1805 2397 3394 2475">
    <p class='ocr_par' dir='ltr' id='par_1_54' title="bbox 1805 2397 3394 2475">
     <span class='ocr_line' id='line_1_54' title="bbox 1805 2397 3394 2475; baseline 0.009 -25"><span class='ocrx_word' id='word_1_377' title='bbox 1805 2397 2060 2454; x_wconf 79' lang='lat' dir='ltr'><strong>diendum</strong></span> <span class='ocrx_word' id='word_1_378' title='bbox 2117 2400 2309 2456; x_wconf 88' lang='lat' dir='ltr'><strong>adesse</strong></span> <span class='ocrx_word' id='word_1_379' title='bbox 2361 2401 2594 2468; x_wconf 86' lang='lat' dir='ltr'><strong>debere,</strong></span> <span class='ocrx_word' id='word_1_380' title='bbox 2671 2404 2939 2475; x_wconf 88' lang='lat' dir='ltr'><strong>simulque</strong></span> <span class='ocrx_word' id='word_1_381' title='bbox 2986 2422 3174 2462; x_wconf 89' lang='lat' dir='ltr'><strong>eorum</strong></span> <span class='ocrx_word' id='word_1_382' title='bbox 3232 2407 3394 2465; x_wconf 74' lang='lat' dir='ltr'><strong>[idem</strong></span> 
     </span>
    </p>
   </div>
   <div class='ocr_carea' id='block_1_55' title="bbox 1802 2486 3396 2572">
    <p class='ocr_par' dir='ltr' id='par_1_55' title="bbox 1802 2486 3396 2572">
     <span class='ocr_line' id='line_1_55' title="bbox 1802 2486 3396 2572; baseline 0.01 -31"><span class='ocrx_word' id='word_1_383' title='bbox 1802 2486 2141 2558; x_wconf 87' lang='lat' dir='ltr'><strong>baptizandis</strong></span> <span class='ocrx_word' id='word_1_384' title='bbox 2187 2491 2414 2546; x_wconf 88' lang='lat' dir='ltr'><strong>multum</strong></span> <span class='ocrx_word' id='word_1_385' title='bbox 2469 2488 2743 2565; x_wconf 71' lang='lat' dir='ltr'><strong>prodesse.</strong></span> <span class='ocrx_word' id='word_1_386' title='bbox 2796 2495 3113 2565; x_wconf 54' lang='lat' dir='ltr'><strong>Hujusn‘mdi</strong></span> <span class='ocrx_word' id='word_1_387' title='bbox 3160 2514 3396 2572; x_wconf 86' lang='lat' dir='ltr'><strong>namque</strong></span> 
     </span>
    </p>
   </div>
   <div class='ocr_carea' id='block_1_56' title="bbox 1804 2578 3395 2657">
    <p class='ocr_par' dir='ltr' id='par_1_56' title="bbox 1804 2578 3395 2657">
     <span class='ocr_line' id='line_1_56' title="bbox 1804 2578 3395 2657; baseline 0.008 -23"><span class='ocrx_word' id='word_1_388' title='bbox 1804 2578 2118 2636; x_wconf 87' lang='lat' dir='ltr'><strong>subauditio</strong></span> <span class='ocrx_word' id='word_1_389' title='bbox 2148 2582 2201 2636; x_wconf 91' lang='lat' dir='ltr'><strong>in</strong></span> <span class='ocrx_word' id='word_1_390' title='bbox 2232 2584 2416 2639; x_wconf 90' lang='lat' dir='ltr'><strong>multis</strong></span> <span class='ocrx_word' id='word_1_391' title='bbox 2440 2600 2610 2640; x_wconf 76' lang='lat' dir='ltr'><strong>sacra:</strong></span> <span class='ocrx_word' id='word_1_392' title='bbox 2636 2586 2930 2657; x_wconf 79' lang='lat' dir='ltr'><strong>Scriptura:</strong></span> <span class='ocrx_word' id='word_1_393' title='bbox 2961 2587 3095 2644; x_wconf 88' lang='lat' dir='ltr'><strong>locis</strong></span> <span class='ocrx_word' id='word_1_394' title='bbox 3116 2589 3395 2646; x_wconf 78' lang='lat' dir='ltr'><strong>inferenda</strong></span> 
     </span>
    </p>
   </div>
   <div class='ocr_carea' id='block_1_57' title="bbox 1805 2673 3401 2752">
    <p class='ocr_par' dir='ltr' id='par_1_57' title="bbox 1805 2673 3401 2752">
     <span class='ocr_line' id='line_1_57' title="bbox 1805 2673 3401 2752; baseline 0.007 -26"><span class='ocrx_word' id='word_1_395' title='bbox 1805 2681 1912 2740; x_wconf 87' lang='lat' dir='ltr'><strong>est,</strong></span> <span class='ocrx_word' id='word_1_396' title='bbox 1960 2673 2201 2745; x_wconf 87' lang='lat' dir='ltr'><strong>alioquin</strong></span> <span class='ocrx_word' id='word_1_397' title='bbox 2229 2689 2292 2730; x_wconf 86' lang='lat' dir='ltr'><strong>ea</strong></span> <span class='ocrx_word' id='word_1_398' title='bbox 2315 2691 2435 2746; x_wconf 74' lang='lat' dir='ltr'><strong>qure</strong></span> <span class='ocrx_word' id='word_1_399' title='bbox 2463 2677 2664 2748; x_wconf 86' lang='lat' dir='ltr'><strong>scripta</strong></span> <span class='ocrx_word' id='word_1_400' title='bbox 2714 2687 2841 2734; x_wconf 91' lang='lat' dir='ltr'><strong>sunt</strong></span> <span class='ocrx_word' id='word_1_401' title='bbox 2886 2694 3057 2735; x_wconf 77' lang='lat' dir='ltr'><strong>sacrze</strong></span> <span class='ocrx_word' id='word_1_402' title='bbox 3106 2678 3230 2736; x_wconf 80' lang='lat' dir='ltr'><strong>ﬁdei</strong></span> <span class='ocrx_word' id='word_1_403' title='bbox 3283 2681 3401 2752; x_wconf 89' lang='lat' dir='ltr'><strong>ple-</strong></span> 
     </span>
    </p>
   </div>
   <div class='ocr_carea' id='block_1_58' title="bbox 1806 2768 3397 2849">
    <p class='ocr_par' dir='ltr' id='par_1_58' title="bbox 1806 2768 3397 2849">
     <span class='ocr_line' id='line_1_58' title="bbox 1806 2768 3397 2849; baseline 0.006 -25"><span class='ocrx_word' id='word_1_404' title='bbox 1806 2784 2035 2841; x_wconf 92' lang='lat' dir='ltr'><strong>rumque</strong></span> <span class='ocrx_word' id='word_1_405' title='bbox 2064 2781 2339 2841; x_wconf 90' lang='lat' dir='ltr'><strong>nequeunt</strong></span> <span class='ocrx_word' id='word_1_406' title='bbox 2368 2773 2565 2842; x_wconf 85' lang='lat' dir='ltr'><strong>aptari.</strong></span> <span class='ocrx_word' id='word_1_407' title='bbox 2602 2768 2729 2828; x_wconf 68' lang='lat' dir='ltr'><strong>licet:</strong></span> <span class='ocrx_word' id='word_1_408' title='bbox 2769 2768 2935 2846; x_wconf 74' lang='lat' dir='ltr'><strong>igitur</strong></span> <span class='ocrx_word' id='word_1_409' title='bbox 2969 2785 3192 2847; x_wconf 88' lang='lat' dir='ltr'><strong>propter</strong></span> <span class='ocrx_word' id='word_1_410' title='bbox 3227 2794 3397 2849; x_wconf 86' lang='lat' dir='ltr'><strong>quos-</strong></span> 
     </span>
    </p>
   </div>
   <div class='ocr_carea' id='block_1_59' title="bbox 1805 2861 3399 2931">
    <p class='ocr_par' dir='ltr' id='par_1_59' title="bbox 1805 2861 3399 2931">
     <span class='ocr_line' id='line_1_59' title="bbox 1805 2861 3399 2931; baseline 0.006 -16"><span class='ocrx_word' id='word_1_411' title='bbox 1805 2861 1926 2916; x_wconf 83' lang='lat' dir='ltr'><strong>dam</strong></span> <span class='ocrx_word' id='word_1_412' title='bbox 1975 2862 2248 2931; x_wconf 84' lang='lat' dir='ltr'><strong>simplices</strong></span> <span class='ocrx_word' id='word_1_413' title='bbox 2275 2870 2330 2919; x_wconf 89' lang='lat' dir='ltr'><strong>et</strong></span> <span class='ocrx_word' id='word_1_414' title='bbox 2384 2862 2578 2919; x_wconf 78' lang='lat' dir='ltr'><strong>littera:</strong></span> <span class='ocrx_word' id='word_1_415' title='bbox 2608 2862 2797 2928; x_wconf 83' lang='lat' dir='ltr'><strong>solius,</strong></span> <span class='ocrx_word' id='word_1_416' title='bbox 2824 2881 2930 2921; x_wconf 89' lang='lat' dir='ltr'><strong>non</strong></span> <span class='ocrx_word' id='word_1_417' title='bbox 2977 2877 3157 2923; x_wconf 90' lang='lat' dir='ltr'><strong>autem</strong></span> <span class='ocrx_word' id='word_1_418' title='bbox 3200 2866 3399 2926; x_wconf 77' lang='lat' dir='ltr'><strong>intelli-</strong></span> 
     </span>
    </p>
   </div>
   <div class='ocr_carea' id='block_1_60' title="bbox 1804 2944 3423 3031">
    <p class='ocr_par' dir='ltr' id='par_1_60' title="bbox 1804 2944 3423 3031">
     <span class='ocr_line' id='line_1_60' title="bbox 1804 2944 3423 3031; baseline 0.004 -22"><span class='ocrx_word' id='word_1_419' title='bbox 1804 2955 1999 3026; x_wconf 71' lang='lat' dir='ltr'><strong>gentia:</strong></span> <span class='ocrx_word' id='word_1_420' title='bbox 2040 2954 2359 3025; x_wconf 86' lang='lat' dir='ltr'><strong>spiritualis,</strong></span> <span class='ocrx_word' id='word_1_421' title='bbox 2389 2956 2593 3011; x_wconf 90' lang='lat' dir='ltr'><strong>amicos</strong></span> <span class='ocrx_word' id='word_1_422' title='bbox 2639 2956 2773 3022; x_wconf 70' lang='lat' dir='ltr'><strong>dixi,</strong></span> <span class='ocrx_word' id='word_1_423' title='bbox 2836 2967 2894 3012; x_wconf 93' lang='lat' dir='ltr'><strong>ut</strong></span> <span class='ocrx_word' id='word_1_424' title='bbox 2944 2961 3086 3015; x_wconf 78' lang='lat' dir='ltr'><strong>tuine</strong></span> <span class='ocrx_word' id='word_1_425' title='bbox 3142 2944 3423 3031; x_wconf 28' lang='lat' dir='ltr'><strong>loquendi.</strong></span> 
     </span>
    </p>
   </div>
   <div class='ocr_carea' id='block_1_61' title="bbox 1806 3036 3423 3116">
    <p class='ocr_par' dir='ltr' id='par_1_61' title="bbox 1806 3036 3423 3116">
     <span class='ocr_line' id='line_1_61' title="bbox 1806 3036 3423 3116; baseline 0.002 -15"><span class='ocrx_word' id='word_1_426' title='bbox 1806 3061 2011 3101; x_wconf 90' lang='lat' dir='ltr'><strong>morem</strong></span> <span class='ocrx_word' id='word_1_427' title='bbox 2082 3061 2241 3115; x_wconf 88' lang='lat' dir='ltr'><strong>quem</strong></span> <span class='ocrx_word' id='word_1_428' title='bbox 2274 3045 2375 3116; x_wconf 88' lang='lat' dir='ltr'><strong>ipsi</strong></span> <span class='ocrx_word' id='word_1_429' title='bbox 2429 3046 2481 3100; x_wconf 92' lang='lat' dir='ltr'><strong>in</strong></span> <span class='ocrx_word' id='word_1_430' title='bbox 2526 3060 2779 3101; x_wconf 85' lang='lat' dir='ltr'><strong>sermone</strong></span> <span class='ocrx_word' id='word_1_431' title='bbox 2819 3057 3075 3105; x_wconf 74' lang='lat' dir='ltr'><strong>exercent</strong></span> <span class='ocrx_word' id='word_1_432' title='bbox 3118 3036 3423 3105; x_wconf 71' lang='lat' dir='ltr'><strong>communi</strong></span> 
     </span>
    </p>
   </div>
   <div class='ocr_carea' id='block_1_62' title="bbox 1809 3133 3397 3209">
    <p class='ocr_par' dir='ltr' id='par_1_62' title="bbox 1809 3133 3397 3209">
     <span class='ocr_line' id='line_1_62' title="bbox 1809 3133 3397 3209; baseline 0.004 -20"><span class='ocrx_word' id='word_1_433' title='bbox 1809 3133 1971 3206; x_wconf 62' lang='grc' dir='ltr'><strong>(δίκερε</strong></span> <span class='ocrx_word' id='word_1_434' title='bbox 2014 3135 2156 3190; x_wconf 87' lang='lat' dir='ltr'><strong>enim</strong></span> <span class='ocrx_word' id='word_1_435' title='bbox 2189 3135 2261 3190; x_wconf 83' lang='lat' dir='ltr'><strong>ita</strong></span> <span class='ocrx_word' id='word_1_436' title='bbox 2294 3135 2589 3206; x_wconf 88' lang='lat' dir='ltr'><strong>loquuntur</strong></span> <span class='ocrx_word' id='word_1_437' title='bbox 2610 3144 2691 3203; x_wconf 92' lang='lat' dir='ltr'><strong>ut,</strong></span> <span class='ocrx_word' id='word_1_438' title='bbox 2721 3136 2824 3192; x_wconf 90' lang='lat' dir='ltr'><strong>nisi</strong></span> <span class='ocrx_word' id='word_1_439' title='bbox 2871 3136 3048 3209; x_wconf 89' lang='lat' dir='ltr'><strong>aliqua</strong></span> <span class='ocrx_word' id='word_1_440' title='bbox 3080 3139 3245 3195; x_wconf 89' lang='lat' dir='ltr'><strong>verba</strong></span> <span class='ocrx_word' id='word_1_441' title='bbox 3268 3142 3397 3196; x_wconf 88' lang='lat' dir='ltr'><strong>sub-</strong></span> 
     </span>
    </p>
   </div>
   <div class='ocr_carea' id='block_1_63' title="bbox 145 3214 3398 3308">
    <p class='ocr_par' dir='ltr' id='par_1_63' title="bbox 145 3214 3398 3308">
     <span class='ocr_line' id='line_1_63' title="bbox 145 3214 3398 3308; baseline 0.006 -39"><span class='ocrx_word' id='word_1_442' title='bbox 145 3242 221 3296; x_wconf 69' lang='grc' dir='ltr'><strong>ρτο</strong></span> <span class='ocrx_word' id='word_1_443' title='bbox 244 3244 301 3284; x_wconf 65' lang='lat' dir='ltr'><strong>eo</strong></span> <span class='ocrx_word' id='word_1_444' title='bbox 326 3231 541 3286; x_wconf 51' lang='lat' dir='ltr'><strong>scilicet</strong></span> <span class='ocrx_word' id='word_1_445' title='bbox 569 3233 737 3301; x_wconf 51' lang='lat' dir='ltr'><strong>quod,</strong></span> <span class='ocrx_word' id='word_1_446' title='bbox 772 3233 845 3288; x_wconf 66' lang='lat'><strong>31,;</strong></span> <span class='ocrx_word' id='word_1_447' title='bbox 876 3234 964 3289; x_wconf 70' lang='lat' dir='ltr'><strong>ubi</strong></span> <span class='ocrx_word' id='word_1_448' title='bbox 1005 3235 1251 3308; x_wconf 66' lang='lat' dir='ltr'><strong>discipuli</strong></span> <span class='ocrx_word' id='word_1_449' title='bbox 1292 3214 1552 3307; x_wconf 49' lang='lat' dir='ltr'><strong>jubem&#39;m.</strong></span> <span class='ocrx_word' id='word_1_450' title='bbox 1604 3239 1702 3295; x_wconf 64' lang='lat' dir='ltr'><strong>ba-</strong></span> <span class='ocrx_word' id='word_1_451' title='bbox 1731 3214 1777 3276; x_wconf 83' lang='lat' dir='ltr'><strong><em>C</em></strong></span> <span class='ocrx_word' id='word_1_452' title='bbox 1808 3224 2121 3291; x_wconf 88' lang='lat' dir='ltr'><strong>audiantur,</strong></span> <span class='ocrx_word' id='word_1_453' title='bbox 2141 3224 3398 3303; x_wconf 75' lang='lat' dir='ltr'><strong>irrationabiliterloquivideantur),agnoscaut</strong></span> 
     </span>
    </p>
   </div>
   <div class='ocr_carea' id='block_1_64' title="bbox 144 3322 1705 3394">
    <p class='ocr_par' dir='ltr' id='par_1_64' title="bbox 144 3322 1705 3394">
     <span class='ocr_line' id='line_1_64' title="bbox 144 3322 1705 3394; baseline 0.007 -21"><span class='ocrx_word' id='word_1_454' title='bbox 144 3323 313 3390; x_wconf 74' lang='lat' dir='ltr'><strong>ptizare</strong></span> <span class='ocrx_word' id='word_1_455' title='bbox 343 3322 533 3378; x_wconf 78' lang='lat' dir='ltr'><strong>ﬁdeles</strong></span> <span class='ocrx_word' id='word_1_456' title='bbox 557 3324 849 3394; x_wconf 87' lang='lat' dir='ltr'><strong>quoslibet,</strong></span> <span class='ocrx_word' id='word_1_457' title='bbox 876 3342 980 3381; x_wconf 88' lang='lat' dir='ltr'><strong>non</strong></span> <span class='ocrx_word' id='word_1_458' title='bbox 1022 3326 1195 3383; x_wconf 90' lang='lat' dir='ltr'><strong>solum</strong></span> <span class='ocrx_word' id='word_1_459' title='bbox 1238 3327 1372 3383; x_wconf 84' lang='lat' dir='ltr'><strong>nihil</strong></span> <span class='ocrx_word' id='word_1_460' title='bbox 1395 3329 1461 3384; x_wconf 90' lang='lat' dir='ltr'><strong>de</strong></span> <span class='ocrx_word' id='word_1_461' title='bbox 1495 3345 1705 3385; x_wconf 87' lang='lat' dir='ltr'><strong>eorum-</strong></span> 
     </span>
    </p>
   </div>
   <div class='ocr_carea' id='block_1_65' title="bbox 146 3412 1706 3482">
    <p class='ocr_par' dir='ltr' id='par_1_65' title="bbox 146 3412 1706 3482">
     <span class='ocr_line' id='line_1_65' title="bbox 146 3412 1706 3482; baseline 0.008 -19"><span class='ocrx_word' id='word_1_462' title='bbox 146 3412 241 3467; x_wconf 88' lang='lat' dir='ltr'><strong>dem</strong></span> <span class='ocrx_word' id='word_1_463' title='bbox 260 3413 601 3470; x_wconf 74' lang='lat' dir='ltr'><strong>oﬂ‘erentimn</strong></span> <span class='ocrx_word' id='word_1_464' title='bbox 633 3416 885 3482; x_wconf 90' lang='lat' dir='ltr'><strong>utilitate,</strong></span> <span class='ocrx_word' id='word_1_465' title='bbox 919 3420 1013 3471; x_wconf 83' lang='lat' dir='ltr'><strong>sed</strong></span> <span class='ocrx_word' id='word_1_466' title='bbox 1038 3434 1136 3474; x_wconf 89' lang='lat' dir='ltr'><strong>nec</strong></span> <span class='ocrx_word' id='word_1_467' title='bbox 1167 3418 1235 3473; x_wconf 87' lang='lat' dir='ltr'><strong>de</strong></span> <span class='ocrx_word' id='word_1_468' title='bbox 1257 3434 1444 3474; x_wconf 88' lang='lat' dir='ltr'><strong>eorum</strong></span> <span class='ocrx_word' id='word_1_469' title='bbox 1475 3421 1706 3476; x_wconf 84' lang='lat' dir='ltr'><strong>adventu</strong></span> 
     </span>
    </p>
   </div>
   <div class='ocr_carea' id='block_1_66' title="bbox 146 3505 1707 3580">
    <p class='ocr_par' dir='ltr' id='par_1_66' title="bbox 146 3505 1707 3580">
     <span class='ocr_line' id='line_1_66' title="bbox 146 3505 1707 3580; baseline 0.009 -25"><span class='ocrx_word' id='word_1_470' title='bbox 146 3505 402 3575; x_wconf 71' lang='lat' dir='ltr'><strong>quidquam</strong></span> <span class='ocrx_word' id='word_1_471' title='bbox 481 3518 981 3576; x_wconf 85' lang='lat' dir='ltr'><strong>commemoratur,</strong></span> <span class='ocrx_word' id='word_1_472' title='bbox 1033 3510 1186 3580; x_wconf 91' lang='lat' dir='ltr'><strong>quasi</strong></span> <span class='ocrx_word' id='word_1_473' title='bbox 1241 3512 1568 3568; x_wconf 88' lang='lat' dir='ltr'><strong>credendum</strong></span> <span class='ocrx_word' id='word_1_474' title='bbox 1636 3512 1707 3570; x_wconf 85' lang='lat' dir='ltr'><strong>sit</strong></span> 
     </span>
    </p>
   </div>
   <div class='ocr_carea' id='block_1_67' title="bbox 146 3595 1708 3669">
    <p class='ocr_par' dir='ltr' id='par_1_67' title="bbox 146 3595 1708 3669">
     <span class='ocr_line' id='line_1_67' title="bbox 146 3595 1708 3669; baseline 0.008 -22"><span class='ocrx_word' id='word_1_475' title='bbox 146 3595 250 3650; x_wconf 87' lang='lat' dir='ltr'><strong>nihil</strong></span> <span class='ocrx_word' id='word_1_476' title='bbox 290 3599 549 3668; x_wconf 88' lang='lat' dir='ltr'><strong>prodesse</strong></span> <span class='ocrx_word' id='word_1_477' title='bbox 600 3600 842 3668; x_wconf 74' lang='lat' dir='ltr'><strong>parvulis</strong></span> <span class='ocrx_word' id='word_1_478' title='bbox 883 3601 1225 3657; x_wconf 77' lang='lat' dir='ltr'><strong>oﬂ&#39;erenlium</strong></span> <span class='ocrx_word' id='word_1_479' title='bbox 1268 3602 1438 3658; x_wconf 86' lang='lat' dir='ltr'><strong>labor.</strong></span> <span class='ocrx_word' id='word_1_480' title='bbox 1484 3602 1614 3669; x_wconf 88' lang='lat' dir='ltr'><strong>Sed,</strong></span> <span class='ocrx_word' id='word_1_481' title='bbox 1649 3613 1708 3660; x_wconf 92' lang='lat' dir='ltr'><strong>ut</strong></span> 
     </span>
    </p>
   </div>
   <div class='ocr_carea' id='block_1_68' title="bbox 148 3684 1737 3764">
    <p class='ocr_par' dir='ltr' id='par_1_68' title="bbox 148 3684 1737 3764">
     <span class='ocr_line' id='line_1_68' title="bbox 148 3684 1737 3764; baseline 0.008 -26"><span class='ocrx_word' id='word_1_482' title='bbox 148 3685 252 3741; x_wconf 84' lang='lat' dir='ltr'><strong>mihi</strong></span> <span class='ocrx_word' id='word_1_483' title='bbox 284 3690 513 3756; x_wconf 81' lang='lat' dir='ltr'><strong>videtur,</strong></span> <span class='ocrx_word' id='word_1_484' title='bbox 547 3689 776 3745; x_wconf 89' lang='lat' dir='ltr'><strong>multum</strong></span> <span class='ocrx_word' id='word_1_485' title='bbox 819 3692 1034 3761; x_wconf 87' lang='lat' dir='ltr'><strong>prodest</strong></span> <span class='ocrx_word' id='word_1_486' title='bbox 1082 3693 1321 3763; x_wconf 87' lang='lat' dir='ltr'><strong>parvulis</strong></span> <span class='ocrx_word' id='word_1_487' title='bbox 1367 3684 1737 3764; x_wconf 78' lang='lat' dir='ltr'><strong>baptizandis</strong></span> 
     </span>
    </p>
   </div>
   <div class='ocr_carea' id='block_1_69' title="bbox 146 3776 1706 3855">
    <p class='ocr_par' dir='ltr' id='par_1_69' title="bbox 146 3776 1706 3855">
     <span class='ocr_line' id='line_1_69' title="bbox 146 3776 1706 3855; baseline 0.007 -25"><span class='ocrx_word' id='word_1_488' title='bbox 146 3776 451 3835; x_wconf 82' lang='lat' dir='ltr'><strong>ollerentium</strong></span> <span class='ocrx_word' id='word_1_489' title='bbox 524 3782 713 3848; x_wconf 81' lang='lat' dir='ltr'><strong>ﬁdes;</strong></span> <span class='ocrx_word' id='word_1_490' title='bbox 774 3797 1009 3853; x_wconf 71' lang='lat' dir='ltr'><strong>illosque</strong></span> <span class='ocrx_word' id='word_1_491' title='bbox 1059 3783 1323 3855; x_wconf 70' lang='lat' dir='ltr'><strong>subiungo</strong></span> <span class='ocrx_word' id='word_1_492' title='bbox 1391 3784 1533 3840; x_wconf 90' lang='lat' dir='ltr'><strong>unde</strong></span> <span class='ocrx_word' id='word_1_493' title='bbox 1576 3785 1706 3841; x_wconf 87' lang='lat' dir='ltr'><strong>illud</strong></span> 
     </span>
    </p>
   </div>
   <div class='ocr_carea' id='block_1_70' title="bbox 147 3872 1707 3948">
    <p class='ocr_par' dir='ltr' id='par_1_70' title="bbox 147 3872 1707 3948">
     <span class='ocr_line' id='line_1_70' title="bbox 147 3872 1707 3948; baseline 0.006 -26"><span class='ocrx_word' id='word_1_494' title='bbox 147 3872 329 3938; x_wconf 83' lang='lat' dir='ltr'><strong>probari</strong></span> <span class='ocrx_word' id='word_1_495' title='bbox 381 3872 573 3929; x_wconf 89' lang='lat' dir='ltr'><strong>credo.</strong></span> <span class='ocrx_word' id='word_1_496' title='bbox 632 3872 768 3928; x_wconf 83' lang='lat' dir='ltr'><strong>Nam</strong></span> <span class='ocrx_word' id='word_1_497' title='bbox 822 3874 876 3929; x_wconf 89' lang='lat' dir='ltr'><strong>in</strong></span> <span class='ocrx_word' id='word_1_498' title='bbox 930 3875 1162 3945; x_wconf 89' lang='lat' dir='ltr'><strong>quodam</strong></span> <span class='ocrx_word' id='word_1_499' title='bbox 1212 3874 1370 3931; x_wconf 63' lang='lat' dir='ltr'><strong>Lucae</strong></span> <span class='ocrx_word' id='word_1_500' title='bbox 1417 3875 1707 3948; x_wconf 77' lang='lat' dir='ltr'><strong>Evangelia</strong></span> 
     </span>
    </p>
   </div>
   <div class='ocr_carea' id='block_1_71' title="bbox 148 3957 1705 4037">
    <p class='ocr_par' dir='ltr' id='par_1_71' title="bbox 148 3957 1705 4037">
     <span class='ocr_line' id='line_1_71' title="bbox 148 3957 1705 4037; baseline 0.007 -27"><span class='ocrx_word' id='word_1_501' title='bbox 148 3957 310 4030; x_wconf 67' lang='lat' dir='ltr'><strong>legitur</strong></span> <span class='ocrx_word' id='word_1_502' title='bbox 340 3965 470 4034; x_wconf 86' lang='lat' dir='ltr'><strong>quia</strong></span> <span class='ocrx_word' id='word_1_503' title='bbox 514 3963 615 4019; x_wconf 86' lang='lat' dir='ltr'><strong>viri</strong></span> <span class='ocrx_word' id='word_1_504' title='bbox 665 3964 908 4034; x_wconf 87' lang='lat' dir='ltr'><strong>quidam,</strong></span> <span class='ocrx_word' id='word_1_505' title='bbox 960 3975 1240 4035; x_wconf 89' lang='lat' dir='ltr'><strong>portantes</strong></span> <span class='ocrx_word' id='word_1_506' title='bbox 1293 3962 1566 4021; x_wconf 86' lang='lat' dir='ltr'><strong>hominem</strong></span> <span class='ocrx_word' id='word_1_507' title='bbox 1613 3966 1705 4037; x_wconf 90' lang='lat' dir='ltr'><strong>qui</strong></span> 
     </span>
    </p>
   </div>
   <div class='ocr_carea' id='block_1_72' title="bbox 147 4054 1706 4129">
    <p class='ocr_par' dir='ltr' id='par_1_72' title="bbox 147 4054 1706 4129">
     <span class='ocr_line' id='line_1_72' title="bbox 147 4054 1706 4129; baseline 0.006 -25"><span class='ocrx_word' id='word_1_508' title='bbox 147 4062 240 4106; x_wconf 84' lang='lat' dir='ltr'><strong>erat</strong></span> <span class='ocrx_word' id='word_1_509' title='bbox 277 4054 628 4128; x_wconf 77' lang='lat' dir='ltr'><strong>paralyticus,</strong></span> <span class='ocrx_word' id='word_1_510' title='bbox 658 4057 975 4125; x_wconf 66' lang='lat' dir='ltr'><strong>quaarebant</strong></span> <span class='ocrx_word' id='word_1_511' title='bbox 1018 4071 1141 4111; x_wconf 89' lang='lat' dir='ltr'><strong>eum</strong></span> <span class='ocrx_word' id='word_1_512' title='bbox 1192 4056 1393 4113; x_wconf 78' lang='lat' dir='ltr'><strong>inferre</strong></span> <span class='ocrx_word' id='word_1_513' title='bbox 1421 4067 1476 4113; x_wconf 91' lang='lat' dir='ltr'><strong>et</strong></span> <span class='ocrx_word' id='word_1_514' title='bbox 1506 4074 1706 4129; x_wconf 88' lang='lat' dir='ltr'><strong>ponere</strong></span> 
     </span>
    </p>
   </div>
   <div class='ocr_carea' id='block_1_73' title="bbox 149 4148 1703 4221">
    <p class='ocr_par' dir='ltr' id='par_1_73' title="bbox 149 4148 1703 4221">
     <span class='ocr_line' id='line_1_73' title="bbox 149 4148 1703 4221; baseline 0.002 -18"><span class='ocrx_word' id='word_1_515' title='bbox 149 4155 249 4203; x_wconf 75' lang='lat' dir='ltr'><strong>ante</strong></span> <span class='ocrx_word' id='word_1_516' title='bbox 285 4148 507 4216; x_wconf 71' lang='lat' dir='ltr'><strong>Iesum,</strong></span> <span class='ocrx_word' id='word_1_517' title='bbox 551 4158 607 4206; x_wconf 89' lang='lat' dir='ltr'><strong>et</strong></span> <span class='ocrx_word' id='word_1_518' title='bbox 659 4165 769 4205; x_wconf 89' lang='lat' dir='ltr'><strong>non</strong></span> <span class='ocrx_word' id='word_1_519' title='bbox 820 4149 1160 4206; x_wconf 87' lang='lat' dir='ltr'><strong>invenientes</strong></span> <span class='ocrx_word' id='word_1_520' title='bbox 1202 4166 1310 4220; x_wconf 90' lang='lat' dir='ltr'><strong>qua</strong></span> <span class='ocrx_word' id='word_1_521' title='bbox 1356 4161 1513 4221; x_wconf 88' lang='lat' dir='ltr'><strong>parte</strong></span> <span class='ocrx_word' id='word_1_522' title='bbox 1556 4151 1703 4207; x_wconf 91' lang='lat' dir='ltr'><strong>illum</strong></span> 
     </span>
    </p>
   </div>
   <div class='ocr_carea' id='block_1_74' title="bbox 151 4235 1708 4312">
    <p class='ocr_par' dir='ltr' id='par_1_74' title="bbox 151 4235 1708 4312">
     <span class='ocr_line' id='line_1_74' title="bbox 151 4235 1708 4312; baseline 0.005 -23"><span class='ocrx_word' id='word_1_523' title='bbox 151 4235 396 4307; x_wconf 69' lang='lat' dir='ltr'><strong>inferrent,</strong></span> <span class='ocrx_word' id='word_1_524' title='bbox 421 4257 535 4311; x_wconf 64' lang='lat' dir='ltr'><strong>pra:</strong></span> <span class='ocrx_word' id='word_1_525' title='bbox 576 4242 759 4307; x_wconf 90' lang='lat' dir='ltr'><strong>turba,</strong></span> <span class='ocrx_word' id='word_1_526' title='bbox 805 4238 1166 4296; x_wconf 85' lang='lat' dir='ltr'><strong>ascenderunt</strong></span> <span class='ocrx_word' id='word_1_527' title='bbox 1200 4256 1364 4312; x_wconf 89' lang='lat' dir='ltr'><strong>supra</strong></span> <span class='ocrx_word' id='word_1_528' title='bbox 1393 4251 1613 4309; x_wconf 91' lang='lat' dir='ltr'><strong>tectum,</strong></span> <span class='ocrx_word' id='word_1_529' title='bbox 1652 4250 1708 4297; x_wconf 88' lang='lat' dir='ltr'><strong>et</strong></span> 
     </span>
    </p>
   </div>
   <div class='ocr_carea' id='block_1_75' title="bbox 153 4330 1705 4401">
    <p class='ocr_par' dir='ltr' id='par_1_75' title="bbox 153 4330 1705 4401">
     <span class='ocr_line' id='line_1_75' title="bbox 153 4330 1705 4401; baseline 0.005 -20"><span class='ocrx_word' id='word_1_530' title='bbox 153 4342 226 4391; x_wconf 59' lang='lat' dir='ltr'><strong>per</strong></span> <span class='ocrx_word' id='word_1_531' title='bbox 256 4334 453 4401; x_wconf 78' lang='lat' dir='ltr'><strong>tegulas</strong></span> <span class='ocrx_word' id='word_1_532' title='bbox 495 4334 871 4389; x_wconf 66' lang='lat' dir='ltr'><strong>submiser‘unt</strong></span> <span class='ocrx_word' id='word_1_533' title='bbox 897 4332 1043 4386; x_wconf 92' lang='lat' dir='ltr'><strong>illum</strong></span> <span class='ocrx_word' id='word_1_534' title='bbox 1073 4347 1194 4386; x_wconf 93' lang='lat' dir='ltr'><strong>cum</strong></span> <span class='ocrx_word' id='word_1_535' title='bbox 1225 4330 1362 4387; x_wconf 84' lang='lat' dir='ltr'><strong>lecto</strong></span> <span class='ocrx_word' id='word_1_536' title='bbox 1394 4334 1445 4386; x_wconf 93' lang='lat' dir='ltr'><strong>in</strong></span> <span class='ocrx_word' id='word_1_537' title='bbox 1470 4334 1705 4388; x_wconf 89' lang='lat' dir='ltr'><strong>medium</strong></span> 
     </span>
    </p>
   </div>
   <div class='ocr_carea' id='block_1_76' title="bbox 153 4420 1702 4491">
    <p class='ocr_par' dir='ltr' id='par_1_76' title="bbox 153 4420 1702 4491">
     <span class='ocr_line' id='line_1_76' title="bbox 153 4420 1702 4491; baseline 0.006 -21"><span class='ocrx_word' id='word_1_538' title='bbox 153 4420 463 4477; x_wconf 73' lang='lat' dir='ltr'><strong>antelesnm.</strong></span> <span class='ocrx_word' id='word_1_539' title='bbox 514 4423 754 4491; x_wconf 84' lang='lat' dir='ltr'><strong>Quorum</strong></span> <span class='ocrx_word' id='word_1_540' title='bbox 799 4424 961 4478; x_wconf 76' lang='lat' dir='ltr'><strong>[idem</strong></span> <span class='ocrx_word' id='word_1_541' title='bbox 1009 4433 1068 4478; x_wconf 89' lang='lat' dir='ltr'><strong>ut</strong></span> <span class='ocrx_word' id='word_1_542' title='bbox 1115 4425 1267 4490; x_wconf 82' lang='lat' dir='ltr'><strong>vidit,</strong></span> <span class='ocrx_word' id='word_1_543' title='bbox 1302 4425 1469 4479; x_wconf 76' lang='lat' dir='ltr'><strong>dixit:</strong></span> <span class='ocrx_word' id='word_1_544' title='bbox 1511 4422 1702 4490; x_wconf 81' lang='lat' dir='ltr'><strong>Homo,</strong></span> 
     </span>
    </p>
   </div>
   <div class='ocr_carea' id='block_1_77' title="bbox 154 4511 1705 4587">
    <p class='ocr_par' dir='ltr' id='par_1_77' title="bbox 154 4511 1705 4587">
     <span class='ocr_line' id='line_1_77' title="bbox 154 4511 1705 4587; baseline 0.006 -26"><span class='ocrx_word' id='word_1_545' title='bbox 154 4511 463 4568; x_wconf 84' lang='lat' dir='ltr'><strong>remittuntur</strong></span> <span class='ocrx_word' id='word_1_546' title='bbox 495 4514 591 4568; x_wconf 85' lang='lat' dir='ltr'><strong>tibi</strong></span> <span class='ocrx_word' id='word_1_547' title='bbox 628 4524 852 4584; x_wconf 87' lang='lat' dir='ltr'><strong>peccata</strong></span> <span class='ocrx_word' id='word_1_548' title='bbox 908 4522 997 4568; x_wconf 89' lang='lat' dir='ltr'><strong>tua</strong></span> <span class='ocrx_word' id='word_1_549' title='bbox 1048 4514 1264 4586; x_wconf 79' lang='lat' dir='ltr'><strong>(Matth.</strong></span> <span class='ocrx_word' id='word_1_550' title='bbox 1296 4532 1374 4581; x_wconf 72' lang='lat' dir='ltr'><strong>ts,</strong></span> <span class='ocrx_word' id='word_1_551' title='bbox 1429 4515 1507 4587; x_wconf 76' lang='grc'><strong>2).</strong></span> <span class='ocrx_word' id='word_1_552' title='bbox 1562 4516 1705 4571; x_wconf 87' lang='lat' dir='ltr'><strong>Ecce</strong></span> 
     </span>
    </p>
   </div>
   <div class='ocr_carea' id='block_1_78' title="bbox 152 4605 1709 4678">
    <p class='ocr_par' dir='ltr' id='par_1_78' title="bbox 152 4605 1709 4678">
     <span class='ocr_line' id='line_1_78' title="bbox 152 4605 1709 4678; baseline 0.007 -26"><span class='ocrx_word' id='word_1_553' title='bbox 152 4613 262 4669; x_wconf 68' lang='lat' dir='ltr'><strong>Opus</strong></span> <span class='ocrx_word' id='word_1_554' title='bbox 305 4615 548 4675; x_wconf 86' lang='lat' dir='ltr'><strong>apertum</strong></span> <span class='ocrx_word' id='word_1_555' title='bbox 603 4614 660 4660; x_wconf 89' lang='lat' dir='ltr'><strong>et</strong></span> <span class='ocrx_word' id='word_1_556' title='bbox 706 4605 1012 4677; x_wconf 88' lang='lat' dir='ltr'><strong>corporale,</strong></span> <span class='ocrx_word' id='word_1_557' title='bbox 1058 4622 1154 4676; x_wconf 88' lang='lat' dir='ltr'><strong>per</strong></span> <span class='ocrx_word' id='word_1_558' title='bbox 1207 4608 1352 4678; x_wconf 91' lang='lat' dir='ltr'><strong>quod</strong></span> <span class='ocrx_word' id='word_1_559' title='bbox 1403 4608 1709 4664; x_wconf 89' lang='lat' dir='ltr'><strong>insinuatur</strong></span> 
     </span>
    </p>
   </div>
   <div class='ocr_carea' id='block_1_79' title="bbox 154 4693 1707 4769">
    <p class='ocr_par' dir='ltr' id='par_1_79' title="bbox 154 4693 1707 4769">
     <span class='ocr_line' id='line_1_79' title="bbox 154 4693 1707 4769; baseline 0.006 -24"><span class='ocrx_word' id='word_1_560' title='bbox 154 4693 418 4761; x_wconf 82' lang='lat' dir='ltr'><strong>spirituale!</strong></span> <span class='ocrx_word' id='word_1_561' title='bbox 453 4696 561 4751; x_wconf 85' lang='lat' dir='ltr'><strong>Sed</strong></span> <span class='ocrx_word' id='word_1_562' title='bbox 589 4696 741 4767; x_wconf 85' lang='lat' dir='ltr'><strong>prius</strong></span> <span class='ocrx_word' id='word_1_563' title='bbox 773 4697 1095 4768; x_wconf 80' lang='lat' dir='ltr'><strong>mysterium</strong></span> <span class='ocrx_word' id='word_1_564' title='bbox 1126 4697 1308 4754; x_wconf 89' lang='lat' dir='ltr'><strong>lectuli</strong></span> <span class='ocrx_word' id='word_1_565' title='bbox 1335 4700 1388 4754; x_wconf 92' lang='lat' dir='ltr'><strong>in</strong></span> <span class='ocrx_word' id='word_1_566' title='bbox 1417 4713 1525 4769; x_wconf 92' lang='lat' dir='ltr'><strong>quo</strong></span> <span class='ocrx_word' id='word_1_567' title='bbox 1552 4700 1707 4755; x_wconf 85' lang='lat' dir='ltr'><strong>inllr-</strong></span> 
     </span>
    </p>
   </div>
   <div class='ocr_carea' id='block_1_80' title="bbox 156 4791 1710 4859">
    <p class='ocr_par' dir='ltr' id='par_1_80' title="bbox 156 4791 1710 4859">
     <span class='ocr_line' id='line_1_80' title="bbox 156 4791 1710 4859; baseline 0.008 -21"><span class='ocrx_word' id='word_1_568' title='bbox 156 4800 251 4840; x_wconf 86' lang='lat' dir='ltr'><strong>mus</strong></span> <span class='ocrx_word' id='word_1_569' title='bbox 284 4791 616 4859; x_wconf 85' lang='lat' dir='ltr'><strong>portabatur,</strong></span> <span class='ocrx_word' id='word_1_570' title='bbox 659 4791 856 4846; x_wconf 87' lang='lat' dir='ltr'><strong>deinde</strong></span> <span class='ocrx_word' id='word_1_571' title='bbox 887 4799 1079 4847; x_wconf 64' lang='lat' dir='ltr'><strong>uetera</strong></span> <span class='ocrx_word' id='word_1_572' title='bbox 1116 4794 1544 4851; x_wconf 88' lang='lat' dir='ltr'><strong>consideremus.</strong></span> <span class='ocrx_word' id='word_1_573' title='bbox 1576 4793 1710 4851; x_wconf 86' lang='lat' dir='ltr'><strong>Lec-</strong></span> 
     </span>
    </p>
   </div>
   <div class='ocr_carea' id='block_1_81' title="bbox 159 4874 1709 4956">
    <p class='ocr_par' dir='ltr' id='par_1_81' title="bbox 159 4874 1709 4956">
     <span class='ocr_line' id='line_1_81' title="bbox 159 4874 1709 4956; baseline 0.012 -33"><span class='ocrx_word' id='word_1_574' title='bbox 159 4874 270 4931; x_wconf 85' lang='lat' dir='ltr'><strong>tulus</strong></span> <span class='ocrx_word' id='word_1_575' title='bbox 295 4895 519 4952; x_wconf 82' lang='lat' dir='ltr'><strong>namque</strong></span> <span class='ocrx_word' id='word_1_576' title='bbox 548 4881 618 4936; x_wconf 87' lang='lat' dir='ltr'><strong>ad</strong></span> <span class='ocrx_word' id='word_1_577' title='bbox 647 4881 980 4950; x_wconf 87' lang='lat' dir='ltr'><strong>portandum</strong></span> <span class='ocrx_word' id='word_1_578' title='bbox 1007 4883 1305 4952; x_wconf 86' lang='lat' dir='ltr'><strong>queudibet</strong></span> <span class='ocrx_word' id='word_1_579' title='bbox 1348 4892 1530 4954; x_wconf 87' lang='lat' dir='ltr'><strong>aptus,</strong></span> <span class='ocrx_word' id='word_1_580' title='bbox 1575 4900 1709 4956; x_wconf 89' lang='lat' dir='ltr'><strong>qua-</strong></span> 
     </span>
    </p>
   </div>
   <div class='ocr_carea' id='block_1_82' title="bbox 160 4970 1746 5043">
    <p class='ocr_par' dir='ltr' id='par_1_82' title="bbox 160 4970 1746 5043">
     <span class='ocr_line' id='line_1_82' title="bbox 160 4970 1746 5043; baseline 0.011 -29"><span class='ocrx_word' id='word_1_581' title='bbox 160 4972 255 5018; x_wconf 83' lang='lat' dir='ltr'><strong>tuor</strong></span> <span class='ocrx_word' id='word_1_582' title='bbox 286 4970 618 5028; x_wconf 82' lang='lat' dir='ltr'><strong>eolumnellis</strong></span> <span class='ocrx_word' id='word_1_583' title='bbox 651 4972 991 5043; x_wconf 88' lang='lat' dir='ltr'><strong>compositus</strong></span> <span class='ocrx_word' id='word_1_584' title='bbox 1034 4972 1303 5029; x_wconf 87' lang='lat' dir='ltr'><strong>subsistit.</strong></span> <span class='ocrx_word' id='word_1_585' title='bbox 1343 4974 1435 5029; x_wconf 85' lang='lat' dir='ltr'><strong>Sic</strong></span> <span class='ocrx_word' id='word_1_586' title='bbox 1477 4984 1532 5031; x_wconf 90' lang='lat' dir='ltr'><strong>et</strong></span> <span class='ocrx_word' id='word_1_587' title='bbox 1579 4976 1711 5031; x_wconf 87' lang='lat' dir='ltr'><strong>lides</strong></span> <span class='ocrx_word' id='word_1_588' title='bbox 1743 4979 1746 4981; x_wconf 37' lang='grc' dir='ltr'>λ</span> 
     </span>
    </p>
   </div>
   <div class='ocr_carea' id='block_1_83' title="bbox 160 5058 1713 5135">
    <p class='ocr_par' dir='ltr' id='par_1_83' title="bbox 160 5058 1713 5135">
     <span class='ocr_line' id='line_1_83' title="bbox 160 5058 1713 5135; baseline 0.007 -25"><span class='ocrx_word' id='word_1_589' title='bbox 160 5058 397 5130; x_wconf 78' lang='lat' dir='ltr'><strong>catholica,</strong></span> <span class='ocrx_word' id='word_1_590' title='bbox 425 5079 550 5135; x_wconf 65' lang='lat' dir='ltr'><strong>quae</strong></span> <span class='ocrx_word' id='word_1_591' title='bbox 581 5063 753 5119; x_wconf 88' lang='lat' dir='ltr'><strong>Deum</strong></span> <span class='ocrx_word' id='word_1_592' title='bbox 781 5061 1214 5130; x_wconf 88' lang='lat' dir='ltr'><strong>omnipotentem</strong></span> <span class='ocrx_word' id='word_1_593' title='bbox 1267 5064 1318 5119; x_wconf 91' lang='lat' dir='ltr'><strong>in</strong></span> <span class='ocrx_word' id='word_1_594' title='bbox 1366 5064 1632 5123; x_wconf 85' lang='lat' dir='ltr'><strong>Trinitate</strong></span> <span class='ocrx_word' id='word_1_595' title='bbox 1656 5075 1713 5122; x_wconf 90' lang='lat' dir='ltr'><strong>et</strong></span> 
     </span>
    </p>
   </div>
   <div class='ocr_carea' id='block_1_84' title="bbox 162 5143 1710 5230">
    <p class='ocr_par' dir='ltr' id='par_1_84' title="bbox 162 5143 1710 5230">
     <span class='ocr_line' id='line_1_84' title="bbox 162 5143 1710 5230; baseline 0.01 -31"><span class='ocrx_word' id='word_1_596' title='bbox 162 5143 338 5210; x_wconf 81' lang='lat' dir='ltr'><strong>Unitate</strong></span> <span class='ocrx_word' id='word_1_597' title='bbox 378 5157 745 5214; x_wconf 86' lang='lat' dir='ltr'><strong>venerandum</strong></span> <span class='ocrx_word' id='word_1_598' title='bbox 769 5155 960 5219; x_wconf 91' lang='lat' dir='ltr'><strong>docet,</strong></span> <span class='ocrx_word' id='word_1_599' title='bbox 1003 5155 1057 5208; x_wconf 91' lang='lat' dir='ltr'><strong>in</strong></span> <span class='ocrx_word' id='word_1_600' title='bbox 1103 5165 1338 5226; x_wconf 87' lang='lat' dir='ltr'><strong>quatuor</strong></span> <span class='ocrx_word' id='word_1_601' title='bbox 1382 5157 1710 5230; x_wconf 83' lang='lat' dir='ltr'><strong>Evangeliis,</strong></span> 
     </span>
    </p>
   </div>
   <div class='ocr_carea' id='block_1_85' title="bbox 166 5239 1710 5319">
    <p class='ocr_par' dir='ltr' id='par_1_85' title="bbox 166 5239 1710 5319">
     <span class='ocr_line' id='line_1_85' title="bbox 166 5239 1710 5319; baseline 0.01 -30"><span class='ocrx_word' id='word_1_602' title='bbox 166 5239 243 5305; x_wconf 76' lang='lat' dir='ltr'><strong>vel,</strong></span> <span class='ocrx_word' id='word_1_603' title='bbox 267 5244 305 5298; x_wconf 83' lang='lat' dir='ltr'><strong>si</strong></span> <span class='ocrx_word' id='word_1_604' title='bbox 330 5245 424 5303; x_wconf 89' lang='lat' dir='ltr'><strong>hoc</strong></span> <span class='ocrx_word' id='word_1_605' title='bbox 447 5248 621 5319; x_wconf 76' lang='lat' dir='ltr'><strong>magis</strong></span> <span class='ocrx_word' id='word_1_606' title='bbox 646 5246 852 5318; x_wconf 85' lang='lat' dir='ltr'><strong>placet,</strong></span> <span class='ocrx_word' id='word_1_607' title='bbox 891 5243 947 5297; x_wconf 91' lang='lat' dir='ltr'><strong>in</strong></span> <span class='ocrx_word' id='word_1_608' title='bbox 972 5245 1141 5301; x_wconf 90' lang='lat' dir='ltr'><strong>tribus</strong></span> <span class='ocrx_word' id='word_1_609' title='bbox 1162 5248 1413 5318; x_wconf 87' lang='lat' dir='ltr'><strong>personis</strong></span> <span class='ocrx_word' id='word_1_610' title='bbox 1432 5256 1486 5304; x_wconf 90' lang='lat' dir='ltr'><strong>et</strong></span> <span class='ocrx_word' id='word_1_611' title='bbox 1504 5250 1710 5305; x_wconf 88' lang='lat' dir='ltr'><strong>unitate</strong></span> 
     </span>
    </p>
   </div>
   <div class='ocr_carea' id='block_1_86' title="bbox 1736 4573 1786 4631">
    <p class='ocr_par' dir='ltr' id='par_1_86' title="bbox 1736 4573 1786 4631">
     <span class='ocr_line' id='line_1_86' title="bbox 1736 4573 1786 4631; baseline 0 0"><span class='ocrx_word' id='word_1_612' title='bbox 1736 4573 1786 4631; x_wconf 92' lang='lat' dir='ltr'><strong>D</strong></span> 
     </span>
    </p>
   </div>
   <div class='ocr_carea' id='block_1_87' title="bbox 1810 3314 2988 3389">
    <p class='ocr_par' dir='ltr' id='par_1_87' title="bbox 1810 3314 2988 3389">
     <span class='ocr_line' id='line_1_87' title="bbox 1810 3314 2988 3389; baseline 0.004 -19"><span class='ocrx_word' id='word_1_613' title='bbox 1810 3314 1976 3370; x_wconf 84' lang='lat' dir='ltr'><strong>etiam</strong></span> <span class='ocrx_word' id='word_1_614' title='bbox 2002 3314 2340 3371; x_wconf 74' lang='lat' dir='ltr'><strong>litteratoria:</strong></span> <span class='ocrx_word' id='word_1_615' title='bbox 2361 3316 2622 3373; x_wconf 88' lang='lat' dir='ltr'><strong>insertum</strong></span> <span class='ocrx_word' id='word_1_616' title='bbox 2644 3318 2988 3389; x_wconf 71' lang='lat' dir='ltr'><strong>eloquentiae.</strong></span> 
     </span>
    </p>
   </div>
   <div class='ocr_carea' id='block_1_88' title="bbox 2394 3429 2800 3508">
    <p class='ocr_par' dir='ltr' id='par_1_88' title="bbox 2394 3429 2800 3508">
     <span class='ocr_line' id='line_1_88' title="bbox 2394 3429 2800 3508; baseline 0.002 -22"><span class='ocrx_word' id='word_1_617' title='bbox 2394 3429 2623 3508; x_wconf 76' lang='lat' dir='ltr'><strong>CAPUT</strong></span> <span class='ocrx_word' id='word_1_618' title='bbox 2657 3430 2800 3488; x_wconf 81' lang='lat' dir='ltr'><strong>XIX.</strong></span> 
     </span>
    </p>
   </div>
   <div class='ocr_carea' id='block_1_89' title="bbox 1811 3505 3393 3597">
    <p class='ocr_par' dir='ltr' id='par_1_89' title="bbox 1811 3505 3393 3597">
     <span class='ocr_line' id='line_1_89' title="bbox 1811 3505 3393 3597; baseline 0.006 -20"><span class='ocrx_word' id='word_1_619' title='bbox 1811 3520 2126 3597; x_wconf 73' lang='lat' dir='ltr'><strong>Exhortatio</strong></span> <span class='ocrx_word' id='word_1_620' title='bbox 2151 3523 2457 3597; x_wconf 75' lang='lat' dir='ltr'><strong>ad_dioites,</strong></span> <span class='ocrx_word' id='word_1_621' title='bbox 2485 3505 2984 3595; x_wconf 75' lang='lat' dir='ltr'><strong>rerumdiuinarum</strong></span> <span class='ocrx_word' id='word_1_622' title='bbox 3012 3529 3268 3597; x_wconf 84' lang='lat' dir='ltr'><strong>incurias,</strong></span> <span class='ocrx_word' id='word_1_623' title='bbox 3296 3531 3393 3586; x_wconf 75' lang='lat' dir='ltr'><strong>ins-</strong></span> 
     </span>
    </p>
   </div>
   <div class='ocr_carea' id='block_1_90' title="bbox 1879 3593 3395 3669">
    <p class='ocr_par' dir='ltr' id='par_1_90' title="bbox 1879 3593 3395 3669">
     <span class='ocr_line' id='line_1_90' title="bbox 1879 3593 3395 3669; baseline 0.008 -23"><span class='ocrx_word' id='word_1_624' title='bbox 1879 3593 2157 3669; x_wconf 71' lang='lat' dir='ltr'><strong>prudentes</strong></span> <span class='ocrx_word' id='word_1_625' title='bbox 2197 3593 2552 3669; x_wconf 74' lang='lat' dir='ltr'><strong>Ecclesiarnm</strong></span> <span class='ocrx_word' id='word_1_626' title='bbox 2588 3604 2847 3664; x_wconf 86' lang='lat' dir='ltr'><strong>pastores,</strong></span> <span class='ocrx_word' id='word_1_627' title='bbox 2895 3593 3298 3669; x_wconf 82' lang='lat' dir='ltr'><strong>intemperantes</strong></span> <span class='ocrx_word' id='word_1_628' title='bbox 3344 3611 3395 3658; x_wconf 81' lang='lat' dir='ltr'><strong>et</strong></span> 
     </span>
    </p>
   </div>
   <div class='ocr_carea' id='block_1_91' title="bbox 1802 3664 2816 3734">
    <p class='ocr_par' dir='ltr' id='par_1_91' title="bbox 1802 3664 2816 3734">
     <span class='ocr_line' id='line_1_91' title="bbox 1802 3664 2816 3734; baseline 0.005 -18"><span class='ocrx_word' id='word_1_629' title='bbox 1802 3700 1813 3709; x_wconf 87' lang='lat'><strong>.</strong></span> <span class='ocrx_word' id='word_1_630' title='bbox 1880 3664 2072 3718; x_wconf 75' lang='lat' dir='ltr'><strong>divina:</strong></span> <span class='ocrx_word' id='word_1_631' title='bbox 2095 3665 2383 3719; x_wconf 79' lang='lat' dir='ltr'><strong>vocationis</strong></span> <span class='ocrx_word' id='word_1_632' title='bbox 2420 3673 2816 3734; x_wconf 84' lang='lat' dir='ltr'><strong>contemptores.</strong></span> 
     </span>
    </p>
   </div>
   <div class='ocr_carea' id='block_1_92' title="bbox 1850 3773 3398 3851">
    <p class='ocr_par' dir='ltr' id='par_1_92' title="bbox 1850 3773 3398 3851">
     <span class='ocr_line' id='line_1_92' title="bbox 1850 3773 3398 3851; baseline 0.004 -21"><span class='ocrx_word' id='word_1_633' title='bbox 1850 3780 1855 3785; x_wconf 81' lang='lat'><strong><em>&#39;</em></strong></span> <span class='ocrx_word' id='word_1_634' title='bbox 1881 3774 2041 3831; x_wconf 88' lang='lat' dir='ltr'><strong>Libet</strong></span> <span class='ocrx_word' id='word_1_635' title='bbox 2064 3774 2229 3830; x_wconf 87' lang='lat' dir='ltr'><strong>etiam</strong></span> <span class='ocrx_word' id='word_1_636' title='bbox 2255 3775 2347 3830; x_wconf 89' lang='lat' dir='ltr'><strong>illa</strong></span> <span class='ocrx_word' id='word_1_637' title='bbox 2369 3773 2706 3847; x_wconf 69' lang='lat' dir='ltr'><strong>Evangelica:</strong></span> <span class='ocrx_word' id='word_1_638' title='bbox 2719 3775 2964 3833; x_wconf 91' lang='lat' dir='ltr'><strong>lectionis</strong></span> <span class='ocrx_word' id='word_1_639' title='bbox 2980 3777 3140 3832; x_wconf 81' lang='lat' dir='ltr'><strong>verba</strong></span> <span class='ocrx_word' id='word_1_640' title='bbox 3154 3779 3398 3851; x_wconf 80' lang='lat' dir='ltr'><strong>proferre</strong></span> 
     </span>
    </p>
   </div>
   <div class='ocr_carea' id='block_1_93' title="bbox 1810 3867 3393 3949">
    <p class='ocr_par' dir='ltr' id='par_1_93' title="bbox 1810 3867 3393 3949">
     <span class='ocr_line' id='line_1_93' title="bbox 1810 3867 3393 3949; baseline 0.003 -26"><span class='ocrx_word' id='word_1_641' title='bbox 1810 3868 1864 3923; x_wconf 91' lang='lat' dir='ltr'><strong>in</strong></span> <span class='ocrx_word' id='word_1_642' title='bbox 1888 3868 2083 3937; x_wconf 88' lang='lat' dir='ltr'><strong>quibus</strong></span> <span class='ocrx_word' id='word_1_643' title='bbox 2111 3867 2417 3939; x_wconf 87' lang='lat' dir='ltr'><strong>specialiter</strong></span> <span class='ocrx_word' id='word_1_644' title='bbox 2446 3868 2808 3949; x_wconf 83' lang='lat' dir='ltr'><strong>admonentur</strong></span> <span class='ocrx_word' id='word_1_645' title='bbox 2836 3868 2891 3924; x_wconf 89' lang='lat' dir='ltr'><strong>hi</strong></span> <span class='ocrx_word' id='word_1_646' title='bbox 2926 3869 3018 3941; x_wconf 90' lang='lat' dir='ltr'><strong>qui</strong></span> <span class='ocrx_word' id='word_1_647' title='bbox 3048 3886 3198 3939; x_wconf 85' lang='lat' dir='ltr'><strong>spem</strong></span> <span class='ocrx_word' id='word_1_648' title='bbox 3239 3888 3393 3927; x_wconf 88' lang='lat' dir='ltr'><strong>suam</strong></span> 
     </span>
    </p>
   </div>
   <div class='ocr_carea' id='block_1_94' title="bbox 1809 3961 3389 4035">
    <p class='ocr_par' dir='ltr' id='par_1_94' title="bbox 1809 3961 3389 4035">
     <span class='ocr_line' id='line_1_94' title="bbox 1809 3961 3389 4035; baseline 0.004 -20"><span class='ocrx_word' id='word_1_649' title='bbox 1809 3970 2017 4032; x_wconf 87' lang='lat' dir='ltr'><strong>ponunt</strong></span> <span class='ocrx_word' id='word_1_650' title='bbox 2068 3961 2122 4017; x_wconf 92' lang='lat' dir='ltr'><strong>in</strong></span> <span class='ocrx_word' id='word_1_651' title='bbox 2158 3961 2359 4017; x_wconf 81' lang='lat' dir='ltr'><strong>divitiis</strong></span> <span class='ocrx_word' id='word_1_652' title='bbox 2409 3968 2465 4017; x_wconf 91' lang='lat' dir='ltr'><strong>et</strong></span> <span class='ocrx_word' id='word_1_653' title='bbox 2510 3961 2876 4033; x_wconf 80' lang='lat' dir='ltr'><strong>voluptatibus</strong></span> <span class='ocrx_word' id='word_1_654' title='bbox 2930 3972 3051 4019; x_wconf 74' lang='lat' dir='ltr'><strong>vita:</strong></span> <span class='ocrx_word' id='word_1_655' title='bbox 3080 3967 3389 4035; x_wconf 82' lang='lat' dir='ltr'><strong>praesentis,</strong></span> 
     </span>
    </p>
   </div>
   <div class='ocr_carea' id='block_1_95' title="bbox 1809 4054 3445 4130">
    <p class='ocr_par' dir='ltr' id='par_1_95' title="bbox 1809 4054 3445 4130">
     <span class='ocr_line' id='line_1_95' title="bbox 1809 4054 3445 4130; baseline 0.004 -21"><span class='ocrx_word' id='word_1_656' title='bbox 1809 4056 2012 4126; x_wconf 89' lang='lat' dir='ltr'><strong>quique</strong></span> <span class='ocrx_word' id='word_1_657' title='bbox 2034 4055 2199 4110; x_wconf 87' lang='lat' dir='ltr'><strong>verbo</strong></span> <span class='ocrx_word' id='word_1_658' title='bbox 2221 4054 2314 4111; x_wconf 90' lang='lat' dir='ltr'><strong>Dei</strong></span> <span class='ocrx_word' id='word_1_659' title='bbox 2365 4054 2434 4109; x_wconf 89' lang='lat' dir='ltr'><strong>ad</strong></span> <span class='ocrx_word' id='word_1_660' title='bbox 2461 4058 2663 4126; x_wconf 85' lang='lat' dir='ltr'><strong>tempus</strong></span> <span class='ocrx_word' id='word_1_661' title='bbox 2698 4056 2935 4123; x_wconf 85' lang='lat' dir='ltr'><strong>credunt,</strong></span> <span class='ocrx_word' id='word_1_662' title='bbox 2964 4057 3056 4112; x_wconf 87' lang='lat' dir='ltr'><strong>sed</strong></span> <span class='ocrx_word' id='word_1_663' title='bbox 3081 4058 3134 4111; x_wconf 88' lang='lat' dir='ltr'><strong>in</strong></span> <span class='ocrx_word' id='word_1_664' title='bbox 3170 4068 3400 4130; x_wconf 82' lang='lat' dir='ltr'><strong>tempore</strong></span> <span class='ocrx_word' id='word_1_665' title='bbox 3441 4122 3445 4126; x_wconf 94' lang='lat'>_</span> 
     </span>
    </p>
   </div>
   <div class='ocr_carea' id='block_1_96' title="bbox 1809 4145 3398 4219">
    <p class='ocr_par' dir='ltr' id='par_1_96' title="bbox 1809 4145 3398 4219">
     <span class='ocr_line' id='line_1_96' title="bbox 1809 4145 3398 4219; baseline 0.004 -17"><span class='ocrx_word' id='word_1_666' title='bbox 1809 4149 2110 4203; x_wconf 82' lang='lat' dir='ltr'><strong>tentattonis</strong></span> <span class='ocrx_word' id='word_1_667' title='bbox 2142 4149 2382 4203; x_wconf 72' lang='lat' dir='ltr'><strong>recedunt</strong></span> <span class='ocrx_word' id='word_1_668' title='bbox 2427 4145 2577 4219; x_wconf 86' lang='lat' dir='ltr'><strong>(Luc.</strong></span> <span class='ocrx_word' id='word_1_669' title='bbox 2627 4162 2744 4212; x_wconf 78' lang='lat' dir='ltr'><strong>vui,</strong></span> <span class='ocrx_word' id='word_1_670' title='bbox 2787 4148 2899 4219; x_wconf 77' lang='grc'><strong>15),</strong></span> <span class='ocrx_word' id='word_1_671' title='bbox 2945 4157 3021 4215; x_wconf 86' lang='grc' dir='ltr'>ιιι,</span> <span class='ocrx_word' id='word_1_672' title='bbox 3055 4152 3398 4208; x_wconf 76' lang='lat' dir='ltr'><strong>attendentes</strong></span> 
     </span>
    </p>
   </div>
   <div class='ocr_carea' id='block_1_97' title="bbox 1810 4234 3395 4312">
    <p class='ocr_par' dir='ltr' id='par_1_97' title="bbox 1810 4234 3395 4312">
     <span class='ocr_line' id='line_1_97' title="bbox 1810 4234 3395 4312; baseline 0.003 -18"><span class='ocrx_word' id='word_1_673' title='bbox 1810 4242 1952 4312; x_wconf 84' lang='lat' dir='ltr'><strong>quod</strong></span> <span class='ocrx_word' id='word_1_674' title='bbox 1977 4240 2259 4297; x_wconf 85' lang='lat' dir='ltr'><strong>Psalmista</strong></span> <span class='ocrx_word' id='word_1_675' title='bbox 2289 4241 2419 4296; x_wconf 86' lang='lat' dir='ltr'><strong>dicit</strong></span> <span class='ocrx_word' id='word_1_676' title='bbox 2446 4258 2459 4295; x_wconf 92' lang='lat'><strong>:</strong></span> <span class='ocrx_word' id='word_1_677' title='bbox 2492 4238 2667 4295; x_wconf 84' lang='lat' dir='ltr'><strong>Nolite</strong></span> <span class='ocrx_word' id='word_1_678' title='bbox 2691 4234 2899 4311; x_wconf 77' lang='lat' dir='ltr'><strong>sperare</strong></span> <span class='ocrx_word' id='word_1_679' title='bbox 2942 4243 2996 4295; x_wconf 90' lang='lat' dir='ltr'><strong>in</strong></span> <span class='ocrx_word' id='word_1_680' title='bbox 3024 4243 3314 4311; x_wconf 81' lang='lat' dir='ltr'><strong>iniquitate,</strong></span> <span class='ocrx_word' id='word_1_681' title='bbox 3347 4259 3395 4299; x_wconf 85' lang='lat' dir='ltr'><strong>et</strong></span> 
     </span>
    </p>
   </div>
   <div class='ocr_carea' id='block_1_98' title="bbox 1811 4324 3398 4404">
    <p class='ocr_par' dir='ltr' id='par_1_98' title="bbox 1811 4324 3398 4404">
     <span class='ocr_line' id='line_1_98' title="bbox 1811 4324 3398 4404; baseline 0.001 -17"><span class='ocrx_word' id='word_1_682' title='bbox 1811 4334 2024 4404; x_wconf 84' lang='lat' dir='ltr'><strong>rapinas</strong></span> <span class='ocrx_word' id='word_1_683' title='bbox 2054 4332 2212 4387; x_wconf 88' lang='lat' dir='ltr'><strong>nolite</strong></span> <span class='ocrx_word' id='word_1_684' title='bbox 2251 4324 2641 4397; x_wconf 77' lang='lat' dir='ltr'><strong>concupiscere;</strong></span> <span class='ocrx_word' id='word_1_685' title='bbox 2667 4331 2863 4385; x_wconf 70' lang='lat' dir='ltr'><strong>divitia!</strong></span> <span class='ocrx_word' id='word_1_686' title='bbox 2892 4331 2937 4386; x_wconf 88' lang='lat' dir='ltr'><strong>si</strong></span> <span class='ocrx_word' id='word_1_687' title='bbox 2972 4333 3207 4403; x_wconf 76' lang='lat' dir='ltr'><strong>aﬂluant,</strong></span> <span class='ocrx_word' id='word_1_688' title='bbox 3236 4334 3398 4389; x_wconf 83' lang='lat' dir='ltr'><strong>nolite</strong></span> 
     </span>
    </p>
   </div>
   <div class='ocr_carea' id='block_1_99' title="bbox 1812 4419 3396 4494">
    <p class='ocr_par' dir='ltr' id='par_1_99' title="bbox 1812 4419 3396 4494">
     <span class='ocr_line' id='line_1_99' title="bbox 1812 4419 3396 4494; baseline 0.003 -17"><span class='ocrx_word' id='word_1_689' title='bbox 1812 4439 1903 4477; x_wconf 86' lang='lat' dir='ltr'><strong>cor</strong></span> <span class='ocrx_word' id='word_1_690' title='bbox 1927 4439 2184 4492; x_wconf 84' lang='lat' dir='ltr'><strong>apponere</strong></span> <span class='ocrx_word' id='word_1_691' title='bbox 2209 4419 2381 4494; x_wconf 84' lang='lat' dir='ltr'><strong>(Psal.</strong></span> <span class='ocrx_word' id='word_1_692' title='bbox 2408 4438 2483 4488; x_wconf 82' lang='lat' dir='ltr'><strong>vt,</strong></span> <span class='ocrx_word' id='word_1_693' title='bbox 2506 4422 2614 4491; x_wconf 83' lang='lat' dir='ltr'><strong>ll),</strong></span> <span class='ocrx_word' id='word_1_694' title='bbox 2639 4422 2854 4478; x_wconf 89' lang='lat' dir='ltr'><strong>discant</strong></span> <span class='ocrx_word' id='word_1_695' title='bbox 2883 4423 3054 4493; x_wconf 73' lang='lat' dir='ltr'><strong>magis</strong></span> <span class='ocrx_word' id='word_1_696' title='bbox 3082 4424 3135 4478; x_wconf 91' lang='lat' dir='ltr'><strong>in</strong></span> <span class='ocrx_word' id='word_1_697' title='bbox 3167 4425 3396 4481; x_wconf 89' lang='lat' dir='ltr'><strong>Domino</strong></span> 
     </span>
    </p>
   </div>
   <div class='ocr_carea' id='block_1_100' title="bbox 1813 4510 3399 4591">
    <p class='ocr_par' dir='ltr' id='par_1_100' title="bbox 1813 4510 3399 4591">
     <span class='ocr_line' id='line_1_100' title="bbox 1813 4510 3399 4591; baseline 0.003 -24"><span class='ocrx_word' id='word_1_698' title='bbox 1813 4528 1974 4582; x_wconf 90' lang='lat' dir='ltr'><strong>quam</strong></span> <span class='ocrx_word' id='word_1_699' title='bbox 2002 4511 2056 4567; x_wconf 92' lang='lat' dir='ltr'><strong>iu</strong></span> <span class='ocrx_word' id='word_1_700' title='bbox 2094 4512 2300 4568; x_wconf 85' lang='lat' dir='ltr'><strong>divitiis</strong></span> <span class='ocrx_word' id='word_1_701' title='bbox 2325 4510 2804 4591; x_wconf 27' lang='lat' dir='ltr'><strong>conlidere..Tales</strong></span> <span class='ocrx_word' id='word_1_702' title='bbox 2840 4527 2970 4583; x_wconf 76' lang='lat' dir='ltr'><strong>ergo</strong></span> <span class='ocrx_word' id='word_1_703' title='bbox 2998 4510 3259 4569; x_wconf 89' lang='lat' dir='ltr'><strong>Dominus</strong></span> <span class='ocrx_word' id='word_1_704' title='bbox 3301 4530 3399 4585; x_wconf 89' lang='lat' dir='ltr'><strong>per</strong></span> 
     </span>
    </p>
   </div>
   <div class='ocr_carea' id='block_1_101' title="bbox 1814 4602 3400 4677">
    <p class='ocr_par' dir='ltr' id='par_1_101' title="bbox 1814 4602 3400 4677">
     <span class='ocr_line' id='line_1_101' title="bbox 1814 4602 3400 4677; baseline 0.001 -17"><span class='ocrx_word' id='word_1_705' title='bbox 1814 4622 1878 4677; x_wconf 84' lang='lat' dir='ltr'><strong>pa</strong></span> <span class='ocrx_word' id='word_1_706' title='bbox 1888 4605 2125 4660; x_wconf 88' lang='lat' dir='ltr'><strong>rabolam</strong></span> <span class='ocrx_word' id='word_1_707' title='bbox 2138 4604 2454 4672; x_wconf 89' lang='lat' dir='ltr'><strong>admonens,</strong></span> <span class='ocrx_word' id='word_1_708' title='bbox 2470 4605 2599 4660; x_wconf 90' lang='lat' dir='ltr'><strong>dicit</strong></span> <span class='ocrx_word' id='word_1_709' title='bbox 2616 4619 2632 4659; x_wconf 90' lang='lat'><strong>:</strong></span> <span class='ocrx_word' id='word_1_710' title='bbox 2649 4602 2793 4659; x_wconf 78' lang='lat' dir='ltr'><strong>Exiit</strong></span> <span class='ocrx_word' id='word_1_711' title='bbox 2806 4605 2895 4676; x_wconf 87' lang='lat' dir='ltr'><strong>qui</strong></span> <span class='ocrx_word' id='word_1_712' title='bbox 2911 4604 3131 4660; x_wconf 86' lang='lat' dir='ltr'><strong>seminat</strong></span> <span class='ocrx_word' id='word_1_713' title='bbox 3143 4607 3400 4662; x_wconf 84' lang='lat' dir='ltr'><strong>seminare</strong></span> 
     </span>
    </p>
   </div>
   <div class='ocr_carea' id='block_1_102' title="bbox 1814 4692 3398 4762">
    <p class='ocr_par' dir='ltr' id='par_1_102' title="bbox 1814 4692 3398 4762">
     <span class='ocr_line' id='line_1_102' title="bbox 1814 4692 3398 4762; baseline 0 -13"><span class='ocrx_word' id='word_1_714' title='bbox 1814 4711 1988 4749; x_wconf 85' lang='lat' dir='ltr'><strong>semen</strong></span> <span class='ocrx_word' id='word_1_715' title='bbox 2013 4710 2197 4757; x_wconf 87' lang='lat' dir='ltr'><strong>suum;</strong></span> <span class='ocrx_word' id='word_1_716' title='bbox 2219 4703 2290 4759; x_wconf 85' lang='lat' dir='ltr'><strong>et,</strong></span> <span class='ocrx_word' id='word_1_717' title='bbox 2312 4693 2438 4748; x_wconf 87' lang='lat' dir='ltr'><strong>dum</strong></span> <span class='ocrx_word' id='word_1_718' title='bbox 2462 4695 2704 4762; x_wconf 86' lang='lat' dir='ltr'><strong>seminat,</strong></span> <span class='ocrx_word' id='word_1_719' title='bbox 2733 4693 2879 4748; x_wconf 85' lang='lat' dir='ltr'><strong>aliud</strong></span> <span class='ocrx_word' id='word_1_720' title='bbox 2895 4692 3075 4750; x_wconf 82' lang='lat' dir='ltr'><strong>cecidit</strong></span> <span class='ocrx_word' id='word_1_721' title='bbox 3095 4713 3242 4751; x_wconf 83' lang='lat' dir='ltr'><strong>secus</strong></span> <span class='ocrx_word' id='word_1_722' title='bbox 3262 4697 3398 4750; x_wconf 82' lang='lat' dir='ltr'><strong>viam</strong></span> 
     </span>
    </p>
   </div>
   <div class='ocr_carea' id='block_1_103' title="bbox 1814 4783 3396 4849">
    <p class='ocr_par' dir='ltr' id='par_1_103' title="bbox 1814 4783 3396 4849">
     <span class='ocr_line' id='line_1_103' title="bbox 1814 4783 3396 4849; baseline 0.001 -11"><span class='ocrx_word' id='word_1_723' title='bbox 1814 4794 1862 4838; x_wconf 85' lang='lat' dir='ltr'><strong>et</strong></span> <span class='ocrx_word' id='word_1_724' title='bbox 1892 4783 2246 4839; x_wconf 86' lang='lat' dir='ltr'><strong>concultatum</strong></span> <span class='ocrx_word' id='word_1_725' title='bbox 2268 4786 2440 4849; x_wconf 57' lang='lat' dir='ltr'><strong>est,‘et</strong></span> <span class='ocrx_word' id='word_1_726' title='bbox 2480 4784 2713 4840; x_wconf 78' lang='lat' dir='ltr'><strong>uolucres</strong></span> <span class='ocrx_word' id='word_1_727' title='bbox 2742 4785 2855 4839; x_wconf 72' lang='lat' dir='ltr'><strong>caeli</strong></span> <span class='ocrx_word' id='word_1_728' title='bbox 2884 4788 3215 4840; x_wconf 84' lang='lat' dir='ltr'><strong>comederunt</strong></span> <span class='ocrx_word' id='word_1_729' title='bbox 3241 4785 3396 4840; x_wconf 87' lang='lat' dir='ltr'><strong>illud.</strong></span> 
     </span>
    </p>
   </div>
   <div class='ocr_carea' id='block_1_104' title="bbox 1818 4860 3402 4946">
    <p class='ocr_par' dir='ltr' id='par_1_104' title="bbox 1818 4860 3402 4946">
     <span class='ocr_line' id='line_1_104' title="bbox 1818 4860 3402 4946; baseline 0.002 -19"><span class='ocrx_word' id='word_1_730' title='bbox 1818 4871 1886 4927; x_wconf 84' lang='lat' dir='ltr'><strong>Et</strong></span> <span class='ocrx_word' id='word_1_731' title='bbox 1926 4873 2074 4928; x_wconf 84' lang='lat' dir='ltr'><strong>aliud</strong></span> <span class='ocrx_word' id='word_1_732' title='bbox 2123 4876 2305 4930; x_wconf 86' lang='lat' dir='ltr'><strong>cecidit</strong></span> <span class='ocrx_word' id='word_1_733' title='bbox 2352 4860 2512 4945; x_wconf 77' lang='lat' dir='ltr'><strong>supra</strong></span> <span class='ocrx_word' id='word_1_734' title='bbox 2540 4882 2761 4946; x_wconf 83' lang='lat' dir='ltr'><strong>petram,</strong></span> <span class='ocrx_word' id='word_1_735' title='bbox 2792 4887 2839 4932; x_wconf 89' lang='lat' dir='ltr'><strong>et</strong></span> <span class='ocrx_word' id='word_1_736' title='bbox 2871 4887 3054 4932; x_wconf 85' lang='lat' dir='ltr'><strong>natum</strong></span> <span class='ocrx_word' id='word_1_737' title='bbox 3091 4885 3249 4941; x_wconf 77' lang='lat' dir='ltr'><strong>aruit,</strong></span> <span class='ocrx_word' id='word_1_738' title='bbox 3275 4877 3402 4942; x_wconf 84' lang='lat' dir='ltr'><strong>quia</strong></span> 
     </span>
    </p>
   </div>
   <div class='ocr_carea' id='block_1_105' title="bbox 1816 4964 3401 5038">
    <p class='ocr_par' dir='ltr' id='par_1_105' title="bbox 1816 4964 3401 5038">
     <span class='ocr_line' id='line_1_105' title="bbox 1816 4964 3401 5038; baseline 0.001 -20"><span class='ocrx_word' id='word_1_739' title='bbox 1816 4981 1919 5018; x_wconf 91' lang='lat' dir='ltr'><strong>non</strong></span> <span class='ocrx_word' id='word_1_740' title='bbox 1946 4964 2167 5019; x_wconf 81' lang='lat' dir='ltr'><strong>habebat</strong></span> <span class='ocrx_word' id='word_1_741' title='bbox 2212 4967 2503 5021; x_wconf 81' lang='lat' dir='ltr'><strong>humorem;</strong></span> <span class='ocrx_word' id='word_1_742' title='bbox 2522 4965 2610 5020; x_wconf 78' lang='lat' dir='ltr'><strong>’Et</strong></span> <span class='ocrx_word' id='word_1_743' title='bbox 2636 4968 2782 5022; x_wconf 85' lang='lat' dir='ltr'><strong>aliud</strong></span> <span class='ocrx_word' id='word_1_744' title='bbox 2812 4967 2996 5022; x_wconf 87' lang='lat' dir='ltr'><strong>cecidit</strong></span> <span class='ocrx_word' id='word_1_745' title='bbox 3040 4971 3176 5024; x_wconf 88' lang='lat' dir='ltr'><strong>inter</strong></span> <span class='ocrx_word' id='word_1_746' title='bbox 3199 4969 3401 5038; x_wconf 83' lang='lat' dir='ltr'><strong>spinus,</strong></span> 
     </span>
    </p>
   </div>
   <div class='ocr_carea' id='block_1_106' title="bbox 1812 5056 3404 5131">
    <p class='ocr_par' dir='ltr' id='par_1_106' title="bbox 1812 5056 3404 5131">
     <span class='ocr_line' id='line_1_106' title="bbox 1812 5056 3404 5131; baseline 0.001 -21"><span class='ocrx_word' id='word_1_747' title='bbox 1812 5066 1862 5110; x_wconf 86' lang='lat' dir='ltr'><strong>et</strong></span> <span class='ocrx_word' id='word_1_748' title='bbox 1882 5056 2040 5111; x_wconf 85' lang='lat' dir='ltr'><strong>simul</strong></span> <span class='ocrx_word' id='word_1_749' title='bbox 2066 5068 2263 5113; x_wconf 71' lang='lat' dir='ltr'><strong>exorta:</strong></span> <span class='ocrx_word' id='word_1_750' title='bbox 2297 5062 2462 5127; x_wconf 80' lang='lat' dir='ltr'><strong>spina:</strong></span> <span class='ocrx_word' id='word_1_751' title='bbox 2507 5061 2893 5131; x_wconf 70' lang='lat' dir='ltr'><strong>suﬂ&#39;oraverunt</strong></span> <span class='ocrx_word' id='word_1_752' title='bbox 2932 5059 3088 5117; x_wconf 87' lang='lat' dir='ltr'><strong>illud.</strong></span> <span class='ocrx_word' id='word_1_753' title='bbox 3140 5060 3207 5114; x_wconf 79' lang='lat' dir='ltr'><strong>Et</strong></span> <span class='ocrx_word' id='word_1_754' title='bbox 3251 5059 3404 5112; x_wconf 82' lang='lat' dir='ltr'><strong>aliud</strong></span> 
     </span>
    </p>
   </div>
   <div class='ocr_carea' id='block_1_107' title="bbox 1816 5150 3407 5223">
    <p class='ocr_par' dir='ltr' id='par_1_107' title="bbox 1816 5150 3407 5223">
     <span class='ocr_line' id='line_1_107' title="bbox 1816 5150 3407 5223; baseline 0 -21"><span class='ocrx_word' id='word_1_755' title='bbox 1816 5151 2001 5204; x_wconf 86' lang='lat' dir='ltr'><strong>cecidit</strong></span> <span class='ocrx_word' id='word_1_756' title='bbox 2024 5151 2296 5206; x_wconf 63' lang='lat' dir='ltr'><strong>inderram</strong></span> <span class='ocrx_word' id='word_1_757' title='bbox 2314 5150 2526 5218; x_wconf 84' lang='lat' dir='ltr'><strong>bonam,</strong></span> <span class='ocrx_word' id='word_1_758' title='bbox 2548 5165 2597 5207; x_wconf 86' lang='lat' dir='ltr'><strong>et</strong></span> <span class='ocrx_word' id='word_1_759' title='bbox 2627 5166 2797 5210; x_wconf 88' lang='lat' dir='ltr'><strong>ortum</strong></span> <span class='ocrx_word' id='word_1_760' title='bbox 2822 5153 2942 5223; x_wconf 79' lang='lat' dir='ltr'><strong>fecit</strong></span> <span class='ocrx_word' id='word_1_761' title='bbox 2971 5155 3202 5223; x_wconf 80' lang='lat' dir='ltr'><strong>fructum</strong></span> <span class='ocrx_word' id='word_1_762' title='bbox 3225 5157 3407 5204; x_wconf 84' lang='lat' dir='ltr'><strong>centu-</strong></span> 
     </span>
    </p>
   </div>
   <div class='ocr_carea' id='block_1_108' title="bbox 1791 5239 3407 5338">
    <p class='ocr_par' dir='ltr' id='par_1_108' title="bbox 1791 5239 3407 5338">
     <span class='ocr_line' id='line_1_108' title="bbox 1791 5239 3407 5338; baseline -0.001 -46"><span class='ocrx_word' id='word_1_763' title='bbox 1791 5239 1979 5309; x_wconf 78' lang='lat' dir='ltr'><strong>&#39;pluni.</strong></span> <span class='ocrx_word' id='word_1_764' title='bbox 2023 5240 2153 5297; x_wconf 69' lang='lat' dir='ltr'><strong>Ha&#39;c</strong></span> <span class='ocrx_word' id='word_1_765' title='bbox 2190 5243 2366 5297; x_wconf 88' lang='lat' dir='ltr'><strong>dicens</strong></span> <span class='ocrx_word' id='word_1_766' title='bbox 2414 5244 2676 5301; x_wconf 81' lang='lat' dir='ltr'><strong>clamabat</strong></span> <span class='ocrx_word' id='word_1_767' title='bbox 2707 5244 2854 5310; x_wconf 83' lang='lat' dir='ltr'><strong>:Qui</strong></span> <span class='ocrx_word' id='word_1_768' title='bbox 2903 5244 3053 5297; x_wconf 82' lang='lat' dir='ltr'><strong>habet</strong></span> <span class='ocrx_word' id='word_1_769' title='bbox 3100 5254 3252 5296; x_wconf 81' lang='lat' dir='ltr'><strong>aures</strong></span> <span class='ocrx_word' id='word_1_770' title='bbox 3302 5256 3407 5338; x_wconf 73' lang='lat' dir='ltr'><strong>au-</strong></span> 
     </span>
    </p>
   </div>
  </div>
