3942 5340
474 106 578 163 207

1505 104 1807 163 OTHLONI
1845 104 2154 163 MONACHI
2195 105 2256 161 S.
2294 105 2717 162 ΕΜΜΕΗᾹΜΜΙ

453 215 716 293 'prdtu‘lit,
748 219 931 277 statim
971 218 1225 277 clamavit
1268 219 1493 276 dicens:
1525 219 1631 288 Qui
1688 221 1839 278 habet
1902 236 2053 276 aures
2085 233 2127 290 Α
2168 246 2182 262 ο
2230 220 2381 289 Quod
2403 235 2531 277 vero
2558 236 2929 278 necessarium
2974 221 3045 278 sit
3090 196 3302 281 cunctis
3340 223 3594 284 ﬁdelibus
3631 232 3761 287 sub-

466 311 723 367 audieudi
762 310 978 377 audiat;
1009 325 1105 380 per
1155 309 1259 366 boe
1299 310 1551 367 videlicet
1598 326 1697 366 nos
1754 311 2054 368 admonens

466 411 533 457 ut
558 404 624 458 de
654 401 961 457 carnalibus
984 400 1311 471 spiritualia,
1333 402 1401 458 de
1430 402 1734 459 visibilibus
1758 402 2052 459 invisibilia

450 494 747 548 attendere
786 492 1127 547 Studeamus.
1163 490 1282 548 Non
1330 492 1473 549 enim
1506 494 1593 550 ille
1622 510 1781 550 aures
1800 494 2050 550 audiendi

469 585 658 651 habet,
685 585 775 654 qui
816 598 917 639 nec
945 586 1230 641 attendere
1256 602 1357 640 nec
1398 586 1620 658 implere
1646 598 1801 642 curat
1846 588 2049 642 audita.

452 675 763 732 Audiamus
786 692 938 748 ergo,
963 676 1159 731 fratres
1189 678 1524 743 citatissimi,
1553 678 1844 732 Dominicm
1869 679 2054 733 admo-

454 768 690 825 ‘nitionis
715 770 880 824 verba
907 784 1015 824 non
1042 768 1216 825 solum
1249 769 1512 841 corporis,
1542 770 1637 824 sed
1674 769 1838 825 etiam
1874 770 2054 826 cordis

464 880 619 931 aure,
647 873 705 919 ut
725 873 780 920 et
810 865 899 920 ille
920 881 1018 921 nos
1042 880 1140 936 pro
1164 865 1579 921 necessitatibus
1602 865 1802 920 nostris
1831 866 1897 919 ad
1927 881 2051 920 eum

462 954 762 1011 clamantes
808 955 1059 1024 dignetur
1116 954 1325 1021 audire.
1378 953 1513 1010 Nam
1572 954 1716 1025 quod
1771 963 2052 1024 tantopere

462 1049 743 1105 admonuit
774 1057 833 1103 ut
877 1049 1053 1103 omnis
1078 1064 1238 1104 aures
1266 1049 1517 1105 audiendi
1552 1050 1756 1105 habens
1786 1065 1881 1105 sua
1909 1049 2050 1104 dicza

462 1140 697 1205 audiret,
731 1156 839 1194 non
871 1150 1077 1195 tantum
1107 1140 1342 1211 pertinet
1365 1139 1431 1194 ad
1469 1141 1748 1211 praemissa
1780 1140 2052 1211 parabolae

460 1230 651 1295 verba,
681 1229 775 1285 sed
804 1228 967 1284 etiam
998 1230 1066 1285 ad
1114 1246 1178 1285 ea
1209 1246 1328 1300 quin
1379 1230 1698 1300 exponendo
1750 1231 2049 1298 subiunxit,

461 1321 648 1377 dicens
678 1338 694 1375 :
721 1319 909 1377 Semen
935 1329 1011 1375 est
1041 1321 1247 1376 verbum
1286 1319 1401 1375 Dei.
1437 1319 1590 1386 Quod
1614 1338 1765 1376 secus
1807 1321 1939 1376 riam
1962 1337 2050 1376 ca-

460 1414 563 1480 dit,
615 1414 877 1484 signiﬁcat
923 1431 1011 1470 eos
1038 1415 1129 1486 qui
1151 1414 1374 1469 audiunt
1391 1430 1411 1480 ,°
1442 1414 1629 1469 deinde
1653 1415 1787 1469 venit
1809 1414 2057 1493 diabolus,

459 1516 509 1560 ct
532 1505 665 1561 tollit
705 1507 915 1561 verbum
960 1507 1026 1562 de
1059 1507 1221 1565 corde
1257 1522 1460 1571 eorum,
1513 1524 1575 1560 ne
1613 1506 1879 1561 credentes
1917 1505 2049 1560 salri

2157 313 2413 367 stantiam
2442 323 2710 369 terrenam
2739 313 3139 385 possidentibus
3159 325 3363 373 aeterna
3390 319 3589 391 gaudia
3613 337 3755 380 mer-

2156 406 2267 461 cari
2298 416 2351 462 et
2384 408 2671 477 exquirere
2691 424 2813 465 cum
2841 410 3226 479 temporalibus
3247 410 3426 475 bonis,
3450 414 3591 468 satis
3621 414 3761 471 indi-

2156 506 2312 553 catur
2339 515 2435 569 per
2458 499 2768 570 parabolam
2795 499 2938 576 illam
2968 518 2981 554 :
3008 500 3181 556 Homo
3201 503 3414 574 quidam
3444 516 3557 559 erat
3587 506 3756 571 diues,

2153 588 2244 656 qui
2269 587 2492 641 hauebat
2525 588 2754 643 villicum
2778 589 2928 661 (Luc.
2962 607 3071 651 \vt,
3104 592 3184 660 l);
3211 593 3335 663 quia
3355 594 3404 647 in
3430 593 3540 648 line
3565 595 3697 650 lecti
3730 624 3759 638 -ι

2154 676 2240 731 nis
2266 675 2404 746 ejus,
2434 692 2531 731 cur
2554 677 2696 731 illam
2721 678 3003 748 protulerit
3028 680 3286 736 Dominus
3307 681 3657 750 manifestat,
3679 684 3762 739 di-

2153 783 2284 822 cens
2326 786 2340 821 :
2377 765 2564 822 Facite
2616 767 2752 823 vobis
2795 771 2990 824 amicos
3034 771 3099 825 de
3154 789 3451 828 mammona
3497 776 3757 845 iniquita-

2153 856 2242 920 tis,
2285 866 2395 913 etc.
2432 856 2620 928 (Ibid.,
2649 858 2725 924 9).
2779 857 2833 912 In
2864 874 2968 929 qua
2991 860 3152 914 etiam
3180 862 3433 931 parabola
3467 864 3758 931 Bantinos,

2152 936 2533 1018 argumentum
2561 964 2589 1002 a
2620 951 2894 1003 contrario
2925 965 3146 1005 sumens
3173 952 3240 1007 de
3291 953 3471 1009 villico
3503 954 3760 1012 fraudem

2152 1038 2409 1106 faciente,
2450 1041 2809 1095 innuit-nobis
2834 1042 2959 1111 quia
3005 1051 3111 1095 tam
3138 1059 3168 1096 a
3198 1046 3493 1100 contrariis
3523 1062 3697 1117 quam
3731 1064 3761 1102 δ

2150 1132 2606 1201 consequentibus
2631 1130 2792 1187 rebus
2840 1132 3048 1202 possint
3091 1134 3337 1206 exempla
3369 1136 3761 1195 aedificatum

2150 1222 2400 1292 proponi.
2443 1221 2619 1276 Fraus
2652 1223 2797 1277 enim
2822 1224 3002 1276 omnis
3021 1226 3294 1277 contraria
3318 1234 3402 1279 est
3428 1227 3765 1283 Christiana:

2152 1312 2304 1377 ﬁdei,
2335 1322 2389 1367 et
2420 1311 2540 1367 ideo
2577 1312 2715 1366 banc
2740 1310 2918 1367 facere
2951 1311 3079 1367 licet
3115 1313 3264 1367 nulli.
3297 1313 3406 1370 Sed
3447 1325 3640 1371 tamen
3664 1317 3760 1370 ιιιὶ-

2148 1402 2422 1472 quomodo
2473 1418 2759 1472 possumus
2810 1402 3010 1458 exinde
3057 1405 3343 1471 aediﬁcari,
3411 1410 3764 1464 attendentes

2152 1492 2360 1548 scilicet
2388 1493 2535 1564 quia,
2562 1493 2604 1547 si
2642 1492 2838 1563 aliquis
2868 1493 3208 1549 Saecularium
3241 1511 3339 1566 per
3363 1499 3624 1555 fraudein
3648 1516 3761 1556 sum

448 1596 612 1666 ﬁam.
643 1595 796 1663 Quod
826 1614 942 1653 υετο
977 1615 1138 1671 ,πψτη
1167 1610 1393 1670 parum,
1424 1599 1477 1653 [εί
1512 1611 1633 1654 sum
1665 1599 1783 1671 qui,
1806 1616 1926 1653 cum
1948 1617 2050 1654 αα,
2087 1597 2127 1657 Β
2154 1581 2377 1636 utilitati
2408 1582 2681 1652 prospexit
2714 1582 2767 1636 in
2807 1580 3073 1652 futurum,
3114 1585 3283 1641 multo
3312 1591 3485 1658 magis
3514 1606 3619 1645 nos
3663 1591 3759 1645 de-

458 1689 653 1745 dierint
679 1707 797 1745 cum
831 1691 1048 1762 gaudio,
1083 1693 1373 1763 suscipiunt
1407 1692 1638 1757 verbum,
1669 1704 1715 1747 et
1751 1693 1807 1748 lii
1849 1694 2050 1749 radices

447 1797 562 1835 non
585 1781 801 1847 habent,
826 1783 951 1853 quia
976 1782 1046 1838 ad
1063 1791 1265 1853 tempus
1288 1783 1527 1851 credunt,
1549 1794 1595 1837 et
1620 1784 1675 1837 in
1693 1794 1918 1855 tempore
1942 1794 2053 1839 trn-

448 1877 676 1930 statfouis
705 1875 970 1942 recedunt,
1005 1884 1111 1932 etc.
1142 1874 1294 1948 (Luc.
1327 1891 1393 1942 ιι,
1426 1875 1545 1942 15).

529 1967 656 2023 ΙΙωο
684 1968 849 2038 igitur
880 1968 1240 2040 expositionis
1264 1968 1557 2024 Dominicte
1586 1966 1776 2036 verba,
1801 1968 2051 2040 quamvis

438 2058 668 2115 cunctis
719 2058 969 2114 ﬁdelibus
997 2059 1271 2128 pensanda
1304 2060 1432 2126 sint,
1481 2058 1686 2130 aliquid
1725 2069 1902 2113 tamen
1931 2076 2051 2113 am-

440 2147 595 2217 .plius
617 2164 845 2221 pensare
872 2150 1070 2206 debent
1107 2151 1438 2223 negligentes
1457 2153 1683 2222 quique.
1702 2152 1756 2207 ln
1781 2151 1885 2207 illis
1905 2154 2049 2225 enim

454 2242 641 2297 omnia
682 2241 1032 2299 inveniuntur
1054 2258 1174 2314 qua:
1202 2243 1286 2299 de
1317 2241 1649 2299 infructuosa
1689 2253 1832 2298 terra
1863 2245 2052 2298 dicim-

458 2344 568 2388 ων.
598 2334 700 2404 ipsi
726 2334 924 2405 quippe
954 2334 1181 2389 audiunt
1209 2335 1435 2390 verbum
1469 2333 1588 2400 Dei,
1611 2335 1706 2389 sed
1728 2334 1923 2389 deinde
1960 2349 2046 2389 ve-
2122 2384 2130 2390 .

451 2428 639 2483 uiente
668 2429 883 2484 diabolo
906 2429 980 2482 ita
1001 2427 1391 2483 obliviscuntur
1418 2427 1658 2499 ejusdem
1689 2427 1863 2492 verbi,
1888 2426 2045 2497 quasi

446 2533 730 2588 nunquam
753 2517 1047 2573 audierint.
1075 2516 1178 2587 lpsi
1230 2526 1354 2573 sunt
1380 2528 1533 2589 petra
1580 2533 1744 2589 supra
1777 2534 1939 2590 quam
1965 2534 2049 2574 se-

450 2621 578 2664 men
607 2607 808 2662 cadens
828 2622 933 2661 non
963 2605 1342 2671 fructiﬁcatur,
1367 2606 1514 2677 quia,
1542 2606 1668 2662 licet
1697 2623 1819 2663 cmn
1851 2609 2049 2680 gaudio

444 2697 754 2766 suscipiant
800 2697 1023 2751 verbum
1068 2696 1187 2759 Dei,
1216 2697 1268 2753 in
1296 2699 1476 2754 radice
1502 2707 1682 2753 tamen
1710 2701 1892 2756 cordis
1919 2700 2047 2755 illud

452 2789 681 2844 minime
710 2787 960 2859 ﬁgentes,
984 2788 1052 2843 ad
1067 2799 1268 2860 tempus
1289 2792 1590 2856 credunt,et
1614 2791 1668 2845 in
1688 2802 1916 2864 tempore
1936 2803 2047 2847 teu-

442 2880 670 2936 tationis
699 2878 965 2934 recedunt.
1005 2879 1110 2949 ipsi
1160 2881 1346 2947 etiam,
1397 2881 1442 2936 si
1489 2880 1631 2936 forte
1668 2883 2045 2952 possessiones

2154 1674 2344 1730 bemus
2365 1689 2464 1744 per
2497 1676 2896 1746 clcemosynam
2921 1674 3070 1745 juste
3111 1678 3438 1748 acquisitam
3464 1682 3759 1750 providere

2154 1781 2273 1836 qua:
2306 1770 2465 1821 nobis
2511 1766 2563 1822 in
2612 1766 2790 1819 futura
2820 1770 3296 1849 vita_expediuut.
3346 1772 3446 1827 Cui
3491 1774 3759 1829 nimirum

2154 1858 2402 1930 exemplo
2433 1858 2609 1915 simile
2643 1870 2751 1926 est,
2777 1861 2820 1915 si
2850 1861 3046 1931 aliquis
3075 1863 3381 1934 religiosus,
3417 1868 3620 1924 videns
3648 1886 3760 1923 me-

2152 1952 2405 2006 retricem
2435 1952 2581 2006 omni
2619 1954 2778 2007 modo
2804 1962 3053 2007 ornatam
3077 1958 3410 2011 amatoribus
3448 1960 3588 2025 suis,
3630 1976 3755 2014 tuo:

2152 2052 2303 2113 optet
2317 2045 2500 2099 dicens
2518 2065 2530 2098 :
2548 2045 2754 2099 utinam
2777 2061 2877 2116 ego
2901 2046 2974 2101 ita
2989 2048 3263 2103 studerent
3278 2049 3450 2121 placet
3465 2050 3753 2116 eCltristo,

2152 2132 2293 2190 sicut
2334 2135 2434 2191 ista
2469 2138 2727 2191 meretrix
2782 2140 2965 2194 studet
3017 2137 3234 2208 placere
3282 2143 3521 2197 mundo!
3573 2143 3666 2198 vel
3708 2146 3754 2199 si

2151 2229 2275 2298 quis
2297 2229 2599 2298 spiritualis
2640 2234 2831 2286 doctor
2863 2231 3155 2302 discipulos
3176 2248 3305 2289 suos
3343 2234 3637 2290 admoneat
3671 2237 3753 2291 ιιι-

2153 2334 2282 2373 cens
2313 2336 2327 2371 :
2360 2320 2499 2374 sint
2532 2319 2687 2375 ιιιυιλί
2712 2321 2941 2376 studiosi
2972 2331 3099 2378 sunt
3130 2324 3197 2377 ad
3221 2326 3573 2379 obtinendam
3619 2342 3750 2395 pru-

2151 2409 2389 2464 dentiam
2420 2413 2625 2477 carnis,
2653 2413 2728 2467 ita
2752 2423 2805 2468 et
2827 2429 2922 2469 vos
2941 2416 3154 2469 studete
3176 2424 3234 2469 ut
3255 2418 3595 2487 spiritualem
3623 2434 3754 2491 pru-

2149 2501 2388 2558 dentiam
2411 2503 2729 2573 obtineatis‘,
2765 2520 2888 2561 cum
2924 2522 3178 2579 perversa
3207 2508 3279 2564 sit
3300 2519 3355 2563 et
3387 2516 3652 2566 meretrix
3698 2517 3756 2566 et

2148 2597 2435 2665 prudentia
2478 2598 2776 2654 saecularis.
2812 2597 2892 2653 Ex
2921 2600 3121 2670 quibus
3164 2600 3435 2672 colligitur
3462 2603 3593 2673 quia
3624 2618 3751 2674 pes-

2148 2687 2284 2743 sima
2324 2704 2550 2760 qumque
2576 2692 2641 2745 ad
2667 2692 3079 2747 aediﬁcationem
3102 2695 3305 2747 assumi
3330 2704 3581 2764 possunt.

2217 2779 2483 2838 Omnibus
2510 2783 2674 2839 etiam
2713 2784 3024 2855 pastoribus
3071 2786 3481 2853 ecclesiasticis,
3506 2790 3600 2858 qui
3641 2790 3752 2845 dis-

2147 2875 2390 2930 cretione
2424 2878 2658 2933 maxima
2690 2879 2935 2951 indigent
2981 2881 3048 2934 ad
3078 2882 3451 2950 procurandos
3476 2884 3752 2955 quoslibet

446 2986 681 3044 magnas
699 2971 952 3035 retinent,
971 2991 1002 3027 a
1036 2973 1502 3040 sollicitudinibus,
1528 2983 1577 3029 et
1603 2974 1797 3030 divitiis
1832 2986 1879 3029 et
1907 2975 2045 3030 ualu-

2152 2966 2354 3037 lapsos,
2400 2971 2724 3025 attendenda
2769 2981 2854 3027 est
2881 2972 2970 3026 illa
3000 2975 3255 3042 parabole
3285 2990 3446 3045 quam
3480 2976 3750 3032 Dominus

446 3063 686 3133 ptatibus
711 3062 825 3117 vitae
857 3061 1021 3132 hujus
1046 3064 1396 3133 suﬂ‘ocantnr,
1426 3073 1482 3118 ut
1530 3081 1637 3117 non
1676 3066 1903 3135 referant
1931 3066 2047 3137 fru-

452 3165 595 3210 ctum
629 3154 820 3227 (Ibitl.,
852 3153 963 3224 14),
989 3154 1131 3209 nulla
1188 3171 1294 3209 non
1323 3155 1554 3211 visibilia
1601 3166 1657 3211 et
1699 3158 1940 3213 carnalia
1968 3167 2046 3213 at-

454 3248 766 3306 tendentes.
800 3248 907 3304 Sed
928 3248 1055 3304 ideo
1079 3248 1314 3303 maxime
1356 3247 1664 3306 cﬂiciuntur
1692 3250 2043 3322 negligentes,

448 3341 601 3412 quia,
625 3342 1239 3413 timoremamoremque
1262 3340 1357 3396 Dei
1381 3351 1722 3413 spernentes,
1737 3345 1962 3400 creduat
1984 3359 2043 3398 se

449 3434 779 3507 temporalia
799 3444 855 3491 et
884 3446 1089 3491 aeterna
1133 3436 1273 3490 bona
1302 3450 1414 3491 uno
1431 3436 1736 3493 dilectionis
1756 3450 1956 3506 genere
1983 3451 2047 3489 a-
2074 3488 2095 3511 _.

450 3530 644 3601 dipisei
669 3545 851 3600 posse,
876 3531 991 3585 sive
1017 3514 1303 3601 propterea
1323 3530 1600 3600 quoniam,
1623 3546 1744 3586 cum
1769 3547 1865 3600 pro
1892 3538 2042 3584 certo

449 3622 629 3678 sciant
655 3631 887 3690 utraque
911 3620 1265 3676 discernenda
1308 3635 1429 3677 esse
1475 3621 1529 3677 in
1566 3621 1879 3686 dilectione,
1912 3638 2039 3691 pro-

449 3720 661 3785 ponunt
682 3712 784 3767 sibi
817 3710 1036 3781 longum
1061 3712 1182 3765 vita:
1213 3712 1497 3781 praesentis
1523 3713 1757 3783 spatium
1778 3713 2040 3765 divinam-

451 3804 868 3874 que-pietatem,
896 3817 1015 3871 qum
1046 3802 1259 3857 cunctis
1282 3802 1348 3856 ad
1372 3818 1430 3856 se
1454 3801 1577 3857 licet
1615 3817 1740 3857 sero
1765 3792 2042 3857 conversis

448 3893 666 3949 veniam
718 3893 1023 3963 promittit;
1059 3899 1116 3947 et
1162 3891 1265 3946 bac
1313 3881 1670 3960 promisSione
1732 3891 2036 3956 abutentes,

450 3985 724 4041 credendo
746 3983 955 4038 scilicet
983 3982 1110 4053 quia
1164 3984 1598 4053 quandocunque
1630 3981 1900 4036 voluerint
1932 3984 2045 4037 cito

452 4076 697 4132 converti
723 4077 929 4146 possint
970 4073 1145 4145 (quasi
1173 4074 1547 4129 conversionis
1601 4083 1812 4143 tempus
1842 4073 1895 4127 in
1942 4091 2038 4145 po-

454 4176 647 4223 testate
675 4183 772 4222 sua
800 4160 1111 4238 babeantl),
1144 4166 1362 4221 interim
1389 4176 1501 4219 toto
1530 4166 1650 4221 nisu
1692 4167 1922 4221 terrenis
1946 4184 2038 4221 so-

448 4260 726 4315 lummodo
746 4260 895 4315 curis
930 4269 987 4315 et
1016 4259 1383 4331 voluptatibus
1410 4270 1765 4331 occupantur.
1796 4261 2038 4332 (Ξιιιιιιιιιε

2151 3061 2372 3132 protulit
2402 3064 2467 3117 de
2494 3062 2582 3118 illo
2609 3064 2829 3120 bontine
2882 3066 2998 3138 qui,
3029 3066 3096 3121 ad
3131 3066 3467 3145 Hierusalem
3504 3071 3558 3124 in
3596 3070 3745 3128 Jcri-

2148 3152 2250 3206 cbo
2268 3152 2622 3219 descendens,
2642 3154 2828 3208 incidit
2851 3152 2906 3208 in
2922 3156 3186 3221 latrones,
3213 3166 3267 3211 et
3295 3158 3362 3212 ab
3384 3159 3464 3213 eis
3486 3160 3746 3215 vulnera-

2150 3254 2234 3299 tus
2270 3245 2592 3315 relinquitur
2622 3249 2938 3303 semivivus.
2963 3248 3206 3320 Cumque
3237 3269 3266 3305 a
3289 3256 3751 3320 praetereuntibus

2146 3337 2467 3405 quibusdam
2498 3338 2718 3394 minime
2740 3340 3070 3407 visitaretur,
3112 3342 3490 3399 Samaritanus
3519 3348 3745 3415 quidam

2144 3428 2248 3481 iter
2275 3428 2479 3482 faciens
2523 3429 2763 3499 suscepit
2807 3445 2931 3485 eum
2976 3434 3303 3498 sanaudum,
3335 3434 3748 3507 infundensqne

2143 3519 2318 3574 oleum
2345 3531 2401 3576 et
2432 3522 2639 3588 vinum,
2668 3523 2901 3579 reddidit
2928 3540 3119 3579 sanum
3151 3525 3303 3594 (Luc.
3334 3543 3389 3593 x,
3412 3527 3631 3599 50‘33).
3660 3530 3743 3583 lu-

2144 3612 2283 3667 fusio
2313 3616 2456 3667 enim
2486 3614 2596 3668 olei
2620 3626 2673 3670 et
2697 3616 2811 3670 vini
2838 3619 3204 3673 necessariam
3237 3621 3456 3689 pietatis
3503 3633 3561 3676 et
3592 3639 3742 3678 sevc-

2144 3705 2320 3760 ritatis
2343 3707 2784 3762 commixtionem
2812 3709 3103 3780 signiﬁcat,
3129 3713 3247 3767 sine
3273 3728 3378 3784 qua
3402 3715 3589 3774 nullus
3617 3732 3741 3787 pec-

2142 3809 2384 3854 catorum
2415 3801 2727 3857 vulneribus
2753 3803 2943 3874 plenus
2964 3806 3148 3860 sanari
3180 3807 3403 3877 poterit.
3433 3806 3578 3864 lline
3609 3826 3743 3880 ergo

2141 3899 2389 3954 doctores
2450 3900 2688 3954 universi
2752 3910 2979 3970 possunt
3032 3901 3169 3956 satis
3215 3901 3409 3958 instrui
3453 3905 3585 3973 quia
3641 3919 3743 3959 nec

2140 3992 2317 4061 pietas
2354 3992 2471 4047 sine
2507 3992 2825 4058 severitate,
2854 4008 2953 4048 nec
2990 3995 3260 4050 severitas
3287 3995 3411 4071 sine
3442 3998 3653 4066 pietate
3681 3996 3744 4050 in

2140 4086 2517 4155 peccatoribus
2551 4085 2807 4141 curandis
2831 4087 3061 4141 tenenda
3092 4097 3199 4144 est.

2211 4178 2475 4235 Similiter
2497 4193 2565 4235 ne
2588 4179 2860 4234 concessis
2889 4188 2945 4234 et
2972 4178 3134 4236 licitis
3160 4182 3323 4237 rebus
3354 4180 3736 4251 intemperan-

2112 4336 2113 4339 η
2144 4277 2226 4323 ter
2250 4280 2486 4334 utamur,
2522 4284 2615 4324 seu
2657 4269 2708 4324 in
2740 4269 2820 4324 eis
2852 4270 2974 4339 pbts
3011 4285 3175 4340 quam
3207 4272 3369 4326 liceat
3409 4273 3730 4334 imitamur,

452 4353 520 4408 de
560 4352 646 4406 die
677 4352 730 4405 in
761 4351 929 4414 diem.
980 4351 1046 4405 de
1084 4367 1270 4407 mense
1310 4353 1365 4406 in
1404 4367 1668 4420 mensem,
1697 4353 1762 4407 de
1791 4368 1934 4406 anno
1957 4331 1963 4332 ί
1983 4354 2035 4406 in
2069 4331 2119 4391 θ
2144 4331 2481 4415 attendenda
2508 4369 2594 4415 est
2620 4360 2822 4430 iugiter
2853 4331 2957 4415 'illa
2990 4331 3278 4430 parabola:
3315 4361 3490 4417 Homo
3513 4331 3734 4434 quidaui

448 4459 651 4499 annum
672 4441 1044 4498 conversionis
1075 4450 1285 4511 tempus
1297 4442 1567 4509 differunt,
1591 4454 1683 4498 aut
1704 4445 1795 4498 vix.
1819 4445 2032 4498 demum

449 4545 860 4602 convertuntur,
878 4543 989 4600 aut,
1014 4535 1167 4604 quasi
1192 4536 1429 4591 catenati
1451 4552 1480 4591 a
1502 4539 1893 4613 consuetudine
1915 4554 2037 4609 pes-

447 4628 611 4696 sima,
660 4627 780 4684 sine
807 4627 1161 4684 conversione
1190 4628 1519 4685 moriuntur.
1561 4628 1694 4683 Nam
1725 4644 1790 4684 ex
1829 4631 2036 4700 peccati

450 4736 631 4795 pinna,
662 4736 823 4794 quam
851 4722 906 4777 in
931 4720 1090 4793 longa
1110 4720 1478 4777 conversionis
1515 4720 1773 4778 dilatione
1804 4735 2037 4792 prome-

451 4822 699 4881 ruerunt,
720 4814 991 4870 videbitur
1009 4815 1089 4870 eis
1110 4813 1433 4884 quandoque
1457 4813 1672 4870 diﬁicile
1696 4815 1839 4885 quod
1860 4829 2037 4884 quon-

384 4914 393 4922 '
450 4907 575 4961 dam
605 4905 780 4961 visum
832 4903 1011 4962 fuerat
1039 4905 1212 4963 facile.
1246 4905 1329 4963 Ad
1371 4905 1741 4977 expellendum
1773 4921 1901 4977 ergo
1928 4915 2036 4960 tam

449 4996 811 5067 periculosam
849 5006 1069 5067 tamque
1112 4996 1448 5053 tremendam
1478 4995 1862 5067 negligentiam
1904 4995 2037 5050 satis

442 5088 600 5156 juvat
635 5090 680 5146 si
705 5089 958 5161 parabola
977 5090 1090 5161 jam
1115 5097 1539 5145 commemorata
1563 5086 1791 5157 ejusque
1823 5086 2036 5155 exposi-

448 5182 527 5237 tio
564 5170 761 5254 saapius
781 5192 836 5239 ct
867 5184 1075 5240 intente
1116 5183 1347 5253 legatur,
1404 5181 1449 5238 si
1487 5189 1667 5236 tamen
1705 5179 1866 5234 simul
1895 5178 2038 5232 adsit

448 5287 580 5328 cura
606 5276 887 5340 oratioque
912 5275 1088 5340 jugis,
1126 5282 1185 5330 ut
1227 5272 1551 5340 expellatur.
1583 5270 1758 5340 ipsam
1779 5270 1925 5327 enim
1952 5268 2036 5323 di-

2143 4453 2265 4522 fecit
2300 4469 2502 4507 cauam
2537 4467 2814 4522 magnam,
2856 4462 2905 4506 et
2932 4455 3132 4507 vocavit
3189 4452 3381 4507 multos
3432 4451 3589 4523 (Luc.
3619 4469 3739 4517 xrv,

2147 4543 2260 4614 16).
2282 4542 2436 4610 Quod
2465 4542 2609 4596 enim
2648 4541 2719 4596 ibi
2748 4541 2949 4597 dicitur
2971 4556 3125 4597 caena
3153 4557 3349 4612 magna
3378 4542 3520 4596 facta
3550 4550 3610 4600 et.
3634 4559 3729 4597 vo-

2144 4634 2251 4688 cati
2282 4632 2457 4697 multi,
2502 4633 2598 4688 sed
2647 4634 2866 4703 quidam
2902 4633 3302 4704 propterﬁvillae
3342 4644 3557 4706 emptae,
3606 4636 3728 4707 qui-

2145 4726 2269 4780 dam
2301 4737 2521 4795 propter
2547 4724 2708 4780 boum
2735 4735 3036 4796 empturum
3081 4728 3476 4796 probationem,
3505 4727 3731 4797 quidam

2139 4831 2269 4872 vero
2298 4827 2522 4886 propter
2541 4832 2765 4872 uxorem
2794 4817 3006 4873 noviter
3052 4818 3267 4873 ductam
3307 4833 3365 4874 se
3399 4827 3729 4874 excusantes

2138 4908 2324 4963 venire
2350 4892 2640 4963 noluerunt
2671 4906 2861 4978 (Ibid,
2900 4908 3106 4979 ιιι-εει),
3133 4907 3402 4979 signiﬁcat
3429 4909 3726 4962 maximam

2138 4997 2354 5067 quidem
2381 4997 2781 5052 multitudinem
2811 4997 3047 5052 fidelium
3072 4998 3138 5052 ad
3165 5013 3398 5067 superna
3420 4998 3616 5069 gaudia
3638 5000 3724 5049 in-

2137 5089 2401 5155 vitatam;
2449 5088 2566 5153 sed,
2621 5088 2748 5142 dum
2791 5086 3008 5157 plurimi
3068 5088 3248 5142 nimia:
3316 5087 3731 5157 posscssionum

2137 5179 2550 5237 obtinendarum
2588 5180 2895 5245 ambitioni,
2930 5180 3148 5250 quidam
3181 5190 3360 5235 autem
3393 5177 3725 5248 coniugiali-

2139 5270 2251 5324 eito
2278 5270 2704 5338 intemperanter
2756 5270 2921 5325 dediti
2967 5270 3343 5335 inveniuntur,
3384 5272 3543 5340 pauci
3597 5277 3725 5323 sunt
