3942 5340
166 425 259 483 209

1200 380 1209 385 ’
1282 396 1410 457 LIB.
1453 395 1540 451 DE
1577 384 1810 448 censu
1849 374 2257 443 summm.

3304 344 3428 403 πω

166 532 389 609 quotidie
424 544 535 586 non
565 523 735 584 solum
759 521 828 580 ob
854 519 1073 579 nimiam
1095 516 1343 574 villarum
1379 524 1542 585 atque
1561 510 1724 566 boum
1757 510 1802 566 Δ
1828 480 2010 556 οπιιῖῖθ
2045 503 2337 563 ιηιθίιιιιιηι
2360 486 2510 542 mm"
2534 482 2681 540 Im"
2698 475 3175 609 m‘rm'dqnme
3199 465 3413 522 Imm“.-

1384 608 1391 609 ,
1428 606 1436 609 _
1720 608 1723 609 ,
1882 607 1923 609 ,_
1949 589 2208 609 .,._-_-....
2247 577 2687 609 ιιι...;,.ε....η.-η.η
2721 585 2809 609 nm
2837 567 2935 609 liln
2975 560 3413 609 nmnvenientet

168 606 328 698 pretio
390 620 659 692 condigne
722 616 1175 686 acquirendarum
1252 606 1602 663 ambitionem
1678 608 1734 656 et

171 714 830 790 propterintempcratum
876 705 1064 760 uxoris
1115 716 1381 765 amorem,
1413 700 1509 754 sed
1545 695 1730 756 etiam,

172 811 300 884 quod
348 807 523 863 multo
551 802 779 875 nequius
810 808 915 864 est,
945 799 1013 854 ob
1039 813 1133 852 eos
1172 810 1332 866 agros
1362 807 1497 863 quos
1546 784 1714 843 fraudi

170 879 332 972 aliqua
362 896 649 967 acquirere
683 891 765 948 vel
801 888 1016 945 auferre
1038 886 1258 943 student
1285 886 1351 942 de
1369 882 1507 939 locis
1532 879 1737 935 sanctis

172 1005 253 1045 seu
282 985 636 1059 pauperibus,
665 989 721 1036 ct
748 989 966 1051 propter
993 976 1295 1033 meretricis
1348 972 1735 1036 induetionem,

171 1099 224 1139 se
241 1087 509 1139 conantur
538 1090 800 1133 excusare
843 1089 872 1129 a
894 1071 1181 1127 vocatione
1202 1069 1404 1125 divina.
1433 1066 1489 1122 Si
1517 1064 1659 1122 enim
1683 1063 1739 1118 hi

170 1172 252 1244 qui
274 1170 431 1227 rebus
462 1173 616 1238 juste
654 1164 932 1237 acquisitis
959 1172 1015 1219 et
1041 1165 1151 1219 Deo
1178 1160 1453 1217 concessis
1480 1159 1741 1227 intempe-

175 1275 338 1323 ranter
365 1271 670 1326 utuntur,a
719 1274 887 1328 regno
928 1255 1135 1312 cmlesti
1182 1253 1563 1316 excluduntur,
1612 1248 1743 1320 quid

174 1355 482 1414 credendum
520 1362 604 1408 est
651 1352 716 1407 de
747 1350 851 1406 illis
877 1348 967 1421 qui
999 1364 1097 1419 per
1131 1345 1239 1401 vim
1286 1354 1342 1401 et
1373 1343 1614 1399 fraudem
1646 1339 1745 1395 ali-

174 1466 317 1523 quam
342 1447 521 1504 aliena
546 1445 849 1517 rapientes,
871 1453 925 1497 et
949 1441 1327 1498 meretricibus
1354 1447 1526 1494 semet
1554 1435 1746 1507 jugen-

181 1557 266 1608 tes,
311 1542 361 1597 itt
413 1541 502 1596 bis
536 1553 711 1609 usque
739 1539 807 1592 ad
844 1539 1006 1591 liuent
1052 1534 1178 1589 vitae
1212 1530 1596 1605 perseverant?
1622 1527 1747 1583 llaec

180 1636 337 1705 itaque
360 1632 522 1702 juxta
555 1631 791 1686 litteram
826 1628 966 1684 dicta
996 1626 1129 1682 sint.

239 1727 455 1790 Deinde,
486 1723 644 1793 juxta
671 1719 1006 1792 spiritualem
1037 1715 1468 1789 intelligentiam,
1501 1711 1750 1770 conside-

181 1832 287 1874 rare
309 1817 433 1870 libet
462 1815 556 1885 qui
588 1812 963 1884 significentur
996 1823 1096 1879 per
1126 1807 1245 1863 illos
1282 1816 1397 1862 tres
1427 1798 1753 1860 excusantes

182 1921 282 1964 sea
303 1920 455 1961 cinna
502 1904 574 1959 ad
612 1918 778 1974 quam
807 1900 1018 1956 invitati
1047 1906 1223 1954 erant.
1261 1896 1478 1953 Primus
1520 1908 1755 1964 namque
1786 1881 1829 1941 Β

186 2001 345 2057 dixit:
384 1998 584 2053 Villam
615 1997 742 2062 emi,
787 2006 832 2050 et
870 2009 1074 2050 necesse
1111 1991 1277 2048 habeo
1301 1992 1445 2047 exire
1490 1998 1538 2043 et
1582 1988 1757 2043 videre

190 2093 351 2157 illam;
376 2108 502 2163 rogo
525 2099 597 2152 te,
623 2090 755 2144 habe
776 2104 857 2142 me
878 2095 1207 2141 excusatum.
1236 2084 1384 2137 Alter
1412 2081 1549 2136 dixit
1570 2099 1590 2139 :
1616 2079 1757 2150 luga

190 2184 322 2237 bona
347 2183 449 2237 emi
474 2183 735 2253 quinque,
756 2189 803 2234 et
828 2195 889 2233 eo
907 2176 1265 2249 probare;illa
1279 2192 1411 2248 rogo
1435 2186 1505 2240 te,
1521 2174 1653 2228 habe
1680 2189 1761 2227 me

189 2285 488 2330 excusatum.
522 2272 735 2328 Tertius
761 2271 940 2327 eodem
970 2268 1124 2323 modo
1149 2269 1415 2324 excusavit
1451 2284 1505 2323 se
1543 2268 1718 2321 dicens
1740 2277 1760 2317 :

192 2367 395 2425 Uxorem
430 2366 591 2434 duxi,
642 2352 690 2419 et
718 2364 833 2417 ideo
876 2379 979 2417 non
1010 2377 1223 2432 possunt
1256 2361 1428 2414 venire
1464 2358 1675 2431 (Μήτι).
1706 2356 1762 2412 In

193 2464 294 2521 istis
327 2478 453 2535 ergo
500 2462 683 2517 tri'us
712 2474 770 2514 se
806 2456 1198 2514 excusantibus
1238 2454 1498 2515 existimo
1538 2452 1764 2523 intelligi

192 2562 328 2629 posse
374 2556 476 2611 tria
514 2568 720 2624 genera
755 2550 1059 2615 hominum,
1107 2546 1391 2620 gentilium
1418 2544 1768 2610 videlicel,et

196 2644 475 2702 intimorum
504 2653 677 2713 atque
726 2639 1128 2696 ltmreticorum.
1160 2637 1241 2693 Ex
1282 2636 1479 2707 quibus
1517 2634 1767 2705 gentiles,

196 2738 322 2805 quia,
346 2733 717 2805 amplissimas
732 2730 1102 2803 possessiones
1132 2728 1182 2783 iu
1201 2728 1302 2783 hoc
1318 2725 1518 2782 mundo
1537 2725 1771 2780 retinen-

199 2838 269 2883 tes
302 2827 369 2882 nil
397 2826 721 2897 cogitabant
749 2821 981 2891 qualiter
1005 2820 1134 2875 vita:
1179 2816 1433 2888 perennis
1475 2814 1773 2885 participes

202 2922 388 2984 tierent,
432 2916 824 2990 signiﬁcantur
871 2927 967 2983 per
1010 2911 1190 2979 illum,
1216 2909 1306 2980 qui
1336 2907 1518 2962 dixit:
1584 2903 1771 2960 Villam

199 3014 309 3077 cati,
329 3022 374 3067 et
416 3024 629 3073 necesse
659 3005 823 3061 habeo
851 3005 993 3058 exire
1012 3012 1059 3057 et
1095 3001 1268 3055 videre
1296 2996 1463 3059 illam,
1495 3003 1625 3059 etc.,
1656 3008 1776 3064 quae

204 3096 789 3157 scilitetescusationis
834 3093 1000 3148 verba
1038 3090 1198 3146 toties
1221 3089 1274 3143 itt
1302 3087 1463 3143 corde
1489 3100 1587 3140 suo
1612 3098 1778 3138 unus-

205 3197 410 3270 quisque
447 3193 589 3250 dicit
629 3189 848 3262 quoties
893 3186 1206 3257 temporalta
1238 3182 1379 3237 bona
1407 3178 1627 3239 alternis
1651 3194 1779 3249 gau-

206 3246 293 3342 diis
820 3282 967 3337 enim
998 3246 1121 3350 quis
1167 3274 1370 3346 aliquid
1398 3286 1581 3328 emere
1609 3246 1776 3341 cupit,
1805 3246 1854 3308 (ἶ
1885 3275 2050 3316 nteant
2088 3255 2220 3330 (Luc

208 3392 354 3432 unum
402 3391 502 3448 pro
534 3375 713 3431 altero
742 3372 935 3429 reddit.
969 3370 1045 3425 Ita
1075 3378 1124 3424 et
1154 3368 1242 3424 ille
1275 3366 1387 3437 agit
1433 3364 1525 3437 qui
1552 3363 1781 3418 liberum

209 3468 471 3530 arbitrium
507 3467 724 3523 itabens
756 3474 814 3519 ttt
843 3462 1008 3518 faciat
1035 3461 1175 3517 bona
1198 3458 1277 3515 vel
1301 3456 1462 3520 tttala,
1484 3452 1785 3526 spiritualia

212 3561 284 3616 vel
309 3560 571 3625 carnalia,
600 3554 905 3630 spiritualia
960 3552 1115 3623 quasi
1159 3550 1396 3606 vendens
1430 3563 1461 3603 a
1491 3562 1549 3604 se
1581 3540 1784 3615 objicit,

212 3660 259 3706 et
288 3652 519 3708 carnalia
578 3648 812 3706 emendo
842 3645 1054 3717 recipit.
1104 3643 1197 3699 ille
1245 3650 1426 3699 autem
1476 3652 1666 3695 servus
1698 3636 1789 3706 qui

213 3744 461 3800 invitabat
485 3757 682 3800 omnes
726 3737 948 3809 intelligi
999 3743 1176 3807 potest
1223 3724 1306 3789 vel
1338 3730 1585 3787 naturale
1637 3729 1792 3797 inge-

214 3835 347 3888 nium
377 3833 460 3889 vel
490 3844 838 3905 quaecunque
885 3826 1115 3883 scientia
1164 3826 1287 3880 boni
1319 3832 1373 3878 et
1427 3821 1551 3877 mali
1604 3838 1634 3875 a
1682 3819 1794 3875 Deo

221 3926 423 3991 tributa,
476 3934 538 3979 ut
569 3924 714 3979 sciat
758 3919 1132 3990 unusquisque
1175 3915 1449 3972 declinare
1500 3927 1533 3966 a
1572 3912 1714 3967 malo
1740 3921 1797 3967 et

221 4012 381 4072 facere
411 4017 639 4072 bonum.
676 4012 786 4070 Sed
818 4009 1125 4081 lntjusmodi
1156 4022 1345 4063 servus
1386 4005 1658 4061 nuntiavit
1682 4004 1799 4060 haec

222 4109 420 4167 domino
447 4125 571 4177 suo,
603 4108 732 4179 quia
772 4102 1199 4172 uniuscujusque
1244 4099 1573 4159 conscientia
1619 4106 1674 4153 et
1703 4112 1797 4153 co-

222 4200 395 4270 gitatio
430 4208 583 4271 patet
617 4198 748 4253 Deo.
805 4193 909 4249 Per
935 4208 1057 4249 eum
1105 4205 1239 4247 vero
1290 4189 1383 4258 qui
1430 4187 1567 4244 dixit
1602 4205 1619 4241 ε
1660 4187 1801 4257 luga

222 4292 363 4350 boum
390 4295 491 4349 emi
519 4292 774 4363 quiaque,
806 4296 937 4349 εις..
967 4284 1185 4345 .lttdaros
1216 4284 1269 4341 in
1300 4280 1524 4353 perﬁdia
1555 4294 1650 4334 sua
1682 4292 1808 4347 per-

227 4397 488 4440 manentes
509 4382 776 4451 intelligo,
806 4377 922 4448 qui.
950 4377 1076 4429 dum
1102 4375 1154 4428 in
1182 4372 1423 4444 quinque
1445 4368 1601 4424 libris
1636 4365 1800 4438 Moysi

229 4475 459 4531 ﬁduciam
496 4473 797 4528 maximam
854 4468 1116 4522 habentes
1160 4464 1235 4518 nil
1272 4469 1468 4517 curant
1495 4461 1563 4516 de
1592 4459 1805 4515 caeteris

229 4564 506 4637 Scriptura:
546 4579 720 4620 sacrae
770 4562 945 4626 libris,
996 4573 1229 4630 quorum
1281 4555 1527 4612 doctrina
1575 4553 1805 4624 pleniter

230 4659 410 4730 corrigi
435 4666 681 4730 possent,
710 4653 864 4725 quasi
899 4659 1223 4711 excusantes
1244 4648 1591 4716 dicetttesque
1623 4662 1636 4699 :
1663 4644 1805 4713 luga

231 4747 369 4806 boum
391 4751 490 4806 emi
535 4750 788 4819 quinque,
830 4743 886 4801 itt
937 4742 1102 4799 corde
1137 4756 1236 4797 suo
1274 4739 1604 4809 respondent
1626 4734 1678 4790 ei
1715 4734 1808 4805 qui

235 4853 287 4896 se
310 4841 517 4907 invitat,
568 4836 808 4911 naturali
856 4835 1097 4906 ingenio,
1124 4829 1347 4887 cuilibet
1375 4826 1665 4884 scientiaza
1702 4822 1811 4878 Deo

238 4932 326 4988 sibi
357 4935 579 4989 traditze.
610 4931 719 4987 Per
767 4928 989 4983 tertium
1022 4934 1200 4981 autem
1245 4920 1337 4992 qui
1361 4919 1501 4975 dixit
1530 4934 1544 4976 :
1580 4913 1810 4971 Uxorem

242 5026 379 5091 duxi,
407 5036 454 5080 et
505 5025 620 5083 ideo
646 5038 753 5077 non
775 5033 989 5092 possum
1022 5016 1227 5079 uenire,
1257 5010 1543 5069 haereticos
1584 5003 1812 5074 intelligi

242 5127 384 5187 posse
405 5116 585 5173 credo.
620 5114 756 5170 Nam
801 5112 933 5167 dum
989 5101 1484 5174 tra‘ctantqualitcr
1514 5101 1567 5154 in
1621 5098 1817 5160 haeresi

242 5216 472 5278 suscepta
506 5209 887 5278 permaneant,
916 5214 1144 5270 eamque
1188 5199 1363 5269 magis
1392 5208 1559 5264 quam
1602 5202 1817 5247 sacram

754 5294 919 5328 ﬁdaun
979 5290 1201 5328 (“linunt
1275 5287 1433 5328 nnaﬂi
1484 5284 1725 5328 Μαρψίας
1763 5279 1820 5328 ἱιι

247 5306 288 5328 Al
339 5297 692 5328 Ian:wnuan'nsn\

1832 607 1929 649 cos
1948 560 2209 645 falsorum
2247 577 2688 638 Christianorum
2721 565 3009 625 multitudo
3029 560 3431 618 convenienter

1831 692 2006 758 potest
2028 672 2431 739 connumerari,
2453 668 2602 741 quia,
2626 667 2750 722 dum
2772 658 3145 731 unusquisque
3164 652 3417 708 vitiorum

1704 743 1736 844 'e
1835 743 2005 835 amori
2038 774 2111 829 ita
2143 786 2201 826 se
2232 765 2514 835 eonjungit
2541 768 2603 816 ut
2643 756 2812 813 divini
2842 750 3048 808 amoris
3080 745 3286 804 cultura
3322 743 3420 797 de-

1836 878 2005 931 serat,
2056 875 2281 921 uxorem
2326 855 2573 929 profecto
2602 849 2766 905 talem
2808 844 2961 901 duxit
2990 848 3212 912 propter
3257 848 3421 905 quam

1836 930 2024 1016 venire
2046 961 2281 1027 nequeat
2302 949 2371 1005 ad
2402 948 2529 1002 vitat
2554 939 2808 1015 perennis
2840 948 3076 998 orenam.
3107 930 3259 986 Sicut
3291 939 3422 994 ergo

1842 1048 2135 1123 sapientia,
2163 1057 2357 1101 omnes
2400 1040 2633 1093 virtutes
2681 1043 2968 1105 generatis,
2997 1021 3260 1095 sapientis
3287 1033 3428 1075 uxor

1840 1120 1923 1195 vel
1971 1139 2145 1194 amica
2187 1142 2438 1195 vocatur,
2493 1129 2566 1183 ita
2616 1124 2782 1181 etiam
2827 1120 3078 1181 stultitia,
3118 1130 3217 1187 per
3263 1125 3428 1182 quam

1840 1233 2022 1291 omnia
2062 1228 2376 1285 nutriuntur
2413 1221 2563 1286 vitia,
2589 1215 2742 1276 stulti
2774 1229 2912 1268 uxor
2933 1208 3116 1266 vocari
3157 1212 3359 1278 potest.

1914 1325 2044 1382 Post
2073 1324 2188 1379 lucc
2231 1333 2362 1375 vero
2392 1312 2625 1371 ntittitur
2653 1322 2844 1367 servus
2873 1306 2927 1361 in
2969 1303 3179 1375 plateas
3204 1309 3260 1355 et
3283 1297 3432 1352 vicos

1846 1414 2100 1478 civitatis,
2147 1419 2207 1464 ut
2234 1420 2502 1481 pauperes
2532 1419 2596 1459 ac
2635 1399 2863 1462 debiles,
2911 1408 3094 1451 amcos
3127 1400 3184 1446 et
3213 1388 3433 1445 claudos

1845 1510 2155 1566 introducat
2174 1480 2488 1564 adcmnam,
2512 1498 2640 1569 quia
2667 1493 2876 1563 inﬁrma
2902 1487 3083 1544 mundi
3102 1483 3252 1554 elegit
3265 1480 3433 1546 Deus,

1847 1613 1903 1658 ut
1934 1597 2225 1670 confundat
2256 1594 2417 1667 fortia
2461 1590 2511 1663 (1
2541 1586 2666 1646 Cor.
2725 1602 2741 1641 t
2772 1625 2787 1651 ,
2832 1583 2947 1654 27).
2983 1579 3263 1648 Pauperes
3289 1572 3434 1630 enim

1849 1694 1938 1750 isti
1974 1689 2212 1747 Immites
2230 1692 2454 1759 possunt
2486 1678 2749 1751 intelligi;
2782 1690 2882 1748 per
2911 1670 3118 1728 debiles
3153 1677 3334 1725 autem
3381 1671 3447 1720 et

1852 1800 2028 1844 caecos
2053 1793 2109 1838 et
2131 1781 2358 1839 claudos
2379 1775 2761 1848 signiﬁcantur
2782 1770 2835 1824 bi
2856 1763 3135 1838 qui,varia
3162 1758 3443 1818 debilitate

1858 1894 1922 1934 ac
1947 1875 2196 1932 cascitate
2218 1871 2416 1927 mentis
2436 1864 2707 1938 oppressi,
2722 1859 3167 1918 claudicaverunt
3191 1869 3221 1909 a
3236 1849 3445 1908 semitis

1857 1972 2053 2028 divinae
2101 1966 2267 2038 legis;
2320 1962 2438 2027 sed,
2489 1969 2776 2031 postquam
2824 1955 3164 2022 agnoverunt
3212 1943 3445 2017 gratiam

1857 2061 1955 2118 Dei
1987 2030 2193 2114 tantam
2241 2030 2364 2110 esse
2396 2030 2545 2107 circa
2571 2052 2914 2119 peccatores,
2968 2038 3180 2095 nisibus
3208 2043 3342 2091 totts
3378 2030 3447 2085 ad

1861 2154 2145 2212 Dominum
2171 2157 2299 2204 sunt
2326 2143 2596 2201 conversi.
2629 2140 2733 2195 Per
2762 2137 2883 2192 illos
2914 2149 3045 2189 vero
3074 2131 3167 2202 qui
3214 2124 3452 2197 compel-

1860 2247 2112 2303 lebantur
2158 2241 2366 2296 intrare
2413 2236 2481 2292 ad
2535 2247 2774 2296 uenam,
2816 2228 3128 2298 intelligere
3160 2236 3458 2294 possumus

1864 2337 2159 2395 sceleratos
2180 2330 2455 2403 quoslibet
2475 2328 2540 2382 ad
2571 2326 2740 2380 Deum
2765 2334 3079 2382 conversos,
3103 2316 3220 2387 qtti,
3244 2328 3345 2385 pro
3380 2326 3461 2369 eo-

1865 2431 2007 2500 quod
2029 2400 2270 2499 peccatis
2295 2417 2479 2475 nimiis
2504 2413 2680 2488 pressi
2730 2410 2980 2465 ﬁduciam
3029 2405 3231 2460 nullam
3263 2402 3317 2458 in
3339 2400 3467 2457 suis

1867 2490 2079 2576 meritis
2125 2511 2417 2572 habebant,
2450 2505 2606 2578 qttasi
2655 2497 2918 2570 compulsi
2956 2496 3024 2551 ad
3073 2493 3168 2549 Dei
3219 2490 3455 2562 gratiam

1846 2602 2217 2667 ’festinabant.
2242 2603 2477 2657 Possunt
2503 2604 2559 2652 ct
2587 2595 2641 2650 hi
2682 2593 2735 2648 itt
2760 2590 2952 2647 eadem
2978 2582 3350 2657 compulsione
3375 2580 3471 2636 ἱιιοι

1870 2703 2037 2775 telligi
2081 2699 2173 2770 qui
2205 2698 2260 2752 in
2291 2704 2496 2750 tantam
2519 2686 2769 2759 corporis
2788 2682 3163 2740 inﬁrmitatem
3191 2686 3293 2732 seu
3308 2672 3463 2744 ‘peri-

1871 2764 2278 2855 culavveniunt,
2310 2796 2368 2843 ut
2394 2800 2493 2861 pro
2533 2777 2874 2855 reparatione
2903 2774 3028 2830 vita:
3066 2764 3464 2841 compellantur

1874 2885 2284 2946 emcndationes
2309 2857 2520 2936 morum
2553 2874 2665 2930 Deo
2704 2868 3043 2943 promittere.
3073 2861 3182 2918 Sed
3221 2857 3465 2917 terribile

1873 2994 1962 3040 est
1990 2980 2145 3035 valde
2187 2975 2332 3047 quod
2362 2978 2483 3044 post
2516 2964 2941 3037 compulsiouem
2988 2957 3148 3014 talem
3188 2951 3467 3023 subjungi-

1882 3086 1969 3131 tur
1997 3090 2027 3128 a
2051 3046 2300 3131 Domino,
2333 3064 2549 3120 dicente
2574 3078 2589 3114 :
2623 3058 2749 3113 Dico
2774 3064 2947 3109 autem
2973 3049 3113 3106 vobis
3145 3046 3285 3119 quod
3315 3059 3467 3099 nemo

1881 3169 2111 3223 virorum
2157 3160 2369 3215 illorum
2419 3158 2509 3228 qui
2561 3150 2729 3208 vocati
2797 3155 2921 3203 sunt
2987 3141 3217 3215 gustabit
3267 3153 3474 3194 rerum

2264 3266 2375 3316 xtv,
2408 3249 2522 3319 24).
2555 3246 2613 3303 Si
2671 3245 2837 3316 igitur
2880 3254 3043 3296 nemo
3074 3237 3313 3292 virorum
3346 3231 3468 3289 illo.

1888 3368 2005 3407 rum
2033 3325 2124 3420 qui
2152 3345 2329 3402 vocati
2355 3336 2733 3413 suntgttsutbit
2762 3346 2978 3390 cmnam
3002 3329 3119 3395 Dei,
3145 3325 3266 3398 quis
3297 3331 3475 3395 potest

1887 3418 2071 3501 salvus
2096 3440 2250 3497 ﬁeri?
2278 3438 2392 3492 Non
2423 3435 2566 3491 ettim
2594 3439 2792 3503 praeter
2817 3428 2937 3483 illos
2961 3439 3098 3496 quos
3120 3424 3234 3493 ipse
3258 3418 3477 3476 vocabit

1888 3534 2085 3605 aliquis
2117 3541 2202 3587 est
2229 3524 2543 3589 salvandus,
2565 3522 2658 3578 sed
2688 3519 2762 3575 illi
2796 3514 3168 3573 tantummodo
3187 3511 3472 3568 salvantur

1890 3601 2078 3697 quivab
2116 3638 2183 3678 eo
2216 3626 2501 3676 vocantur.
2533 3614 2856 3682 Quaeramus
2885 3621 3037 3677 ergo,
3069 3601 3475 3672 et,opitulante

1893 3690 2025 3783 Deo,
2062 3714 2397 3770 inveniemus
2451 3705 2686 3779 qualiter
2732 3700 2850 3757 lucc
2898 3695 3169 3753 terribilis.
3202 3690 3474 3749 sententia

1895 3781 2098 3878 absque
2111 3800 2365 3860 seandalo
2378 3797 2499 3854 lldei
2515 3793 2814 3863 salutisque
2835 3784 3267 3854 nostraeintclligi
3284 3781 3474 3853 possit.

1895 3873 2030 3955 Nam
2055 3897 2101 3952 si
2130 3892 2411 3964 superiora
2444 3886 2603 3958 ltujus
2637 3879 2913 3951 Evangelii
2955 3878 3099 3933 dicta
3125 3873 3477 3935 attendimus,

1898 3990 1989 4046 ubi
2037 3986 2244 4043 scilicet
2273 3982 2470 4053 legitur
2501 3978 2626 4048 quia
2678 3974 2896 4045 quidam
2943 3967 3119 4025 vocati
3172 3966 3240 4021 ad
3268 3977 3481 4019 omnem

1900 4084 2088 4141 venire
2141 4080 2454 4142 noluerunt,
2484 4082 2611 4129 tunc
2651 4070 2837 4137 utique
2881 4064 3130 4124 eamdem
3156 4059 3485 4117 sententiam

1900 4177 1969 4231 ad
1996 4174 2117 4229 illos
2163 4167 2470 4241 specialiter
2495 4165 2696 4221 dictam
2725 4174 2848 4218 esse
2890 4155 3257 4228 agnoscimus.
3308 4151 3503 4214 Et,‘ut_

1904 4267 1978 4323 ita
2007 4280 2127 4321 esse
2155 4264 2409 4334 apertius.
2422 4258 2710 4317 clarescat,
2730 4252 2977 4305 dicamus
3001 4245 3241 4314 ejusdem
3266 4249 3490 4297 senten-

1906 4360 1994 4414 tia:
2023 4356 2186 4411 verba
2221 4373 2234 4408 :
2291 4352 2419 4406 Dico
2476 4358 2649 4402 autem
2702 4343 2843 4398 vobis
2887 4340 3025 4410 quod
3061 4351 3217 4390 nemo
3256 4334 3491 4387 virorum

1904 4450 2117 4506 illorum
2161 4446 2248 4516 qui
2275 4450 2442 4498 vocatt
2484 4445 2629 4502 sunt,
2659 4431 2887 4506 gustabit
2929 4443 3128 4483 cernam
3166 4423 3491 4485 meam._Ubi

1907 4554 2030 4596 eum
2055 4536 2297 4592 dicitur:
2329 4545 2477 4590 nemo
2508 4527 2753 4581 uirorum
2781 4520 2995 4577 illorum
3016 4518 3124 4589 qui,
3155 4517 3506 4578 vocalium,

1910 4633 2045 4691 satis
2083 4635 2230 4699 patet
2261 4623 2387 4695 quia
2436 4617 2777 4676 solummodo
2831 4614 2898 4669 de
2932 4612 3038 4667 illis
3084 4606 3497 4677 intelligendum

1910 4734 1996 4782 est
2043 4698 2289 4792 proxime
2334 4713 2504 4770 vocati
2549 4718 2669 4767 sunt
2713 4709 2808 4779 qui
2839 4714 3060 4777 propter
3101 4698 3499 4772 superbiamet

1909 4788 2282 4882 contemptum
2312 4806 2407 4863 Dei
2443 4802 2648 4858 ironice
2678 4800 2934 4856 dicuntur
2961 4796 3078 4860 viri,
3103 4794 3246 4848 sicut
3278 4799 3337 4847 et
3360 4788 3498 4844 alias

1906 4905 2064 4980 justi,
2106 4878 2321 4959 dicente
2346 4895 2618 4954 Domino:
2652 4891 2777 4949 Non
2823 4889 2934 4945 veni
2979 4901 3162 4942 uocare
3182 4883 3377 4954 justas,
3409 4878 3501 4934 sed

1915 4976 2211 5073 peccatores
2239 4990 2433 5065 (Marc.
2454 5005 2493 5044 tt
2528 5028 2545 5052 ,
2576 4987 2686 5058 l7),
2730 4986 2834 5042 ltoc
2854 4989 2963 5046 est,
2990 4995 3105 5039 non
3138 4976 3257 5031 veni
3306 4985 3505 5027 vocare

1925 5107 2021 5147 eus
2044 5088 2154 5160 qui,
2176 5062 2328 5141 suam
2343 5081 2612 5153 justitiam
2642 5077 2868 5133 volentes
2912 5073 3250 5126 constituere.
3267 5062 3507 5133 justitiw

1927 5183 2025 5239 Dei
2056 5150 2168 5234 Inoa
2196 5186 2315 5232 sunt
2344 5150 2563 5244 subjecti
2587 5167 2767 5242 (Rom.
2800 5182 2855 5231 κ,
2885 5163 2966 5234 5),
3003 5161 3100 5221 sed
3140 5152 3391 5215 humiles,
3412 5150 3508 5220 qui

1926 5271 2102 5328 aratis
2146 5266 2240 5323 Dei
2290 5263 2523 5323 credunt
2569 5274 2631 5315 se
2668 5256 2842 5328 magis
2893 5251 3092 5309 salvari
3129 5256 3286 5319 posse
3342 5254 3526 5327 quam,
