3942 5340
1480 266 1784 330 onmem
1819 270 2123 334 MONACIII
2162 273 2219 330 s.
2261 264 2680 346 ειιιιειιριιιιιι

2942 234 3018 251 .-ε

3624 271 3733 332 ili

455 384 541 439 vel
573 383 838 455 compulsi
884 380 1063 455 aliqua
1107 381 1422 439 inﬁrmitate
1469 399 1564 440 seu
1617 385 1943 443 adversitate
1979 396 2039 440 ιιι
2067 392 2111 450 Α
2139 385 2849 452 rxaltat,hmuitiabitur;et
2876 383 2967 457 qui
2993 385 3350 453 se-humiliat,
3378 387 3727 444 exaltabitur.

454 478 708 533 timorem
747 493 1096 547 amoremque
1143 475 1235 531 Dei
1282 477 1615 548 concipiant,
1645 480 1884 550 gustabit
1922 495 2035 535 cu:-

455 584 580 625 nam
613 565 726 625 Dei.
752 564 909 625 Unde
936 579 991 624 et
1019 568 1148 623 alibi
1177 569 1438 627 Dominus
1462 572 1593 627 dicit
1618 589 1632 627 :
1675 571 1847 626 Nemo
1870 581 2037 643 potest

452 662 522 716 ad
548 679 631 717 me
658 654 851 721 venire.
878 663 980 717 uisi
1002 660 1169 718 Pater
1192 678 1362 731 meus,
1396 666 1485 735 qui
1508 665 1646 721 misit
1683 681 1785 730 me,
1817 666 2037 720 traxerit

451 769 569 808 eum
599 752 784 825 (Joan.
833 768 909 817 Vl,
942 753 1056 826 44).
1101 754 1225 811 ΙΙωο
1265 756 1431 827 igitur
1455 756 1637 813 omnia
1689 756 1947 813 Dominus
1981 765 2039 811 et

452 845 702 901 Salvator
745 855 934 900 noster
955 858 1322 916 praenoscens,
1345 856 1400 902 et
1426 847 1510 902 vel
1541 848 1752 919 aliquos
1795 847 1864 903 de
1885 848 2040 903 dam-

448 934 643 991 nandis
670 931 884 991 salvare
906 936 1111 1002 volens,
1125 937 1451 993 deterrendo
1474 938 1682 1009 profert
1707 938 2036 997 sententiam

449 1028 642 1084 dicens
677 1046 691 1083 :
718 1027 879 1083 Hulti
909 1040 1031 1084 sunt
1054 1031 1257 1095 vocati;
1289 1030 1448 1097 pauci
1474 1047 1594 1085 vero
1623 1030 1774 1087 electi
1814 1028 2033 1102 (Matth.

445 1126 541 1185 is,
572 1121 682 1192 lti),
710 1137 774 1179 ac
796 1122 843 1177 si
884 1122 1093 1178 diceret
1121 1141 1134 1178 :
1169 1123 1324 1177 multi
1359 1124 1578 1195 quidem
1613 1124 2038 1180 sciuntbenefa-

446 1228 595 1279 cere,
636 1215 729 1271 sed
762 1216 920 1286 pauci
960 1227 1087 1272 sunt
1134 1217 1227 1287 qui
1258 1217 1396 1274 bene
1439 1217 1664 1274 faciant.
1715 1218 2036 1288 Quicunque

449 1323 601 1381 ergo,
621 1310 762 1364 banc
787 1309 1083 1366 terribilem
1112 1311 1439 1366 sententiam
1465 1311 1827 1376 attendentes,
1842 1310 2033 1365 formi-

446 1401 577 1455 dant
604 1417 673 1457 ne
715 1392 772 1458 et
804 1396 920 1472 ipsi
951 1412 1172 1474 propter
1207 1402 1404 1460 delicta
1446 1412 1949 1474 sua-computentur
1979 1403 2032 1458 in

448 1508 678 1549 ntunero
694 1494 984 1550 multorum
998 1494 1001 1495 ⁷
1015 1495 1391 1565 reproborum,
1404 1498 1639 1564 moxque
1663 1510 1724 1550 se
1744 1494 2036 1551 emendare

446 1585 772 1652 decernunt,
802 1586 859 1641 bi
892 1582 1161 1658 profecto,
1209 1587 1400 1642 eadem
1457 1588 1593 1643 bora
1629 1602 1737 1658 qua
1801 1587 1929 1643 talia
1977 1588 2034 1644 in

446 1678 612 1734 corde
666 1693 765 1733 suo
811 1676 1030 1750 penitus
1094 1678 1396 1735 deliberant
1443 1679 1798 1749 inspiratione
1852 1679 2033 1735 divina

2208 480 2361 546 Item,
2391 495 2459 536 ne
2479 481 2544 535 de
2569 479 3019 551 promissionibus
3044 479 3169 537 'suis
3196 496 3435 551 unquam
3463 481 3730 551 despero-

2140 588 2279 638 mus,
2310 571 2576 642 exemplis
2598 569 2917 642 quibusdam
2945 571 3127 627 docuit
3156 586 3254 627 nos
3283 571 3573 626 Dominus.
3603 570 3732 627 Pro-

2138 661 2291 717 misit
2318 676 2552 732 namque
2583 660 2861 731 discipulis
2888 660 3026 727 suis,
3056 661 3326 732 simulque
3376 662 3639 719 omnibus
3681 664 3732 717 in

2138 767 2198 808 se
2235 752 2604 818 credentibus,
2637 752 2826 809 dicens
2853 771 2866 806 :
2895 751 2996 807 Ubi
3022 763 3144 808 sunt
3179 757 3284 807 duo
3331 752 3408 808 rel
3455 763 3565 807 tres
3604 770 3730 808 cou-

2120 846 2336 917 -gregati
2385 846 2440 900 iu
2486 846 2695 900 nomine
2745 862 2880 912 meo,
2922 845 2993 900 ibi
3034 862 3150 901 sum
3215 846 3272 900 in
3321 847 3493 900 medio
3544 862 3732 901 eorum

2140 937 2357 1009 (Matth.
2411 953 2567 1003 xvul,
2590 937 2703 1007 20).
2742 937 2894 1005 Quod
2936 938 3060 1010 quia
3088 954 3304 1008 semper
3329 939 3554 1009 impleat
3575 939 3738 1009 spiri-

2142 1027 2386 1093 tualiter,
2416 1029 2709 1097 aliquando
2737 1030 2908 1085 voluit
2951 1031 3327 1087 demonstrare
3352 1030 3733 1103 corporaliter.

2137 1120 2273 1177 Nam
2304 1121 2587 1191 discipulis
2609 1122 2723 1178 suis
2750 1121 2815 1176 ad
2845 1122 3130 1177 castellum
3156 1123 3427 1192 quoddam
3448 1123 3733 1187 euntibus,

2136 1214 2279 1273 etde
2310 1230 2368 1269 se
2388 1215 2843 1285 colloquentibus,
2876 1214 2989 1286 ipse
3015 1213 3175 1269 .lesus
3202 1215 3476 1280 Christus,
3506 1223 3736 1284 repente

2137 1323 2426 1379 apparens,
2474 1308 2585 1363 ibat
2611 1323 2735 1363 cum
2767 1307 2911 1373 illis;
2941 1306 3151 1378 sicque,
3201 1323 3388 1363 eorum
3443 1306 3734 1361 conviator

2136 1399 2385 1465 ell‘ectus,
2409 1400 2534 1455 licet
2563 1400 2630 1454 ab
2657 1399 2736 1455 eis
2757 1397 3129 1453 dubitantibus
3152 1400 3203 1453 in
3224 1397 3419 1468 primis
3440 1412 3553 1451 non
3588 1403 3737 1452 esset

2137 1492 2373 1561 agnitus,
2429 1491 2682 1546 omnibus
2731 1507 2852 1563 qua:
2902 1492 2967 1546 de
3015 1505 3075 1546 se
3130 1490 3456 1570 ipsoerant
3505 1488 3737 1560 prolata

2138 1584 2397 1640 instruxit
2421 1583 2743 1661 (Scripturis.

2208 1678 2513 1750 Legiturqin
2554 1676 2844 1748 Evangelio
2878 1676 3104 1734 Joannis
3132 1695 3144 1732 :
3178 1676 3318 1743 Quia
3351 1676 3555 1746 nuptiis
3575 1675 3736 1747 facta

443 1770 632 1835 tracti,
684 1771 737 1825 in
761 1785 989 1827 numero
1017 1767 1314 1843 paucorum
1356 1771 1657 1829 electorum
1688 1789 1717 1827 a
1751 1772 1862 1830 Deo
1889 1789 2033 1830 com-
2064 1751 2108 1811 Β
2135 1780 2255 1825 sunt
2293 1771 2347 1824 in
2378 1768 2526 1823 Cana
2570 1764 2789 1823 Galilew
2812 1766 2998 1840 (Joau.
3022 1784 3083 1833 ιι,
3119 1767 3194 1840 l),
3226 1768 3294 1822 ad
3337 1782 3477 1837 quas
3504 1774 3734 1821 vocatus

442 1868 735 1935 putantur.
772 1900 775 1905 -
1190 1896 1191 1903 η
1454 1910 1457 1913 .

744 1964 767 1986 ’“
1046 1956 1276 2016 CAPUT
1317 1957 1434 2014 XX.

442 2064 445 2067 λ
513 2048 774 2106 Adversas
806 2050 1110 2126 spiendidas
1147 2070 1353 2126 mensas
1400 2063 1451 2108 et
1485 2064 1666 2119 restes,
1700 2055 1961 2126 rapinam,

759 2124 1080 2193 superbiant,
1107 2124 1619 2195 pusillanimitatem,
1647 2135 1753 2181 etc.

518 2217 575 2272 Si
606 2216 729 2288 quis
756 2232 887 2272 vero
910 2218 1209 2274 arbitretur
1249 2227 1534 2289 peccatum
1586 2234 1694 2275 non
1720 2234 1841 2277 esse
1865 2219 2034 2276 nimio

436 2311 807 2382 pretiosarum
849 2312 1081 2367 vestiqu
1128 2322 1345 2368 ornatu
1373 2314 1473 2379 uti,
1503 2322 1558 2369 et
1584 2313 2033 2370 cibisdeliciosis

435 2405 643 2477 jugiter
666 2406 895 2476 cpulari,
941 2407 1185 2462 attendat
1214 2406 1303 2462 illa
1342 2407 1507 2463 verba
1535 2422 1653 2477 qute
1680 2407 1943 2463 Dominus
1967 2408 2034 2462 de

429 2503 610 2560 'divite
629 2512 703 2558 et.
724 2516 960 2574 paupere
989 2502 1230 2574 protulit.
1252 2502 1460 2557 Narrat
1503 2517 1739 2572 namque
1763 2501 1832 2556 de
1865 2501 2032 2557 divite

429 2594 617 2665 quia,
631 2611 732 2668 pro
753 2611 819 2651 eo
849 2596 991 2667 quod
1023 2596 1243 2651 indutus
1276 2603 1360 2650 est
1398 2610 1638 2666 purpura
1670 2603 1729 2649 ct
1754 2595 1935 2667 bysso,
1975 2601 2034 2649 et

426 2687 766 2758 epulabatur
790 2688 1032 2757 quotidie
1071 2686 1371 2757 splendide,
1396 2686 1648 2757 quodque
1688 2686 1757 2741 de
1783 2687 2033 2743 substan-

439 2778 514 2834 tia
543 2771 643 2834 sua
682 2793 783 2833 nec
813 2778 982 2833 micas
1014 2778 1343 2835 tuendicanti
1374 2779 1583 2835 Lazaro
1604 2780 1734 2835 dare
1757 2779 1950 2848 voluit,
1976 2781 2029 2836 in

428 2870 659 2926 inferno
713 2871 956 2940 sepultus
1004 2873 1094 2928 sit.
1157 2871 1263 2929 Sed
1300 2883 1359 2929 et
1409 2873 1514 2930 hoc
1564 2876 1899 2945 pensandum
1950 2885 2031 2931 est

441 2962 654 3017 cunctis
693 2962 818 3032 quia
844 2960 1018 3019 dives'
1057 2964 1226 3030 idem,
1282 2980 1386 3020 non
1434 2982 1536 3036 pro
1581 2983 1644 3023 eo
1682 2967 1824 3037 quod
1868 2966 2028 3023 alicui

442 3070 541 3111 sua
571 3055 833 3121 auferret,
877 3057 971 3113 sed
1015 3058 1158 3128 quod
1190 3059 1409 3128 propria
1454 3059 1576 3114 aliis
1609 3076 1713 3115 non
1757 3068 2025 3130 erogaret,

428 3147 517 3202 'ad
553 3146 825 3203 infernum
874 3150 1066 3204 ductus
1089 3165 1211 3204 esse
1240 3150 1437 3220 legitur
1479 3151 1632 3220 (Luc.
1661 3167 1776 3214 xw.
1816 3151 2021 3223 lii-22).

430 3238 622 3307 Unde,
649 3242 693 3296 si
722 3256 823 3312 pro
852 3241 1047 3297 minori
1077 3251 1304 3312 peccato
1334 3242 1448 3312 ipse
1472 3243 1691 3314 punitus
1723 3252 1830 3308 est,
1857 3242 2027 3298 multo

440 3334 614 3407 magis
641 3336 897 3406 puniendi
925 3344 1053 3391 sunt
1100 3338 1192 3408 qui
1215 3346 1436 3407 peccata
1465 3336 1669 3406 majora
1716 3337 1944 3403 faciunt,
1972 3337 2027 3393 id

440 3436 528 3482 est
557 3427 647 3495 qui
677 3427 851 3483 aliena
884 3429 1124 3498 rapiunt.
1150 3426 1320 3485 Nemo
1343 3429 1507 3500 igitur
1536 3430 1605 3485 de
1635 3430 1838 3501 rapina:
1859 3429 2027 3499 licen-

441 3517 516 3572 tia
544 3516 649 3572 sibi
683 3518 1011 3585 blandiatur,
1044 3521 1160 3575 sed
1191 3530 1512 3592 argumento
1558 3521 1787 3577 minoris
1829 3521 2021 3591 culpae,

438 3609 493 3664 id
517 3621 603 3666 est
628 3612 957 3676 tenacitatis,
994 3612 1063 3667 ad
1108 3613 1559 3668 considerandam
1610 3614 1876 3682 rapinam,
1904 3628 2027 3683 qua:

440 3699 615 3767 major
642 3710 727 3756 est
767 3701 950 3769 culpa,
997 3702 1322 3767 instruatur,
1373 3704 1554 3757 sciens
1582 3718 1690 3772 pro‘
1711 3697 1860 3758 certo
1896 3704 2023 3774 quia

422 3791 793 3860 argumentis,
844 3806 940 3860 per
971 3807 1090 3860 quae
1132 3792 1354 3847 meliora
1397 3794 1481 3849 vel
1508 3836 1513 3839 .
1539 3794 1739 3863 majora
1769 3795 2027 3865 qumlibet

438 3897 735 3950 agnoscere
755 3897 1063 3951 possumus,
1091 3898 1281 3939 utnttes
1301 3898 1332 3937 a
1359 3883 1469 3939 Deo
1496 3887 1808 3955 probamur.

418 4010 423 4017 ς
513 3973 708 4028 Adnue
735 3973 1094 4043 quiddam‘de
1142 3976 1351 4028 ratione
1383 3976 1618 4045 incoepta
1650 3977 1779 4031 libet
1819 3975 2021 4034 dicere.

441 4064 586 4120 Sunt
603 4065 806 4119 etenim
838 4064 991 4120 multi
1020 4049 1093 4119 ila
1116 4066 1353 4136 peccatis
1378 4067 1723 4136 exigentibus
1741 4069 2021 4136 obcaecati,

416 4166 497 4212 »ιιι
524 4172 623 4214 nec
643 4158 871 4214 credant
910 4172 1123 4229 poenam
1168 4173 1291 4213 esse
1321 4158 1661 4213 infernalem.
1707 4158 1862 4226 Quod
1898 4161 2024 4229 quia

438 4253 720 4316 Dominus,
741 4269 832 4323 qut
856 4267 1047 4308 omnes
1068 4252 1315 4307 homines
1335 4252 1549 4308 salvare
1570 4252 1702 4317 vult,
1727 4253 2021 4333 praescivit,

435 4345 560 4400 ideo
583 4344 813 4400 forsitan
839 4346 965 4400 talia
994 4346 1063 4401 de
1088 4344 1256 4400 divite
1286 4347 1353 4400 ad
1380 4345 1654 4400 infernum
1692 4346 1873 4412 ducto,
1924 4348 2025 4401 ibi-

437 4453 545 4507 que
575 4447 683 4493 tam
710 4420 895 4506 pro'se
943 4453 1105 4507 quam
1136 4454 1234 4509 pro
1262 4440 1381 4494 aliis
1415 4448 1675 4509 poscente
1702 4447 1756 4494 et
1781 4454 1886 4493 nou
1920 4438 2020 4493 im-

434 4538 708 4604 petrante,
738 4531 1013 4594 disseruit,
1067 4540 1128 4585 ut
1178 4547 1368 4587 omnes
1394 4532 1484 4602 qui
1525 4532 1608 4587 vel
1640 4532 1705 4587 de
1732 4531 1908 4599 pomis
1936 4531 2018 4585 in-

433 4624 734 4680 fernalibus
763 4624 1028 4689 dubitant,
1058 4624 1140 4678 vel
1171 4639 1298 4678 suos
1325 4626 1657 4696 propinquos
1699 4626 1894 4680 salvari
1923 4626 2018 4681 de-

440 4717 706 4783 siderant,
733 4732 825 4771 eos
854 4717 1033 4787 potius
1060 4716 1113 4770 in
1143 4718 1243 4771 hac
1262 4717 1369 4771 vita
1401 4733 1562 4787 quam
1592 4722 1645 4772 in
1683 4718 1896 4776 inferno
1920 4735 2012 4789 po-

434 4806 570 4861 sitos
592 4821 692 4876 pro
714 4808 889 4862 salute
915 4812 1018 4861 ‘sua
1048 4815 1282 4861 tractare
1305 4807 1651 4863 admoneam.

452 4924 456 4929 ~
508 4897 831 4967 Superbiam
858 4896 1093 4968 quoque,
1119 4890 1240 4967 qua;
1267 4914 1457 4953 omnes
1485 4900 1712 4954 virtutes
1733 4902 2011 4956 destruere

431 4990 645 5057 nititur,
692 4991 852 5046 docet
918 5005 1016 5045 nos
1064 4991 1321 5045 DondmIs
1377 4990 1583 5061 fugere,
1618 4991 1898 5061 proferens
1958 4995 2010 5049 in

430 5081 571 5102 'I"---.-
594 5083 715 5102 A,-I‘-
753 5082 791 5102 ,ε
813 5082 968 5102 --συιη
990 5082 1126 5102 12-,--
1174 5083 1285 5102 ίκκ--
1348 5098 1557 5102 ..__-.,,,.,
1604 5099 1696 5102 ,,--
1749 5095 1835 5102 -,-.
1903 5084 1939 5102 ἢ

2134 1872 2220 1919 est
2248 1862 2525 1925 Dominus,
2567 1870 2623 1915 et
2648 1859 2897 1916 blateret
2942 1860 3186 1933 discipuli
3220 1860 3355 1930 ejus.
3396 1859 3511 1915 lioc
3568 1859 3734 1931 igitur

2134 1957 2278 2027 quod
2301 1956 2551 2025 superius
2579 1955 2688 2011 dixi
2713 1955 2778 2010 de
2809 1954 3053 2016 Domino,
3088 1956 3214 2025 quia
3244 1955 3452 2010 scilicet
3478 1955 3602 2024 ipse
3623 1956 3732 2008 dis-

2133 2056 2360 2118 poneret
2386 2061 2576 2101 onmes
2606 2061 2799 2101 causas
2838 2046 2978 2100 unde
3005 2045 3147 2100 illius
3182 2046 3429 2102 doctrina
3455 2053 3513 2100 et
3563 2045 3736 2100 mira-

2134 2138 2258 2194 cula
2290 2138 2679 2209 proderentur,
2720 2137 2771 2192 in
2823 2137 2981 2209 bujus
3008 2137 3171 2191 etiam
3218 2137 3494 2207 Evangelii
3550 2136 3732 2192 verbis

2131 2230 2350 2300 pensaii
2385 2238 2581 2301 potest.
2632 2229 2699 2284 Ut
2745 2230 2889 2283 cnim
2945 2229 3201 2300 probaret
3249 2230 3374 2300 quia
3411 2230 3568 2285 bona:
3609 2237 3730 2284 sunt

2133 2338 2242 2379 non
2263 2322 2436 2377 solum
2491 2322 2802 2393 spiritualcs
2837 2323 3058 2393 nuptize,
3108 2324 3196 2379 ubi
3253 2334 3451 2380 sancta
3475 2324 3726 2379 Ecclesia

2131 2416 2234 2473 sibi
2264 2414 2552 2485 conjuncta
2599 2424 2707 2482 est,
2734 2415 2817 2471 vel
2846 2432 3180 2488 unaquaeque
3225 2416 3394 2471 ﬁdelis
3424 2418 3614 2485 anima
3641 2430 3728 2470 co-

2132 2509 2349 2580 pulatur
2386 2509 2512 2576 sibi,
2561 2509 2651 2580 qui
2705 2524 2765 2564 se
2805 2524 3061 2578 sponsum
3104 2524 3297 2565 vocare
3337 2509 3596 2579 dignatus
3624 2517 3724 2571 est,

2132 2600 2320 2656 dicens
2350 2617 2364 2653 :
2398 2596 2522 2654 Non
2564 2610 2780 2670 possunt
2818 2598 2921 2667 ﬁlii
2949 2601 3127 2669 sponsi
3158 2599 3333 2670 lugere
3366 2598 3590 2671 (Matth.
3645 2614 3724 2661 ιι,

2133 2690 2244 2762 iii),
2295 2699 2349 2745 et
2395 2690 2463 2746 de
2506 2705 2615 2761 quo
2663 2687 2899 2744 Joannes
2926 2689 3069 2759 dixit
3098 2707 3111 2743 :
3139 2689 3244 2756 Qui
3283 2691 3435 2744 habet
3475 2706 3724 2760 sponsam

2129 2798 2350 2853 sponsus
2377 2791 2452 2837 est
2477 2781 2656 2855 (loan.
2695 2797 2779 2847 ιιι,
2809 2780 2932 2852 29),
2974 2781 3068 2837 sed
3109 2781 3272 2838 etiam
3304 2781 3576 2845 carnales,
3606 2797 3727 2853 qua:

2130 2874 2200 2929 ob
2228 2873 2603 2944 propagandos
2626 2871 2875 2927 humana:
2902 2881 3110 2927 natura:
3138 2873 3276 2928 tilios
3305 2888 3335 2926 a
3366 2871 3478 2926 Deo
3502 2882 3725 2928 statuta:

2131 2974 2276 3025 sunt.
2311 2964 2425 3033 ipse
2460 2978 2567 3018 non
2618 2961 2939 3033 dedignatus
2969 2972 3051 3017 est
3080 2963 3145 3017 ad
3175 2964 3272 3017 bas
3301 2962 3510 3027 venire,
3545 2970 3605 3015 nt
3636 2978 3725 3017 eas

2130 3062 2186 3107 et
2218 3052 2414 3107 visibili
2447 3051 2730 3117 miraculo,
2755 3062 2830 3119 et,
2872 3052 3013 3122 quod
3039 3053 3207 3107 multo
3236 3052 3411 3121 majus
3451 3061 3562 3118 est,
3590 3052 3726 3107 invi-

2129 3142 2270 3199 sibili
2303 3144 2688 3197 sanctiticarct.
2733 3142 2865 3197 Nam
2903 3142 3043 3212 quod
3090 3160 3151 3197 ex
3186 3160 3326 3215 aqua
3357 3145 3544 3200 vinum
3574 3144 3718 3206 fecit,

2130 3235 2257 3291 licet
2284 3236 2352 3289 sit
2397 3252 2646 3305 magnum
2695 3235 3106 3306 mirandumquc
3161 3237 3322 3291 nimis
3376 3236 3719 3300 miraculum,

2115 3338 2312 3396 tamen
2346 3335 2606 3396 (punitum
2648 3326 2812 3380 distat
2851 3337 3005 3380 ortus
3044 3327 3112 3380 ab
3152 3327 3453 3393 occidente,
3511 3336 3721 3382 tantum

2116 3420 2291 3491 distat
2327 3419 2467 3473 inter
2495 3417 2828 3488 Spiritualem
2862 3416 2992 3474 Novi
3027 3417 3358 3475 Tcstamenti
3412 3420 3720 3491 intelligen-

2129 3513 2280 3577 tiam,
2328 3520 2382 3564 et
2424 3509 2565 3564 inter
2623 3509 2896 3564 carnalem
2939 3508 3150 3564 Veteris
3196 3510 3504 3576 scientiam,
3559 3528 3719 3582 quam

2126 3606 2241 3678 ipse
2266 3606 2500 3675 potentia
2542 3618 2638 3659 sua
2683 3604 2824 3658 velut
2858 3619 3049 3674 aquam
3108 3604 3159 3657 in
3207 3605 3387 3658 vinum
3427 3606 3718 3668 convertit,

2126 3714 2248 3755 cum
2285 3713 2503 3765 omnem
2544 3706 2854 3751 creaturam
2901 3696 3259 3767 spiritualitcr
3312 3697 3715 3769 intelligendam

2124 3807 2247 3847 esse
2276 3791 2477 3855 docuit,
2517 3799 2574 3844 ut
2604 3788 2683 3844 sol
2720 3799 2773 3843 ct
2807 3788 2951 3853 luna,
3003 3789 3158 3859 panis
3196 3796 3251 3842 et
3294 3798 3444 3859 petra
3490 3790 3715 3859 intelligi

2125 3894 2374 3957 possunt.
2405 3883 2496 3938 Sol
2527 3883 2690 3946 enim,
2721 3897 2886 3953 super
2912 3898 3125 3937 omnem
3163 3891 3362 3937 terram
3394 3882 3602 3946 lucens,
3638 3884 3716 3953 ip-

2126 3995 2244 4034 sum
2276 3978 2561 4033 Dominum
2586 3985 2829 4031 nostrum
2858 3975 3055 4046 ubique
3083 3974 3362 4045 majestate
3390 3993 3490 4031 sua
3532 3977 3715 4032 lucens

2128 4078 2233 4122 tem
2263 4066 2560 4138 signiﬁcat;
2586 4066 2708 4120 luna
2738 4066 2899 4128 vero,
2925 4080 3066 4119 nunc
3095 4066 3427 4120 incrementa
3451 4066 3535 4120 sui
3572 4082 3713 4121 nunc

2125 4166 2303 4212 autem
2337 4155 2660 4224 detrimenta
2691 4154 2772 4210 sui
2802 4155 3098 4221 sustinens,
3130 4163 3379 4229 sanctam
3415 4155 3711 4212 Ecclesium

2125 4269 2246 4324 quze
2275 4267 2372 4323 per
2395 4253 2532 4309 filios
2565 4268 2693 4308 suos
2721 4252 2988 4307 interdum
3044 4255 3240 4309 crescit
3285 4254 3558 4310 interdum
3587 4270 3712 4310 vero

2125 4344 2409 4399 decrescit.
2442 4342 2624 4407 Panis,
2658 4342 2747 4411 qui
2795 4358 2890 4397 cor
2926 4342 3159 4399 hominis
3199 4343 3490 4399 conﬁrmat
3539 4343 3709 4417 (Prol.

2125 4451 2257 4499 cxu,
2283 4435 2395 4505 l7),
2419 4434 2592 4503 ipsum
2623 4431 2906 4487 Dominum
2939 4434 3354 4489 conﬁrmantem
3387 4450 3585 4489 oumes
3622 4433 3709 4505 qui

2124 4536 2343 4597 sperant
2374 4541 2538 4595 super
2563 4523 2931 4579 misericordia
2959 4523 3076 4591 ejus
3110 4540 3179 4580 ne
3222 4525 3366 4581 inter
3402 4524 3565 4595 bujus
3592 4527 3710 4580 vita:

2119 4620 2358 4691 pericula
2407 4619 2703 4686 deficiant;
2734 4629 2887 4689 petra
2918 4620 3104 4682 etiam,
3130 4634 3253 4690 quae
3288 4620 3461 4675 solida
3515 4630 3597 4675 est
3645 4621 3709 4673 ad

2115 4710 2394 4781 quodlibet
2417 4711 2704 4771 aedilicium
2733 4712 3224 4782 superponemlum,
3260 4712 3387 4775 item
3422 4713 3704 4767 Dominum

2116 4817 2363 4863 nostrum
2393 4805 2482 4874 qui
2517 4804 2720 4860 solidus
2747 4812 2831 4859 est
2868 4805 3122 4858 omnibus
3166 4819 3331 4874 super
3366 4818 3492 4859 eum
3542 4803 3707 4859 aedifi-

2117 4894 2371 4952 cantibus
2393 4894 2698 4965 significat;
2724 4893 2864 4949 sicut
2892 4903 2946 4949 et
2973 4893 3087 4962 ipse
3115 4901 3347 4948 testatur
3387 4895 3441 4948 in
3470 4893 3702 4964 quodam

2117 4985 2426 5055 Evangelio,
2452 4985 2638 5039 dicens
2668 5002 2681 5038 :
2716 4983 2900 5039 Omnis
2929 4985 3018 5054 qui
3061 4970 3196 5039 re'uit
3240 4984 3310 5038 ad
3342 5001 3424 5039 me
3464 4993 3515 5038 et
3559 4983 3703 5039 audit

2595 5083 2637 5102 ⁸1
2672 5074 2792 5102 tua...
2828 5090 2909 5102 an"
2959 5075 3225 5102 ΛοθλκιΙι-ια-
3255 5074 3396 5102 ..ΑΙ-ε.
3437 5075 3518 5102 an...
3559 5074 3672 5102 ,ἔδεις
