3942 5340
221 302 313 368 tl3

1232 370 1239 379 δ
1285 292 1409 360 Lm.
1455 293 1545 355 os
1578 287 1809 352 causa
1850 262 2265 358 Sl’llll'l'UAL'l.‘

3353 302 3468 360 ΞΙἙ
3486 313 3493 319 ’

218 416 465 480 convertit
501 414 556 472 in
589 414 787 471 vinum.
839 413 947 468 lloc
986 428 1200 485 quoque
1244 416 1563 472 miraculum
1618 414 1778 472 toties
1804 414 1855 478 Α
1882 413 2008 480 ciet,
2051 414 2516 501 prosperabuntur
2560 412 2734 485 (Psal.
2783 411 2905 480 1,2,
2952 411 3029 483 ὅ).
3076 411 3465 471 Verumtamen“

221 515 349 572 facit.
380 511 595 582 quoties
619 523 940 579 quemquam
988 522 1017 561 a
1048 508 1252 563 carnali
1283 509 1391 563 vita
1425 509 1492 562 ad
1524 508 1775 580 spiritua-

219 608 309 663 lem
351 604 641 659 convertit.
676 602 907 672 lleoque
952 611 1007 655 et
1043 617 1163 665 nos,
1208 601 1407 656 fratres
1449 599 1777 663 charissimi,

221 699 482 753 Dominum
518 704 765 749 nostrum
797 693 928 747 tanti
961 693 1207 748 miraculi
1227 701 1569 763 operatorem
1590 692 1781 761 depre‘

219 807 385 845 cetnur
402 788 562 851 ut,ad
589 803 689 841 nos
710 788 948 852 veuicns,
968 788 1291 859 nuptiasque
1322 787 1373 840 in
1399 767 1554 841 nobis
1581 786 1781 840 faciens

219 880 336 935 tales
368 894 467 949 per
520 893 665 948 quas
710 878 827 948 ipse
862 878 1078 948 quidem
1126 892 1379 947 sponsus,
1424 876 1600 930 anima
1652 890 1783 931 vero

220 982 383 1028 nostra
404 970 686 1025 efficiatur
707 985 923 1040 sponsa,
959 985 1153 1039 aquam
1177 969 1411 1025 carnalis
1441 969 1584 1032 vitm,
1612 983 1780 1037 quam

220 1063 292 1119 rel
328 1077 419 1135 pro
471 1063 804 1117 necessitate
839 1061 1082 1116 mortalis
1126 1070 1334 1115 natura:
1380 1060 1466 1114 vel
1516 1074 1612 1129 pro
1644 1059 1781 1113 mala

218 1151 591 1209 consuetudine
616 1152 901 1222 hucusque
931 1152 1185 1218 bibimus,
1225 1152 1278 1206 in
1308 1152 1491 1207 vinum
1531 1150 1784 1221 spiritua-

219 1246 274 1302 lis
295 1249 411 1302 vitae
432 1247 693 1316 dignetur
714 1258 1050 1303 convertere.
1544 1294 1548 1303 .

280 1342 458 1396 Docuit
488 1341 658 1395 etiam
709 1341 968 1395 Dominus
1012 1342 1064 1395 iu
1109 1341 1403 1412 Evangelia
1432 1340 1686 1411 prmlatos
1729 1349 1785 1396 et

216 1432 405 1505 judices
428 1448 539 1489 non
569 1433 770 1488 debere
797 1434 1101 1505 praecipites
1126 1449 1249 1489 esse
1296 1436 1349 1489 in
1391 1435 1614 1505 judicio.
1648 1433 1782 1489 Nam

219 1539 325 1579 cum
357 1524 654 1595 quamdam
681 1525 964 1581 mulierem
994 1527 1046 1581 in
1098 1527 1369 1583 adulterio
1395 1528 1783 1599 deprehensam

221 1615 365 1671 Judaei
389 1627 516 1673 ante
549 1619 704 1673 illum
736 1628 1060 1683 statuerent,
1098 1629 1152 1674 et
1192 1636 1290 1692 pro
1323 1621 1626 1691 lllljtls'IIIOtll
1675 1621 1778 1677 cri~

224 1707 632 1777 minejudiciutn
674 1711 845 1780 ipsius
872 1712 1247 1782 exquirerent.
1294 1728 1402 1767 non
1453 1714 1638 1767 statim
1689 1730 1787 1784 pro

223 1804 470 1873 exquisito
517 1805 802 1873 respondit
846 1804 1071 1874 judicio,
1129 1806 1222 1860 sed
1269 1806 1537 1861 inclinans
1583 1823 1643 1862 se
1694 1807 1791 1861 ali-
1826 1811 1864 1866 il

224 1896 433 1964 quamdiu
466 1896 520 1949 in
549 1905 700 1950 terra
747 1897 1024 1952 scribebat
1064 1897 1262 1969 digito;
1315 1898 1611 1954 admonens
1640 1899 1787 1954 vide-

223 1983 325 2038 licet
344 2000 531 2039 omnes
557 1984 745 2041 ﬁdeles
766 1987 866 2042 hoc
892 1987 1036 2043 facto
1070 1997 1150 2055 ut,
1182 2005 1304 2044 cum
1328 1989 1580 2060 quaelibet
1606 1990 1790 2060 prosi-

225 2096 414 2135 morum
458 2082 589 2135 vitia
616 2082 964 2152 conspiciunt
995 2082 1077 2138 vel
1107 2083 1358 2149 audiunt,
1386 2100 1491 2138 non
1520 2093 1646 2138 ante
1675 2086 1792 2140 haec

225 2172 578 2241 respondendo
594 2171 846 2241 judicare
877 2172 1183 2246 [judicent],
1220 2191 1380 2247 quam
1420 2176 1490 2230 ad
1516 2176 1795 2230 conscien-

230 2263 339 2316 tiam
365 2262 639 2332 propriam
665 2264 870 2319 reversi
902 2265 1249 2321 discretionis
1295 2265 1464 2336 digito
1507 2280 1628 2321 eam
1676 2265 1796 2321 dili-

225 2361 394 2424 genter
412 2353 688 2423 scalpam,
740 2362 814 2419 et,
844 2356 899 2409 in
942 2371 1028 2422 ea,
1067 2357 1197 2426 quid
1250 2356 1537 2412 Conditori
1590 2357 1797 2427 placeat

229 2445 400 2511 quilve
445 2446 738 2518 displiceat
792 2448 975 2503 sedula
1021 2449 1429 2504 examinatione
1482 2450 1793 2505 discutiant.

230 2536 317 2591 Per
344 2538 750 2597 inclinationem
782 2541 1016 2613 denique
1062 2540 1187 2599 Jesu
1239 2544 1537 2611 humilitas,
1589 2559 1686 2614 per
1714 2544 1797 2598 di-

228 2632 374 2702 gitum
402 2635 752 2691 discretionis
798 2636 1091 2702 subtilitas,
1130 2653 1228 2708 per
1270 2649 1472 2693 terram
1520 2652 1649 2692 vero
1705 2653 1801 2692 cor

232 2726 524 2794 humanum,
555 2729 702 2798 quod
741 2728 847 2783 vel.
875 2729 1136 2784 bonartnn
1185 2730 1270 2784 vel
1318 2730 1581 2785 malarum
1633 2729 1801 2785 actio-

231 2835 339 2873 num
360 2820 491 2876 solet
523 2822 756 2877 reddere
791 2821 1019 2886 fructus,
1062 2823 1408 2892 exprimitur.
1438 2874 1441 2879 ,

292 2912 433 2984 Smpe
460 2916 734 2986 contingit
766 2925 825 2970 ιιι
871 2916 1011 2969 inter
1047 2917 1246 2972 multos
1274 2916 1480 2986 peritos
1508 2916 1702 2987 aliquis
1730 2917 1801 2973 sit

233 3008 463 3060 tardioris
492 3008 729 3080 ingenii;
758 3009 901 3079 quod
928 3008 1134 3065 scilicet
1166 3009 1427 3065 Dominus
1454 3025 1559 3065 non
1591 3018 1800 3064 tantum

234 3110 427 3170 propter
455 3101 577 3171 ejus
624 3101 950 3172 imperitiam
981 3100 1064 3157 vel
1115 3092 1470 3157 diffidentiam
1518 3101 1634 3157 fieri
1683 3116 1803 3171 per-

1883 508 2136 578 quoniam
2166 517 2220 563 et
2260 509 2372 579 ipse
2404 507 2797 579 aliquantulum
2837 516 3095 580 expertus
3129 524 3274 576 sum,
3302 517 3356 563 et
3392 509 3462 562 ab

1884 599 2004 655 aliis
2030 602 2226 671 saepius
2251 600 2458 665 audivi,
2510 599 2562 654 iu
2608 598 2848 670 quolibet
2892 599 3074 655 studio
3107 597 3312 654 nullum
3353 598 3465 654 cito

1884 704 2042 760 posse
2074 691 2190 745 fieri
2219 690 2537 763 perfectum,
2581 692 2674 745 sed
2704 706 2739 745 a
2763 690 2944 761 parvis
2981 691 3145 746 rebus
3171 691 3355 747 omnia
3382 690 3466 745 in-

1884 786 2087 856 cipere,
2144 788 2318 842 instar
2342 786 2631 857 cujuslibet
2657 787 2830 857 grani,
2877 786 3042 857 quod.
3066 798 3364 865 postquam
3396 800 3464 841 ex

1885 881 2090 936 semine
2139 880 2192 934 in
2246 890 2446 935 terram
2493 877 2733 951 proiecto
2768 888 2945 936 ortum
2996 881 3175 943 fuerit,
3225 874 3467 952 primum

1886 972 2102 1043 quidem
2137 971 2189 1025 in
2236 972 2481 1038 herbam,
2532 972 2725 1027 deinde
2752 972 2806 1027 in
2852 973 3079 1043 spicam,
3126 982 3479 1044 postremum-

1885 1081 2017 1121 vero
2043 1066 2095 1121 in
2117 1065 2332 1136 plenum
2362 1064 2694 1121 frumentum
2722 1066 3016 1121 crescendo
3047 1066 3292 1125 vertitur.
3346 1066 3466 1133 Quo

1885 1156 2138 1211 videlicet
2178 1156 2515 1228 significatur
2560 1171 2750 1211 omnes
2794 1154 2861 1209 ad
2897 1155 3005 1210 alta
3051 1157 3330 1211 tendentes
3370 1166 3472 1226 per

1887 1250 2216 1306 tentatioucs
2253 1249 2451 1304 multas
2499 1248 2805 1320 probandos
2839 1263 2962 1304 esse
3000 1248 3151 1319 prius
3196 1263 3359 1319 quam
3384 1249 3464 1319 :ad

1887 1344 2234 1416 perfectionis
2257 1342 2491 1399 fructum
2518 1342 2855 1413 perveniant.

2472 1454 2701 1513 CAPUT
2741 1455 2879 1511 XXI.

1894 1549 2095 1606 Narrat
2142 1558 2327 1604 auctor
2352 1565 2468 1619 qua:
2512 1550 2820 1604 tentationes
2873 1559 2920 1603 et
2971 1549 3116 1619 facta
3159 1542 3475 1619 iacent-er;

1960 1625 2123 1704 siouis
2181 1632 2228 1675 et
2269 1617 2454 1675 cursus
2508 1621 2592 1675 sui
2641 1620 2931 1691 spiritualis
2973 1617 3131 1674 initio
3176 1617 3278 1674 sibi
3321 1618 3473 1673 olive.

1961 1704 2152 1749 ηενιιιι.
2688 1720 2695 1727 ⁸
2826 1716 2831 1719 “
3474 1716 3477 1727 ’

1964 1808 2121 1863 Libet
2146 1807 2235 1862 hic
2267 1806 2469 1877 scripta
2499 1804 2776 1876 cujusdam
2798 1804 2986 1860 ﬁdelis
3033 1804 3271 1874 mihique
3300 1804 3476 1860 notis-

1892 1901 2016 1955 simi
2045 1899 2229 1954 fratris
2252 1899 2514 1965 inserere,
2543 1898 2656 1969 qui,
2688 1896 2769 1952 ad-
2788 1886 3204 1952 conversionem
3230 1884 3476 1958 veniens,

1892 2000 1947 2047 et
1967 1991 2304 2061 Scripturam
2330 2006 2543 2046 sacram
2575 1989 2800 2061 legendo
2830 1982 3182 2058 frequentans
3220 1985 3481 2059 (habebat

1893 2086 2037 2138 enim
2065 2097 2213 2153 spem
2248 2096 2497 2152 magnam
2530 2082 2591 2136 in
2611 2080 2713 2136 bac
2740 2079 3015 2147 lectione),
3055 2074 3241 2133 nimia
3268 2077 3482 2132 diutur-

1894 2191 2073 2246 naque
2119 2173 2295 2228 hostis
2326 2173 2536 2243 antiqui
2587 2171 2999 2241 impugnatione
3042 2170 3374 2241 fatigabatur
3419 2169 3476 2224 in

1895 2269 2085 2325 eadem
2129 2281 2287 2322 sacra
2318 2265 2620 2335 Scriptura.
2672 2264 2888 2331 Quanto
2912 2258 3157 2334 namque
3185 2260 3481 2319 studiosius

1897 2361 1986 2416 ille
2016 2360 2247 2429 legebat,
2279 2366 2430 2413 tanto
2459 2355 2632 2427 magis
2655 2355 2971 2410 lentationis
3000 2354 3267 2420 molestia,
3293 2363 3356 2408 ut
3375 2352 3481 2408 sibi

1897 2452 2208 2517 videbatur,
2247 2448 2552 2505 crescebat.
2585 2448 2831 2517 Cumque
2857 2460 2953 2517 per
2981 2445 3074 2500 Dei
3100 2444 3329 2515 gratiam
3358 2452 3486 2514 post

1901 2545 2127 2601 multum
2171 2542 2431 2612 temporis
2460 2541 2529 2596 ab
2572 2540 2674 2595 hac
2706 2539 3114 2610 impugnatione
3155 2535 3479 2606 eriperetur,

1900 2638 2146 2707 cogitans
2172 2635 2428 2705 qualiter,
2462 2647 2558 2702 per
2585 2645 2650 2686 ea
2680 2645 2800 2701 quae
2835 2643 3030 2699 passus
3060 2635 3199 2689 erat,
3232 2636 3343 2680 tam
3366 2625 3487 2695 ipse

1902 2744 2063 2800 quam
2092 2728 2183 2782 alii
2218 2723 2474 2781 aedificari
2496 2732 2740 2793 possent,
2787 2720 3000 2789 scripsit
3021 2732 3129 2773 non
3160 2716 3333 2773 solum
3361 2714 3483 2771 illa-

1901 2817 2325 2875 tas-tentationis
2350 2815 2647 2879 molestias,
2675 2812 2773 2867 sed
2803 2812 2973 2865 etiam
2993 2822 3167 2865 sacrae
3191 2806 3489 2878 Scriptura

1904 2913 2096 2979 verba,
2144 2924 2375 2965 necnon
2422 2920 2759 2979 qureeunque
2783 2920 2847 2959 ex
2901 2904 3079 2959 divina
3134 2901 3490 2973 inspiratione

1905 3006 2006 3063 sibi
2033 3011 2415 3077 provenerant,
2468 3001 2667 3073 quibus
2695 3001 2901 3055 interea
2926 2992 3322 3069 respondendo
3366 3002 3491 3049 ute-

1905 3099 2069 3154 batur
2092 3112 2191 3168 pro
2215 3096 2420 3166 clypeo,
2454 3102 2511 3147 et
2536 3093 2627 3163 qui
2654 3090 2755 3147 sibi
2779 3098 2939 3145 erant
2972 3087 3281 3145 cbarissimi
3324 3085 3485 3157 spiri-

234 3166 398 3259 ntulit,
418 3166 514 3250 sed
546 3166 718 3249 etiam
741 3203 799 3249 ut
838 3194 929 3250 alii
963 3204 1069 3249 tam
1100 3194 1265 3249 futuri
1301 3210 1464 3265 quam
1519 3166 1802 3264 praise-mis
1829 3194 1874 3256 C
1907 3166 2193 3263 tualesque
2232 3188 2417 3252 amici,
2445 3184 2702 3241 ostendit.
2732 3182 2860 3237 Haec
2889 3182 3076 3253 igitur,
3106 3180 3234 3250 quia
3265 3187 3321 3235 et
3351 3178 3483 3233 mihi
3518 3166 3527 3174 ’

235 3288 469 3358 temporis
516 3287 773 3343 homines
822 3288 1010 3343 eadem
1043 3288 1311 3358 imperitia
1345 3288 1653 3343 laborantes
1682 3301 1803 3342 cor-

237 3383 459 3453 rigantur
506 3393 564 3440 et
621 3384 983 3439 instruantur.
1041 3382 1213 3437 Nimis
1264 3382 1407 3436 enim
1439 3380 1696 3450 providus
1720 3387 1803 3434 est

235 3473 488 3539 Dominus,
522 3484 581 3531 et
606 3475 737 3529 nulli
762 3474 843 3529 vel
868 3473 1003 3529 bene
1034 3473 1113 3529 vel
1153 3472 1291 3528 male
1337 3473 1651 3544 contingere
1678 3486 1803 3541 per-

237 3567 381 3623 mittit
407 3580 632 3641 propter
656 3585 715 3625 se
743 3567 950 3634 solum;
993 3569 1087 3623 sed
1120 3577 1177 3622 ut
1223 3566 1380 3622 simul
1408 3567 1495 3621 alii
1524 3565 1804 3635 corrigan-

235 3666 311 3714 tur
338 3671 425 3716 aut
463 3662 818 3717 consolentur
867 3676 965 3731 per
997 3660 1165 3716 illum.
1191 3658 1356 3727 Cujus
1387 3658 1643 3714 nimirum
1675 3673 1803 3728 pro-

236 3753 464 3809 videntiae
489 3770 654 3810 causa
695 3763 946 3810 sanctum
990 3752 1254 3807 Thomam
1310 3751 1614 3823 apostolum
1668 3751 1809 3805 inter

236 3845 351 3901 alios
376 3848 653 3917 apostolos
679 3849 963 3903 credentes
996 3846 1242 3917 permisit
1281 3845 1348 3900 ad
1390 3854 1600 3915 tempus
1650 3843 1807 3898 dubi-

237 3947 340 3992 tare
363 3940 429 3994 de
473 3941 879 3994 resurrectione
914 3955 1031 4005 sua,
1067 3946 1125 3993 ut
1153 3938 1333 3993 cuncti
1385 3937 1437 3992 in
1488 3950 1809 4006 quocunque

239 4027 340 4087 loco
368 4031 449 4086 vel
492 4042 739 4102 tempore
772 4030 933 4101 positi
988 4046 1085 4100 per
1136 4027 1252 4098 ejus
1299 4029 1689 4084 dubitationem
1721 4028 1807 4081 in-

239 4130 563 4179 struerentur
586 4123 655 4177 ad
702 4123 883 4178 fidem.
932 4121 1008 4178 De
1055 4137 1160 4193 qua
1205 4121 1538 4176 dubitatione
1588 4127 1808 4176 sanctus

238 4211 511 4286 Gregorius
539 4216 593 4270 in
634 4215 867 4271 bomelia
900 4214 1137 4286 quadam
1185 4213 1457 4269 disserens
1508 4212 1584 4267 ait
1612 4230 1625 4266 :
1658 4208 1811 4265 Nun-

239 4310 368 4377 quid,
390 4309 580 4379 fratres
608 4308 927 4373 charissimi,
952 4322 1078 4361 casu
1098 4314 1299 4377 gestum
1336 4306 1546 4359 creditis
1587 4313 1645 4356 ut
1702 4302 1808 4358 ele-

242 4409 340 4452 ctus
382 4397 672 4470 discipulus
694 4400 755 4452 de
800 4397 1182 4453 resurrectione
1221 4396 1503 4459 dubitaret,
1562 4393 1809 4447 dubitans

243 4490 478 4559 palparet,
505 4491 730 4562 palpaus
746 4491 979 4545 crederet
996 4489 1022 4542 ?
1060 4486 1184 4543 Non
1210 4487 1310 4542 hoc
1335 4504 1481 4552 casu,
1520 4492 1608 4541 scd
1630 4486 1809 4540 divina

1903 3283 2144 3356 poscenti
2173 3280 2369 3352 saepius
2394 3277 2619 3349 legenda
2642 3276 2813 3340 dedit,
2848 3274 3088 3343 cogitare
3116 3272 3255 3344 carpi
3311 3281 3370 3326 ιιι
3397 3271 3482 3325 bis

1902 3375 1995 3445 qui
2028 3373 2081 3428 in
2113 3371 2394 3441 Scriptura
2441 3382 2597 3423 sacra
2629 3380 2688 3420 se
2713 3378 2972 3420 exercere
3011 3364 3233 3418 student
3279 3361 3491 3430 aliquo-

1898 3467 2066 3521 modo
2112 3463 2435 3535 panderem;
2466 3467 2760 3529 quatenus,
2790 3471 2886 3527 per
2907 3454 3152 3509 eamdem
3202 3453 3488 3523 impugna-

1909 3559 2107 3612 tionem
2138 3568 2301 3626 quam
2334 3553 2447 3623 ipse
2472 3565 2666 3621 passus
2695 3557 2835 3613 erat,
2870 3546 2946 3601 illi
2968 3548 3246 3602 cautiores
3298 3543 3486 3598 fortiuL

1907 3664 2105 3719 resque
2163 3656 2355 3703 contra
2406 3643 2682 3699 diabolum
2731 3641 3093 3697 elllcereutur.
3146 3637 3240 3693 Sic
3287 3635 3489 3707 quippe

1909 3741 2098 3812 incipit
2140 3739 2380 3795 scribere
2419 3736 2488 3791 de
2534 3734 2892 3790 tentationum
2945 3744 3167 3787 suarum
3214 3728 3490 3784 molestia.

1902 3839 1906 3843 '
1980 3832 2297 3888 Delusiones
2351 3828 2568 3884 Satanae
2618 3826 2798 3881 varias
2843 3824 3073 3896 vigilans
3109 3837 3172 3877 ac
3210 3821 3503 3877 dormiens-

1909 3923 2126 3995 pertuli,
2154 3936 2290 3993 quas
2314 3920 2443 3976 licet
2482 3920 2765 3975 universas
2797 3930 3063 3987 nequeam
3093 3913 3493 3970 dinamerando

1910 4030 2179 4087 promere,
2228 4013 2438 4083 aliquas
2487 4021 2666 4067 tamen
2716 4008 2992 4064 memoriae
3048 4006 3274 4070 insitas,
3325 4012 3488 4075 prout

1911 4123 2150 4178 possum,
2173 4105 2296 4160 volo
2330 4103 2556 4159 referre.
2585 4102 2652 4157 Et
2690 4116 2816 4157 reor
2846 4101 2948 4155 hoc
2977 4098 3213 4169 primum
3244 4096 3313 4151 de
3340 4095 3488 4150 fran-

1912 4201 2069 4257 dibus
2116 4199 2203 4253 his
2245 4196 2674 4268 perhibendum,
2720 4193 2863 4261 quod
2889 4200 2945 4245 et
2990 4198 3117 4244 ante
3160 4187 3490 4242 'monacb'rlis

1911 4294 2038 4349 vita:
2086 4290 2498 4362 professionem,
2555 4298 2611 4340 et
2671 4293 2857 4355 postea
2884 4283 2973 4336 ditt
3016 4294 3306 4351 perpessus
3332 4293 3485 4341 sum;

1913 4386 2039 4455 quia
2071 4383 2277 4438 scilicet
2323 4381 2454 4434 satis
2479 4379 2672 4434 stolida
2699 4374 3107 4446 improvidaque
3134 4372 3264 4426 mihi
3290 4372 3496 4427 inesset

1913 4477 2165 4533 voluntas
2222 4472 2614 4536 conversionis,
2662 4485 2847 4541 quam,
2902 4478 3093 4523 contra
3152 4466 3496 4537 Scripturam

245 4551 560 4653 dispositione
584 4551 784 4655 aestum
804 4592 898 4637 est.
938 4580 1058 4651 Egit
1099 4596 1322 4651 namque
1363 4580 1496 4632 miro
1534 4577 1690 4631 modo
1728 4576 1810 4630 di-
1835 4551 1888 4611 υ
1915 4584 2148 4633 sacram,
2177 4582 2297 4636 qua:
2323 4565 2453 4620 dicit
2491 4581 2504 4619 :
2553 4562 2743 4655 Ontuia
2773 4563 2861 4633 [ac
2886 4576 3004 4614 cum
3031 4558 3276 4655 consilia-
3304 4558 3495 4630 ('Eccli.

244 4674 349 4727 vim
378 4674 647 4729 clementia
673 4691 692 4730 :
714 4683 768 4729 ut
805 4672 1095 4736 discipulus
1124 4671 1393 4737 dubitans,
1427 4670 1552 4723 dum
1596 4668 1650 4722 in
1687 4667 1811 4722 Ma-

245 4763 388 4833 gistro
412 4783 507 4820 suo
528 4765 745 4819 vulnera
790 4766 1029 4835 palparet
1075 4763 1270 4827 carnis,
1314 4763 1366 4816 in
1411 4761 1559 4814 nobis
1600 4757 1813 4813 vulnera

247 4865 438 4908 sanaret
461 4854 821 4925 inﬁdelitatis;
867 4853 987 4911 plus
1026 4852 1162 4906 enim
1203 4850 1351 4905 nobis
1383 4849 1598 4904 Tltomte
1624 4846 1814 4917 inﬁde-

249 4943 355 5000 litas
397 4948 467 5001 ad
496 4948 682 5017 ﬁdem,
713 4963 871 5016 quam
928 4944 1248 4999 credentium
1279 4941 1655 5012 discipulorum
1682 4940 1814 5009 ﬁdes

250 5038 447 5106 profuit.

319 5126 420 5164 Ιη-νι
451 5131 540 5164 Αἱ..
570 5145 670 5166 που
684 5143 893 5168 ammnn
926 5136 979 5170 ρί
1006 5127 1108 5172 lata
1139 5143 1311 5174 conm
1332 5126 1630 5178 Scriptura}
1657 5132 1813 5178 Nam

1899 4675 2092 4725 ‘xxxn,
2134 4658 2249 4723 24),
2301 4658 2420 4713 sine
2468 4654 2699 4712 consilio
2746 4660 3034 4725 parentum
3073 4661 3130 4708 et
3173 4650 3498 4715 amicorum,

1914 4765 2204 4826 quamque,
2229 4751 2281 4805 in
2307 4748 2542 4803 maximo
2562 4746 2860 4817 joventntis
2885 4743 3095 4801 fervore
3115 4743 3343 4814 positus,
3370 4744 3497 4797 sub~

1917 4848 1993 4902 ito
2044 4843 2235 4900 vellem
2287 4842 2481 4907 adire;
2530 4839 2801 4909 nimisque
2838 4838 2980 4892 foret
3032 4837 3392 4891 inconsultum
3443 4842 3504 4888 ut

1917 4936 2237 5011 hujusmodi-
2276 4937 2437 4991 homo
2459 4933 2744 5004 quisquam
2773 4941 2882 4988 tam
2920 4930 3282 5001 periculosum
3331 4926 3505 4980 susci-

1919 5036 2071 5101 peret
2099 5036 2281 5082 votum
2316 5046 2335 5081 :7
2370 5027 2597 5096 ideoque
2622 5026 2790 5081 multo
2814 5023 3013 5077 melius
3038 5035 3157 5079 esse
3178 5027 3256 5082 ut,
3279 5026 3504 5086 praesto-

1922 5122 2232 5182 lans‘usque
2252 5119 2320 5175 ad
2346 5118 2523 5173 aetatis
2564 5114 2878 5172 maturioris
2909 5112 3316 5181 perfectionem,
3372 5111 3503 5157 tunc
