3942 5340
484 317 592 373 ⁸213

1520 323 1822 384 οτιιιοΝι
1862 326 2166 387 MONACHI
2204 331 2263 386 S.
2303 331 2722 390 EMMERAMMI

3647 337 3746 392 216

485 431 622 486 Nam
669 442 789 487 arte
844 433 1002 490 solita
1048 434 1113 490 ad
1162 433 1594 505 desperationem
1644 456 1731 497 me
1755 445 2074 512 pertrahere
2098 446 2152 507 Α
2177 462 2334 513 xvtn,
2367 449 2444 520 5).
2478 449 2726 520 Nunquid
2757 459 2811 504 et
2862 465 2962 506 noc
2999 461 3050 505 te
3083 459 3284 516 movet,
3315 452 3458 521 quod
3508 452 3750 511 Ezechiel

485 522 722 589 studuit,
746 521 1018 593 inspirans
1045 525 1293 582 videlicet
1330 527 1598 584 incassum
1633 547 1717 586 me
1747 529 1904 587 talem
1935 534 2071 590 velle

488 617 712 684 reverti,
762 619 852 690 qui
908 620 1073 674 tantis
1118 621 1443 678 criminibus
1492 625 1595 679 siin
1626 626 1954 696 implicatus,
2012 635 2072 683 ut

486 724 593 764 non
616 709 788 765 solum
809 711 1164 780 principibus,
1192 713 1288 768 sed
1312 715 1480 769 etiam
1506 717 1838 774 multitudini
1862 729 2071 775 aeterm

485 800 725 871 ipsisque
750 802 908 856 simul
937 805 1252 872 parentibus
1279 815 1331 861 et
1370 809 1616 870 cognatis
1637 824 1834 866 exosus
1867 826 2068 866 essem.

490 911 506 976 ι
534 891 786 957 Putasne,
808 893 1002 964 inquit,
1021 905 1077 948 nt
1101 906 1207 950 tam
1237 899 1532 956 sceleratus
1555 902 1717 956 homo
1741 905 1882 974 apud
1902 903 2068 958 Deum

474 981 714 1051 judicent
777 986 1236 1043 districtissimum
1290 993 1501 1045 veniam
1540 995 1709 1064 possit
1750 995 2068 1063 promereri,

482 1079 919 1150 quandoquidem
954 1123 969 1144 ,
1028 1083 1169 1137 sicut
1228 1093 1486 1154 scriptum
1542 1095 1625 1141 est
1679 1101 1695 1142 :
1753 1086 1856 1142 Vix
1891 1089 2070 1158 justus

483 1170 815 1226 saleabitur?
843 1172 893 1242 (1
925 1172 1072 1228 Petr.
1103 1191 1174 1239 tv,
1212 1177 1322 1247 l8.)
1355 1177 1431 1232 Ne
1457 1179 1644 1248 cupias
1674 1195 1934 1252 ergoquze
1965 1196 2070 1236 non

482 1276 610 1341 sunt
637 1268 937 1336 cupienda;
968 1269 1061 1323 sed
1094 1269 1274 1340 potius
1299 1271 1363 1324 ad
1391 1287 1453 1325 ca
1485 1272 1685 1328 laboris
1718 1274 1791 1328 tni
1831 1274 2069 1330 studium

480 1372 742 1418 converte
771 1380 892 1434 qua:
917 1366 1114 1419 amodo
1144 1368 1320 1436 possis
1361 1369 1628 1424 obtinere.
1677 1368 1734 1424 Si
1781 1371 1925 1425 enim
1973 1371 2074 1435 ita,

480 1463 539 1508 ιιι
578 1463 632 1508 ιιι
663 1455 1014 1512 stolidissime
1039 1460 1298 1522 assumis,
1331 1460 1584 1516 omnibus
1619 1477 1878 1517 concessa
1935 1460 2072 1516 foret

482 1545 790 1616 hujusmodi
848 1549 1076 1605 laeultas
1127 1560 1185 1604 ut
1233 1551 1442 1606 scilicet
1495 1554 1562 1606 ad
1619 1568 1780 1623 regna
1827 1552 2070 1607 cmlestia

481 1650 589 1695 tam
627 1657 916 1712 perversus
946 1643 1308 1714 quamjnstus
1341 1646 1501 1699 homo
1531 1647 1838 1716 pertingere
1870 1654 2069 1714 posset,

480 1750 820 1808 nequaquam
865 1739 1142 1809 apostolus
1189 1739 1277 1795 ille
1332 1739 1820 1795 excellentissimus
1871 1737 2072 1791 Paulus

2175 540 2438 608 propheta
2468 542 2850 606 comminatur,
2881 542 3066 597 dicens
3098 559 3111 596 :
3160 544 3348 596 Anima
3377 560 3496 612 qua:
3522 560 3746 612 peccare-

2175 631 2266 694 rit,
2289 647 2402 700 ipsa
2426 632 2713 686 morietur?
2738 633 2954 704 (Exerit.
2983 650 3138 697 xvttt,
3159 634 3275 702 20.)
3311 635 3369 688 Si
3393 636 3540 688 enim
3561 637 3750 698 omnis,

2174 724 2267 793 qui
2302 735 2512 794 peccat,
2544 727 2702 780 morti
2733 727 3051 796 suhjacebit,
3085 729 3329 799 profecto
3379 729 3562 784 nullus
3601 730 3755 784 homo

2174 817 2358 872 salvus
2387 819 2521 884 erit;
2551 821 2674 888 quia
2709 836 2865 873 nemo
2895 822 3099 890 absque
3146 831 3368 891 peccato
3405 821 3638 876 inveniri
3666 838 3754 890 po-

2177 920 2300 964 test.
2332 909 2518 966 Nonne
2549 913 2800 967 similiter
2829 923 2882 966 et
2914 913 3056 967 illam
3083 913 3384 968 mirabilem
3410 915 3755 976 sententiam,

2172 1017 2333 1070 quam
2367 1002 2526 1071 paulo
2552 1013 2672 1072 post
2701 1005 2840 1058 idem
2866 1004 3132 1075 Propheta
3161 1006 3312 1070 dicit,
3360 1017 3448 1058 tua
3484 1021 3642 1058 mens
3684 1015 3759 1058 at-

2175 1095 2378 1148 tendit?
2412 1096 2488 1149 ait
2515 1111 2646 1166 ergo
2676 1113 2689 1149 :
2717 1095 2775 1151 Si
2804 1099 3046 1151 averteiit
3071 1114 3124 1151 se
3142 1098 3320 1167 justus
3344 1115 3374 1151 a
3393 1097 3614 1167 justitia
3644 1113 3759 1159 sua,

2172 1196 2220 1240 et
2249 1186 2426 1255 fecerit
2457 1188 2802 1258 iniquitatem,
2852 1191 3295 1260 omnes-justitite
3340 1191 3455 1260 ejus
3505 1201 3665 1244 erunt
3711 1192 3761 1243 in

2174 1279 2480 1334 oblivionem
2513 1280 2705 1351 (ibid.,
2732 1281 2845 1350 24).
2889 1282 3023 1337 llinc
3049 1294 3132 1338 est
3164 1283 3305 1352 quod
3345 1283 3434 1337 ille
3460 1281 3633 1336 Judas
3661 1291 3764 1335 tra-

2171 1373 2316 1428 ditor
2349 1373 2578 1439 Domini,
2609 1390 2731 1429 cum
2765 1376 2868 1430 hoc
2895 1392 3058 1429 nmnn
3093 1377 3396 1430 traditionis
3423 1377 3632 1429 crimen
3677 1373 3764 1427 ad-

2175 1465 2432 1530 misisset,
2463 1476 2584 1534 post
2630 1466 2944 1521 multimoda
2992 1467 3219 1537 justitiie
3260 1483 3426 1538 opera
3475 1467 3768 1519 damnatus

2173 1567 2273 1612 est.
2299 1559 2536 1613 Attende
2563 1559 2738 1614 adlinc
2762 1568 2816 1612 et
2837 1559 2940 1613 alia
2967 1559 3072 1613 dno
3094 1559 3331 1613 maxima
3353 1557 3517 1628 hujus
3541 1555 3768 1610 rationis

2173 1653 2446 1724 exempla,
2477 1654 2528 1707 in
2562 1652 2757 1724 quibus
2791 1654 3012 1722 prohari
3045 1665 3095 1707 ct
3132 1653 3347 1708 deliniri
3381 1660 3561 1723 potest
3591 1650 3772 1704 omnis

2175 1754 2362 1800 nostra
2393 1746 2684 1800 sententia.
2713 1744 2938 1812 Legitur
2964 1746 3107 1800 enim
3145 1746 3197 1799 in
3232 1745 3400 1799 Exodi
3443 1743 3608 1809 libro,
3640 1742 3768 1813 quia

482 1830 690 1887 diceret
721 1849 736 1887 :
770 1830 894 1886 Non
941 1833 1078 1886 enim
1119 1843 1194 1886 est
1227 1834 1458 1886 omnium
1490 1831 1621 1900 ﬁdes
1650 1830 1734 1902 (11
1777 1829 1955 1884 ΤΙιεεει
1989 1845 2072 1894 ιιι.
2105 1803 2148 1863 Β
2178 1839 2376 1894 dixerit
2402 1839 2661 1893 Dominus
2685 1839 2752 1892 ad
2779 1837 3335 1909 MoysenzMisei-ebor
3359 1837 3444 1890 cui
3468 1835 3771 1894 volnera.et

477 1925 554 1996 2).
590 1925 653 1979 Et
681 1926 876 1980 iterum
907 1927 1048 1982 Idem
1075 1927 1205 1981 dicit
1231 1945 1243 1980 :
1277 1925 1401 1980 Non
1424 1942 1602 1980 omnes
1623 1924 1869 1978 obedinnt
1900 1922 2075 1976 Eran-

476 2019 610 2088 gelio
641 2020 819 2092 (Rom.
850 2037 908 2086 ι,
941 2019 1052 2090 16).
1079 2020 1303 2092 Ipseque
1325 2019 1576 2076 Salvator
1609 2027 1664 2074 et
1692 2017 2074 2073 veracissimus

480 2125 676 2170 auctor
714 2115 829 2170 haec
863 2115 1168 2170 rudimenta
1204 2114 1318 2170 suis
1365 2113 1676 2183 mundoque
1722 2111 1880 2166 simul
1927 2111 2074 2166 dedit

480 2205 629 2262 omni
656 2224 671 2261 :
704 2207 809 2273 Qui
827 2216 994 2277 potest
1026 2223 1229 2275 capere,
1253 2207 1426 2276 capiat
1457 2205 1674 2276 (Matth.
1705 2221 1818 2268 xix,
1860 2204 1970 2270 12).
2014 2202 2070 2258 1η

485 2314 589 2368 qua
624 2298 1007 2369 proculdubio
1041 2299 1309 2355 sententia
1340 2298 1602 2368 praescius
1653 2297 1886 2352 innotuit
1927 2295 2071 2364 quod

483 2406 590 2444 non
615 2392 794 2446 omnis
815 2391 952 2446 bona
977 2391 1167 2463 possit.
1189 2412 1206 2443 ι
1225 2390 1359 2447 Cum
1383 2391 1547 2461 igitur
1572 2389 1940 2444 deiusiouibns
1963 2399 2073 2442 tor-

480 2496 681 2550 querer
708 2482 927 2548 talibus,
957 2483 1098 2553 quis,
1133 2493 1311 2552 putas,
1343 2483 1475 2537 mihi
1511 2491 1640 2536 tunc
1673 2490 1795 2536 erat
1823 2481 2072 2535 animus?

481 2573 564 2632 Nil
606 2574 750 2629 aliud
783 2584 934 2630 certe
980 2583 1108 2630 tunc
1139 2575 1392 2645 prtevalui
1444 2575 1546 2628 nisi
1597 2573 1750 2637 ﬂere,
1794 2581 1868 2638 et,
1911 2571 2070 2639 juxta

481 2665 1093 2732 Psalinistani,fucrunt
1122 2667 1252 2721 mihi
1303 2665 1552 2736 laeryma:
1601 2677 1732 2718 mea:
1775 2679 1940 2733 pancs
1984 2663 2071 2716 die

479 2774 545 2812 ac
573 2756 927 2827 nocte(Psal.
967 2775 1078 2822 xu,
1109 2758 1188 2822 4).
1217 2758 1412 2814 Fateor
1458 2757 1713 2812 nimirum
1763 2771 1830 2810 ex
1881 2755 2070 2810 intimo

479 2849 664 2914 corde,
696 2851 823 2920 quia
853 2848 1032 2905 nullus
1061 2847 1162 2904 nisi
1211 2864 1309 2920 per
1354 2849 1582 2920 gratiam
1632 2845 1842 2901 Domini
1896 2844 2066 2910 solam

483 2944 613 2998 talia
647 2952 826 3012 potest
853 2945 1092 3000 vincere.
1123 2943 1417 3014 Postquam
1448 2951 1632 2996 autem
1670 2941 1952 2997 insidiator
1980 2955 2069 2994 ca-

480 3035 779 3091 lidissimus
806 3050 893 3091 me
921 3037 986 3091 ad
1011 3035 1407 3105 desperationis
1433 3035 1596 3089 illata:
1624 3047 1947 3088 consensum
1977 3044 2069 3085 ne-

481 3126 602 3196 quit
643 3127 980 3196 pertrahere,
1026 3137 1256 3182 conatus
1299 3135 1383 3181 est
1428 3126 1590 3182 etiam
1639 3140 1736 3194 per
1794 3123 1897 3178 alia
1954 3136 2067 3177 sua:

484 3217 693 3272 Fraudis
723 3225 1038 3287 argumenta
1069 3219 1136 3273 ad
1179 3217 1409 3287 iustitiae
1437 3216 1633 3271 divina:
1677 3214 2067 3285 blasphemiam

488 3324 575 3362 me
612 3305 917 3373 deﬂectere,
973 3325 1077 3364 non
1129 3307 1454 3364 deterrendo
1497 3308 1578 3361 vel
1633 3305 2068 3376 imprOperando,

486 3400 580 3454 sed
602 3399 762 3471 quasi
781 3400 1118 3456 eoudolcndo
1144 3410 1200 3458 et
1221 3400 1598 3471 eompaticndo
1615 3400 1889 3456 amictioni
1916 3414 2067 3466 mete,

481 3506 782 3564 suggerens
811 3493 1061 3548 videlicet
1088 3495 1238 3548 cordi
1270 3509 1390 3548 meo
1421 3493 1728 3562 hujusmodi
1781 3494 2070 3566 cogitatio-

485 3599 618 3639 nes:
657 3603 675 3635 ι
713 3583 756 3640 Ο
787 3600 948 3654 quam
991 3586 1298 3640 miserande
1341 3585 1579 3656 juvenis,
1629 3584 1782 3653 cujus
1829 3586 2068 3639 dolorem

482 3674 664 3732 nullas
711 3676 992 3730 hominum
1041 3675 1296 3747 dignatur
1342 3678 1662 3731 attendere!
1711 3676 1843 3742 Quis
1889 3687 2072 3731 autem

484 3767 760 3820 hominum
792 3767 875 3822 vel
897 3769 1206 3838 excogitare
1237 3777 1414 3838 potest
1444 3777 1591 3823 tanta
1635 3777 1686 3823 te
1711 3769 1822 3838 jam
1855 3768 2074 3836 depres-

482 3874 603 3912 sum
627 3857 956 3911 aﬂlictione?
985 3857 1137 3914 Unde
1165 3875 1265 3913 nec
1293 3858 1398 3913 illis
1428 3859 1594 3914 debes
1622 3860 1917 3930 imputare;
1945 3861 2070 3929 quia

484 3951 626 4016 quod
651 3958 924 4017 nequeunt
951 3951 1112 4015 scire,
1146 3951 1198 4006 in
1232 3968 1298 4007 eo
1326 3967 1432 4005 non
1481 3961 1706 4022 possunt
1758 3951 2069 4006 subvenire.

487 4041 645 4094 Novit
669 4041 812 4095 enim
846 4041 1106 4098 Dominus
1133 4052 1188 4097 et
1211 4045 1465 4112 praevalet
1495 4045 1676 4100 omnia
1707 4045 1873 4099 solus.
1927 4047 2048 4101 Ideo

491 4145 598 4200 que
627 4131 701 4186 illi
731 4131 829 4188 soli
867 4141 1081 4188 constat
1126 4133 1496 4202 imputandum
1548 4135 1805 4204 quidquid
1863 4137 2075 4192 videtur

487 4229 728 4296 ineptun't
761 4236 811 4283 et
844 4227 1231 4282 inordinatmn.
1258 4229 1392 4282 Cum
1439 4244 1568 4298 ergo
1617 4229 1755 4282 Sciat
1802 4239 1856 4284 ct
1906 4231 2073 4300 possit

483 4322 688 4385 omnia,
714 4337 883 4391 quare
918 4338 1022 4376 non
1050 4322 1268 4392 adjuvat
1300 4332 1349 4376 te
1376 4323 1425 4376 in
1461 4322 1803 4379 tribulatione
1831 4334 1944 4388 tua,
1981 4326 2071 4394 qui

483 4427 583 4482 pro
612 4411 730 4481 ejus
759 4429 946 4468 amore
980 4413 1240 4483 reliquisti
1273 4424 1327 4468 et
1353 4415 1502 4485 prius
1526 4415 1805 4478 satculnm,
1833 4424 1887 4470 et
1915 4417 2075 4470 modo

2175 1933 2496 1986 clemensero
2524 1932 2576 1986 in
2597 1948 2748 2002 quem
2773 1932 2903 1985 mihi
2927 1931 3180 2002 placuerit
3207 1930 3404 2002 (Exod.
3432 1946 3629 1993 xxxiii,
3655 1929 3770 1993 19).

2176 2024 2519 2094 Rursumque
2552 2024 2602 2077 in
2643 2023 2936 2094 Evangelio
2981 2023 3242 2092 scriptum
3282 2031 3366 2077 est
3420 2023 3550 2092 quia
3583 2022 3774 2074 volens

2173 2117 2394 2186 quidam
2426 2114 2720 2183 discipulus
2753 2114 2870 2183 ejus
2900 2114 3039 2178 ﬁeri,
3070 2129 3134 2168 ac
3163 2113 3350 2169 dicens
3377 2131 3390 2167 :
3441 2112 3653 2183 Sequar
3704 2123 3771 2172 te.

2171 2223 2481 2278 quocunque
2527 2208 2649 2260 ieris
2685 2206 2902 2276 (Matth.
2955 2222 3073 2268 vm,
3105 2205 3218 2277 19),
3270 2205 3520 2276 repulsus
3565 2216 3650 2259 est
3707 2206 3774 2259 ab

2173 2299 2361 2352 eodem
2395 2298 2620 2354 Domino
2647 2299 2860 2352 dicente
2888 2316 2900 2352 :
2939 2297 3132 2366 Vulpes
3162 2298 3337 2366 [areas
3363 2296 3575 2360 habent,
3596 2307 3644 2349 et
3681 2313 3773 2350 to-

2173 2390 2342 2444 Iueres
2383 2389 2496 2444 cwii
2536 2390 2720 2454 nidos;
2765 2389 2910 2458 ﬁlius
2947 2398 3122 2442 autent
3165 2388 3389 2442 hominis
3436 2403 3542 2440 non
3592 2387 3768 2451 habet,

2175 2484 2260 2537 ubi
2286 2493 2440 2553 caput
2467 2500 2620 2537 suum
2649 2484 2858 2536 reclinet
2891 2482 3082 2553 (Ibid,
3108 2483 3222 2551 20).
3256 2483 3299 2538 Ο
3330 2482 3629 2537 indiscreta
3680 2499 3769 2536 sev

2173 2575 2414 2629 veritas!
2464 2573 2508 2629 0
2557 2574 2864 2627 miseranda
2912 2573 3160 2642 aequitas,
3219 2589 3340 2642 quae
3390 2572 3772 2625 tantummodo

2173 2665 2464 2721 voluntatis
2494 2680 2606 2720 snzc
2637 2664 2923 2718 arbitrium
2957 2665 3224 2732 sequitur,
3262 2677 3316 2718 ct
3358 2665 3424 2718 ad
3457 2680 3517 2719 se
3571 2663 3768 2718 confu-

2172 2763 2381 2832 gientes
2413 2761 2690 2831 suscipere
2716 2759 3038 2829 dedignatur
3065 2760 3079 2812 !
3109 2759 3472 2814 lntolerabilis
3501 2768 3660 2813 certe
3686 2767 3769 2811 ta-

2174 2857 2239 2911 lis
2266 2865 2349 2911 est
2379 2855 2682 2925 disciplina,
2712 2853 2951 2923 nullique
2980 2853 3175 2906 merito
3224 2852 3512 2922 placitura.
3555 2871 3574 2904 ι

2243 2947 2556 3020 “ejusmodi
2598 2961 2813 3016 quoque
2843 2944 3151 3000 delusiones
3185 2946 3274 2999 diu
3307 2945 3771 3014 perturbaverunt

2172 3056 2323 3096 meas
2371 3038 2752 3109 cogitationes,
2806 3038 2858 3090 in
2917 3036 3115 3106 quibus
3160 3036 3292 3090 satis
3352 3034 3579 3105 probari
3628 3034 3772 3088 valet

2173 3133 2390 3205 quantis
2415 3129 2667 3202 periculis
2697 3145 2850 3184 mens
2880 3144 2997 3183 mea
3030 3126 3354 3196 subjacerct.

2243 3223 2325 3278 Ad
2363 3221 2578 3276 easdem
2602 3219 2913 3275 delusiones
2934 3219 3149 3273 videtur
3170 3218 3440 3289 pertinere
3461 3217 3610 3287 quod
3641 3218 3771 3272 sub~

2172 3322 2467 3384 sequenter
2497 3311 2619 3366 volo
2653 3311 2876 3366 referre.
2913 3311 3066 3379 Saape
3097 3310 3260 3379 igitur
3281 3309 3509 3380 contigit
3533 3320 3613 3373 ut,
3641 3310 3770 3379 quia

2175 3403 2458 3462 matutinis
2503 3401 2654 3456 horis
2702 3401 2769 3455 ad
2813 3402 3027 3468 signum
3084 3401 3342 3469 primum,
3397 3401 3541 3454 sicut
3583 3401 3768 3470 regula

2174 3503 2362 3549 sancta
2393 3495 2571 3556 docet,
2596 3492 2740 3546 volui
2763 3506 3079 3561 exsurgere,
3113 3491 3556 3560 phantasmatico
3581 3493 3772 3561 aliquo

2177 3588 2335 3658 longe
2358 3595 2485 3641 ante
2517 3594 2728 3655 tempus
2756 3584 3010 3653 surgendi
3041 3583 3314 3638 excitatus
3335 3582 3644 3636 oratorium
3677 3596 3772 3634 vc-

2176 3679 2355 3733 nircm
2389 3676 2636 3732 festinus.
2669 3675 2780 3730 [loc
2805 3675 2968 3730 etiam
3013 3674 3196 3728 tandiu
3228 3674 3437 3736 credidi
3463 3689 3602 3743 opus
3648 3687 3775 3726 esse

2175 3771 2440 3834 divinum,
2493 3783 2775 3840 quousque
2801 3783 2866 3822 ex
2921 3767 3227 3836 tempestivi
3279 3766 3489 3836 soporis
3541 3763 3774 3835 impedi-

2177 3873 2359 3918 mento
2409 3874 2654 3918 coactum
2707 3876 2793 3914 me
2845 3860 3106 3914 sentirem
3178 3860 3245 3912 ad
3299 3859 3769 3928 intempestivum.

2177 3957 2429 4011 Paticbar
2449 3956 2625 4011 ethoc
2649 3970 2744 4024 per
2764 3954 2970 4025 aliquot
2993 3969 3166 4008 annos
3194 3954 3244 4007 in
3275 3953 3558 4006 nocturnis
3579 3951 3732 4006 horis
3756 3992 3772 4014 ,

2176 4058 2252 4114 ut,
2271 4047 2396 4102 licet
2417 4046 2702 4101 admodum
2722 4060 2885 4099 sanus
2911 4046 2960 4099 in
2983 4045 3181 4099 lectulo
3203 4043 3480 4097 dormiens
3499 4043 3770 4112 jacerem,

2177 4156 2300 4196 cum
2331 4141 2398 4194 ad
2456 4139 2750 4194 matutinas
2785 4139 2970 4192 laudes
3017 4152 3242 4208 surgere
3293 4136 3574 4197 deberem,
3611 4133 3768 4204 quasi

2178 4234 2439 4302 compede
2465 4231 2697 4300 quodam
2727 4231 3093 4284 membrorum
3125 4229 3367 4284 omnium
3416 4225 3769 4296 constringe-

2177 4339 2265 4378 rer
2291 4321 2588 4385 debilitate,
2619 4321 2803 4390 sicque
2835 4323 2901 4374 ad
2929 4319 3212 4376 ecclesiam
3239 4318 3450 4374 nutanti
3475 4327 3531 4372 et
3557 4317 3768 4372 ditiicil-

2178 4415 2307 4468 limo
2335 4427 2520 4482 gressu
2545 4411 2904 4481 pervenirem.
2939 4410 3268 4466 Proferenda
3306 4419 3389 4463 est
3427 4409 3608 4463 adhuc
3654 4416 3772 4464 ten-

484 4505 690 4560 diutius
733 4506 1162 4560 inaestimabilem
1223 4508 1462 4562 sustincs
1528 4508 1862 4561 cruciatum?
1908 4509 2072 4574 Quae,
2106 4514 2151 4572 D
2186 4507 2316 4561 latio
2355 4515 2412 4560 et
2447 4504 2654 4559 delusio
2686 4520 2811 4568 una,
2847 4519 3008 4572 qnam
3038 4513 3189 4558 lauto
3219 4501 3486 4556 difﬁcilius
3513 4503 3772 4556 intimare

487 4610 638 4663 rogo,
674 4597 778 4651 ista
812 4596 917 4653 erit
945 4597 1083 4650 ratio
1111 4598 1488 4661 districtionis,
1517 4614 1638 4667 quae
1686 4599 1753 4652 ad
1781 4615 1840 4654 se
1869 4599 2074 4670 iugiter

486 4686 785 4741 clamantes
815 4686 1068 4741 omnibus
1098 4689 1305 4740 cruciat
1337 4688 1540 4742 modis?
1572 4687 1678 4741 Fac
1721 4689 1863 4757 quod
1896 4690 2072 4744 factu-

489 4792 580 4830 rus
610 4777 749 4842 eris;
779 4778 988 4846 depone
1017 4777 1383 4848 supervacuas
1410 4796 1598 4847 preces
1629 4792 1681 4833 et
1705 4780 1913 4846 luctus;
1947 4782 2072 4851 quia

485 4865 575 4922 ille
603 4867 654 4922 in
683 4867 786 4922 hac
816 4868 1109 4924 severitate
1141 4869 1195 4922 in
1244 4885 1346 4938 qua
1380 4868 1642 4925 hactenus
1691 4880 1827 4933 erat,
1880 4872 2073 4927 amodo

485 4956 648 5011 etiam
683 4967 1032 5028 perseverat:
1065 4975 1188 5013 nam
1221 4959 1385 5014 nimis
1415 4960 1638 5014 stultum
1665 4969 1745 5014 est
1773 4976 1840 5015 ea
1891 4962 2068 5031 preci-

489 5049 592 5104 bus
617 5057 886 5105 attentare
935 5067 1055 5121 qua:
1097 5063 1149 5106 te
1201 5051 1343 5106 scias
1389 5066 1496 5106 non
1545 5067 1707 5121 posse
1755 5053 2068 5121 impetrare.
2120 5055 2122 5057 ’

485 5141 876 5199 Verumtamen
904 5144 1011 5199 noli
1045 5145 1258 5211 timere,
1283 5145 1408 5214 quia
1455 5159 1728 5213 nunquam
1769 5145 1928 5200 unius
1979 5161 2074 5214 po-

492 5235 656 5290 tentis
677 5234 941 5305 injustitia
961 5251 1152 5292 omnes
1173 5237 1502 5306 permittitur
1525 5238 1762 5307 perdere,
1794 5237 2072 5304 Quomodo

881 5330 904 5340 Α

2174 4615 2335 4671 queo,
2382 4607 2585 4669 quanto
2617 4613 2890 4666 nunquam
2941 4597 3146 4667 aliquid
3186 4597 3491 4666 hnjnsmodi
3525 4596 3766 4664 legebam

2177 4691 2260 4746 vel
2289 4689 2574 4744 audiebam
2607 4690 2675 4742 ah
2701 4687 2830 4742 ullo.
2873 4687 3162 4756 Postquam
3193 4689 3338 4742 enim
3377 4686 3769 4756 suprascriptis

2175 4793 2229 4836 et
2275 4782 2399 4836 aliis
2452 4780 2638 4835 multis
2674 4781 3093 4844 tentatiouihus,
3124 4796 3351 4851 quarum
3375 4780 3640 4850 quasdam
3671 4780 3769 4832 mi-

2179 4875 2324 4928 nimc
2359 4875 2410 4927 in
2441 4873 2701 4930 memoria
2735 4873 2925 4936 haben,
2952 4875 3213 4943 quasdam
3249 4889 3399 4938 vero,
3437 4889 3503 4927 nc
3544 4873 3768 4942 legentio

2180 4967 2282 5021 bus
2321 4966 2434 5020 sint
2485 4967 2667 5029 ttedio,
2695 4968 2783 5022 hic
2826 4966 3071 5036 proferre
3119 4967 3263 5032 nolo,
3307 4982 3425 5020 smn
3481 4967 3766 5036 impulsus,

2182 5063 2297 5120 sed,
2331 5075 2430 5130 per
2465 5059 2555 5114 Dei
2586 5060 2838 5129 gratiam,
2881 5076 2910 5114 a
2946 5060 3051 5115 title
3081 5069 3134 5114 ct
3165 5077 3259 5129 spe
3287 5060 3532 5115 caelestis
3577 5061 3764 5115 auxilii

2180 5167 2520 5220 nequaquam
2551 5150 2800 5216 evulsus;
2837 5161 2960 5206 time
2994 5152 3395 5221 itnpngnalione
3431 5152 3523 5204 tali
3569 5151 3766 5205 diutius

2181 5243 2419 5310 torqueri
2446 5257 2530 5295 me
2559 5241 2876 5306 sentiebam,
2930 5258 3026 5312 per
3057 5258 3220 5311 quam
3269 5253 3321 5298 et
3359 5244 3425 5296 tle
3472 5243 3766 5314 Scriptum
