3942 5340
1730 66 1825 85 ,δι”

1372 161 1503 220 ιω.
1533 161 1632 229 DE
1666 160 1899 219 CURSU
1937 158 2346 221 SPIRITUALI.

222 167 322 255 art

3374 147 3481 205 2l8

233 288 492 347 quatenus
519 281 823 339 roooratus,
851 282 1041 331 contra
1071 271 1219 328 illata
1249 273 1442 333 mortis
1474 271 1659 344 iacula
1680 271 1805 329 fidei
1835 276 1881 335 Α
1911 279 2078 339 esset,
2131 285 2471 342 nequaquam
2508 276 2657 324 tanta
2708 266 2957 324 confusio
2993 274 3156 338 atque
3200 265 3486 321 diversitas

235 368 443 440 speique
466 366 641 421 armis
662 365 971 430 decertavi;
1003 364 1056 420 in
1087 364 1189 421 ista
1215 374 1417 430 autem,
1448 364 1597 420 omni
1643 364 1802 420 dubi-

236 461 427 516 tatione
454 468 513 512 et
542 458 742 514 mentis
769 458 1011 513 caecitate
1036 457 1456 529 circumseptus.
1483 457 1528 514 si
1561 456 1644 513 vel
1696 458 1803 514 ulla

237 557 283 610 in
308 553 607 622 Scripturis
635 552 807 608 sacris
834 552 1035 606 veritas
1070 551 1143 608 sit
1190 567 1254 609 ac
1281 551 1581 623 profectus,
1626 550 1710 606 vel
1755 550 1802 607 si

236 645 365 699 Deus
386 644 731 711 omnipotens
754 650 986 704 constet,
1013 655 1237 709 prorsus
1261 641 1522 697 dubitavi.
1554 641 1609 696 in
1658 641 1802 706 aliis,

237 737 464 802 inquam,
498 732 804 787 tolerabilis
851 731 1198 801 aliquomoilo
1246 741 1301 787 et
1354 741 1652 802 temperata
1705 731 1805 789 fuit

235 825 649 895 impngnationis
674 839 872 890 causa;
905 824 961 880 in
994 825 1096 878 ista
1127 831 1307 878 autem
1339 822 1465 880 talis
1490 823 1807 893 erumpebat

234 915 496 979 violentia,
529 923 591 969 ut
621 930 728 969 non
753 915 928 970 solum
954 914 1291 985 spirituales,
1334 914 1432 970 sed
1470 914 1634 971 etiam
1685 929 1806 971 cor~

233 1006 435 1076 porales
463 1006 573 1061 mei
603 1022 800 1063 sensus
831 1006 1014 1078 vigore
1043 1007 1204 1061 solito
1233 1005 1679 1062 destituerentur.
1706 1005 1806 1063 Vi-

234 1097 448 1163 debatur
471 1097 622 1152 enim
655 1097 785 1152 mihi
813 1096 1083 1151 interdum
1116 1106 1192 1165 ut,
1226 1098 1381 1168 quasi
1411 1096 1663 1153 obvelato
1684 1097 1804 1154 visu

232 1199 279 1243 et
301 1190 503 1256 auditu,
548 1189 626 1245 nil
649 1189 806 1260 juxta
857 1189 1001 1244 vires
1032 1190 1220 1246 solitas
1268 1190 1454 1246 videre
1496 1199 1593 1244 aut.
1616 1189 1807 1244 audire

233 1293 450 1347 poscat.
493 1280 823 1350 interimque
862 1278 1016 1350 quasi
1062 1279 1339 1350 cujusdam
1386 1294 1597 1335 meeum
1642 1279 1808 1335 collo-

233 1373 451 1441 quentis,
478 1384 536 1427 et
586 1388 685 1428 ore
712 1374 875 1427 etiam
904 1373 1152 1444 apposito
1196 1371 1361 1428 verba
1406 1371 1544 1427 meis
1584 1371 1808 1428 auribus

234 1465 551 1519 susurramio
582 1466 926 1521 immittentis
951 1466 1219 1530 audirem,
1250 1465 1591 1535 dicentisque
1614 1482 1629 1519 :
1650 1481 1669 1517 ι
1698 1462 1809 1520 Cur

235 1556 398 1612 Lbere
428 1567 646 1614 cassato
683 1568 793 1613 tam
841 1559 931 1613 diu
980 1557 1267 1629 fatigaris?
1295 1556 1397 1614 Ubi
1444 1566 1528 1613 est
1554 1557 1643 1612 illa
1683 1571 1807 1627 spes

1907 363 1961 418 in
1992 365 2153 418 rebus
2197 364 2413 417 cunctis
2455 370 2777 431 appareret;
2808 361 2901 415 sed
2951 373 3123 431 neque
3153 359 3245 412 tibi
3297 357 3487 411 discri-

1908 457 2051 511 mina
2081 463 2233 509 tanta
2282 453 2686 524 contingerent,
2736 452 2966 522 talisque
3003 449 3270 507 dubitatio
3324 463 3488 520 quant

1908 552 2069 607 modo
2095 548 2301 621 pateris
2330 547 2553 603 minime
2580 546 2908 602 immineret.
2939 565 2956 597 ι

1977 660 2112 717 Cum
2143 660 2308 732 igitur
2335 656 2640 728 hujusmodi
2670 656 3036 712 delusionihus
3071 653 3343 711 diuturnis
3370 650 3490 723 plus

1906 767 2068 823 qnant
2098 748 2360 806 credibile
2388 748 2459 804 sit
2482 748 2850 818 impugnarer,
2874 754 2929 802 et
2951 754 3170 816 propter
3192 743 3492 799 inauditam

1908 846 2077 915 ipsius
2108 842 2530 915 impugnationis
2553 840 2873 912 qualitatem
2910 839 3003 895 ulli
3034 838 3262 895 fratrum
3303 844 3494 908 aperte

1907 938 2145 994 indicare
2178 950 2398 992 vererer
2437 934 2668 1006 (nullum
2718 934 2864 987 enim
2913 930 3039 987 talia
3069 945 3225 1001 posse
3266 928 3494 986 credere

1902 1030 1989 1085 vel
2017 1029 2206 1084 audire
2242 1026 2591 1093 arbitrabar),
2632 1033 2778 1092 tunc,
2808 1024 2923 1080 solo
2950 1032 3274 1096 prostratus,
3304 1032 3357 1077 et
3383 1036 3495 1092 prae

1906 1120 2268 1176 amaritudine
2319 1118 2551 1188 suspiria
2593 1116 2747 1188 longa
2780 1118 3019 1180 trahens,
3057 1123 3110 1170 ct
3154 1114 3298 1169 vires
3326 1111 3494 1169 animi

1906 1214 2188 1287 colligens,
2210 1214 2366 1270 emisi
2392 1212 2555 1269 talem
2586 1212 2746 1267 labiis
2767 1223 2818 1266 ct
2844 1218 3061 1281 pectore
3084 1223 3268 1264 vocem
3293 1224 3308 1263 :
3346 1226 3365 1259 ι
3383 1203 3429 1263 0
3446 1202 3496 1261 si

1906 1308 2029 1377 quis
2054 1323 2114 1363 es
2139 1306 2513 1377 Omnipotens,
2555 1315 2608 1361 et
2635 1305 2679 1360 si
2721 1305 2797 1360 sis
2831 1303 3068 1373 utnliqne
3096 1300 3323 1365 Parens,
3356 1300 3501 1356 sicut

1906 1409 1961 1454 et
1979 1400 2032 1453 in
2057 1397 2321 1470 librislegi
2336 1396 2631 1469 saepissime
2647 1397 2858 1452 multis!
2883 1393 3016 1464 jarn,
3038 1408 3247 1465 precor,
3272 1390 3501 1448 ostende

1907 1491 2030 1561 quis
2056 1492 2133 1548 sis
2167 1499 2220 1546 et
2251 1490 2380 1561 quid
2418 1505 2635 1561 quoque
2660 1489 2866 1561 possis,
2897 1487 3134 1557 eripiens
3164 1484 3326 1542 citius
3356 1497 3440 1539 me
3464 1499 3497 1539 a

1909 1583 2165 1654 periculis
2196 1581 2629 1646 imminentibus;
2667 1596 2791 1635 nam
2827 1578 3053 1635 sufferre
3079 1577 3251 1649 magis
3288 1590 3500 1646 nequeo

234 1649 451 1717 pretiosa
504 1665 669 1719 quam
700 1667 875 1723 usque
903 1652 1064 1707 modo
1094 1652 1372 1708 retinebas
1401 1651 1453 1707 in
1484 1650 1805 1723 Scriptura?

1911 1675 2221 1732 discrimina
2256 1683 2426 1731 tanta.
2465 1695 2484 1728 ι
2505 1673 2660 1729 Nulla
2700 1672 2895 1730 dehinc
2918 1688 3103 1738 mora;
3131 1679 3186 1726 et
3206 1669 3384 1725 ablata
3412 1677 3499 1724 est

235 1740 428 1815 Nerine,
454 1744 703 1799 omnium
735 1745 1043 1800 mortalium
1070 1745 1411 1810 stultissime,
1442 1745 1660 1801 casibus
1679 1760 1805 1815 pro—

234 1835 350 1902 prlis
396 1836 601 1906 puteris
630 1837 866 1907 probare
914 1839 1040 1908 quia
1071 1846 1127 1893 et
1158 1836 1568 1908 Scripturarnm
1615 1837 1802 1893 testifi-

234 1926 361 1980 catio
397 1934 452 1982 et
485 1929 655 1983 totius
682 1937 947 1983 creatum:
994 1930 1311 2000 imaginatio
1341 1930 1547 2000 absque
1596 1930 1805 1985 ratione

234 2027 430 2072 constat
457 2028 513 2074 et
542 2019 662 2074 sine
706 2020 961 2076 rectore?
990 2019 1240 2091 Nunquid
1288 2021 1660 2091 experimento
1697 2036 1804 2076 non

233 2111 497 2179 cognoscis
550 2113 809 2181 quoniam
850 2112 995 2168 aliud
1041 2113 1303 2168 librorum
1353 2112 1547 2169 relatio
1594 2113 1805 2170 divino-

233 2214 367 2265 rmn,
394 2210 447 2256 et
472 2202 619 2258 aliud
652 2204 758 2259 vita
789 2219 1079 2276 moresque
1108 2204 1413 2275 probantur
1459 2219 1581 2261 esse
1632 2204 1808 2260 homi-

233 2295 394 2351 numi
419 2293 654 2351 Putasne
693 2306 772 2353 tot
816 2297 982 2351 millia
1029 2297 1306 2352 hominum
1338 2312 1547 2361 errare,
1593 2297 1709 2367 qui,
1747 2307 1807 2354 ut

234 2386 345 2457 ipse
369 2404 579 2461 quoque
610 2391 876 2446 hactenus
903 2391 1190 2456 cernebas,
1217 2407 1320 2447 nec
1363 2393 1680 2460 observare,
1710 2392 1805 2447 sed

238 2495 331 2534 nec
357 2482 625 2551 suscipere
654 2493 851 2538 curant
878 2484 1200 2540 documenta
1229 2485 1531 2542 librorum?
1561 2507 1582 2539 ι

302 2572 529 2647 Coinque
560 2591 724 2645 super
751 2578 835 2632 his
864 2591 1089 2636 incestus
1113 2579 1167 2634 in
1189 2581 1355 2635 corde
1380 2594 1503 2635 meo
1534 2593 1806 2635 memora-

241 2680 339 2719 rem
357 2668 546 2735 smpius
571 2668 727 2738 quasi
758 2670 1147 2742 interrogando
1167 2680 1225 2727 et.
1241 2671 1550 2741 obiiciendo
1574 2690 1589 2727 :
1611 2691 1629 2725 ι
1649 2672 1706 2728 Si
1731 2672 1805 2726 ita

240 2767 327 2821 est,
356 2759 620 2829 inquiens,
656 2777 758 2817 cur
788 2772 934 2817 tanta
964 2764 1341 2820 convenientia
1368 2766 1528 2820 estin
1553 2763 1807 2819 omnibus

242 2846 338 2902 fere
364 2848 662 2919 Seripturis
690 2853 954 2908 divinitus
988 2854 1262 2925 inSpiratis
1291 2864 1349 2910 ut
1374 2855 1586 2911 ratione
1606 2855 1721 2926 pari
1751 2862 1807 2910 et

245 2940 297 2992 de
319 2942 590 2997 conditore
621 2943 732 2999 Deo
772 2953 827 2999 et
870 2945 937 3000 de
973 2946 1352 3002 mandatorum
1401 2946 1573 3016 ipsius
1620 2945 1806 3002 obser-

245 3032 398 3087 vantia
418 3035 706 3089 enarrem?
734 3054 754 3086 ι
777 3036 960 3092 Visum
983 3045 1065 3092 est
1088 3035 1393 3107 hujnsmodi
1417 3038 1577 3093 verba
1606 3038 1802 3093 iterum

245 3125 373 3192 quasi
404 3126 776 3196 respondendo
806 3128 939 3184 mihi
972 3130 1268 3200 inspirari:
1304 3148 1324 3182 ‹
1357 3129 1481 3186 Ideo
1526 3130 1734 3200 utique,
1772 3146 1806 3186 ο

247 3213 507 3280 iztsensate,
543 3216 854 3290 Scriptura,
884 3222 1069 3292 inqua
1118 3223 1369 3288 confidis,
1420 3223 1490 3278 de
1538 3222 1633 3278 Dei
1685 3238 1807 3292 pcr-

247 3320 377 3372 s'ma,
403 3319 454 3365 et
480 3309 549 3365 de
574 3310 835 3381 religione
864 3313 1144 3384 multiplici
1176 3313 1338 3369 verba
1382 3315 1627 3386 profert;
1672 3330 1807 3384 quo-

248 3397 379 3452 niam
410 3400 656 3457 homines
705 3401 783 3456 illi
830 3404 921 3474 qui
964 3402 1263 3474 Scriptura:
1288 3404 1809 3475 cjnsdemauctores

247 3491 351 3545 uim
378 3494 723 3558 exstiterunt,
746 3494 938 3550 eodem
970 3497 1130 3552 modo
1154 3512 1262 3567 quo
1284 3498 1448 3555 etiam
1479 3498 1531 3552 in
1565 3506 1808 3568 tempore

247 3582 467 3649 presenti
496 3584 750 3639 homines
780 3587 987 3650 vivunt,
1019 3587 1119 3658 ipsi
1154 3595 1283 3643 tunc
1316 3589 1588 3644 vixerunt.
1619 3578 1807 3645 Modus

248 3684 398 3730 autem
427 3677 639 3732 vivendi
674 3678 728 3732 in
755 3689 998 3750 tempore
1026 3682 1300 3751 praisenti,
1331 3683 1473 3739 sicut
1502 3691 1556 3736 tu
1591 3697 1807 3753 quoque

247 3765 354 3832 scis,
404 3778 615 3824 constat
670 3769 796 3826 talis
825 3780 885 3825 ut
919 3771 1148 3829 honeste
1198 3774 1419 3844 quidem
1450 3782 1506 3829 et
1559 3775 1807 3845 religiose

247 3860 359 3914 satis
381 3861 622 3917 homines
650 3862 965 3933 loquantur,
995 3865 1156 3920 aliter
1188 3881 1319 3923 vero
1340 3866 1497 3938 longe
1519 3867 1624 3923 sint
1655 3878 1809 3922 actus

246 3963 426 4020 eorum,
464 3955 608 4012 sicut
633 3957 846 4014 scilicet
895 3961 1134 4031 expedit,
1181 3971 1237 4017 et
1264 3962 1528 4034 fragilitas
1571 3963 1805 4018 humana

246 4051 501 4116 permittit.
533 4053 652 4110 Non
686 4055 803 4112 haec
831 4055 904 4111 ita
928 4071 1051 4112 esse
1074 4058 1315 4127 quotidie
1346 4071 1499 4128 potes
1541 4058 1807 4129 probare?

249 4135 378 4196 Unde
412 4153 561 4213 patet
602 4153 659 4200 et
706 4156 964 4203 auctores
1012 4147 1406 4217 scripturarum
1457 4152 1805 4218 antiquarum

247 4234 468 4308 religiosa
495 4240 1080 4313 quidcmhonestaque
1104 4242 1246 4297 dicta
1277 4244 1667 4313 composuisse,
1711 4244 1807 4299 sed

248 4343 335 4382 non
365 4332 658 4388 secundent
701 4337 1021 4390 eorumdem
1070 4334 1341 4390 dictorum
1380 4336 1694 4406 qualitatem
1727 4350 1805 4389 vt-

248 4421 385 4477 tisse.
412 4423 577 4496 igitur
622 4427 924 4483 secundum
964 4425 1125 4481 talem
1183 4427 1399 4483 modum
1437 4441 1626 4482 omnes
1673 4427 1807 4497 legis

248 4511 411 4570 divina:
435 4515 601 4573 libros
639 4518 884 4590 intelligo
913 4518 1272 4589 conscriptos,
1309 4525 1367 4573 ut
1398 4518 1647 4573 videlicet
1676 4518 1806 4573 reli-

248 4605 479 4673 giositatis
503 4621 559 4665 ct
588 4610 810 4667 virtutis
840 4610 1188 4680 superficiem
1221 4608 1510 4680 quandam
1564 4611 1807 4664 exterius

248 4695 462 4763 habeant.
496 4702 728 4759 interius
754 4718 888 4758 vero
912 4701 1180 4757 rationem
1213 4702 1374 4756 aliam
1394 4712 1449 4756 et
1474 4701 1802 4756 intellectum

249 4794 525 4863 exquirant;
557 4797 700 4854 sicut
737 4798 792 4852 in
828 4794 1087 4867 plurimis
1132 4796 1476 4865 maximeque
1508 4795 1561 4849 in
1607 4796 1807 4851 divinis

250 4884 486 4944 codicibus
515 4889 671 4946 facile
702 4888 1063 4962 reperiuntur
1087 4888 1389 4952 sententia},
1423 4886 1581 4942 aliam
1615 4889 1668 4943 in
1715 4886 1806 4941 lit-

252 4980 361 5042 leta,
386 4981 535 5037 aliam
563 4984 614 5039 in
638 4980 1009 5057 intelligentia
1044 4981 1306 5037 rationem
1335 4981 1653 5039 retinentes.
1678 4980 1803 5035 llaec

251 5078 582 5132 aulEmomnia
615 5079 687 5135 ita
712 5097 862 5142 esse,
901 5087 1019 5128 uno
1045 5071 1195 5130 Pauli
1226 5074 1454 5147 apostoli
1490 5075 1801 5130 testimonio

252 5165 446 5228 διηγοὺο
473 5186 485 5223 ς
512 5168 700 5227 Lmen,
722 5176 903 5232 enim,
943 5164 1141 5233 inquit,
1186 5169 1410 5233 occia’it;
1456 5168 1673 5236 spiritus
1702 5182 1801 5220 au-

253 5258 350 5314 tem,
376 5257 421 5311 id
448 5270 546 5324 est,
576 5278 778 5332 sensus,
810 5255 1062 5326 viri/ictu
1090 5258 1173 5330 (ll
1206 5261 1330 5317 Cor.
1366 5274 1450 5323 ιιι,
1480 5259 1562 5328 6.)
1612 5259 1803 5313 Nonne.

1909 1781 2006 1837 per
2052 1766 2145 1822 Dei
2195 1766 2428 1838 gratiam
2458 1780 2565 1820 non
2597 1764 2769 1819 solum
2817 1764 2996 1818 omnis
3025 1761 3114 1817 illa
3144 1756 3500 1816 dubitationis

1906 1855 2233 1926 supradictae
2277 1854 2490 1920 nebula,
2527 1853 2624 1909 sed
2656 1852 2821 1908 etiam
2859 1851 3101 1907 scientia
3143 1849 3237 1904 lux
3268 1856 3415 1901 tanta
3446 1844 3501 1900 in

1907 1952 2070 2006 corde
2097 1964 2219 2004 meo
2240 1948 2487 2012 emicuit.
2519 1956 2655 2004 utet
2688 1962 2965 2018 nunquam
2999 1943 3342 2016 postmodum
3368 1941 3504 1997 tales

1905 2039 2259 2095 dubitationis
2279 2037 2571 2094 mortifera:
2592 2037 2843 2093 tenebras
2859 2035 3209 2099 sustinerent,
3225 2044 3280 2089 et
3298 2048 3360 2087 ea
3382 2046 3504 2103 quae

1909 2132 2086 2188 minus
2133 2142 2294 2187 antea
2345 2131 2571 2202 cognovi
2623 2131 2924 2201 intelligere
2976 2130 3287 2199 coepissem.
3336 2124 3505 2195 Cujus

1906 2224 2070 2282 etiam
2097 2223 2469 2295 intelligentiae
2493 2224 2666 2295 gratia
2689 2222 2743 2278 in
2768 2230 2976 2276 tantum
3005 2236 3104 2291 per
3123 2220 3261 2275 idem
3290 2228 3503 2289 tempus

1908 2316 2041 2371 tnihi
2065 2316 2386 2388 augebatur,
2416 2324 2475 2369 ut
2501 2330 2606 2369 non
2630 2328 2748 2369 eam
2777 2313 2934 2368 facile
2958 2327 3171 2384 possem
3197 2311 3497 2365 occultare.

1907 2408 2169 2464 instinctu
2195 2408 2340 2463 enim
2368 2407 2600 2478 quodam
2650 2404 2906 2461 ineffabili
2936 2415 2990 2461 et
3022 2405 3235 2460 fervore
3284 2402 3503 2460 insolito

1905 2517 2224 2568 succensus,
2253 2501 2491 2571 aliquam
2520 2500 2695 2556 laudis
2728 2499 2927 2555 divitue
2951 2512 3171 2569 operam
3198 2512 3296 2567 pro
3325 2495 3501 2567 gratia

1905 2593 2100 2648 collata
2128 2608 2407 2650 assumere
2436 2591 2722 2647 incitabar.
2752 2590 2995 2662 Cumque
3023 2588 3267 2645 eamdem
3305 2586 3505 2643 intelli-

1904 2686 2102 2756 gentia:
2145 2687 2374 2759 gratiam
2420 2701 2519 2741 nec
2549 2701 2772 2755 prorsus
2799 2693 2979 2740 tacere
3018 2699 3119 2740 nec
3155 2681 3501 2739 convcnicnti

1910 2777 2121 2833 ratione
2164 2793 2378 2847 possem
2421 2778 2727 2849 perbibere,
2754 2786 2992 2832 tractare
3031 2775 3194 2845 empi,
3234 2773 3360 2846 quia
3392 2774 3505 2831 for-

1907 2872 2049 2924 sitan
2098 2869 2351 2925 dictando
2398 2848 2454 2924 et
2505 2868 2793 2925 scribendo
2837 2867 3023 2924 fervor
3069 2867 3262 2923 insitus
3312 2848 3502 2921 liceret

1831 3012 1878 3074 Ο
1908 2960 2159 3032 proferri.

2487 3092 2715 3152 CAPUT
2753 3091 2916 3150 XXII.

1911 3224 2061 3279 Unde
2082 3226 2416 3295 ucqttomodo
2440 3226 2685 3280 inritatus
2705 3226 2775 3279 ad
2796 3224 3126 3280 scribendum
3142 3222 3298 3291 fuerit
3319 3204 3502 3295 Qlttfo,

1976 3292 2207 3366 quasque
2230 3297 2610 3350 consolationes
2634 3298 2685 3350 in
2718 3298 2893 3349 (ntimo
2920 3295 3202 3364 perceperit
3225 3303 3273 3346 et
3295 3292 3501 3347 divinas

1978 3369 2348 3437 inspiratione:
2375 3377 2600 3435 [et'rcute
2627 3367 2929 3421 tetttutt'oue.

1979 3501 2093 3557 Hoc
2124 3502 2302 3572 itaque
2342 3500 2501 3555 modo
2542 3499 2886 3555 occasionem
2934 3495 3206 3553 scribendi
3254 3510 3498 3560 sumens,

1907 3607 1962 3652 et
1986 3612 2048 3651 ea
2069 3611 2189 3666 qua:
2210 3595 2461 3666 superius
2485 3594 2553 3649 de
2577 3593 2822 3648 illusionc
2841 3591 3105 3647 diabolica
3128 3588 3497 3654 proferebant,

1907 3699 1960 3742 et
1996 3702 2117 3757 qum
2156 3687 2334 3742 adhuc
2359 3686 2604 3756 proferre
2637 3684 2778 3750 volo,
2808 3685 2875 3740 de
2905 3682 3280 3754 inspirationis
3306 3682 3503 3737 divina:

1908 3777 2177 3848 colloquio
2200 3776 2419 3847 scripsi,
2445 3777 2521 3832 ita
2564 3776 2829 3847 incipiens
2868 3793 2883 3830 :
2920 3774 3188 3844 Quoniam
3216 3774 3379 3845 igitur
3402 3773 3497 3827 dc-

1910 3872 2148 3927 lnsioues
2181 3871 2476 3927 diabolicas
2503 3878 2849 3942 peccatorum
2876 3883 3119 3923 meorum
3147 3880 3310 3922 causa
3339 3858 3507 3919 exor-

1910 3978 1994 4024 tas
2022 3979 2188 4038 atque
2216 3977 2403 4023 contra
2429 3981 2515 4021 me
2539 3965 2829 4019 suseitatas
2851 3962 3244 4033 aliquantulum
3278 3957 3503 4031 protuli,

1907 4072 2247 4131 consequens
2278 4056 2523 4128 profecto
2552 4067 2606 4110 ct
2639 4054 2959 4109 rationabile
2988 4053 3201 4108 videtur
3237 4062 3295 4105 ut
3333 4052 3505 4111 etiam

1907 4156 2101 4212 divina:
2124 4153 2495 4225 inspirationis
2521 4149 2729 4214 modos,
2762 4148 2959 4219 quibus
2990 4162 3143 4202 mens
3170 4161 3285 4201 mea
3315 4146 3383 4200 ad
3416 4161 3505 4200 τοι

1906 4249 2253 4320 pugnandum
2276 4243 2661 4308 instruebatur,
2684 4239 2968 4296 scribendo
2989 4240 3249 4310 aperiam,
3269 4253 3337 4292 ne
3359 4237 3502 4293 forte

1838 4375 1882 4435 υ
1910 4341 2124 4411 aliquis,
2158 4339 2469 4394 delusiottcs
2491 4335 2709 4391 easdem
2736 4334 2829 4391 hic
2859 4331 3229 4389 tantummodo
3265 4330 3501 4402 scriptas

1909 4444 1965 4490 et
2007 4450 2113 4489 non
2154 4434 2403 4505 protirms
2449 4430 2691 4487 coalestis
2735 4429 3015 4500 adjutorii‘
3044 4430 3400 4484 instrumenta
3431 4443 3500 4483 ex

1908 4524 2144 4581 lectione
2170 4524 2285 4595 pari
2310 4536 2634 4596 agnoscens,
2658 4529 2755 4576 aut
2779 4535 2865 4576 me
2910 4518 3190 4574 victoriam
3223 4519 3499 4589 adeptum,

1908 4632 2029 4689 quae
2067 4634 2184 4672 mea
2212 4632 2486 4689 nunquam
2528 4625 2632 4680 est,
2673 4614 2923 4670 mihimet
2952 4614 3241 4683 deputassc
3266 4610 3497 4664 arbitre-

1909 4719 2031 4776 tur;
2065 4725 2159 4765 seu
2197 4709 2382 4777 etiam,
2409 4710 2535 4780 quia
2573 4707 2706 4763 mihi
2738 4706 2996 4762 defuisset
3027 4703 3288 4775 protectio
3317 4700 3499 4755 divina

1907 4805 1960 4860 in
1991 4804 2146 4869 meis,
2176 4805 2226 4857 in
2252 4805 2365 4861 suis
2390 4803 2592 4875 pariter
2622 4800 3011 4859 tentationibus
3040 4800 3178 4854 idem
3211 4796 3310 4851 sibi
3334 4788 3499 4850 even-

1908 4905 2085 4953 turum
2116 4908 2388 4953 vereatur.
2416 4897 2513 4953 Cui
2536 4895 2828 4967 suspicioni
2879 4890 3085 4947 nullum
3129 4889 3262 4944 dans
3298 4885 3499 4950 locum,

1906 4990 2083 5045 fateor
2128 5006 2213 5045 me
2262 4999 2454 5065 contra
2494 4987 2695 5045 diaboli
2727 4986 2953 5045 insidias
2997 4983 3143 5039 omni
3199 4975 3357 5033 modo
3404 4990 3502 5043 per

1910 5083 2138 5152 gratiam
2163 5063 2399 5136 divinam
2426 5080 2773 5145 instructum,
2802 5074 2919 5140 sed,
2944 5074 3146 5129 desidia
3175 5063 3502 5131 iasciviaque
3592 5074 3601 5083 ’

1911 5173 2080 5229 animi
2127 5181 2451 5240 torpentem,
2502 5169 2649 5225 nullo
2690 5181 2948 5237 umquam
2996 5160 3289 5217 certamine
3318 5154 3502 5206 debito

1911 5264 1996 5320 vel
2021 5264 2344 5335 vigiliarum,
2373 5262 2684 5332 veljejunii,
2710 5280 2804 5319 s.:u
2828 5256 3197 5324 cujuscunque
3217 5245 3503 5301 CDl‘lii‘CW‘
