3942 5340
167 134 269 199 ﬁl

1288 124 1491 198 uasa
1530 139 1621 200 ot:
1657 138 1890 201 censu
1928 138 2334 203 SPIltiTUALl.

3364 107 3473 203 ess

167 259 335 315 ullam
384 256 447 314 in
484 255 653 314 Deum
690 256 859 312 babes
899 256 1063 326 justm
1092 258 1464 328 quarrimonia:
1509 258 1774 314 causam?
1804 264 1845 320 Α
1878 248 2124 331 ingerat,
2157 258 2383 327 iniustos
2423 269 2601 316 tamen
2631 258 2810 319 verbis
2838 277 3053 319 onmem
3083 264 3333 323 humana:
3361 268 3473 322 cle-

170 349 296 407 δεῖν
332 350 535 420 utique
576 358 627 404 te
655 364 721 404 eo
768 346 1027 417 maiorem
1080 364 1179 418 pro
1235 349 1585 404 tribulatione
1633 365 1768 419 qua-

171 458 387 513 cunque
428 442 641 499 recenti
683 443 1079 512 querimoniam
1116 444 1343 510 habere,
1370 459 1478 515 quo
1506 446 1685 500 minus
1716 445 1771 499 in

171 543 420 604 tempore
455 532 794 603 praecedenti
828 533 1058 588 adversa
1093 534 1287 590 solitus
1318 550 1441 591 eras
1482 533 1587 589 ulla
1616 534 1776 589 susti-

170 639 319 683 nere.
351 625 598 695 Ideoque
648 633 839 681 contra
882 626 1095 682 Domini
1133 628 1365 698 ﬂagella,
1397 627 1641 699 peccatis
1664 628 1774 682 tuis

170 716 461 774 abolendis
491 718 660 772 nimis
682 719 1012 784 necessaria,
1050 727 1201 775 tanto
1232 721 1405 790 magis
1436 720 1598 776 modo
1628 736 1777 775 mur-

172 824 397 867 murare
425 809 594 877 soles,
627 818 833 881 quanto
861 810 1053 882 majori
1081 810 1371 867 clementia
1404 812 1778 883 patientiaque

170 900 258 957 ille
286 901 565 956 hactenus
611 901 928 971 iniquitates
964 910 1085 958 tuas
1113 903 1373 959 sustinuit
1418 920 1627 959 omnes.
1671 904 1779 959 Sed

171 992 382 1047 bacest
401 991 768 1061 iniustissima
787 993 1064 1048 hominum
1082 994 1535 1064 recompensatio,
1551 1003 1602 1047 ut
1617 1034 1632 1060 ,
1654 1009 1779 1049 cum

173 1099 204 1139 a
230 1085 472 1155 pueritia
521 1100 697 1156 usque
721 1086 788 1139 ad
818 1093 1156 1140 senectutem
1187 1086 1491 1157 omnigenis
1526 1095 1777 1156 peccato-

172 1191 291 1231 rum
320 1177 589 1233 sordibus
616 1177 844 1232 iuvolutl
869 1177 1003 1232 mira
1036 1177 1130 1233 Dei
1156 1178 1360 1249 pietate
1384 1179 1778 1243 sustineantur,

172 1278 227 1325 et
249 1279 473 1341 postea,
501 1285 573 1324 ne
612 1272 833 1325 :eternis
872 1270 1196 1339 deputentur
1232 1269 1531 1340 suppliciis,
1562 1285 1660 1340 pro
1683 1284 1780 1324 co-

176 1365 408 1419 rumden
442 1372 802 1435 peccatorum
842 1363 1119 1418 ablatione
1165 1363 1513 1434 aliquatenus
1544 1361 1780 1434 afﬂigan-

181 1467 286 1520 tur,
320 1455 512 1511 nullas
553 1456 603 1511 ei
652 1465 838 1528 grates
879 1455 1135 1511 studeant
1180 1456 1515 1527 impendere,
1558 1455 1642 1511 vel
1689 1471 1786 1527 pro

175 1550 419 1604 exhibita
473 1551 881 1621 campassioue,
926 1548 1010 1604 vel
1058 1563 1159 1619 pro
1207 1549 1612 1605 emendatione.
1664 1548 1784 1604 Noli

1874 352 2093 407 mentite
2149 366 2306 406 usum
2375 353 2765 410 excedentibus
2818 355 3169 421 consolatur,
3237 359 3467 414 dicens:

1870 441 2054 498 'Etiam
2125 446 2173 498 si
2234 445 2414 499 dixero
2458 445 2606 517 justo
2661 463 2681 501 :
2738 445 2860 501 Vita
2915 448 3074 514 vivat,
3131 459 3180 504 et
3240 450 3471 519 conﬁsus

1875 534 1930 587 in
1981 533 2195 603 justitta
2247 550 2346 588 sua
2401 534 2580 603 fecerit
2632 536 2956 607 iniquitatem
2991 580 3005 601 ,
3072 555 3247 593 omnes
3310 539 3474 610 justi-

1874 629 1966 683 tia:
2011 628 2127 699 ejus
2154 629 2401 683 oblivioni
2431 630 2725 685 tradentur.
2760 630 2822 687 Si
2848 642 3025 687 autent
3054 634 3238 689 dixero
3264 636 3424 707 impio
3452 652 3474 692 :

1878 715 2051 771 Morte
2081 718 2318 773 morieris
2341 758 2356 782 ,
2388 728 2436 773 et
2466 720 2623 789 egerit
2652 720 3005 789 paenitentiam
3037 741 3068 776 a
3115 734 3325 793 peccato
3353 743 3469 789 suo,

1878 808 2160 879 feceritque
2195 809 2460 879 judicium
2495 820 2544 865 et
2588 809 2889 881 justitiam,
2922 814 3025 867 vita
3070 814 3217 881 vivet,
3267 826 3317 870 et
3366 833 3473 871 non

1876 902 2132 956 morietur
2157 901 2347 968 (Ibid.,
2377 902 2466 968 l3,
2500 903 2613 969 16).
2643 903 2699 958 ln
2731 903 2855 958 aliis
2890 905 3054 959 etiam
3083 906 3360 978 prophetis
3387 909 3476 962 in-

1879 995 2096 1051 venitur
2132 995 2393 1066 scriptum
2424 1005 2629 1067 quanta
2660 996 2751 1051 Dci
2783 998 2955 1067 gratia
2991 1001 3063 1053 sit
3089 1015 3253 1070 super
3282 1016 3474 1058 omnes

1881 1086 1972 1157 qui
2019 1087 2272 1142 invocant
2305 1087 2476 1144 illum.
2527 1086 2641 1143 Joel
2693 1104 2928 1158 namque
2982 1093 3242 1161 propheta
3295 1095 3472 1149 dicit:

1881 1174 2255 1231 Convertimini
2292 1179 2361 1231 ad
2392 1178 2675 1233 Dominum
2707 1180 2875 1235 Deum
2906 1191 3150 1246 vestrum,
3177 1184 3301 1254 quia
3327 1185 3476 1239 beni-

1880 1284 2015 1339 gnus
2059 1278 2108 1323 et
2135 1270 2432 1324 misericors
2462 1282 2538 1325 est
2563 1312 2577 1336 ,
2624 1282 2673 1327 et
2712 1273 3027 1343 pra'stabilis
3073 1291 3230 1345 super
3273 1278 3477 1334 malitia

1885 1358 2047 1432 (Joel.
2092 1377 2130 1416 ll
2159 1402 2173 1425 ,
2221 1360 2332 1431 15).
2384 1361 2449 1416 Ει
2504 1362 2671 1418 Amos
2720 1358 2985 1434 prepheta
3036 1365 3213 1421 dicit:
3247 1365 3478 1434 Qua-rite

1883 1450 2199 1516 Dominum,
2239 1462 2287 1507 et
2361 1454 2512 1508 vivite
2580 1454 2761 1525 (Amos
2811 1471 2876 1521 ν,
2907 1454 2985 1526 5).
3041 1455 3157 1512 Νοη
3210 1460 3477 1514 minorem

1887 1560 2103 1615 quoque
2128 1545 2255 1601 fidei
2285 1556 2450 1617 atque
2502 1548 2615 1619 spei
2646 1550 2948 1607 doctrinam
2975 1552 3028 1607 in
3056 1550 3190 1608 Jona
3215 1555 3476 1625 propheta

176 1658 301 1712 ergo
344 1642 543 1697 mirari
571 1642 701 1712 quia
750 1642 881 1698 mihi
928 1641 1105 1713 placet
1146 1656 1339 1698 omnes
1388 1643 1632 1698 homines
1657 1657 1783 1713 pro-
1816 1629 1856 1688 Β
1888 1636 2156 1702 invenies,
2191 1636 2244 1692 in
2276 1654 2385 1709 quo
2429 1649 2892 1697 commemoratur
2920 1642 3347 1714 benignitas'Dei
3380 1645 3480 1699 im-

174 1731 286 1785 bari
322 1750 336 1784 :
368 1749 506 1787 nam
551 1749 652 1788 nec
697 1733 801 1789 sibi
827 1771 844 1799 ,
872 1748 974 1789 nec
1000 1733 1123 1788 aliis
1147 1734 1281 1788 satis
1309 1733 1507 1805 cogniti
1555 1732 1735 1791 forent
1762 1773 1778 1799 ,

176 1825 273 1878 nisi
310 1840 413 1879 eos
445 1832 786 1880 tentamenta
816 1824 995 1895 aliqua
1033 1833 1214 1881 certos
1244 1840 1307 1881 ac
1343 1826 1603 1895 probatos
1637 1826 1783 1881 face-

174 1923 311 1968 rent.
346 1914 494 1982 Quis
531 1916 678 1970 enim
711 1914 888 1981 miles,
918 1915 1126 1970 nullum
1157 1915 1328 1987 prmlii
1359 1915 1657 1986 periculum
1685 1930 1780 1971 ex-

175 2014 383 2074 pertus,
418 2004 708 2076 przeliandi
736 2007 918 2063 socius
948 2006 1056 2062 erit
1076 2009 1294 2075 certus?
1322 2007 1554 2079 Ideoque
1596 2007 1779 2075 multi,

177 2094 229 2148 in
265 2095 381 2151 otio
437 2104 494 2150 et
540 2096 596 2151 in
649 2110 786 2167 pace
837 2096 1015 2152 inutili
1052 2098 1277 2164 nutriti,
1326 2099 1573 2169 quamvis
1605 2096 1777 2155 fortes

176 2202 232 2242 se
273 2202 400 2244 esse
433 2188 663 2244 credant
688 2230 705 2255 ,
735 2203 857 2244 cum
886 2190 1136 2247 venerint
1166 2191 1233 2247 ad
1276 2190 1498 2258 bellum,
1521 2192 1782 2269 continuo

179 2278 311 2349 fuga:
347 2288 615 2351 quaerunt
663 2281 997 2352 prazsidium.
1051 2283 1144 2340 Sic
1180 2283 1345 2339 etiam
1388 2293 1443 2339 tu
1486 2284 1784 2340 arbitratus

178 2387 234 2426 es
262 2381 444 2429 temet
470 2382 601 2429 ante
631 2374 951 2430 tentationis
979 2384 1192 2445 tempus
1212 2374 1451 2433 validum
1479 2377 1545 2430 ad
1572 2376 1777 2442 omnia,

178 2474 233 2521 et
274 2481 415 2522 ecce
460 2481 625 2538 quam
677 2466 927 2523 inllrmus
975 2468 1052 2523 sis
1095 2481 1163 2523 ex
1210 2469 1511 2525 tentatione
1556 2477 1782 2540 apparet

182 2555 343 2610 illata.
380 2556 643 2628 Nunquid
688 2558 865 2615 adhuc
908 2559 1090 2615 nescis
1134 2569 1395 2631 quantum
1428 2561 1502 2616 sit
1550 2575 1784 2617 noscens

180 2665 301 2714 quia
331 2650 466 2706 sis?
505 2650 668 2708 Certe
698 2652 744 2708 si
777 2654 1007 2709 necdum
1040 2655 1268 2710 lentatio
1300 2653 1476 2726 aliqua
1510 2664 1562 2711 te
1598 2654 1786 2711 fortio-

183 2754 317 2805 rem,
361 2741 448 2796 tui
492 2750 675 2798 tamen
705 2751 757 2798 te
803 2742 932 2799 fecit
970 2745 1289 2811 certiorem;
1340 2746 1466 2815 quia
1511 2747 1661 2817 prius
1710 2755 1782 2812 te,

182 2833 321 2902 quod
353 2850 468 2889 non
510 2848 656 2900 eras,
687 2836 965 2891 credidisti
996 2836 1260 2903 validum;
1294 2853 1459 2903 nunc,
1494 2838 1782 2893 veritatem

185 2925 422 2995 propria:
450 2923 766 3004 fragilitatis
789 2936 1070 2997 expertus,
1114 2927 1364 2998 agnoscis
1395 2936 1448 2983 te
1489 2927 1782 2983 intirmnm.

182 3016 310 3073 llaec
338 3026 432 3073 est
472 3033 710 3088 namque
755 3018 901 3073 illius
933 3018 1138 3089 agnitio
1185 3019 1538 3082 infirmitatis,
1584 3020 1650 3075 de
1679 3038 1782 3091 qua
1813 3010 1860 3071 C

187 3112 486 3182 Apostolus
535 3113 667 3168 dicit
721 3130 735 3167 :
797 3110 974 3167 Virtus
1030 3114 1084 3167 in
1150 3113 1458 3181 inﬁmitate
1515 3114 1788 3183 per/icitur

188 3203 268 3275 (ll
298 3206 619 3277 Cor.xn,9).
643 3206 812 3277 Igitur
837 3207 946 3262 Deo
970 3206 1175 3278 gratias
1199 3222 1334 3277 age;
1361 3208 1510 3278 quia,
1541 3210 1790 3278 quamvis

190 3300 439 3367 invitum,
478 3310 528 3356 te
559 3300 689 3357 fecit
721 3302 835 3373 jam
869 3302 962 3358 tibi
995 3312 1204 3369 notum,
1238 3312 1293 3359 et
1321 3304 1553 3374 propri-.1:
1582 3302 1791 3376 fragili-

190 3391 313 3447 tatis
326 3393 648 3447 conscium.

258 3505 278 3535 ι
300 3486 715 3557 (ἰοηείιίθι-ιιίιοε
744 3487 927 3555 simul,
952 3489 1075 3560 quia
1104 3497 1254 3544 tanto
1283 3488 1472 3559 majori
1502 3491 1790 3546 devotione

189 3590 250 3631 ac
297 3576 405 3632 fide
450 3577 705 3648 regimini
737 3579 922 3634 divino
964 3580 1133 3636 debes
1162 3583 1357 3636 amodo
1386 3582 1787 3653 obtemperare,

190 3672 391 3734 quanto
424 3667 672 3738 pluribus
720 3671 1121 3747 experimentis.
1151 3670 1264 3740 jam
1311 3673 1554 3741 probasti
1609 3675 1790 3729 omnia

192 3756 243 3809 in
274 3758 386 3813 Deo
418 3767 532 3812 tnta
559 3774 710 3826 esse;
737 3759 983 3817 sullicere
1005 3778 1238 3834 namque
1266 3763 1359 3818 tibi
1381 3780 1477 3835 pro
1506 3764 1608 3823 lidc
1630 3776 1791 3837 atque

193 3864 283 3918 spe
341 3851 631 3905 retinenda
684 3851 954 3919 deberet,
1008 3853 1154 3923 quod
1211 3869 1354 3924 smpe
1401 3856 1453 3909 in
1504 3855 1790 3911 Psalmista

194 3942 322 4013 legis
355 3953 413 3999 et
444 3946 652 4000 audis:
697 3944 974 4011 Quomodo
1023 3949 1300 4002 miseretur
1348 3958 1496 4019 pater
1536 3950 1789 4019 ﬁliorum,

194 4035 437 4089 misertus
484 4044 557 4090 est
610 4035 862 4091 Dominus
893 4040 1195 4093 timentibus
1239 4056 1294 4094 se
1322 4025 1629 4111 {quoniam
1684 4042 1794 4111 ipse

195 4128 431 4196 cognorit
456 4128 764 4197 ﬁgmentum
795 4141 1029 4185 nostrum
1059 4129 1230 4203 (Psal.
1280 4147 1378 4196 cu,
1424 4131 1511 4201 15)
1540 4150 1554 4199 ;
1590 4145 1646 4188 et
1692 4135 1791 4189 ite-

197 4232 355 4273 rum:
386 4216 595 4273 Fidelis
633 4220 892 4275 Dominus
931 4222 999 4276 ine
1036 4222 1276 4277 ontnibus
1323 4217 1490 4277 verbis
1542 4224 1652 4277 suis
1680 4264 1695 4288 ,
1744 4233 1792 4278 et

197 4319 407 4362 sanctus
432 4308 489 4363 in
514 4309 756 4364 omnibus
783 4312 1028 4381 operibus
1065 4313 1178 4366 suis
1221 4310 1395 4381 (Psal.
1428 4328 1607 4378 cxuv,
1653 4313 1744 4382 15)
1772 4329 1786 4377 ;

201 4398 442 4471 itemque
495 4419 509 4457 :

202 4493 370 4565 (Psal.
403 4511 565 4552 cxuv
590 4538 604 4561 ,
647 4497 763 4569 20).
797 4496 1071 4569 Multaque
1113 4500 1196 4554 his
1251 4498 1447 4554 similia
1498 4510 1552 4553 ct
1588 4500 1639 4552 in
1670 4499 1792 4555 aliis

201 4587 475 4644 codicibus
501 4589 857 4645 inveniuntur
885 4591 1105 4660 scripra,
1135 4603 1191 4645 ut
1219 4592 1268 4646 iu
1317 4591 1451 4645 Isaia
1502 4592 1790 4663 propheta,

204 4679 292 4748 qui
318 4695 382 4734 ex
412 4674 623 4735 Domini
650 4696 887 4752 persona
931 4680 1061 4736 dicit
1096 4702 1108 4737 :
1138 4683 1514 4738 Convertimini
1560 4686 1628 4737 ad
1682 4699 1794 4748 nte,

206 4779 252 4825 et
278 4774 405 4826 salvi
436 4773 583 4827 eritis
628 4790 811 4828 omnes
852 4773 983 4841 ﬁnes
1024 4785 1177 4831 terra?
1224 4775 1360 4848 (lsa.
1392 4791 1492 4831 ην
1519 4817 1534 4843 ,
1577 4777 1702 4849 22);
1751 4785 1808 4831 et

208 4863 395 4918 iterum
428 4865 568 4920 idem
592 4869 862 4939 propheta
891 4866 1021 4921 dicit
1049 4888 1061 4922 :
1094 4868 1429 4942 Derelinquat
1456 4871 1644 4943 impius
1666 4873 1806 4928 viam

209 4971 378 5020 suam,
399 4968 445 5011 et
476 4961 552 5013 vir
572 4961 786 5031 iniquus
820 4960 1160 5027 cogitationes
1190 4981 1336 5029 suas,
1361 4970 1409 5015 et
1428 4976 1714 5020 revertatur
1739 4962 1810 5017 ml

210 5043 510 5115 Dominum,
533 5061 580 5104 et
609 5051 950 5106 miserebitur
969 5053 1102 5119 ejus,
1131 5065 1177 5109 et
1208 5057 1277 5110 ad
1327 5055 1493 5111 Deum
1547 5070 1807 5120 nostrum,

190 5138 444 5205 quoniam
475 5139 670 5195 multus
700 5152 779 5196 est
835 5139 908 5193 ad
946 5140 1315 5210 ignoscendum
1345 5144 1482 5215 (lsa.
1520 5165 1605 5214 LV,
1638 5150 1717 5219 7).
1751 5145 1808 5200 In

214 5225 486 5283 Ezechiele
516 5248 733 5304 quoque
766 5230 1031 5301 propheta
1077 5236 1323 5292 invenies
1373 5236 1570 5295 similia
1603 5240 1807 5305 verba;

217 5319 395 5340 -‘_!I2n
452 5338 459 5340 _
510 5325 521 5336 ι
663 5325 730 5340 Iro
1032 5316 1062 5340 ἀ·
1102 5329 1112 5340 s
1173 5329 1207 5340 ἰ
1308 5328 1318 5340 ο
1484 5330 1518 5340 -ι
1768 5328 1779 5340 ι

1885 1745 2073 1785 mensa
2121 1730 2265 1785 circa
2297 1730 2564 1789 Ninivitas
2615 1734 3013 1805 delinquentes.
3070 1735 3268 1792 Eadem
3300 1737 3485 1807 itaque

1884 1823 2191 1879 rudimenta
2234 1839 2298 1880 ac
2347 1824 2563 1881 solatia
2595 1826 2649 1881 in
2691 1829 2944 1884 omnibus
2973 1844 3142 1884 sacrm
3186 1829 3483 1901 Scriptura:

1884 1912 2039 1969 libris
2081 1916 2447 1985 reperiuntur,
2497 1917 2638 1972 sicut
2675 1927 2731 1973 et
2771 1919 3060 1988 Apostolus
3112 1930 3361 1986 testatur,
3396 1922 3482 1976 di-

1884 2020 2014 2061 cens
2044 2025 2057 2061 :
2091 2005 2276 2061 Omnis
2318 2009 2580 2077 scriptura
2627 2010 2878 2064 divinitus
2920 2011 3175 2081 inspirare
3221 2011 3365 2066 utilis
3406 2021 3484 2066 est

1884 2097 1955 2151 ad
1982 2098 2292 2152 docendum.
2319 2098 2448 2153 Item
2476 2099 2696 2166 Paulus,
2731 2101 2872 2156 inter
2899 2102 3179 2157 innumera
3210 2104 3484 2174 Epistula-

1887 2205 2005 2244 rum
2033 2204 2255 2244 suarum
2287 2190 2632 2258 documenta,
2681 2191 2989 2261 specialiter
3016 2193 3160 2263 quali
3189 2193 3490 2250 clementia

1888 2283 2030 2337 Deus
2061 2283 2115 2337 in
2150 2282 2500 2338 tribulatione
2527 2283 2611 2338 vel
2648 2285 2963 2359 .tentatione
3017 2285 3221 2356 positos
3267 2295 3484 2341 tueatur

1886 2372 2114 2443 profert,
2162 2373 2348 2428 dicens
2381 2390 2395 2427 :
2425 2371 2627 2429 Fidelis
2672 2374 2834 2442 Deus,
2877 2376 2966 2447 qui
3005 2391 3106 2429 non
3138 2377 3368 2446 patietur
3396 2393 3485 2431 vos

1886 2465 2080 2519 tentari
2126 2480 2287 2535 supra
2328 2466 2386 2519 id
2414 2466 2552 2537 quod
2580 2468 2828 2537 potestis;
2852 2467 2944 2521 sed
2973 2467 3131 2538 faciet
3166 2484 3286 2522 cum
3313 2477 3485 2527 tenta-

1887 2557 2027 2610 tione
2072 2567 2376 2627 proventum
2400 2598 2416 2623 ,
2464 2569 2519 2612 ut
2542 2559 2753 2628 possitis
2782 2560 3040 2614 sustinere
3063 2601 3076 2623 ,
3111 2559 3242 2615 illud
3270 2559 3485 2615 scilicet

1887 2658 2207 2718 proventum
2257 2664 2478 2715 vocans,
2505 2650 2667 2721 quod,
2704 2651 2875 2706 variis
2923 2651 3314 2707 teutationibus
3354 2651 3483 2707 fati-

1888 2738 2019 2807 gati,
2035 2739 2128 2794 sed
2152 2739 2220 2793 ad
2246 2738 2412 2795 Deum
2427 2739 2725 2796 clamantes
2744 2741 3253 2807 liberati,discimus
3278 2750 3484 2812 quanta

1890 2830 2128 2898 nequitia
2155 2830 2227 2884 sit
2270 2830 2470 2886 diaboli
2503 2847 2602 2886 nos
2634 2831 3021 2903 impugnantis,
3051 2843 3363 2903 quantaque
3393 2832 3486 2888 Dei

1891 2921 2066 2991 gratia
2100 2936 2199 2976 nos
2227 2921 2424 2977 exinde
2452 2922 2757 2978 libet-antis.
2857 2950 2863 2957 -
2954 2942 2955 2949 η
3242 2944 3249 2949 ·

1968 3032 1987 3065 ι
2018 3012 2123 3069 Sed
2166 3015 2209 3070 si
2247 3016 2314 3071 de
2342 3016 2427 3071 his
2453 3016 2706 3072 omnibus
2735 3016 3095 3084 documentis,
3127 3033 3248 3089 quae
3267 3017 3382 3088 jam
3414 3033 3484 3074 ex

1891 3105 2192 3175 Scripturis
2239 3108 2444 3163 sanctis
2486 3108 2697 3179 prolata
2736 3117 2894 3172 sunt,
2940 3109 3145 3178 aliquid
3189 3108 3483 3174 dillideres,

1890 3201 1972 3257 vel
2001 3203 2128 3275 quia
2157 3216 2222 3255 ex
2258 3201 2392 3271 legis
2423 3201 2638 3265 umbra,
2685 3215 2778 3254 seu
2812 3200 2937 3269 quia
2968 3215 3035 3253 ex
3066 3201 3217 3269 puris
3249 3200 3486 3255 homini-

1891 3297 1992 3353 bus
2029 3304 2157 3350 sunt
2185 3295 2326 3349 dicta
2347 3334 2361 3358 ,
2391 3292 2581 3349 saltem
2610 3308 2674 3346 ea
2706 3308 2825 3361 qua:
2868 3293 3007 3347 dicta
3039 3302 3167 3348 sunt
3196 3307 3226 3346 a
3262 3291 3488 3347 Domino

1889 3388 2016 3444 Jesu
2046 3386 2286 3449 Christo,
2317 3385 2409 3455 qui
2442 3384 2583 3437 Deus
2607 3390 2662 3437 et
2690 3383 2851 3437 homo
2872 3392 2975 3447 est,
3008 3382 3234 3438 firmiter
3264 3383 3488 3438 credere

1891 3478 2193 3535 debuisses.
2219 3475 2359 3530 Dicit
2379 3475 2548 3539 enim,
2574 3472 2822 3529 blattheeo
2846 3473 3173 3543 evangelista
3200 3477 3485 3529 narrante:

1893 3569 2016 3624 Non
2041 3570 2155 3624 veni
2178 3584 2360 3624 vocare
2373 3567 2572 3638 justas,
2596 3566 2687 3619 sed
2712 3577 3007 3636 peccatores
3031 3565 3246 3638 (Matth.
3274 3582 3345 3627 ιι,
3374 3567 3486 3639 13).

1891 3660 2046 3725 Item,
2076 3662 2261 3715 eodem
2294 3669 2550 3714 narrante
2578 3675 2593 3713 :
2632 3656 2834 3723 Venite,
2859 3658 3055 3727 inquit,
3084 3658 3155 3711 ad
3183 3674 3284 3723 me,
3309 3675 3484 3712 omnes

1890 3754 1978 3825 qui
2011 3753 2262 3807 laboratis
2290 3763 2337 3806 et
2362 3752 2564 3806 onerati
2585 3752 2728 3817 estis,
2756 3761 2803 3805 et
2829 3769 2922 3823 ego
2946 3751 3140 3822 faciam
3169 3753 3486 3824 requiescere

1892 3864 1979 3902 vos
2011 3844 2224 3915 (Matth.
2261 3859 2335 3909 ιι,
2365 3842 2480 3914 28).
2510 3842 2652 3897 Luca
2674 3842 2837 3897 etiam
2883 3843 3223 3913 pcrhibentc,
3254 3844 3490 3914 discipu-

1894 3939 1976 3993 los
1999 3952 2128 3992 suos
2153 3936 2496 4007 proquadam
2524 3934 2732 3989 ratione
2759 3935 2951 3988 immiti
2976 3935 3447 4003 iticrepat,dicens
3473 3952 3507 4004 :4

1896 4030 2123 4085 Nescitis
2198 4028 2347 4097 cujus
2397 4028 2613 4096 spiritus
2668 4027 2831 4090 estis;
2882 4024 3056 4080 Filius
3100 4025 3330 4081 hominis
3387 4044 3490 4081 non

1893 4126 2027 4179 venit
2057 4123 2261 4190 animas
2301 4121 2535 4190 perdere,
2579 4118 2668 4173 sed
2690 4118 2894 4173 salvare
2930 4117 3080 4191 (Luc.
3110 4135 3187 4182 Ix,
3218 4120 3328 4188 56).
3360 4119 3489 4173 ltcm

1895 4210 2272 4286 per‘eumd‘c'm
2305 4208 2695 4281 evangelistam
2722 4210 2798 4263 ait
2825 4227 2836 4263 :
2870 4207 3133 4264 Gaudium
3157 4213 3250 4266 erit
3283 4213 3335 4266 in
3366 4213 3491 4265 ta'to

1896 4321 2052 4376 super
2081 4319 2185 4357 uno
2213 4312 2485 4371 peccatore
2511 4303 2868 4371 paenitentiam
2898 4315 3100 4374 agente,
3149 4321 3305 4375 quam
3331 4321 3493 4373 supra

563 4372 827 4457 Custodit,
858 4404 1115 4459 Dominus
1166 4372 1344 4461 οιίιηεε
1403 4372 1678 4476 diligente;
1726 4372 1789 4461 ἐξ
1821 4372 1869 4432 D
1896 4372 2182 4465 nonaginta
2214 4408 2392 4446 norem
2430 4392 2594 4461 justis
2620 4436 2633 4460 ,
2665 4392 2756 4464 qui
2788 4409 2890 4448 non
2922 4395 3151 4465 indigent
3194 4394 3494 4466 pwniteniia

1899 4488 2051 4556 (Luc.
2102 4500 2208 4549 xv,
2261 4486 2373 4558 σιο).
2426 4482 2635 4541 Joanne
2699 4500 2917 4558 quoque
2984 4488 3320 4556 pcrhibentc,
3350 4486 3496 4540 dixit

1903 4585 2184 4655 discipulis
2228 4589 2342 4643 suis
2379 4602 2393 4638 :
2436 4588 2609 4644 Amen
2655 4601 2809 4641 amen
2862 4582 2978 4636 dico
3024 4584 3161 4637 vobis
3187 4623 3201 4647 ,
3242 4584 3364 4653 quia
3408 4586 3498 4654 qui

1906 4680 2117 4735 verbum
2157 4697 2327 4735 meum
2359 4681 2532 4746 ntulit,
2560 4691 2607 4735 et
2639 4679 2802 4735 credit
2834 4677 2881 4730 ei
2933 4678 3024 4746 qui
3052 4677 3193 4730 misit
3223 4691 3323 4740 me,
3348 4676 3501 4729 habet

1912 4773 2069 4827 vitam
2100 4783 2371 4837 attentam,
2418 4782 2467 4826 et
2507 4773 2562 4828 in
2586 4772 2851 4845 judicium
2879 4784 2980 4822 non
3015 4770 3174 4832 venit,
3202 4767 3290 4822 sed
3319 4770 3504 4821 transit

1913 4886 1944 4922 a
1973 4879 2134 4923 morte
2162 4868 2217 4922 in
2243 4868 2398 4922 vitam
2431 4865 2616 4935 (Joan.
2650 4883 2701 4931 ν,
2723 4864 2838 4935 2i).
2866 4861 3002 4930 Quia
3036 4877 3167 4934 ergo
3197 4860 3290 4914 tibi
3322 4856 3507 4912 datum

1916 4970 2000 5016 est
2056 4975 2218 5015 nosse
2257 4957 2484 5031 legendo
2537 4971 2596 5016 et
2639 4957 2950 5015 meditando
2997 4942 3303 5025 huiusmodi
3348 4950 3515 5003 dom-

1919 5062 2121 5119 menta,
2154 5068 2272 5117 cur,
2306 5067 2509 5122 quaeso,
2558 5067 2663 5109 non
2712 5047 2987 5108 sulliciunt
3038 5045 3133 5102 tibi
3182 5054 3277 5111 pro
3306 5039 3428 5093 lidei
3462 5051 3518 5094 ct

1886 5147 2033 5217 espei
2087 5144 2382 5201 salutifera:
2435 5145 2784 5200 constantia?
2839 5137 3094 5208 Nunquid
3146 5144 3244 5202 l"‘0
3292 5145 3523 5203 “‘"l'el’c

1882 5272 1885 5275 Α
1921 5252 2107 5308 parvo,
2137 5236 2221 5291 vel
2250 5237 2369 5292 sine
2417 5250 2584 5291 causa
2628 5237 2811 5291 datam
2844 5230 2938 5282 tibi
2990 5220 3295 5283 litterarum
3344 5221 3525 5275 scien-

2410 5327 2515 5340 nn
