3942 5340
430 109 536 167 223

1467 112 1769 174 οτιιιιοκι
1811 113 2119 175 MONACHI
2153 115 2211 173 S.
2254 119 2672 182 EMMERAMMI

3599 138 3712 199 ω

435 237 661 307 ipsoque
688 252 787 293 usu
811 238 1116 295 communis
1141 239 1266 298 vita:
1308 241 1452 300 velut
1479 246 1786 303 certissima
1818 250 1888 305 de
1916 250 2025 306 Deo
2056 242 2102 290 Α
2132 249 2187 301 νο
2211 236 2546 309 39.9%011id
2574 241 2749 297 adhuc
2792 243 3008 301 οιὼῖωε
3047 246 3114 302 tle
3154 248 3412 308 ineffabili
3460 254 3557 311 Dei
3603 259 3718 314 cle-

434 331 588 399 prius
635 331 928 395 sentiebas,
962 346 1105 387 nunc
1148 332 1199 386 in
1239 334 1568 393 oblivionem
1599 346 1656 393 et
1696 339 1748 394 in
1784 356 2027 395 errorem

437 422 602 478 ducto
654 423 749 479 tibi
798 423 1023 479 minime
1066 435 1360 496 suppetunt
1407 443 1506 498 pro
1555 431 1836 486 retinenda
1887 432 2032 487 inter

439 517 757 571 temtationis
790 516 951 570 illatae
983 517 1257 574 molestias
1284 520 1405 575 ﬁdei
1435 523 1660 592 speique
1701 526 2029 592 constantia,

439 608 572 665 libet
601 606 705 680 illa]
728 624 1032 666 memorare
1061 612 1155 666 Dei
1196 613 1465 670 beneﬁcia
1516 632 1636 685 quae
1681 627 1940 687 expertus
1970 635 2031 679 es

439 701 494 754 in
526 701 753 770 pueritia
785 717 799 755 :
830 711 909 766 ιιι,
941 702 1067 757 dum
1094 704 1217 766 hoc,
1241 706 1406 777 quod,
1438 709 1596 765 modo
1627 709 1754 765 licet
1784 712 2031 782 plurimis

440 791 780 847 documentis
826 791 1123 851 instructus
1171 797 1385 867 (utpote
1441 800 1492 854 in
1536 809 1700 856 (etate
1746 804 2031 859 maturiori

437 882 787 955 constitutus)
834 885 1073 955 ignoras,
1119 896 1170 942 te
1199 889 1327 943 olim
1376 890 1428 945 in
1460 899 1623 947 relate
1666 892 1858 963 puerili
1896 896 2033 952 satis

436 988 598 1030 nosse
628 975 952 1044 probavero,
998 976 1079 1032 vel
1106 978 1187 1031 sic
1217 979 1478 1037 confusus
1515 982 1582 1037 ad
1615 1000 1710 1039 cor
1737 985 1948 1054 redeas,
1978 994 2034 1042 et

436 1070 530 1126 Dei
557 1070 940 1126 misericordia:
965 1074 1329 1142 potentiaeque
1353 1092 1627 1147 nunquam
1645 1078 1874 1145 diﬂidas,
1898 1096 2033 1151 quo-

436 1161 571 1219 libet
610 1163 769 1218 modo
795 1161 1025 1219 amictus
1050 1163 1697 1238 videaris,,qualicunque
1737 1171 2033 1226 tentatione

436 1255 710 1311 diabolica
759 1256 1113 1327 impugneris.
1148 1258 1405 1315 Diabolus
1433 1261 1578 1315 enim
1619 1262 1770 1333 justo
1810 1263 1905 1318 Dei
1942 1261 2032 1331 ju-

435 1346 580 1403 dicio
608 1346 838 1419 fatigare
887 1358 939 1404 te
979 1348 1045 1404 ad
1093 1357 1303 1422 tempus
1335 1353 1696 1423 permittitur;
1745 1356 1838 1409 sed
1882 1355 2031 1410 solli-

435 1440 619 1495 citudo
650 1450 740 1496 tua
768 1442 976 1498 nisibus
1001 1443 1332 1500 omnimodis
1361 1444 1463 1500 boc
1483 1443 1645 1500 debet
1671 1446 2026 1517 perpendere,

433 1545 504 1586 ne
532 1530 620 1587 ille
650 1517 933 1591 delusione
969 1548 1068 1588 sua
1098 1542 1151 1590 te
1179 1534 1354 1588 valeat
1393 1535 1736 1593 subvertere.
1756 1556 1776 1589 ι

1001 1646 1232 1704 CAPUT
1271 1647 1459 1704 XXlil.

433 1732 628 1810 Plures
679 1734 909 1810 cmlestes
965 1738 1223 1810 doctrina:
1257 1778 1273 1803 ,
1321 1739 1509 1810 quibus
1560 1750 1750 1796 auctor
1800 1742 2032 1798 imbutus

503 1807 574 1861 ad
640 1806 924 1863 vincendos
980 1806 1345 1867 tolerandasré
1399 1812 1714 1868 teutatioucs
1774 1815 2031 1869 excitatus

503 1877 630 1946 fuit.

510 2008 529 2040 ι
555 1988 689 2056 Quis
717 1989 881 2061 igitur
912 1991 1002 2046 ille
1030 2002 1151 2048 erat
1177 2009 1336 2064 quem
1369 2003 1421 2050 tu
1454 1995 1755 2066 quondam,
1779 2011 1901 2052 cum
1929 2013 2033 2053 nu-

432 2096 533 2152 per
558 2081 623 2136 ad
652 2083 894 2139 scholam
922 2101 1020 2156 pro
1049 2087 1248 2144 litteris
1293 2089 1564 2145 discendis
1596 2090 1826 2145 traditus
1858 2105 2031 2157 esses,

435 2181 489 2226 et
533 2187 696 2242 saepe,
726 2174 870 2229 inter
920 2177 1189 2233 eoaevulos
1248 2194 1311 2236 ac
1361 2181 1717 2237 scholasticos
1766 2183 2034 2249 residens,

437 2279 507 2319 ne
533 2266 850 2322 verberibus
877 2267 1010 2324 diris
1039 2270 1390 2343 castigat-eris
1416 2271 1710 2340 timuisses,
1740 2274 1904 2329 unice
1934 2288 2035 2343 pro

435 2354 674 2410 discendi
714 2354 971 2412 facilitate
1001 2359 1286 2425 invocasti,
1313 2371 1368 2416 et
1405 2364 1685 2419 exaudivit
1729 2365 1816 2420 te?
1839 2364 2031 2433 Quem,

432 2464 644 2518 quaeso,
693 2460 820 2507 tunc
868 2453 1183 2509 credideras
1217 2464 1323 2509 tam
1371 2456 1520 2526 pintn
1557 2465 1615 2511 ιιι
1660 2465 1712 2513 te
1749 2460 2032 2528 parvulum

435 2556 465 2593 a
513 2541 843 2612 virgularum
877 2542 1049 2616 plagis
1094 2545 1436 2613 defenderet,
1486 2558 1708 2619 tamque
1756 2560 2033 2621 potentem

436 2645 497 2689 ut
543 2638 906 2707 capacitatem
955 2642 1120 2696 etiam
1160 2658 1353 2700 sensus
1409 2662 1509 2699 nec
1559 2662 1664 2702 tzon
1715 2650 2032 2718 ampliorem

435 2725 681 2783 scientia:
710 2727 1023 2788 facultatem
1078 2736 1385 2792 concedere
1438 2738 1528 2792 tibi
1581 2741 1800 2809 posset?
1847 2740 2035 2797 Nonne

436 2816 609 2871 Deum
659 2819 879 2887 solum,
911 2833 1219 2879 creatorem
1264 2836 1320 2882 et
1369 2829 1705 2898 provisnrem
1756 2830 2037 2887 universo-

436 2909 601 2964 rum?
653 2908 906 2981 Nunquid
947 2930 1052 2970 non
1105 2917 1212 2971 tuis
1267 2927 1394 2972 tunc
1443 2920 1707 2975 satisfecit
1757 2922 2033 2992 precibus,

433 3001 686 3070 quamvis
716 3010 771 3056 tu
804 3006 1032 3061 necdum
1065 3010 1132 3063 a.l
1166 3009 1522 3079 proferendos
1551 3014 1828 3069 orationes
1857 3008 2037 3070 since-

432 3109 531 3171 ras
592 3095 860 3154 existeres
926 3103 1165 3171 gnarus?
1228 3104 1411 3169 Certe,
1468 3105 1753 3175 lemetipso
1813 3122 2042 3165 consen-

438 3184 631 3252 tiente,
665 3187 767 3242 nisi
814 3188 956 3246 forte
984 3191 1274 3249 oblivionis
1320 3205 1415 3248 aut
1450 3197 1704 3252 maeroris
1740 3212 1904 3254 causa
1939 3197 2038 3253 im-

436 3277 707 3347 pediaris,
767 3288 934 3337 testor
982 3284 1109 3354 quia
1165 3300 1271 3340 non
1309 3285 1485 3341 solum
1526 3297 1974 3356 praemonstratas
2009 3306 2037 3345 a

438 3360 683 3438 doctore,
731 3374 826 3428 sed
881 3374 1045 3430 etiam
1097 3377 1334 3432 nondum
1386 3388 1660 3433 reseratas
1694 3379 1957 3435 lectiones
1988 3389 2041 3435 et

438 3464 653 3519 rantica
705 3476 813 3520 tam
867 3468 1053 3537 capaci
1104 3469 1376 3539 celerique
1422 3468 1618 3526 elfectu
1657 3472 1949 3538 didiceras,
1985 3480 2044 3526 ut

440 3571 547 3609 non
599 3571 828 3626 parvum
885 3559 1204 3615 miraculum
1254 3563 1468 3618 creteris
1504 3563 1670 3618 simul
1705 3563 2042 3620 discentibus

437 3647 746 3703 exhiberes.

520 3756 538 3789 ι
562 3738 830 3805 Quoniam
860 3740 1045 3810 igitur,
1075 3744 1256 3799 adhuc
1286 3745 1543 3815 parvulus
1565 3755 1620 3802 et
1644 3747 1697 3802 in
1720 3747 1924 3803 scholis
1950 3765 2045 3820 po-

440 3828 602 3895 situs,
640 3838 847 3886 tantam
900 3832 993 3887 Dei
1031 3836 1261 3901 gratiam
1303 3839 1715 3910 potentiamque
1761 3856 1902 3912 saepe
1952 3858 2057 3897 ex-‘

442 3930 633 3991 pertus
693 3938 785 3987 es,
838 3940 938 3979 cur
985 3928 1150 3981 etiam
1213 3931 1373 3985 modo
1403 3970 1418 3995 ,
1469 3946 1592 3986 cum
1641 3934 1825 3990 viriles
1873 3951 2045 3992 annos

404 4013 409 4017 ’
447 3999 684 4070 retinere
717 4016 953 4071 videaris
979 4059 992 4080 ,
1040 4035 1164 4074 eum
1198 4037 1293 4091 per
1321 4023 1461 4077 dona
1494 4025 1736 4079 scientiae
1766 4027 1918 4097 plttra
1948 4042 2048 4084 nec

444 4122 553 4165 non
576 4123 673 4178 per
692 4113 1065 4181 caperimenta
1086 4113 1252 4167 multa
1277 4114 1497 4184 pietatis
1521 4117 1715 4172 divina:
1742 4119 1935 4174 notitia
1956 4136 2048 4191 po-

446 4200 625 4265 tiaris,
652 4202 937 4259 dissimilia
967 4205 1032 4261 de
1057 4205 1164 4260 Deo
1185 4208 1398 4262 credis?
1422 4206 1467 4264 Ο
1486 4209 1662 4279 qualis
1683 4210 1788 4277 vir,
1813 4213 1926 4282 qui,
1951 4213 2049 4269 ali-

444 4296 1068 4368 quantulumproﬁciens
1084 4299 1136 4354 in
1163 4300 1377 4370 puerili,
1403 4303 1468 4356 ad
1485 4301 1711 4356 nihilum
1732 4305 1904 4369 tendit
1924 4304 2044 4361 fun-
2074 4323 2121 4382 ι)

447 4403 583 4465 gens
597 4400 759 4444 actate
777 4390 918 4444 virili
936 4391 950 4444 l
968 4406 1089 4444 cum
1114 4392 1502 4462 congruentior
1524 4394 1743 4449 humani
1769 4395 2042 4465 profectus

447 4479 584 4537 ordo
631 4480 702 4534 sit
749 4480 816 4537 de
862 4481 1052 4552 puerili
1104 4480 1157 4534 in
1214 4482 1421 4537 virilem
1479 4484 1720 4539 animum
1754 4486 2040 4556 proﬁcere,

450 4571 518 4627 de
542 4574 722 4641 parvis
750 4574 815 4628 ad
848 4573 1051 4643 majora
1083 4576 1481 4643 conscendere;
1512 4578 1653 4632 sicut
1673 4586 1727 4631 ct
1752 4579 2043 4649 Apostolus

451 4665 626 4722 dicit:
665 4667 795 4722 Cum
825 4685 987 4724 essent
1023 4669 1299 4740 parvulus,
1340 4672 1638 4741 cogitabant
1677 4681 1730 4725 ut
1766 4673 2034 4743 parvulus,

449 4756 715 4828 capiebant
747 4769 799 4812 ut
825 4760 1116 4831 parvulus;
1145 4761 1359 4833 quando
1389 4775 1563 4817 autem
1594 4763 1768 4833 factus
1792 4781 1909 4818 sum
1939 4766 2037 4831 rir,

449 4851 699 4907 eracuuvi
745 4869 863 4918 quia
889 4863 1038 4909 erant
1062 4853 1270 4925 parvuli
1294 4853 1343 4928 (Ι
1369 4853 1495 4910 Cor.
1516 4871 1638 4922 xm,
1668 4857 1775 4927 ll).
1806 4857 2039 4913 Attende

453 4957 583 5013 ergo
612 4954 813 5014 quanta
841 4946 1059 5016 pietatis
1088 4947 1284 5002 divina:
1303 4948 1679 5020 experimenta
1707 4958 1912 5016 teneas,
1938 4959 1991 5004 et
2012 4967 2043 5007 a

456 5034 578 5089 ﬁdei
612 5037 836 5108 speique
853 5040 1160 5095 constantia
1192 5040 1426 5096 deﬁcere
1456 5040 1595 5106 noli;
1631 5042 1724 5096 sed
1755 5044 2045 5099 recordare

447 5124 652 5196 jngiter
676 5130 801 5201 quia
831 5131 1094 5201 scriptum
1140 5139 1223 5188 est
1251 5149 1265 5186 :
1290 5132 1476 5187 Justus
1499 5148 1565 5186 ea:
1581 5130 1687 5200 ﬁde
1706 5118 1830 5187 “vivit
1860 5131 2036 5203 (Rom.

454 5235 498 5284 I,
532 5221 651 5289 i7);
699 5232 755 5278 et
792 5240 805 5279 :
851 5226 1030 5280 omnia
1078 5224 1349 5295 possibilia
1395 5235 1516 5280 sunt
1566 5225 1795 5279 credenti
1847 5223 2042 5294 (Marc.

456 5324 507 5340 ην
559 5312 682 5340 tam.
721 5317 817 5340 --.ι
850 5326 894 5340 ..ι
923 5319 1011 5340 ιιι.-
1039 5320 1050 5340 ι
1130 5334 1211 5340 η--
1240 5319 1252 5340 I
1295 5318 1486 5340 1.-....--
1529 5315 1723 5340 τμη-..η

1771 5317 2044 5340 λικΑι-Ιριιιιρ

2132 326 2359 392 mentia,
2386 338 2442 382 et
2474 329 2542 385 de
2566 336 2920 400 prmeavenda
2946 336 3224 395 diabolica:
3251 340 3460 400 fraudis
3478 349 3719 404 astutia?

2134 416 2316 473 Hostis
2356 436 2594 491 namque
2638 425 2771 479 tanti
2816 424 3042 487 insidias
3069 431 3371 489 nullatenus
3400 447 3557 506 potes
3581 453 3717 493 eva-

2132 508 2279 575 dere,
2324 511 2424 566 nisi
2458 511 2688 568 firmiter
2722 518 2913 573 credas
2942 521 3070 589 quia
3104 523 3237 577 nihil
3273 524 3607 596 impossibile
3632 538 3721 584 est

2132 599 2273 669 apud
2315 598 2505 667 Deum,
2540 611 2594 657 et
2623 605 2878 674 quoniam
2909 609 3084 665 salvat
3120 629 3313 671 omnes
3346 629 3635 687 sperantes
3663 622 3718 675 in

2131 704 2276 747 eum.
2314 692 2449 750 lluic
2480 711 2610 752 vero
2652 699 2772 753 lidei
2810 700 2937 756 licet
2969 701 3321 760 tenacissima
3342 706 3540 763 diaboli
3582 710 3723 765 invi-

2132 784 2217 838 dia
2263 792 2314 839 te
2347 785 2604 857 impediat
2648 789 2912 847 inhaerere
2931 834 2946 860 ,
2970 810 3266 867 suggerens
3290 798 3544 854 videlicet
3567 803 3721 857 cordi

2135 883 2225 931 tuo
2250 876 2563 936 obtinenda;
2607 882 2943 940 remissionis
2972 885 3053 941 vel
3091 886 3281 943 salutis
3308 888 3720 958 difﬁcultatem,

2132 984 2233 1025 nec
2263 985 2367 1024 non
2392 969 2586 1041 judicii
2607 972 2777 1029 divini
2800 978 3214 1047 austeritatem;
3250 991 3305 1035 tu
3335 991 3519 1039 tamen
3554 999 3721 1056 supra

2133 1060 2276 1116 dicta
2308 1059 2605 1134 Scripturte
2627 1081 2800 1122 sacra:
2828 1066 3149 1126 documenta
3178 1088 3241 1128 ac
3269 1073 3491 1143 pietatis
3520 1076 3723 1132 divime

2131 1154 2504 1223 experimenta
2527 1158 2627 1215 sub
2671 1161 2845 1215 tenaci
2892 1165 3157 1219 memoria
3198 1182 3416 1236 repone,
3449 1179 3506 1225 et
3533 1172 3725 1240 procul

2133 1246 2298 1302 dubio
2338 1249 2487 1303 omni
2534 1250 2800 1308 diabolica
2841 1254 3158 1314 libet-aberis
3188 1260 3488 1319 delusione.
3522 1264 3725 1319 Diaboo

2134 1336 2219 1390 lus
2252 1338 2399 1394 enim
2443 1340 2593 1397 nullo
2635 1345 2796 1400 modo
2834 1348 3005 1419 magis
3036 1349 3380 1408 confunditur
3408 1364 3463 1409 et
3492 1357 3723 1413 convin-

2133 1429 2298 1495 eitur,
2332 1445 2496 1500 quam
2525 1449 2649 1488 cum
2676 1437 2726 1492 ei
2756 1453 2784 1491 a
2813 1438 2903 1495 fida
2923 1440 3063 1495 libus
3083 1442 3363 1515 Scriptura
3396 1462 3554 1502 sacra
3585 1451 3725 1521 obji-

2134 1523 2295 1579 citur.
2329 1524 2482 1592 Quod
2521 1528 2686 1584 etiam
2712 1546 2776 1585 ex
2814 1531 2942 1588 Jesu
2970 1533 3171 1590 Christi
3208 1538 3520 1595 testimonio
3550 1544 3727 1595 inani-

2061 1594 2108 1656 Β
2139 1617 2430 1674 festissimc
2458 1620 2738 1690 probatur.
2770 1623 2929 1691 Nam,
2958 1630 3208 1698 quamvis
3239 1629 3459 1687 sibimet
3483 1637 3726 1689 maxima

2138 1709 2428 1764 verborum
2479 1713 2708 1768 scientia
2769 1715 2994 1783 inesset,
3058 1722 3312 1777 tentalori
3362 1732 3542 1779 tamen
3599 1743 3727 1780 eam

2138 1804 2299 1859 nullis
2344 1806 2488 1876 aliis,
2534 1809 2637 1864 nisi
2685 1826 2806 1881 quae
2834 1829 2901 1867 ex
2934 1830 3085 1869 sacra
3134 1832 3327 1888 pagina
3364 1820 3612 1888 protulit,
3642 1839 3730 1874 rc-

2135 1900 2402 1967 spondere
2446 1899 2615 1957 voluit
2657 1902 2883 1959 dicens:
2914 1903 3179 1977 Scriptum
3203 1919 3276 1963 est
3303 1925 3323 1964 :
3355 1909 3479 1965 Non
3520 1912 3575 1964 in
3611 1913 3729 1966 saz'o

2134 2002 2270 2056 pane
2294 1988 2412 2043 civit
2438 1990 2616 2056 homo,
2647 1991 2738 2046 sed
2761 1993 2814 2046 in
2844 1995 2987 2048 omni
3020 1996 3193 2062 verba,
3224 1999 3364 2068 quod
3392 2001 3627 2071 procedit
3662 2002 3732 2056 de

2137 2094 2226 2134 ore
2279 2079 2376 2134 Dei
2428 2080 2645 2154 (Matth.
2696 2100 2768 2150 tv,
2794 2087 2879 2159 .l);
2909 2095 2963 2141 et
3013 2087 3206 2161 iterum
3236 2108 3250 2145 :
3278 2089 3544 2162 Scriptum
3601 2107 3681 2148 est
3709 2108 3730 2147 :

2138 2170 2266 2227 Non
2293 2174 2517 2229 tcutabis
2549 2175 2832 2231 Dominum
2864 2178 3025 2233 Deum
3055 2191 3201 2235 tuum
3233 2181 3421 2253 (fbid.,
3455 2182 3533 2255 7).
3742 2183 3749 2195 “

2213 2280 2231 2314 ι
2270 2263 2415 2319 Inter
2466 2265 2583 2322 base
2611 2282 2737 2323 vero
2778 2269 2917 2323 scire
2964 2280 3017 2325 te
3060 2273 3593 2348 convenitquoniam
3625 2290 3731 2346 pro

2137 2354 2320 2410 causis
2349 2356 2515 2411 variis
2545 2359 2878 2414 tentationes
2918 2361 3114 2416 diaboli
3163 2364 3406 2434 perferre
3455 2367 3729 2434 proderit.

2135 2444 2346 2515 Primo,
2401 2459 2460 2503 ut
2501 2448 2645 2505 illius
2691 2450 3086 2509 imestimabilis
3131 2454 3335 2511 malitia
3389 2466 3445 2512 et
3487 2459 3733 2514 versutia

2137 2540 2450 2612 detegatur;
2484 2542 2703 2610 deinde,
2758 2554 2817 2600 ut
2865 2546 3286 2619 uniuscujusque
3328 2549 3567 2606 hominis
3605 2562 3723 2606 ten-

2139 2634 2234 2688 tati
2269 2631 2531 2704 fragilitas
2559 2635 2646 2690 vel
2676 2639 2982 2693 constantia
3011 2652 3364 2712 agnoscatur;
3391 2659 3454 2698 ac
3478 2660 3577 2714 per
3601 2645 3730 2712 hoc,

2138 2724 2346 2794 fragilis
2391 2729 2607 2798 quidem
2656 2740 2711 2784 et
2757 2729 2962 2802 lapsus,
3012 2749 3134 2788 cum
3184 2748 3479 2791 conversus
3536 2737 3726 2802 fuerit,

2140 2817 2264 2873 aliis
2298 2818 2349 2872 in
2389 2822 2687 2876 tentatione
2735 2823 2817 2877 vel
2860 2823 3152 2893 fragilitate
3192 2842 3517 2897 quacunque
3546 2829 3732 2885 adhuc

2141 2912 2332 2980 positis
2373 2913 2664 2968 condolere
2703 2917 3046 2986 compatiqne
3087 2919 3245 2985 sciat,
3297 2921 3437 2975 sicut
3468 2920 3537 2976 de
3567 2920 3733 2977 bean

2145 3003 2305 3059 Petro
2350 3004 2549 3077 legitur
2584 3007 2710 3075 quia
2763 3008 2964 3065 idcirco
3007 3010 3059 3066 in
3110 3022 3389 3082 peceatum
3429 3012 3733 3085 fragilitate

2139 3098 2360 3168 propria
2421 3108 2648 3170 urgente
2702 3101 3033 3168 cecidisset,
3098 3112 3156 3159 ut
3203 3104 3328 3159 aliis
3372 3108 3733 3176 peccantibus

2139 3187 2385 3242 misereri
2441 3189 2740 3245 didicisset.
2788 3191 3059 3249 Constans
3107 3203 3286 3250 autem
3345 3204 3402 3250 et
3456 3197 3734 3267 perfectus

2140 3280 2261 3353 ideo
2290 3281 2342 3335 in
2367 3282 2665 3337 tentatione
2699 3284 2981 3352 probatur,
3014 3294 3069 3338 ut
3094 3286 3305 3341 caeteris
3326 3286 3506 3342 adhuc
3537 3289 3739 3343 stanti-

2140 3373 2244 3428 bus
2295 3374 2348 3428 in
2397 3375 2726 3444 exemplum,
2762 3384 2816 3429 et
2846 3376 3163 3432 cadentibus
3215 3379 3269 3433 in
3320 3380 3733 3435 venerationem

2142 3464 2652 3534 reparationemth
2691 3474 3017 3533 assumatur,
3060 3470 3202 3523 sicut
3229 3478 3283 3523 et
3310 3470 3453 3525 beati
3481 3470 3587 3526 Job
3611 3488 3736 3542 per-

2145 3554 2307 3610 fectio
2358 3565 2523 3627 atque
2562 3558 2871 3612 constantia
2929 3560 3140 3615 eunetis
3189 3571 3274 3616 est
3319 3562 3579 3616 imitanda
3634 3579 3737 3618 nec

2144 3664 2249 3702 non
2272 3649 2600 3703 veneranda.
2630 3649 2722 3703 Ille
2747 3650 2892 3705 enim
2917 3650 2989 3706 ita
3015 3667 3113 3720 pro
3145 3652 3371 3710 Domino
3414 3662 3469 3708 et
3499 3655 3737 3725 propria

2144 3740 2326 3794 carnis
2355 3740 2536 3794 ulcera
2567 3741 2914 3811 gravissima,
2953 3754 3009 3799 et
3044 3745 3281 3799 ﬁliorum
3323 3745 3554 3800 invisam
3588 3763 3736 3801 mor-

2148 3839 2275 3898 tem,
2309 3833 2683 3904 universaeque
2706 3836 3026 3892 substantia:
3055 3838 3411 3908 perditionem
3447 3840 3735 3905 sustinuit,

2146 3925 2333 3978 uxoris
2361 3940 2578 3995 quoque
2606 3927 2873 3991 convicia,
2916 3942 3017 3983 nec
3065 3945 3170 3984 non
3208 3930 3509 3985 amicorum
3536 3946 3738 4001 oppro-

2146 4015 2260 4069 bria
2288 4016 2729 4088 invectionesque
2759 4018 3018 4088 plurimas
3045 4023 3389 4091 contempsit,
3419 4024 3555 4077 utin
3588 4024 3736 4079 nullo

2148 4105 2318 4160 Deum
2345 4105 2663 4171 oll'enderet,
2710 4107 2854 4162 sicut
2895 4108 2961 4163 de
2986 4124 3052 4163 eo
3080 4108 3357 4179 Scriptura
3401 4126 3738 4166 commento-

2151 4205 2257 4262 rat,
2304 4198 2491 4252 dicens
2525 4216 2540 4253 :
2570 4197 2637 4253 In
2666 4200 2906 4253 omnibus
2940 4201 3021 4255 Itis
3057 4217 3161 4256 non
3186 4202 3416 4271 peccavit
3448 4200 3551 4255 Job
3579 4202 3737 4258 labiis

2147 4292 2281 4356 suis,
2310 4308 2471 4362 neque
2497 4290 2717 4345 stultum
2756 4292 2959 4363 aliquid
2997 4304 3180 4347 contra
3212 4291 3380 4347 Deum
3412 4292 3624 4347 locutus
3660 4303 3735 4348 est

2149 4383 2273 4455 (Job
2323 4383 2501 4454 1,212).
2559 4382 2750 4438 Nonne
2796 4400 2927 4454 ergo
2975 4384 3123 4441 utilis
3167 4385 3376 4440 exstitit
3411 4385 3548 4439 tanzi
3590 4385 3738 4440 beati

2145 4480 2247 4536 Job
2282 4481 2533 4545 tentatio,
2567 4480 2620 4534 in
2656 4496 2761 4550 qua
2793 4488 2849 4535 et
2892 4480 3059 4550 ipsius
3089 4478 3397 4535 constantia
3429 4488 3485 4535 et
3515 4479 3736 4535 diversa

2150 4573 2364 4627 Satame
2391 4582 2634 4627 resemta
2667 4583 2753 4629 est
2782 4572 3018 4627 malitia?
3043 4572 3244 4628 Eadem
3267 4573 3515 4627 utilitatis
3543 4588 3734 4637 causa,

2148 4669 2335 4722 eadem
2362 4666 2579 4737 pietatis
2608 4681 2737 4721 cura
2771 4681 2984 4735 semper
3017 4665 3115 4720 fuit
3149 4675 3203 4720 et
3238 4678 3453 4736 semper
3482 4664 3589 4719 erit
3623 4664 3737 4720 Deo

2148 4773 2311 4827 super
2339 4772 2527 4811 «mutes
2574 4771 2710 4826 quos
2759 4756 2955 4810 tentari
2998 4756 3282 4826 permittit,
3325 4755 3573 4825 quamvis
3610 4769 3735 4819 vos,

2148 4849 2426 4912 homines,
2478 4848 2751 4904 efﬁciente
2806 4847 3002 4902 diaboli
3056 4848 3277 4912 invidia,
3311 4846 3633 4902 infidelitate
3678 4856 3739 4902 et

2149 4941 2532 5011 desperatione
2579 4940 2836 4995 obcaecati
2887 4938 3095 4993 inutilia
3131 4948 3187 4993 et
3226 4938 3387 5009 impia
3420 4940 3486 4994 de
3512 4937 3626 4992 Deo
3649 4954 3739 4991 ar-

2148 5035 2446 5090 bitremini.
2512 5032 2777 5104 Relinque
2836 5033 3002 5104 igitur
3061 5032 3271 5086 varium
3322 5030 3592 5102 opinionis
3645 5044 3737 5084 er-

2148 5143 2349 5193 rorem,
2384 5136 2439 5183 et
2481 5127 2548 5182 ad
2590 5135 2897 5196 susceptam
2948 5125 3261 5180 nzonasticm
3305 5125 3578 5192 religionis
3630 5121 3738 5176 ﬁde

2153 5220 2503 5288 moribusque
2545 5216 2798 5288 congruis
2829 5224 2991 5269 temet
3017 5229 3263 5285 praepara
3311 5212 3734 5285 professionem.

2231 5330 2246 5340 Δ
2274 5311 2298 5340 Α
2317 5309 2565 5340 ηΙιῖΙιοηηῖο
2588 5323 2820 5340 ησιηιηηη
2866 5306 3135 5340 :nlnntlum
3160 5308 3403 5340 nnmn'nnn
3434 5305 3734 5340 nrnrnc.¢:0_
