3942 5340
197 315 291 376 55
314 378 319 381 _

1336 300 1464 358 ΗΒ.
1508 300 1595 357 Dr.
1630 297 1863 361 CURSU
1906 296 2312 357 SPIRITUALI.

3358 300 3466 355 296

201 435 605 496 innumeraeque
637 422 704 479 ad
731 429 937 477 tantum
978 416 1219 473 stuJinm
1264 430 1555 489 aggressus
1576 414 1769 479 fueris;
1805 422 1847 478 Α
1874 388 2105 482 longiori
2162 412 2419 482 patientia
2477 419 2739 468 naetenns
2796 424 2827 465 ι
2871 423 2958 467 me
3002 425 3063 468 es
3093 420 3469 483 supportatus,

201 524 289 580 sed
315 534 481 591 quam
524 514 680 572 facile
717 511 1107 568 dubitationem
1145 507 1306 562 talem
1338 508 1572 562 evadere
1597 505 1781 559 valeas

201 621 410 685 oportet
453 620 516 665 ut
563 606 830 663 attendas.
879 603 946 659 Et
992 601 1169 673 primo
1198 601 1414 671 quidem
1445 600 1510 654 de
1535 598 1782 662 consiiio,

205 706 392 763 dehinc
417 703 489 757 de
527 700 742 757 eteteris
781 698 961 767 aliqua
994 709 1245 767 promere
1274 694 1453 763 cupio.
1484 690 1783 747 Consilium

204 811 433 866 namque
481 795 539 849 in
581 796 725 848 bono
755 798 812 845 et
850 790 902 843 in
939 786 1082 842 malo
1110 794 1290 857 potest
1313 785 1460 850 ﬁeri;
1485 785 1579 838 sed
1610 782 1699 838 ubi
1729 784 1787 836 lit

206 892 255 947 in
279 890 443 952 bono,
473 887 582 941 boc
608 891 697 939 est
721 889 939 952 preptcr
967 878 1257 933 utilitatem
1296 876 1494 931 anima:
1530 890 1623 931 seu
1661 889 1787 928 cor-

206 980 373 1053 poris,
424 976 583 1034 omni
623 975 784 1030 modo
811 981 894 1029 est
921 970 1390 1042 amplectendam;
1436 966 1527 1021 ubi
1567 979 1698 1022 vero
1732 966 1786 1020 in

207 1070 369 1135 malo,
399 1068 512 1123 boc
535 1076 623 1122 est
649 1071 870 1136 propter
902 1060 1146 1117 carnalia
1176 1058 1517 1122 solummodo
1537 1066 1661 1111 vota
1692 1056 1792 1112 im-

207 1162 391 1233 plenda
405 1158 496 1212 vel
509 1155 794 1212 commoda
808 1151 965 1222 hujus
985 1152 1110 1206 vita:
1132 1152 1291 1206 noxia
1310 1149 1665 1219 acquirendo,
1683 1163 1791 1203 non

207 1250 368 1305 solum
394 1246 741 1319 fugiendum,
770 1245 864 1300 sed
892 1243 1057 1299 etiam
1083 1241 1463 1298 detestandum
1501 1248 1606 1296 est.
1640 1239 1794 1296 Unde

209 1341 490 1399 Psalmista
516 1338 807 1407 utriusque
831 1335 1149 1406 qualitatem
1174 1333 1476 1398 insinuans,
1505 1342 1793 1403 postquam

209 1431 365 1486 dixit:
384 1428 652 1483 Dominus
675 1427 894 1496 dissipat
919 1425 1138 1480 consilia
1159 1425 1409 1495 gentium,
1434 1424 1675 1493 reprobat
1698 1439 1798 1476 au-

211 1532 305 1575 tent
331 1519 684 1589 cogitationes
705 1515 1040 1587 populorum,
1066 1524 1113 1569 et
1144 1513 1382 1582 reprobat
1410 1511 1629 1567 consilia
1656 1512 1797 1582 prino

210 1614 395 1683 clpam,
407 1609 600 1666 statim
624 1608 927 1679 subjunxit,
949 1608 1138 1662 dicens
1159 1604 1479 1660 :Consilium
1500 1614 1675 1658 autem
1691 1597 1801 1657 Do-5

210 1704 330 1758 mini
350 1710 531 1756 manet
572 1701 628 1754 in
655 1708 908 1755 a'tcrnum
935 1697 1112 1767 (Psal.
1136 1712 1309 1761 χχιιι,
1338 1696 1424 1761 10,
1445 1695 1552 1767 11).
1579 1695 1707 1750 Item
1734 1695 1800 1750 de

1887 516 2035 560 tanto
2055 505 2137 558 dif
2137 505 2414 560 liciliorem
2434 503 2807 560 conversionis
2828 503 2972 558 viam
2995 504 3265 560 sustinere
3283 503 3468 561 debes.

1886 596 2014 650 bcio
2043 610 2278 664 namque
2309 594 2361 648 in
2391 592 2677 662 juventute
2706 592 3080 649 difﬁcillimam
3105 609 3229 649 esse
3253 591 3475 663 cujusli-

1884 687 1974 741 bet
2021 684 2452 740 conversionem.
2502 684 2609 739 Sed
2650 693 2707 739 et
2753 694 2807 741 te
2856 684 3109 741 convenit
3137 684 3281 741 seire
3306 700 3473 755 quam

1886 778 2130 844 difﬁcile,
2179 793 2344 847 quam
2392 776 2724 832 laboriosum
2755 776 2887 831 mibi
2922 776 3325 846 quodammodo
3353 777 3489 833 erat‘

1886 888 1988 944 per
2028 872 2243 928 illorum
2288 870 2545 926 scandala
2597 872 2689 942 qui
2740 886 2837 942 per
2885 881 2937 927 te
2989 870 3266 943 depravati
3310 878 3471 935 sunt;

1888 968 2031 1038 quod
2059 978 2136 1033 tu,
2166 966 2414 1039 plurimis
2436 965 2490 1021 in
2517 966 2984 1036 utroquejiomine
3012 966 3287 1021 Ianreatus
3312 964 3475 1021 bene-

1891 1058 2051 1123 ﬁciis,
2082 1073 2222 1130 pene
2269 1071 2432 1112 omne
2478 1067 2691 1127 tempus
2722 1055 3053 1127 praeteritum
3094 1054 3479 1127 consumpsisti

1892 1151 1946 1206 in
1992 1150 2230 1218 ﬂagitiis.
2284 1148 2481 1205 Finitis
2526 1149 2679 1221 igitur
2734 1147 3094 1203 solutionibus
3154 1164 3328 1218 quas,
3380 1162 3483 1218 pro

1897 1244 2060 1299 rebus
2105 1241 2428 1311 quibusdam
2481 1241 2535 1295 in
2579 1241 2777 1311 quibus
2817 1240 3116 1296 dubitando
3168 1240 3478 1305 laborabas,

1894 1332 2113 1404 protuli,
2142 1332 2384 1401 nunquid
2408 1330 2605 1393 adhuc,
2629 1346 2663 1385 ο
2682 1339 2894 1385 amator
2916 1328 3272 1385 dubitationis
3296 1328 3487 1394 totius,

1895 1423 2099 1494 aliquid
2145 1432 2359 1477 certum
2405 1430 2460 1476 et
2496 1421 2779 1476 deﬁnitum
2824 1420 3147 1489 probatione
3186 1418 3295 1474 ulla
3329 1433 3485 1475 acce-

1899 1515 2063 1585 pisti?
2096 1511 2181 1568 An
2220 1513 2440 1584 ignoras
2469 1512 2726 1583 quoniam
2773 1511 3098 1566 documenta
3142 1518 3315 1577 tanta,
3352 1523 3489 1581 qua-

1899 1621 2113 1676 cunque
2128 1605 2338 1660 ratione
2351 1603 2434 1659 vel
2454 1604 2806 1659 meditatione
2827 1612 3116 1673 concepta,
3140 1616 3484 1674 nequaquam

1902 1701 2130 1768 adeptus
2157 1712 2217 1753 es
2247 1696 2489 1752 frustra?
2515 1697 2746 1766 Ideoque
2774 1695 2829 1750 in
2856 1696 3176 1751 earumdem
3199 1693 3490 1751 documen-

210 1795 343 1850 bono
362 1795 416 1849 in
439 1790 725 1848 Parabolis
742 1790 1048 1846 Salomonis
1073 1788 1339 1858 sapientia
1359 1784 1673 1854 faturzEgo
1703 1784 1794 1838 Ιιιι-
1826 1776 1867 1833 Β
1902 1800 2076 1844 torum
2117 1789 2425 1860 cognitione
2459 1787 2710 1844 stabilem
2759 1787 2960 1843 mentis
3008 1788 3186 1843 retine
3232 1786 3492 1843 intemio-

213 1884 308 1939 bita
323 1885 377 1938 in
399 1883 627 1939 consilio
644 1881 827 1954 (Prov.
844 1897 961 1945 vni,
982 1880 1091 1953 12).
1108 1879 1342 1935 Rursum
1365 1878 1419 1933 in
1440 1876 1628 1933 eodem
1651 1874 1802 1930 Salo-

212 1977 378 2033 monis
403 1977 555 2032 libro
581 1977 651 2031 de
676 1975 888 2031 consilii
929 1974 1057 2030 boni
1096 1974 1364 2045 qualitate
1395 1972 1596 2027 dicitur
1622 1988 1636 2024 :
1660 1970 1801 2024 Audi

212 2068 512 2132 consilium,
533 2076 580 2121 et
601 2066 807 2135 suscipe
826 2064 1164 2134 disciplinam
1191 2060 1373 2132 (Prov.
1399 2077 1516 2124 xix,
1532 2059 1645 2132 20).
1667 2060 1800 2115 Cum

213 2159 347 2213 enim
399 2156 760 2227 praemittitur
788 2172 803 2209 :
838 2154 965 2208 anili
1003 2150 1303 2216 consilium,
1331 2166 1396 2206 ac
1421 2166 1547 2205 mox
1571 2149 1802 2220 subjun-

213 2246 382 2317 gitur:
412 2255 462 2300 et
507 2248 717 2315 suscipe
762 2243 1115 2313 disciplinam,
1169 2248 1322 2312 patet
1382 2239 1629 2311 profecto
1672 2240 1801 2310 quia

215 2336 314 2391 boc
345 2345 431 2391 est
459 2350 654 2390 verum
687 2344 1005 2403 rectumque
1038 2331 1321 2387 consilium
1355 2331 1617 2401 suscipere
1646 2329 1804 2384 disci-

215 2427 426 2497 plinam.
459 2427 574 2482 Sed
606 2435 665 2480 ut
694 2426 902 2497 vulgari
929 2425 1094 2479 etiam
1124 2437 1277 2478 more
1319 2422 1386 2477 de
1421 2422 1635 2478 consilii
1671 2437 1805 2491 qua-

218 2519 358 2573 litate
402 2517 785 2589 disputemus,
837 2514 1081 2585 nunquid
1132 2524 1186 2569 tu
1235 2529 1450 2584 semper
1503 2518 1800 2569 arnicornm

222 2613 301 2666 vel
327 2604 623 2683 parentum
649 2611 879 2667 consilia
907 2611 1221 2682 quiuisivisti,
1248 2610 1467 2681 quando
1495 2609 1675 2680 aliqua
1706 2610 1802 2664 lla-

219 2704 339 2773 gitia
376 2712 705 2774 perpetrare
747 2701 1013 2757 voluisti?
1060 2699 1351 2757 Veritusne
1398 2714 1530 2772 ergo
1571 2716 1630 2755 es
1679 2711 1804 2755 tunc

222 2796 333 2851 ideo
356 2796 536 2852 Deum
572 2794 873 2860 oll‘endere,
919 2795 1043 2865 quia
1086 2794 1213 2849 talia
1246 2794 1364 2850 sine
1402 2793 1632 2849 consilio
1659 2792 1802 2848 sole-

221 2889 313 2944 bas
358 2889 583 2945 facere?
622 2889 763 2944 Ecce
804 2888 952 2942 vides
982 2903 1142 2958 quam
1174 2884 1503 2958 superfluum
1547 2886 1612 2941 sit
1654 2898 1705 2940 te
1733 2902 1801 2940 ex

221 2981 316 3037 hoc
360 2982 624 3037 arbitrari
677 2981 847 3036 Deum
893 2978 1183 3036 oﬁ'endisse
1227 2980 1369 3050 quod
1418 2981 1534 3035 sine
1574 2980 1802 3035 consilio

226 3071 522 3127 amicorum
571 3071 867 3125 utilitatem
911 3079 1177 3126 tractares
1214 3072 1431 3135 animai,
1461 3072 1798 3140 quandoqui-

1902 1897 2046 1947 llcllt,
2089 1890 2144 1936 et
2183 1895 2280 1950 per
2323 1880 2441 1937 haec
2490 1895 2731 1952 praepara
2768 1879 3009 1935 animum
3036 1887 3188 1934 tuum
3217 1879 3285 1935 ad
3315 1887 3490 1935 tenta-

1904 1972 2128 2027 tionem.
2181 1970 2316 2027 Nam
2362 1982 2569 2042 quanto
2619 1970 2813 2040 majori
2870 1968 3243 2040 inspirationis
3293 1968 3493 2024 divina:

1902 2064 2076 2132 gratia
2128 2060 2241 2130 jam
2296 2061 2655 2131 prannonitus
2708 2063 3118 2132 instructusque
3151 2061 3284 2128 eris,
3338 2068 3491 2116 tanto

1903 2154 2224 2207 Validiorem
2272 2152 2588 2207 tentationis
2635 2151 2942 2207 molestiam
2988 2152 3234 2222 patieris.
3286 2150 3489 2207 lterum

1903 2256 2068 2316 atque
2119 2246 2316 2299 iterum
2369 2244 2561 2298 eadem
2616 2253 2871 2314 repetens
2921 2246 3211 2308 admoneo,
3257 2257 3324 2296 ne
3352 2240 3497 2296 forte

1903 2336 2046 2391 inter
2080 2351 2175 2390 eos
2211 2334 2491 2404 deputeris
2525 2334 2642 2403 qui,
2677 2342 2736 2387 ut
2764 2334 3030 2402 scriptum
3060 2344 3162 2395 est,
3193 2333 3262 2386 ad
3289 2342 3493 2401 tempus

1904 2430 2145 2494 credunt,
2168 2438 2215 2481 et
2239 2428 2293 2479 in
2317 2438 2546 2495 tempore
2569 2424 2872 2480 tentationis
2903 2427 3148 2479 recedunt
3186 2423 3341 2495 (Luc.
3373 2440 3493 2491 \ltl,

1906 2523 2018 2593 15).
2070 2522 2256 2577 Mirari
2309 2522 2494 2591 itaque
2544 2519 2656 2575 noli
2692 2520 2738 2574 si
2779 2521 2908 2591 quid
2947 2535 3208 2590 passurus
3233 2521 3309 2576 sis
3346 2522 3497 2587 t.0\’l,

1904 2623 2281 2671 verumtamen
2309 2611 2538 2682 pricscio
2561 2621 2763 2682 quanta
2795 2612 3110 2667 inﬁrmitate
3140 2622 3198 2667 et
3225 2612 3500 2684 ambigui-

1906 2717 2017 2763 tate
2058 2707 2201 2761 inter
2262 2719 2431 2759 novas
2479 2703 2797 2758 tentationis
2848 2704 3126 2759 molestias
3157 2705 3501 2771 dissolvaris,

1906 2799 2205 2855 arbitratus
2236 2797 2450 2853 scilicet
2488 2810 2577 2850 me
2606 2796 2803 2866 ipsum,
2852 2795 3021 2851 Deum
3048 2797 3493 2866 ornnipotentem,

1906 2893 2132 2949 omnino
2160 2906 2268 2946 non
2307 2905 2453 2956 esse,
2481 2897 2538 2944 et
2569 2889 2687 2945 haec
2714 2889 2916 2954 omnia,
2947 2904 3068 2959 qua:
3095 2889 3163 2945 de
3191 2904 3275 2945 me
3304 2904 3498 2959 perce-

1905 2986 2056 3058 pisti,
2108 2985 2249 3055 apud
2291 2981 2525 3053 tequasi
2566 2979 2778 3036 somnia
2806 2982 3030 3037 .videri.
3082 2982 3294 3037 Recede
3345 2994 3503 3053 ergo,

1913 3081 2133 3144 recede,
2169 3078 2357 3141 miser,
2393 3076 2462 3131 ab
2494 3076 2598 3131 bac
2628 3076 2922 3143 dementia,
2951 3079 3099 3147 quia,
3127 3077 3272 3132 sicut
3306 3078 3502 3148 sa’pis~

227 3164 341 3217 dem
380 3180 485 3234 pro
524 3163 794 3234 explenda
840 3163 1026 3219 carnis
1073 3164 1386 3234 nngacitale
1435 3162 1641 3218 nullum
1677 3178 1804 3219 con-

1917 3173 2056 3229 sime
2091 3172 2185 3228 tibi
2214 3169 2547 3241 patefactum
2589 3179 2694 3233 est,
2744 3169 3026 3226 delusione
3069 3168 3504 3225 circumvallaris

227 3256 397 3310 silium
428 3256 719 3325 requirens
748 3255 928 3309 minus
958 3253 1235 3309 offendere
1265 3253 1486 3324 putasti.

295 3366 313 3398 ι
334 3347 489 3416 Quod
517 3356 703 3401 autem
735 3356 1021 3418 propterea
1043 3347 1225 3401 animo
1254 3346 1452 3417 sapius
1491 3348 1700 3402 nutanti
1728 3348 1812 3402 iu-

229 3440 391 3506 cedis,
416 3441 574 3510 quia,
604 3440 657 3494 in
698 3438 913 3494 fervore
937 3438 1165 3507 juvenili
1209 3439 1613 3510 innuaturaque
1633 3440 1812 3496 adhuc

230 3542 381 3589 :etate
407 3534 644 3603 Positns,
681 3542 789 3586 tam
812 3531 1085 3587 difﬁcilem
1111 3530 1425 3586 monasticae
1452 3530 1574 3585 vita:
1599 3531 1814 3602 religio-

231 3641 350 3680 nem
397 3626 556 3695 quasi
609 3625 1016 3679 inconsiderata
1060 3622 1262 3679 laboris
1310 3624 1443 3677 tanti
1493 3623 1814 3680 difﬁcultate

233 3715 598 3785 assumpsisti,
625 3714 770 3770 scias
800 3713 991 3784 procul
1030 3714 1196 3769 dubio
1221 3713 1356 3769 nihil
1386 3714 1531 3769 aliud
1557 3730 1680 3771 esse
1709 3717 1812 3771 nisi

234 3824 450 3865 causam
500 3808 805 3865 delusionis
854 3807 1154 3863 diabolicze.
1211 3807 1346 3874 Quia
1395 3809 1542 3863 sicut
1590 3809 1814 3879 expedit

235 3903 485 3956 omnibus
525 3902 596 3956 ad
619 3915 705 3955 me
734 3900 1038 3964 conversis,
1067 3907 1147 3965 et,
1174 3908 1233 3955 ιιι
1255 3909 1312 3954 ιιι
1336 3914 1553 3969 quoque
1591 3900 1812 3970 rogasti,

237 3994 474 4048 diabolus
500 3992 650 4063 jnste
688 3992 1028 4061 permittitur
1057 3998 1107 4047 te
1138 3992 1399 4048 tentando
1436 3990 1687 4064 fatigare,
1741 3993 1819 4048 si-

236 4086 448 4156 quidem
497 4094 606 4138 tam
643 4084 698 4139 in
723 4083 950 4152 juvenili
981 4100 1143 4154 quam
1186 4085 1241 4139 in
1286 4086 1611 4155 provectiori
1655 4095 1816 4141 mtate

235 4175 426 4230 debere
457 4186 512 4231 et
535 4190 697 4245 posse
728 4176 794 4229 ad
836 4175 977 4228 viam
1012 4176 1294 4231 meliorem
1326 4177 1570 4231 converti
1612 4186 1817 4232 testan-

238 4274 321 4323 tur
362 4279 416 4323 et
464 4267 715 4337 exempla
767 4267 1062 4321 multorum
1108 4278 1166 4321 et
1207 4265 1466 4322 librorum
1492 4267 1702 4338 pagina:
1731 4284 1819 4324 sa-

238 4366 477 4414 crorum.
514 4360 653 4413 Dicit
693 4359 840 4412 enim
875 4358 1272 4415 Ecclesiastes:
1308 4358 1572 4414 Memento
1600 4358 1815 4415 Creato-

1913 3263 2203 3320 diabolica.
2245 3262 2507 3328 Attende,
2547 3277 2583 3318 o
2609 3262 2841 3332 captive,
2875 3276 2943 3316 ne
2972 3272 3028 3317 tu
3056 3263 3135 3318 sis
3161 3263 3271 3327 ille,
3300 3263 3368 3317 de
3392 3276 3503 3331 quo

1912 3355 2042 3411 dicit
2068 3354 2353 3410 Psalmista
2378 3372 2393 3408 :
2421 3353 2568 3408 Dixit
2596 3353 2844 3423 insipiens
2869 3354 2923 3406 in
2946 3353 3102 3406 corde
3125 3364 3255 3407 suo:
3274 3349 3399 3406 Non
3424 3361 3503 3406 ess

1911 3448 2054 3504 Deus
2082 3444 2254 3520 (Psal.
2294 3461 2369 3509 χι,
2395 3446 2470 3514 1).
2509 3445 2768 3500 Diabolus
2796 3445 3017 3515 quippe,
3047 3444 3182 3499 satis
3202 3457 3503 3516 agnoscens

1914 3541 2198 3596 universus
2256 3538 2637 3609 confugientes
2683 3536 2749 3591 ad
2799 3549 2886 3591 me
2940 3536 3154 3591 veniam
3197 3533 3504 3606 promereri

1912 3646 2094 3703 posse,
2118 3629 2422 3701 omnigenis
2449 3627 2823 3684 delusionibus
2846 3627 3080 3682 retrahit
3107 3640 3203 3681 eos
3232 3624 3302 3680 ab
3332 3626 3504 3695 ipsius

1914 3723 2062 3779 aditu
2111 3722 2303 3786 veniae,
2354 3723 2457 3776 hoc
2503 3729 2593 3774 est
2635 3736 2665 3774 ιι
2713 3719 2855 3785 tide,
2913 3718 3213 3773 immittens
3250 3716 3506 3772 videlicet
3553 3760 3556 3764 .

1914 3816 2106 3871 fraude
2151 3814 2311 3870 solita
2357 3813 2669 3884 lmjnsmodi
2715 3812 3074 3880 cogitationes
3105 3826 3120 3864 :
3147 3818 3206 3864 ut
3242 3820 3335 3865 aut
3363 3809 3507 3864 indi-

1918 3921 2083 3977 gnum
2122 3905 2252 3959 mihi
2281 3904 2532 3959 videatur
2562 3903 2858 3959 sceleratos
2882 3917 3125 3973 quosque
3159 3900 3462 3971 justiﬁcsre
3488 3915 3507 3967 ;

1916 4014 2009 4053 seu
2053 3998 2433 4053 austeritatem
2489 4004 2694 4050 tantam
2742 3995 2875 4050 mibi
2920 3995 3100 4050 inesse
3134 4009 3297 4065 quam
3327 3994 3509 4050 nullus

1917 4090 2080 4145 homo
2105 4099 2380 4160 peccator,
2407 4087 2622 4145 etiamsi
2646 4102 2744 4157 pro
2769 4087 3086 4156 pmnitentia
3114 4102 3329 4157 semper
3346 4086 3510 4142 casti-

1916 4192 2093 4254 getur,
2138 4181 2313 4236 valeat
2363 4181 2676 4245 minorare;
2720 4180 2836 4234 sive
2868 4187 2928 4231 ut
2952 4178 3017 4232 de
3038 4177 3308 4246 justorum
3345 4179 3512 4233 retri-

1916 4277 2136 4331 butione
2170 4284 2427 4346 perpetua
2464 4282 2523 4329 et
2556 4272 2623 4328 de
2662 4272 2951 4342 impiorum
3007 4271 3231 4342 perenni
3263 4271 3510 4326 dubitent

1916 4382 2107 4439 pcena;
2136 4367 2220 4422 vel
2253 4369 2418 4422 etiam
2441 4365 2650 4437 judicia
2683 4364 3062 4433 blaspliemare
3084 4364 3323 4418 audeant
3352 4376 3510 4429 mea;

239 4449 306 4502 ris
328 4450 404 4504 tui
434 4452 492 4504 in
525 4450 703 4505 diebus
731 4451 1026 4520 juventutis
1057 4461 1162 4505 lure
1194 4450 1393 4520 (Eccle.
1445 4468 1541 4518 an,
1580 4454 1651 4525 1).
1680 4454 1814 4508 Item
1847 4496 1895 4553 Ι)
1922 4477 2015 4515 seu
2054 4468 2113 4514 ut
2150 4459 2449 4529 Scriptura:
2488 4472 2660 4513 sacrae
2691 4456 2835 4512 dicta
2864 4457 3165 4512 intentione
3191 4456 3513 4512 subvertant

240 4541 291 4597 in
319 4545 461 4600 libro
485 4542 612 4597 Jesu
655 4543 749 4598 ﬁlii
798 4542 997 4599 Siracb
1044 4544 1282 4614 legitur:
1316 4544 1442 4599 Non
1485 4546 1660 4601 tardes
1690 4562 1816 4600 con-

241 4638 363 4693 serti
397 4638 467 4691 ad
496 4636 806 4702 Dominum,
847 4646 899 4692 et
940 4654 1003 4691 ne
1030 4638 1248 4708 ili/feras
1270 4638 1332 4692 de
1354 4636 1440 4692 die
1461 4639 1514 4693 in
1534 4640 1670 4692 diem
1694 4637 1817 4709 (Ec-

240 4727 322 4785 ιιι.
357 4746 409 4797 v,
438 4729 526 4801 8);
570 4730 623 4785 in
649 4732 838 4785 eodem
883 4744 1100 4798 quoque
1130 4729 1269 4785 libro
1297 4729 1559 4798 scriptum
1604 4729 1813 4785 inveni-

246 4829 326 4874 tur
351 4837 366 4876 :
396 4819 528 4886 an
555 4821 609 4875 in
627 4821 902 4891 juventute
921 4830 1012 4873 tua
1043 4837 1146 4875 non
1177 4822 1525 4892 congregasti,
1554 4822 1814 4893 quomodo

243 4914 459 4969 invenies
486 4932 549 4970 ea
576 4916 629 4969 in
656 4924 915 4970 senectute
944 4914 1075 4969 tua?
1103 4912 1294 4984 (Eccli.
1326 4928 1455 4981 xxv,
1481 4914 1559 4986 5.)
1595 4914 1729 4970 llinc
1761 4922 1816 4970 et

247 5000 507 5074 Propheta
538 5022 553 5058 :
588 5002 727 5058 Puer
749 5004 829 5060 vel
850 5014 1094 5075 peccator
1125 5014 1331 5060 centum
1365 5020 1621 5058 annorum
1654 5005 1818 5061 ntale-

247 5094 407 5148 dictus
429 5098 525 5151 erit
557 5096 688 5165 (Isa.
734 5113 869 5161 va,
908 5095 1025 5165 20).
1061 5095 1141 5151 Ad
1176 5096 1289 5153 haec
1314 5096 1502 5161 ctiam,
1539 5113 1690 5168 rogo,
1729 5094 1812 5151 cui

248 5183 467 5239 validior
512 5188 965 5255 prmstantiorque
1010 5196 1145 5241 actas
1185 5188 1360 5258 magis
1407 5187 1660 5254 congruit
1704 5200 1817 5241 ser-

249 5274 355 5310 ,ἵνα
406 5276 510 5310 “an
534 5292 598 5310 an
626 5277 871 5310 sl:n|nn.n9
895 5276 1142 5310 Nllllﬂll:s‘
1206 5282 1521 5310 nni-annuam
1552 5281 1694 5310 υἷι-Λι-
1725 5280 1815 5310 Ald,

1923 4548 2153 4604 sinistra
2186 4563 2204 4614 ;
2237 4549 2305 4603 ad
2339 4556 2642 4602 extremum
2683 4561 2833 4612 vero,
2882 4558 2962 4614 ut,
3013 4548 3154 4603 sient
3205 4557 3260 4602 tu
3297 4561 3517 4617 quoque

1923 4643 2081 4697 modo
2104 4640 2324 4696 delusus
2345 4641 2598 4711 privaris,
2621 4640 2689 4696 de
2711 4641 3015 4697 tert'ssima
3039 4640 3355 4707 substantia:
3378 4654 3522 4696 mea:

1924 4733 2203 4803 priventur
2233 4734 2528 4806 agnitione,
2561 4754 2580 4787 ι

2475 4843 2706 4901 CAPUT
2757 4841 2947 4900 XXIV.

1925 4957 2034 5013 Cur
2071 4956 2212 5031 Dens
2248 4975 2452 5014 omnem
2493 4973 2789 5031 creaturam
2832 4957 3140 5031 rationalem
3171 4953 3538 5031 leiiroii‘per-

1992 5029 2214 5095 miserit,
2243 5046 2288 5085 et
2332 5038 2681 5099 quauln_tmn
2734 5026 2949 5090 Veteris,
2991 5039 3105 5082 tum
3157 5023 3295 5077 Novi
3335 5022 3537 5099 Testa-

1992 5103 2150 5154 menti
2187 5096 2363 5169 patres
2387 5097 2713 5171 pertulerint,
2743 5110 3019 5167 antequam
3055 5101 3112 5152 in
3140 5107 3317 5148 arcem
3348 5096 3539 5163 perfe-

1992 5171 2176 5224 ctionis
2206 5172 2501 5227 conderent.

3063 5279 3170 5310 Inus
3206 5283 3378 5310 ηυιιιρ
3410 5287 3544 5310 nm

1999 5300 2017 5310 ι
2051 5281 2152 5310 ΩιιιΙ
2220 5285 2337 5310 ..κῖη
2370 5280 2731 5310 ξηυῖιιῖἠηίιηιιι
2766 5278 2928 5310 anim:
2957 5279 3031 5310 ...ί
