3942 5340
462 370 593 435 227..

1496 365 1794 424 οτιιιοΝι
1834 363 2140 468 ΜΟΝΜΞΗΙ
2176 364 2233 421 S.
2274 363 2696 424 EMMERAMMI

465 488 569 563 u-ip
603 484 841 551 relictos,
874 491 936 538 ut
962 481 1075 538 sive
1102 492 1336 543 mecum,
1371 478 1484 534 sive
1512 494 1633 534 cum
1662 478 1900 550 principe
1928 477 2039 534 dia-
2068 480 2122 538 Α
2223 499 2241 533 ι
2261 479 2393 536 Cum
2418 483 2578 554 igitur
2601 483 2702 539 hac
2717 482 3127 540 ratiocinatione
3148 499 3411 556 agnoscas
3431 502 3538 543 non
3553 488 3727 546 solum

458 580 586 635 bolo
603 578 822 643 vellent,
853 572 1276 646 permanerent?
1314 570 1406 627 Sic
1439 572 1636 643 quippe
1679 572 1918 642 oportuit
1945 585 2041 625 eos

461 672 699 744 probari,
732 680 791 725 nt
815 678 870 724 et
901 669 1027 738 quid
1064 666 1116 721 in
1151 680 1239 720 me
1272 674 1329 720 et
1365 666 1491 735 quid
1522 666 1574 720 in
1609 680 1670 720 se
1699 673 1883 720 essent
1912 679 2036 734 pos-

460 773 544 818 set
568 760 849 816 denudari.
905 757 1079 821 Unde,
1109 756 1484 831 eumzprobati
1536 755 1751 826 quidam
1794 755 1911 810 sine
1952 768 2040 808 me

460 853 592 909 nihil
620 866 759 916 esse,
788 849 875 903 alii
903 864 1030 903 vero
1052 846 1103 901 in
1132 863 1192 902 se
1220 845 1421 916 aliquid
1445 859 1566 901 esse
1593 854 1645 900 et
1676 860 1832 914 posse
1853 844 2039 898 crede-

460 953 602 1008 rent,
650 942 726 1005 hi,
770 940 858 1010 qui
907 940 959 994 in
1002 954 1087 994 me
1124 952 1280 993 suum
1313 935 1682 991 tantummodo
1711 950 1830 989 esse
1856 933 2041 988 decer-

458 1038 680 1107 nebant,
718 1034 982 1090 electione
1023 1041 1077 1087 et
1124 1030 1381 1086 felicitate
1416 1038 1675 1099 perpetua
1721 1026 2041 1081 videbantur

456 1106 632 1200 digni;
681 1128 752 1181 illi
786 1138 991 1191 autem,
1021 1125 1112 1194 qui
1141 1139 1202 1178 se
1230 1121 1433 1176 viribus
1477 1120 1708 1191 propriis
1755 1133 2038 1175 commen-

455 1222 677 1283 dabant,
709 1231 764 1274 ut
825 1219 1107 1288 patefieret
1141 1214 1270 1284 quid
1300 1213 1417 1267 sine
1448 1226 1531 1267 me
1554 1221 1792 1281 possent,
1817 1211 2041 1265 irt'etne-

454 1309 637 1367 diabili
678 1308 880 1379 judicio
925 1315 1053 1361 sunt
1099 1304 1291 1376 puniti,
1336 1303 1477 1359 sicut
1527 1302 1579 1356 in
1618 1301 1860 1372 Epistula
1895 1299 2038 1355 beati

452 1403 597 1459 Petri
635 1400 860 1471 apostoli
887 1399 1082 1465 legitur
1113 1416 1128 1452 :
1163 1396 1325 1460 Deus,
1357 1395 1547 1465 inquit,
1589 1392 1787 1463 angelis
1821 1407 2040 1463 peccau-

451 1497 588 1550 tibus
621 1494 725 1547 non
752 1491 973 1562 pepercit
1010 1489 1092 1560 (Il
1120 1486 1289 1555 _Petr.
1335 1503 1395 1551 ιι,
1444 1486 1522 1554 4).
1574 1485 1642 1539 Ει
1695 1485 1748 1538 in
1799 1482 2039 1552 Epistola

453 1587 603 1643 ludat
634 1604 648 1640 :
681 1583 902 1654 Angelos
954 1582 1041 1653 qui
1079 1596 1182 1635 non
1214 1588 1539 1635 servaverunt
1577 1595 1731 1632 suum
1770 1577 2037 1646 principa-

452 1687 593 1738 tum,
626 1675 714 1728 sed
756 1672 1068 1738 reliquerunt
1109 1688 1261 1726 suum
1301 1670 1646 1736 domicilium,
1686 1670 1739 1722 in
1775 1668 2038 1737 judicium

450 1768 554 1821 diei
579 1766 752 1836 magni
775 1765 981 1819 αξιοι-πίε
1011 1762 1228 1817 vinculis
1260 1762 1532 1815 reservabit
1557 1760 1709 1832 (Iud.
1728 1760 1823 1831 vr).

525 1879 546 1913 ι
570 1858 702 1913 Nota
720 1871 940 1927 quoque
959 1864 1014 1910 et
1036 1855 1183 1918 illud,
1199 1854 1404 1924 quia,si
1427 1854 1587 1909 iidem
1612 1854 1785 1926 angeli
1812 1854 1862 1907 in
1877 1868 2034 1909 exor-
2065 1836 2107 1893 Β

450 1951 540 2006 dio
571 1949 889 2006 creationis.
912 1963 1023 2003 sum
1067 1948 1137 2001 ita
1173 1946 1381 2017 probati
1414 1961 1519 2016 non
1547 1955 1749 2010 essent,
1786 1945 1910 2000 licet
1938 1960 2032 1999 na-

451 2052 569 2097 tura
598 2040 1011 2111 przeclarissima
1042 2036 1322 2108 pollerent,
1358 2052 1456 2105 per
1502 2051 1562 2091 se
1608 2045 1783 2090 tamen
1832 2035 2033 2105 aliquid

447 2150 608 2205 posse
636 2134 1028 2199 existimantes,
1057 2139 1206 2185 tanto
1236 2130 1465 2198 nequius
1491 2129 1813 2199 quandoque
1842 2144 2033 2198 snper-

447 2226 645 2283 bieudo
674 2227 946 2289 caderent,
977 2230 1181 2293 quanto
1202 2220 1314 2291 jam
1349 2220 1552 2274 diutius
1591 2235 1649 2274 se
1682 2220 1886 2273 viribus
1913 2234 2035 2288 pro-

447 2318 582 2387 priis
625 2317 841 2372 stetisse
887 2314 1209 2379 crederent;
1246 2320 1303 2366 et
1347 2310 1401 2365 in
1446 2310 1749 2381 hujusmodi
1780 2310 2036 2365 dilatione

447 2426 555 2465 non
603 2417 811 2462 tantum
861 2405 1146 2477 angelicae,
1197 2403 1291 2459 sed
1336 2402 1496 2457 etiam
1544 2402 1793 2456 humanm
1841 2401 2034 2456 danma

444 2505 727 2559 evenirent
749 2510 972 2555 naturae.
998 2499 1152 2565 Quia,
1182 2512 1306 2552 eum
1333 2494 1602 2551 districtio
1628 2494 1806 2550 divina
1830 2491 2036 2564 angelis

446 2594 883 2665 superbientibus
917 2592 968 2645 in
1002 2590 1163 2659 initio
1205 2588 1424 2642 minime
1470 2588 1768 2649 resisteret,
1798 2585 2032 2639 lminana

446 2686 690 2757 profecto
713 2682 988 2753 superbia,
1022 2679 1359 2750 impunitatis
1389 2686 1549 2732 tanta:
1575 2691 1738 2731 causa
1769 2674 1937 2746 magis
1970 2693 2036 2729 ac

446 2776 618 2848 magis
659 2776 826 2831 Deum
885 2782 1258 2835 contemnens,
1287 2770 1517 2840 graviori
1570 2769 1785 2825 demum
1828 2768 2034 2837 judicio

444 2863 836 2937 prosternenda
881 2863 1119 2918 caderet.
1174 2861 1537 2928 Quamobrem
1585 2860 1714 2932 quid
1750 2859 1833 2915 vel
1877 2875 2036 2932 ange-

446 2959 549 3013 lica
583 2955 666 3032 vel
695 2957 927 3010 humana
961 2965 1154 3010 natura
1182 2970 1277 3026 per
1304 2970 1363 3011 se
1388 2954 1558 3025 possit
1583 2970 1708 3010 mox
1744 2955 1798 3010 in
1828 2955 2035 3011 utrius-

446 3065 552 3123 que
578 3048 733 3105 initio
770 3062 1036 3117 apparere
1069 3046 1331 3117 oportuit,
1380 3055 1440 3101 ut
1481 3062 1669 3102 eorum
1719 3062 1878 3102 casus
1923 3062 2057 3118 non.

446 3149 557 3194 tam
593 3138 693 3194 sibi
758 3138 1076 3209 eaiterisque
1117 3138 1390 3192 videretur
1438 3136 1824 3193 detrimentum
1869 3152 2030 3207 quam

445 3232 706 3288 doctrina:
736 3230 1083 3301 exemplum;
1120 3239 1173 3285 et
1212 3245 1276 3285 eo
1313 3228 1508 3285 fortius
1543 3230 1883 3299 postmodum
1924 3238 2033 3285 sta-

444 3334 569 3387 rent
594 3322 832 3392 mihique
863 3324 1105 3378 tenacius
1132 3323 1477 3399 inhaererent,
1511 3337 1618 3392 quo
1650 3321 1836 3391 majori
1862 3338 2029 3393 expe-

444 3416 689 3477 rimento
715 3431 810 3486 per
843 3425 1016 3472 semet
1055 3415 1129 3470 nil
1168 3430 1327 3489 posse
1362 3416 1724 3472 didiscissent.
1763 3417 2030 3472 Cteterum

445 3506 501 3560 hi
539 3508 735 3577 angeli,
758 3508 873 3577 qui,
903 3507 1113 3562 arbitrii
1142 3507 1389 3564 libertate
1429 3508 1553 3562 data
1582 3508 1815 3577 probati,
1847 3524 1878 3563 a
1905 3524 2029 3564 cuu-

444 3600 613 3654 sortio
659 3601 1010 3671 subiectionis
1066 3615 1199 3656 mea:
1244 3608 1436 3671 sponte
1478 3600 1866 3665 discesserunt,
1912 3600 2032 3655 ideo

442 3692 615 3749 veniae
640 3693 936 3749 remedium
967 3708 1073 3748 non
1117 3702 1451 3758 meruerunt,
1481 3694 1736 3763 quoniam
1764 3695 2031 3750 extrinse-

443 3799 540 3840 cus
569 3784 713 3841 nulla
740 3800 917 3840 rerutn
946 3786 1291 3849 necessitate,
1315 3784 1460 3839 nulla
1482 3785 1806 3841 intrinsecus
1825 3795 2036 3841 natura:

443 3889 556 3928 sua:
583 3875 650 3927 ad
677 3875 780 3929 hoc
805 3874 974 3929 coacti
1000 3885 1125 3928 sunt
1156 3874 1543 3943 imbecillitate,
1589 3876 1684 3931 sed
1736 3876 1869 3931 vitio
1913 3886 2034 3931 tan-

445 3966 722 4020 tummodo
765 3966 1031 4034 superbiae
1080 3980 1147 4019 ex
1193 3966 1307 4033 ipsa
1354 3966 1619 4023 libertatis
1668 3967 2049 4039 claritatisque,

444 4075 557 4116 suae
585 4060 904 4133 excellentia
934 4059 1124 4126 inflati,
1155 4063 1408 4132 potentiae
1456 4079 1589 4120 mete
1633 4067 2033 4136 prmsumebant

446 4152 718 4211 resistere.
749 4152 918 4207 Homo
947 4163 1126 4209 autem
1155 4153 1379 4224 primus,
1413 4155 1540 4211 licet
1562 4157 1825 4226 sapientia
1854 4159 2035 4214 multi-

447 4243 571 4313 plici
613 4252 670 4299 et
698 4244 1004 4300 conditione
1047 4244 1315 4314 spirituali
1348 4246 1420 4299 ita
1463 4254 1608 4300 esset
1635 4247 1927 4302 adornatus
1975 4256 2035 4302 ut

446 4338 719 4393 diceretur
753 4337 821 4392 ad
859 4338 1146 4409 imaginem
1173 4346 1228 4404 et
1258 4337 1665 4394 similitudinem
1695 4338 1786 4393 Dei
1828 4338 2033 4406 factus,

447 4430 573 4499 quia
603 4440 780 4484 tamen
810 4430 1141 4499 compositus
1178 4438 1298 4484 erat
1336 4444 1403 4484 ex
1436 4443 1600 4484 carne
1638 4429 1804 4496 lutea,
1837 4441 1892 4485 et
1921 4432 2035 4485 dia-

2142 573 2390 627 emndem
2446 574 2678 643 primum
2746 573 3019 629 hominem
3086 574 3341 646 singulari
3399 579 3730 637 conditionis

2141 659 2390 716 humanae
2425 662 2657 733 primatu
2693 664 3062 733 sapientiaque
3087 662 3409 730 laureatum,
3440 666 3535 721 sed
3558 667 3731 723 etiam

2140 767 2327 808 omnes
2351 753 2644 819 caelicolas,
2666 770 2896 824 quorum
2925 754 3256 810 excellentia:
3292 767 3545 811 creatura
3584 756 3729 812 nulla

2141 858 2505 917 comparatur,
2540 849 2742 918 absque
2787 850 3104 918 probatione
3131 864 3368 916 congrua
3416 864 3522 904 non
3571 864 3732 920 posse

2142 938 2387 993 mihimet
2440 938 2670 996 firmiter
2729 942 3016 1006 inhaerere,
3074 957 3175 997 nec
3228 956 3334 998 non
3385 942 3467 997 sui
3516 941 3733 1012 meique

2141 1031 2494 1087 differentiam
2543 1035 2824 1103 pervidere
2869 1052 2882 1087 :
2922 1047 3090 1104 .qnem
3144 1034 3398 1103 deinceps
3451 1034 3731 1088 hominum

2141 1134 2479 1189 canterorum,
2510 1140 2538 1178 a
2566 1125 2720 1195 primi
2752 1125 2982 1180 hominis
3002 1126 3285 1195 prudentia
3323 1126 3484 1180 insita
3525 1122 3732 1193 aliquid

2140 1214 2479 1281 distantium,
2510 1216 2795 1271 arbitraris
2839 1231 2958 1270 esse
2999 1224 3108 1271 tam
3137 1216 3457 1287 perfectum,
3497 1223 3579 1280 ut,
3611 1215 3732 1269 sine

2140 1307 2455 1372 tentatione,
2488 1323 2620 1362 mea:
2676 1308 3092 1377 magniﬁcentia:
3141 1321 3362 1377 suaeque
3417 1306 3734 1378 fragilitatis

2140 1408 2346 1454 certum
2391 1414 2587 1470 capere
2623 1400 2789 1468 possit
2826 1400 3299 1468 experimentum?

2217 1510 2235 1542 ι
2260 1491 2410 1558 Quod
2437 1494 2481 1547 si
2536 1492 2847 1547 tentationis
2889 1493 3116 1548 insolita:
3142 1492 3417 1548 molestias
3458 1507 3625 1561 super
3676 1501 3732 1549 te

2141 1581 2366 1638 irrnisse
2415 1584 2689 1648 causaris,
2748 1583 2966 1638 attende
3019 1598 3232 1653 quoque
3286 1583 3416 1653 quia
3472 1593 3528 1636 tu
3590 1596 3732 1653 pene

2141 1674 2359 1728 insolito
2389 1689 2539 1729 more
2581 1674 2813 1746 gratiam
2857 1689 3032 1729 meam
3060 1674 3337 1745 hucusque
3364 1676 3539 1746 magis
3561 1689 3731 1744 quam

2141 1761 2229 1815 alii
2258 1762 2438 1832 plures
2460 1763 2685 1832 adeptus
2718 1762 3023 1820 sis-Nonne
3054 1765 3145 1819 tibi
3173 1764 3444 1818 insolitum
3481 1765 3729 1829 videtur,

2137 1870 2166 1906 a
2203 1854 2431 1923 pueritia
2463 1868 2632 1923 usque
2657 1853 2710 1907 in
2741 1870 2980 1925 praesens
3006 1856 3331 1911 omnimodis
3354 1857 3732 1911 te‘seeleribus

2138 1944 2490 2013 implicatum,
2516 1959 2620 1998 non
2673 1944 2843 1999 solum
2888 1960 3075 2015 ptenas
3122 1946 3416 2016 condignas
3459 1950 3729 2011 evasisse,

2137 2033 2230 2088 sed
2244 2034 2429 2100 etiam,
2453 2034 2606 2104 quasi
2629 2033 2745 2088 vice
2766 2048 2945 2103 versa,
2974 2037 3089 2089 [nec
3109 2051 3228 2104 quae
3254 2036 3437 2090 multis
3463 2037 3733 2106 denegata

2137 2133 2263 2180 sunt
2305 2124 2591 2194 religiosis,
2641 2132 2696 2179 et
2742 2123 2908 2194 (quod
2951 2139 3055 2179 non
3106 2126 3311 2194 absque
3367 2125 3734 2182 admiratione

2138 2230 2328 2285 magna
2358 2216 2572 2285 pensari
2604 2214 2765 2285 Valet)
2800 2231 2920 2270 cutn
2952 2215 3137 2271 labore
3163 2231 3359 2287 magno
3392 2218 3735 2286 exquirenti-

2136 2308 2259 2373 bus,
2282 2323 2354 2362 .ea
2392 2307 2510 2362 nisu
2557 2307 2813 2364 facillimo
2851 2308 2990 2363 dona
3040 2309 3260 2378 pietatis
3300 2324 3434 2363 mea:
3486 2310 3731 2380 ingentia

2136 2398 2486 2469 percepisse?
2526 2399 2852 2465 Recordare,
2885 2414 3086 2468 quaeso.
3132 2400 3258 2470 quid
3305 2408 3360 2454 tu
3402 2399 3610 2470 absque
3654 2400 3732 2453 la-

2136 2492 2269 2547 bore
2310 2490 2471 2545 solito
2519 2490 2780 2546 hactenus
2823 2489 3229 2557 beneficiorum,
3276 2499 3334 2545 et
3371 2492 3497 2561 quid
3543 2492 3731 2548 caeteri

2137 2581 2318 2652 plures
2356 2584 2460 2637 mei
2498 2581 2654 2639 electi
2699 2583 3077 2652 experirentur
3116 2584 3506 2655 angustiarum,
3556 2584 3739 2658 pritth

2136 2690 2298 2746 quam
2345 2690 2533 2747 pacem
2575 2675 2659 2730 vel
2721 2668 2962 2746 requiem
2998 2676 3161 2731 ullam
3210 2691 3315 2732 non
3361 2678 3483 2732 dico
3534 2660 3734 2731 futurae

2137 2769 2232 2824 sed
2271 2769 2553 2840 praesentis
2580 2769 2703 2824 vitae
2736 2770 3063 2834 obtinerent,
3087 2770 3335 2840 quamvis
3372 2769 3618 2825 nonnulli
3648 2770 3734 2824 in-

2137 2867 2223 2915 ter
2248 2859 2507 2915 beneficia
2547 2860 2765 2915 demum
2801 2859 3019 2916 sibimet
3057 2860 3250 2916 collata
3286 2856 3609 2916 afﬂictiones
3637 2876 3733 2914 \‘a-

2136 2951 2249 3007 rias
2283 2950 2604 3022 perferrent.

2211 3061 2230 3095 ι
2256 3041 2322 3097 Ει
2360 3050 2418 3097 ιιι
2444 3043 2557 3097 haec
2582 3041 2824 3111 apertius
2855 3050 2947 3097 tuo
2972 3042 3313 3099 innotescant
3339 3042 3541 3109 animo,
3567 3057 3732 3112 quos-

2137 3135 2260 3191 dam
2289 3134 2381 3204 qui
2433 3133 2739 3202 huiusmodi
2787 3134 2950 3189 vitam
2989 3136 3278 3201 ducebant,
3309 3145 3418 3190 tam
3455 3138 3510 3190 in
3544 3136 3729 3193 V‘eteri

2135 3242 2298 3297 quam
2319 3227 2372 3280 in
2394 3223 2542 3280 Νοιό
2563 3224 2932 3293 Testamento,
2947 3242 3042 3298 per
3053 3228 3267 3283 nomina
3292 3229 3520 3283 recitare
3542 3231 3726 3300 cupio.

2136 3316 2324 3372 Scisne
2367 3325 2599 3388 quantos
2647 3316 2862 3372 labores
2905 3326 2959 3372 et
3006 3316 3380 3374 tribulationes
3415 3317 3588 3375 Jacoh
3629 3336 3730 3390 pa-

2135 3409 2374 3465 triarcha
2403 3409 2706 3480 pertulerit,
2754 3412 3070 3481 priusquam
3125 3411 3288 3466 ullam
3331 3414 3729 3468 benedictionis
3767 3412 3771 3417 ’

2134 3510 2403 3570 perceptas
2439 3514 2469 3554 a
2512 3509 2665 3570 patre
2707 3516 2806 3556 suo
2852 3501 3004 3556 Isaae
3041 3503 3270 3573 gratiam
3298 3506 3601 3574 promereri
3633 3521 3731 3575 po-

2135 3594 2335 3649 tuerit?
2357 3591 2514 3660 Natn,
2539 3606 2595 3649 ut
2614 3592 2841 3650 Genesis
2864 3594 2999 3651 liber
3024 3604 3273 3662 testatur,
3302 3597 3490 3652 oderat
3508 3613 3729 3669 semper

2133 3682 2273 3739 Esau
2322 3683 2487 3739 Jacob
2544 3699 2641 3754 pro
2690 3684 3066 3742 benedictione
3115 3702 3221 3758 qua
3276 3688 3632 3743 benedixorat
3676 3691 3726 3743 ei

2132 3783 2313 3845 pater:
2340 3776 2589 3846 ideoque,
2616 3786 2788 3832 matre
2815 3779 3097 3845 suadente,
3137 3781 3279 3834 idem
3306 3780 3471 3836 Jaeob
3502 3793 3730 3851 propter

2133 3865 2319 3921 fratris
2348 3877 2549 3921 metum
2592 3868 2866 3938 profectus
2906 3880 2991 3925 est
3032 3870 3088 3926 in
3126 3871 3396 3937 exsilium,
3435 3873 3527 3925 ubi
3557 3887 3731 3926 avuno

2133 3959 2254 4015 culo
2279 3975 2380 4015 suo
2404 3962 2810 4031 quatuordecim
2847 3978 3016 4019 annos
3050 3966 3292 4021 serviens
3319 3962 3572 4037 ignobilis
3604 3983 3729 4037 per-

2136 4069 2283 4111 sonae
2308 4059 2534 4112 sortitus
2567 4066 2649 4112 est
2680 4060 2973 4128 negotium.
3013 4059 3206 4115 Postea
3235 4076 3385 4126 vero,
3426 4078 3552 4117 cum
3584 4065 3728 4119 redi-

2135 4154 2221 4202 ret
2237 4147 2307 4201 ad
2331 4148 2582 4217 patriam,
2609 4148 2660 4202 in
2685 4158 2891 4204 tantum
2913 4151 3088 4207 adhuc
3111 4152 3295 4209 fratris
3313 4156 3532 4223 expavit
3563 4156 3723 4221 iram,

2136 4247 2218 4305 ut,
2245 4255 2346 4309 pro
2378 4240 2819 4296 reconciliatione
2858 4244 3072 4299 nuntios
3107 4245 3462 4315 praemittens,
3487 4262 3595 4302 non
3639 4264 3727 4302 so-

2132 4329 2242 4385 lum
2264 4347 2377 4399 iam
2418 4332 2666 4396 fratrem,
2716 4336 2809 4388 sed
2853 4344 2909 4389 et
2954 4336 3227 4391 dominum
3274 4338 3594 4408 appellaret,
3647 4340 3725 4394 di-

2133 4439 2298 4480 cens:
2334 4423 2422 4481 Sic
2467 4426 2741 4497 loquimini
2777 4420 2989 4482 domino
3040 4445 3152 4484 meo
3194 4427 3361 4484 Esau.
3417 4430 3549 4485 Ilaec
3595 4433 3723 4485 dicit

447 4521 555 4577 buli
588 4530 893 4591 praeventus
922 4523 1235 4577 scductione
1261 4531 1424 4593 atque
1456 4522 1674 4585 astutia,
1703 4536 1800 4591 pro
1825 4536 2031 4592 pragce-
2060 4560 2112 4621 ι)
2135 4514 2299 4586 frater
2348 4524 2469 4571 tuus
2514 4530 2535 4569 .'
2583 4516 2736 4571 Mitto
2778 4534 2916 4571 nunc
2955 4518 3264 4589 legationem
3321 4522 3390 4573 ad
3447 4522 3721 4575 dominum

445 4610 523 4682 pti
580 4611 685 4666 mei
741 4612 1172 4683 transgressione
1219 4613 1428 4667 veniam
1462 4613 1698 4679 meruit;
1744 4627 1807 4668 ea
1852 4626 2031 4668 tamen

451 4704 663 4760 ratione
683 4713 760 4771 ut,
787 4703 988 4773 eiectus
1016 4706 1082 4761 de
1107 4707 1356 4776 paradiso
1384 4706 1695 4777 voluptatis,
1717 4720 2035 4778 operaretur

452 4805 655 4851 terram
698 4795 765 4849 de
804 4811 907 4864 qua
937 4806 1185 4866 sumptus
1214 4805 1315 4862 est,
1338 4806 1392 4851 et
1423 4797 1476 4851 in
1504 4797 1699 4853 sudore
1725 4810 2034 4856 vesccrctur

450 4898 610 4956 pane.
648 4884 800 4952 Quod
836 4884 1043 4940 scilicet
1078 4897 1132 4940 et
1172 4884 1325 4953 juxta
1351 4885 1585 4941 litteram
1636 4888 1703 4942 de
1741 4889 2031 4959 corporali,

451 4984 512 5030 ut
537 4989 600 5030 ea
650 4990 768 5045 quae
794 4976 846 5029 in
880 4976 979 5031 hoc
1017 4976 1211 5049 exsilio.
1236 4977 1448 5047 corpori
1495 4988 1675 5032 essent
1705 4979 2031 5047 necessaria,

450 5081 580 5108 nstra
627 5065 894 5108 μείναιμι-μί
942 5068 1124 5108 νιινίει-
1173 5077 1222 5108 με
1268 5068 1333 5110 ἀρ
1374 5068 1635 5110 αηίνίιιιξιιῖ
1682 5085 1819 5106 ιιι-ινα
1873 5071 1922 5110 LI
1950 5079 2030 5112 ne!

2136 4625 2306 4663 meum
2328 4649 2343 4674 ,
2379 4620 2433 4663 ut
2478 4610 2735 4664 inveniam
2777 4612 3001 4680 gratiam
3036 4612 3091 4666 in
3129 4622 3401 4683 conspectu
3436 4622 3528 4666 tuo
3565 4612 3718 4683 (Gen.

2136 4717 2308 4768 xxxtt,
2333 4703 2413 4773 4).
2453 4705 2587 4758 Cum
2629 4713 2810 4757 autem
2853 4704 3229 4761 advenientem
3272 4704 3501 4760 fratrem
3529 4706 3720 4777 procul

2134 4792 2377 4860 vidisset,
2407 4810 2517 4865 prae
2548 4796 2738 4850 timore
2768 4796 2820 4849 in
2867 4806 3069 4851 teriam
3114 4799 3334 4864 cadens,
3367 4797 3571 4867 septies
3593 4798 3722 4853 ado-

2133 4886 2274 4939 rarit
2311 4886 2482 4941 donec
2520 4888 2995 4958 appropinquaret.
3047 4888 3276 4944 Videsne
3319 4905 3448 4959 ergo
3487 4902 3720 4961 quantas

2135 4977 2452 5034 aﬂlictiones
2506 4981 2594 5035 ille
2645 4990 2829 5036 tantus
2875 4984 2961 5036 vir
3009 4985 3364 5048 sustinuerit,
3420 4998 3716 5055 antequam

2134 5069 2325 5112 nnltilin
2377 5068 2554 5112 :tlimm
2599 5068 2988 5112 Itunmlimimnie
3042 5074 3319 5112 nmnnieczn
3360 5073 3717 5112 oneratum-it?
