3942 5340
200 173 303 234 219

1336 172 1460 227 Lm.
1504 173 1589 227 ne
1627 172 1855 230 censu
1899 140 2305 232 sruu'ruau.

3362 177 3468 237 2'50

201 301 621 360 pressuramque
653 285 927 350 sustinuit,
975 295 1054 348 ut,
1093 285 1234 339 sicut
1278 286 1343 339 de
1388 302 1453 339 eo
1504 286 1788 341 Psalmista
1821 291 1865 349 Α
1895 285 2220 342 mitarcntur
2264 286 2469 357 jugtter
2498 301 2725 357 corpore
2769 304 2833 345 ac
2873 298 3050 346 mente
3102 277 3263 360 lideli,
3297 298 3473 351 mani-

200 385 612 440 commemorat,
643 376 837 444 ferrum
876 375 1212 445 pertransiret
1253 377 1483 429 animant
1519 377 1656 445 ejus,
1699 378 1793 431 do-

200 487 290 525 nec
312 471 512 524 veniret
540 469 742 523 verbum
771 467 885 536 ejus
910 467 1083 536 (Psal.
1127 482 1238 531 etv,
1276 466 1388 537 18),
1423 468 1474 521 id
1497 477 1597 527 est.
1629 478 1785 524 ante-

200 577 357 631 quam
382 561 691 631 perciperet
710 560 1145 629 prmdcstinatam
1167 570 1220 614 et
1246 560 1534 614 revelatam
1557 569 1794 630 potesta-

199 665 325 716 tein,
378 667 547 722 quam
596 668 699 706 non
741 651 912 706 solum
963 665 1125 721 super
1180 651 1325 705 omni
1381 651 1647 724 Aigypto,
1696 659 1791 707 sed

197 745 355 796 etiam
385 757 559 812 super
587 742 792 798 cunctis
828 742 1088 797 fratribus
1133 743 1247 798 suis
1283 743 1351 797 ad
1382 758 1441 799 se
1468 759 1566 814 pro
1609 745 1790 815 inepia

197 835 639 906 confugientibus
677 850 1025 905 possessnrus
1064 846 1204 890 erat.

269 946 287 978 ι
309 926 526 981 Similia
555 926 720 981 etiam
741 926 985 981 invenire
1009 925 1154 982 vales
1175 927 1240 982 de
1267 926 1358 983 illo
1381 927 1652 997 praecipuo
1672 927 1793 983 viro

198 1020 399 1091 Hoyse,
429 1030 483 1073 et
514 1018 720 1072 tantulo
761 1033 881 1072 meo
910 1018 1101 1083 David,
1125 1027 1179 1073 et
1217 1019 1284 1073 de
1326 1029 1516 1074 sancto
1547 1019 1785 1084 Daniele,

199 1112 286 1181 qui
314 1126 533 1175 omnes,
568 1110 691 1165 licet
719 1109 1027 1180 disparibus
1063 1111 1259 1175 modis,
1290 1120 1417 1165 ante
1463 1121 1515 1164 et
1547 1121 1664 1181 post
1703 1126 1795 1165 su-

199 1219 438 1278 sceptam
492 1207 809 1276 dignitatem
862 1205 1235 1260 tribulationes
1281 1206 1629 1276 periculaque
1677 1222 1791 1261 ma-

198 1299 340 1352 xima
369 1297 736 1367 pertulerunt.
761 1296 919 1350 Tales
945 1297 1110 1351 etiam
1139 1296 1238 1350 viri
1269 1296 1419 1350 nmlti
1444 1297 1793 1351 inveniuntur

200 1390 248 1442 in
277 1388 480 1452 Veteri,
503 1388 594 1441 sed
633 1386 801 1441 multo
828 1386 1009 1456 plures
1039 1387 1093 1441 in
1133 1386 1480 1442 Testamento
1506 1388 1652 1443 Novo
1695 1388 1789 1458 qui

200 1491 346 1534 tanto
373 1480 582 1549 majora
613 1480 757 1549 passi
792 1489 917 1534 sunt
939 1479 1271 1544 discrimina,
1313 1494 1519 1551 quanto
1549 1496 1652 1535 non
1676 1480 1789 1550 jam

198 1571 483 1641 pnesentia
529 1571 660 1636 ulla,
709 1570 802 1624 sed
849 1573 1222 1627 tantummodo
1262 1573 1443 1627 futura
1486 1584 1543 1629 et
1586 1582 1785 1629 acterna

1894 376 2090 431 festum
2120 386 2205 431 est
2232 386 2410 432 tamen
2440 379 2659 434 eosdem
2700 395 2796 451 pro
2828 396 3004 435 rerum
3037 398 3255 439 suarum
3284 387 3473 442 dimis-

1894 469 2067 533 sione,
2100 483 2197 523 nec
2244 484 2350 524 non
2400 485 2497 540 pro
2541 472 2793 527 humana:
2832 471 3137 544 fragiliatis
3180 478 3465 538 occasione

1893 560 2094 615 diutius
2123 576 2153 615 a
2185 560 2399 615 diabolo
2437 562 2631 617 tentari
2671 578 2735 618 ac
2783 563 3017 636 fatigari,
3069 568 3302 623 maxime
3344 584 3468 625 cum

1893 662 1949 708 et
2002 654 2116 725 ipse
2180 653 2440 710 Dominus
2496 656 2818 712 tentationes
2875 658 2990 725 ejus
3049 660 3275 717 voluerit
3334 663 3466 733 pati.

1898 741 2049 798 Unde
2077 743 2142 797 ad
2173 746 2391 800 eosdem
2436 746 2706 817 apostolos
2734 748 2862 802 dicit
2888 767 2902 803 :
2941 749 3041 804 Vos
3085 753 3207 805 estis
3234 754 3324 824 qui
3349 771 3474 822 per-

1892 836 2160 891 mansistis
2207 853 2406 891 mecum
2444 838 2498 891 in
2531 838 2902 893 tentationibus
2947 842 3072 895 meis
3120 842 3280 914 (Luc.
3330 860 3466 910 uti,

1892 924 2020 996 28).
2074 926 2339 982 Prmterea
2381 929 2726 985 tribulatione
2776 932 3161 1000 premebantur
3207 937 3467 1003 maxima,

1893 1033 2016 1071 cum
2065 1018 2237 1088 ipsum
2284 1019 2589 1077 Dominum.
2643 1021 2695 1074 iu
2741 1034 2848 1090 quo
2892 1037 3105 1077 omnem
3137 1039 3284 1094 spem
3316 1042 3469 1082 suam

1895 1112 2186 1181 ponebant,
2230 1113 2611 1182 comprehendi
2656 1112 2725 1167 ab
2771 1113 3077 1170 hominibus
3116 1118 3469 1187 pravissimis,

1895 1210 1951 1256 et
1980 1201 2237 1271 ﬂagellari
2283 1214 2565 1273 morteque
2609 1205 2914 1272 turpissima
2954 1206 3296 1263 comlenmari
3325 1210 3473 1265 vide-

1894 1292 2045 1347 bant.
2087 1289 2222 1346 Huic
2270 1301 2450 1346 autem
2501 1292 2832 1347 tribulationi
2872 1298 3135 1350 successit
3181 1305 3233 1351 et
3278 1296 3472 1367 altera,

1893 1383 2020 1453 quia
2086 1383 2297 1438 scilicet
2353 1393 2574 1455 propter
2620 1385 2928 1441 inusitatam
2984 1386 3195 1459 sibique
3247 1390 3471 1447 invisam

1896 1477 2031 1531 tanti
2081 1476 2321 1548 Magistri
2367 1479 2707 1547 passionem,
2756 1479 2881 1536 licet
2920 1484 3254 1551 argumentis
3292 1485 3475 1542 multis

1895 1568 2245 1638 patefactam,
2312 1569 2399 1623 vix
2462 1570 2578 1640 ejus
2639 1571 2935 1626 credebant
2997 1575 3470 1631 resurrectionem.

199 1663 577 1718 desiderabam
620 1663 864 1733 pmmia.
918 1663 996 1717 mi
1041 1680 1272 1734 namque
1300 1664 1392 1734 qui
1436 1675 1562 1720 ante
1614 1664 1784 1735 legem
1821 1649 1864 1709 Β
1894 1661 2042 1715 Inter
2068 1662 2182 1716 haec
2210 1676 2424 1730 quoque
2454 1662 2801 1717 nihilominus
2827 1666 3205 1734 persecutione
3234 1681 3296 1722 ac
3326 1680 3473 1725 metu

198 1758 274 1812 vel
305 1758 406 1811 sub
443 1757 561 1827 lege
593 1757 844 1827 religiose
877 1758 1151 1821 vixerunt,
1197 1756 1324 1811 licet
1344 1755 1474 1825 justi
1508 1757 1787 1826 sanctique

199 1858 397 1912 essent,
428 1848 601 1919 magis
634 1858 811 1903 tamen
838 1849 906 1903 ab
937 1847 1060 1902 aliis
1079 1863 1239 1916 quam
1268 1863 1298 1901 a
1327 1846 1633 1916 semetipsis
1666 1846 1785 1901 illa—

200 1952 279 1995 tas
323 1941 704 1995 tribulationes
758 1939 1150 1994 sustinuerunt.
1211 1938 1299 1993 fsti
1362 1947 1541 1992 autem
1592 1937 1788 2006 quibus

199 2044 419 2089 exortus
447 2041 534 2089 est
565 2047 728 2088 verus
761 2032 987 2103 justitia:
1030 2032 1132 2095 sol,
1189 2032 1240 2086 id
1272 2041 1356 2086 est
1392 2031 1663 2096 Christus,
1695 2030 1786 2101 qui

201 2125 378 2178 dixit:
411 2122 473 2179 Si
515 2126 634 2195 quis
680 2124 786 2177 ruit
831 2133 944 2193 post
986 2139 1066 2177 nte
1106 2123 1296 2187 venire,
1349 2123 1562 2192 abneget
1608 2133 1791 2175 semet-

200 2219 386 2286 ipsum,
412 2227 461 2270 et
492 2215 639 2269 toi‘lat
664 2231 868 2269 crucem
897 2230 1072 2278 suam,
1101 2224 1149 2268 et
1177 2224 1431 2284 sequatur
1453 2229 1535 2267 me
1568 2212 1784 2281 (Matth.

202 2325 284 2362 ιιι
328 2309 453 2380 24);
495 2319 551 2363 et
582 2309 777 2363 iterum
808 2322 823 2361 :
851 2307 955 2373 Qui
984 2317 1127 2361 amat
1156 2306 1388 2360 animam
1410 2323 1583 2371 suam,
1609 2306 1786 2377 perdet

204 2420 310 2456 eam
349 2403 534 2468 (Joan.
584 2416 679 2465 xu,
714 2400 833 2468 i5),
866 2399 1169 2469 hujusmodi
1213 2399 1532 2454 rudimentis
1583 2400 1786 2454 incitati

204 2490 839 2561 semetipsosolferebaut
871 2490 1193 2555 tortoribus;
1225 2496 1298 2553 et,
1335 2490 1379 2545 si
1429 2499 1601 2545 tortor
1647 2490 1785 2545 alius

204 2585 471 2649 defuisset,
502 2599 623 2639 sese
652 2599 774 2638 cum
802 2583 947 2637 vitiis
984 2592 1039 2637 et
1090 2583 1544 2652 concupiscentiis
1572 2598 1786 2654 semper

204 2679 601 2749 crucifigebant.
645 2676 876 2747 Ideoque
923 2692 1029 2731 non
1080 2675 1236 2731 facile
1286 2686 1560 2731 terrenam
1606 2677 1783 2733 sortiti

206 2780 319 2825 sunt
345 2771 683 2840 dignitatem,
708 2770 801 2824 sed
824 2768 1026 2838 iugiter
1053 2768 1402 2823 intendebant
1430 2768 1496 2823 ad
1521 2768 1781 2839 spiritua-

207 2864 321 2928 lcm;
336 2864 584 2917 videlicet
600 2860 705 2934 [ut]
721 2862 817 2932 ipsi
833 2869 1004 2916 semet
1020 2870 1206 2915 contra
1221 2859 1516 2915 diabolicas
1535 2860 1785 2915 tentatio-

208 2970 293 3008 nes
323 2954 533 3008 fortiter
565 2954 864 3018 munirent,
889 2951 1133 3022 aliosque
1161 2951 1424 3020 exemplis
1462 2951 1573 3006 suis
1602 2952 1782 3006 erudi-

1890 1750 2198 1807 Judteorum
2222 1753 2613 1810 adiciebantur.
2640 1755 2826 1812 Tantis
2852 1759 3015 1828 igitur
3039 1760 3475 1819 tribulatio..ii.us

1890 1844 2118 1911 apostoli
2180 1852 2304 1899 sunt
2350 1844 2532 1900 amicti
2584 1861 2683 1901 nec
2729 1863 2833 1901 non
2875 1849 3106 1918 probati,
3158 1852 3473 1923 priusquam

1891 1936 1943 1990 in
1974 1937 2084 2002 illo,
2126 1953 2233 2005 quo
2264 1938 2497 2004 ponendi
2542 1948 2721 2004 erant,
2772 1942 2936 1996 totius
2984 1942 3240 1998 Ecclesiae
3284 1944 3475 2000 funda-

1890 2037 2072 2082 mento
2105 2030 2520 2096 collocarentur,
2558 2032 2871 2102 priusquam
2920 2033 3085 2088 ullum
3137 2034 3338 2091 laboris
3385 2037 3470 2092 sui

1889 2116 2124 2172 fructum
2155 2119 2238 2172 vel
2264 2128 2589 2188 potestatem
2633 2121 2684 2174 in
2714 2123 2997 2177 animabus
3042 2125 3315 2180 lucrandis
3360 2142 3474 2182 me-

1891 2210 2130 2264 ruissent
2161 2210 2405 2279 adipisci.
2452 2209 2559 2265 Sed
2610 2211 2691 2265 his
2736 2213 3058 2282 generaliter
3100 2215 3166 2269 de
3212 2215 3472 2285 apostolis

1889 2301 2139 2356 omnibus
2168 2301 2415 2371 prolatis,
2446 2318 2588 2357 nunc
2616 2303 2743 2356 libet
2774 2304 2840 2359 de
2867 2302 3048 2375 aliquo
3074 2305 3283 2361 illorum
3310 2317 3473 2362 caete-

1891 2408 2183 2463 rorumque
2230 2392 2451 2448 Patrum
2504 2394 2814 2465 specialiter
2841 2397 3074 2467 exempli
3112 2398 3284 2468 gratia
3319 2414 3472 2453 men-

1890 2487 2091 2542 tionem
2115 2485 2319 2551 laeere,
2344 2486 2472 2556 quid
2504 2488 2873 2557 unusquisque
2896 2504 3081 2544 eorum
3112 2489 3473 2546 tribulationis

1887 2587 1940 2633 et
2000 2577 2263 2646 angustiae
2318 2587 2445 2633 ante
2494 2577 2577 2632 vel
2629 2586 2750 2648 post
2807 2587 3115 2649 perceptam
3173 2580 3475 2650 spiritualis

1887 2668 2075 2739 gratia:
2096 2667 2480 2722 sublimitatem
2512 2668 2815 2737 pertulerit,
2848 2679 2927 2735 ut,
2972 2684 3094 2724 cum
3129 2677 3237 2724 tam
3269 2671 3464 2741 praeci-

1885 2772 2022 2827 puos
2048 2756 2240 2812 Patres
2262 2758 2565 2812 innumeris
2590 2757 3026 2814 tribulationibus
3050 2757 3276 2814 afflictos
3304 2773 3470 2831 agno-

1887 2852 2065 2917 veris,
2120 2851 2389 2906 insolitam
2452 2852 2623 2922 magis
2678 2853 2908 2923 gratiam
2956 2869 3118 2923 quam
3167 2853 3470 2909 molestiam

1887 2942 2048 2998 ullius
2087 2944 2400 2998 tentationis
2442 2943 2703 2999 hactenus
2745 2958 2868 3000 esse
2904 2943 2998 2999 tibi
3042 2943 3289 2999 collatam
3338 2958 3469 3015 pro-

208 3058 334 3101 rent.
379 3047 786 3110 Verumtamen,
820 3045 1135 3115 priusquam
1175 3044 1484 3114 passionum
1534 3045 1780 3115 propria-
1810 3010 1855 3073 Ο
1886 3032 2017 3087 bare
2057 3032 2251 3103 pOSSiS-

208 3158 313 3195 rum
340 3141 567 3196 victoria
593 3149 647 3193 et
675 3153 809 3210 pace
839 3137 1149 3193 fruerentur
1182 3137 1262 3192 vel
1290 3136 1559 3206 aliquibus
1591 3151 1783 3208 regen-

207 3234 280 3287 dis
319 3228 803 3304 prmponerentnr,
854 3230 1083 3300 plurima
1129 3227 1469 3299 pertulerunt
1518 3228 1783 3299 pericula,

208 3327 355 3380 multa
390 3326 728 3380 transierunt
762 3333 1023 3393 tempora.
1064 3321 1291 3389 Quidam
1316 3322 1502 3387 etiam,
1536 3322 1589 3377 in
1631 3322 1785 3393 spiri-

207 3417 321 3471 tuali
340 3417 599 3488 dignitate
608 3415 722 3485 jam
736 3415 1041 3479 constituti,
1066 3422 1262 3483 prmter
1282 3413 1597 3468 alllictiones
1620 3430 1782 3484 spon-

208 3506 782 3575 taneas,,:egritudinis
826 3504 906 3559 vel
951 3503 1346 3574 persecutionis
1375 3503 1539 3558 varia:
1575 3503 1782 3571 flagella

204 3601 265 3656 ob
293 3602 613 3657 humilitatis
643 3601 948 3657 custotiam
977 3617 1005 3654 a
1035 3615 1119 3654 me
1159 3599 1475 3654 transmissa
1514 3608 1683 3670 usque
1717 3598 1783 3654 ad

206 3692 352 3748 tinem
378 3691 504 3748 vitai
536 3692 822 3764 prmsentis
852 3699 977 3745 sunt
1000 3690 1183 3761 'passi.
1224 3689 1484 3757 Quamvis
1511 3704 1641 3761 ergo
1686 3690 1784 3744 hu-

198 3782 416 3852 iusmodi
444 3786 592 3839 viros
628 3780 1070 3845 innumerabiles,
1104 3789 1164 3835 ut
1198 3779 1565 3852 supradictum
1594 3790 1698 3842 est,
1728 3781 1781 3835 in

205 3876 543 3934 Testamento
585 3875 737 3931 Novo
795 3879 972 3946 possis
1034 3874 1296 3939 invenire,
1349 3872 1558 3945 aliquos
1606 3882 1781 3929 tamen

203 3971 418 4042 exempli
445 3971 620 4044 gratia
658 3969 947 4025 nominare
977 3966 1116 4033 volo,
1147 3975 1225 4033 ut,
1259 3981 1380 4022 cum
1407 3967 1507 4021 hos
1535 3965 1586 4020 in
1626 3966 1780 4021 testi-

203 4064 425 4117 monium
478 4076 847 4134 assumpsere,
897 4058 1111 4113 facilius
1165 4072 1426 4128 agnoscas
1463 4056 1781 4127 qualitatem

203 4163 530 4209 (νιιξιοι-οιιιιιι.

272 4264 289 4295 ι
317 4244 372 4299 In
403 4245 595 4316 primis
622 4244 806 4313 itaque
839 4240 1110 4311 apostolos
1157 4239 1367 4294 Domini
1412 4236 1538 4293 Jesu
1578 4238 1779 4294 Christi

204 4337 408 4391 attende
446 4335 575 4406 quid
627 4333 1038 4398 laboraverint,
1087 4332 1215 4402 quid
1263 4330 1585 4401 pertulerint
1628 4339 1780 4385 ante-

205 4444 349 4498 quam
382 4429 615 4497 aliquem
648 4426 856 4481 laboris
886 4414 967 4478 sui
1005 4423 1261 4487 fructum,
1300 4432 1586 4492 antequam
1613 4421 1780 4476 subli-

204 4522 395 4576 mitatis
420 4520 782 4592 percipiendae
813 4517 1058 4589 gradum,
1097 4532 1200 4570 non
1228 4515 1349 4569 dico
1377 4515 1427 4567 in
1455 4512 1655 4578 futura,
1684 4515 1778 4569 scd

206 4610 251 4664 in
273 4613 519 4681 prtesenti
550 4619 759 4664 tantum
786 4609 921 4671 vita,
951 4607 1038 4661 ubi
1063 4605 1322 4661 Ecclesia:
1349 4603 1614 4658 universa:
1642 4619 1779 4673 pra:-

205 4702 393 4758 feremli
423 4713 599 4768 erant,
631 4699 997 4773 possederint.
1028 4698 1166 4752 Dicit
1192 4697 1358 4760 enim,
1390 4703 1445 4748 ut
1468 4693 1775 4765 evangelica

208 4796 352 4850 rerba
399 4806 692 4861 testantur,
750 4795 867 4864 ipse
919 4792 1124 4862 primus
1174 4787 1540 4861 apostolorum
1591 4787 1774 4844 Simon

209 4886 381 4943 Petrus
409 4891 474 4943 ad
504 4888 684 4943 Iesum
715 4905 731 4941 :
763 4885 902 4939 Ecce
935 4901 1028 4938 nos
1063 4883 1365 4955 reliquimus
1396 4883 1571 4936 omnia
1605 4892 1652 4936 et
1688 4898 1773 4936 se-

211 4981 299 5033 cuti
324 4997 495 5034 sumus
526 4991 592 5046 te,
623 4978 755 5052 quid
783 4990 908 5045 ergo
937 4976 1033 5028 erit
1064 4974 1248 5029 nobis?
1277 4971 1492 5045 (Matt/1.
1522 4989 1635 5038 tux,
1657 4969 1774 5038 27.)

214 5070 331 5136 Quid
358 5084 531 5127 autem
561 5074 611 5128 in
644 5072 733 5128 his
760 5068 963 5129 verbis,
992 5068 1077 5122 ubi
1102 5070 1292 5124 beatus
1318 5065 1510 5121 Petrus
1535 5082 1591 5121 sc
1622 5077 1776 5120 suos-

216 5179 303 5229 que
338 5167 665 5234 coapostulos
717 5160 905 5217 omnia
954 5160 1234 5230 reliquisse
1271 5158 1427 5219 dicit,
1469 5157 1773 5227 intelligen-

216 5263 319 5308 dum
374 5269 540 5325 putas,
593 5257 728 5319 nisi,
787 5250 934 5321 quod
987 5252 1233 5306 maxima:
1287 5246 1619 5303 difficultatis
1673 5252 1774 5309 est,

1963 3143 1982 3177 ι
2010 3126 2245 3180 Attende
2266 3139 2396 3196 ergo
2438 3123 2504 3180 ad
2530 3135 2775 3182 sanetum
2807 3125 3032 3182 Paulum
3061 3127 3383 3197 apostolum,
3414 3135 3470 3184 et

1887 3217 2173 3298 considera
2217 3227 2349 3287 quot
2383 3232 2671 3287 perpessus
2704 3219 2866 3273 fuerit
2904 3213 3100 3290 genera
3131 3222 3467 3290 persecutio-

1888 3324 2037 3362 num.
2062 3306 2220 3374 Nam,
2245 3309 2386 3363 sicut
2412 3309 2464 3362 iu
2493 3309 2631 3364 libro
2658 3311 2888 3365 Actuum
2922 3312 3284 3381 apostolorum
3310 3322 3365 3369 et
3408 3315 3465 3369 in

1887 3401 2056 3472 ipsius
2082 3401 2336 3472 Epistolis
2358 3402 2501 3457 valet
2533 3403 2774 3472 agnosci,
2795 3413 3076 3474 postquam
3099 3406 3319 3460 Christo
3338 3405 3467 3460 Jesu

1885 3504 2117 3551 vocante
2142 3496 2209 3550 ad
2234 3498 2645 3552 conversionem
2679 3497 2846 3564 venit,
2894 3511 3166 3567 nunquam
3197 3495 3312 3553 fere
3350 3498 3470 3553 sine

1886 3588 2290 3643 adversantium
2341 3590 2889 3660 persequentiumque
2935 3590 3189 3661 periculis
3235 3592 3466 3647 exstitit.

1885 3682 2015 3753 Ejus
2059 3697 2273 3753 quoque
2314 3681 2572 3753 collegam
2623 3684 2675 3738 in
2722 3684 3154 3753 persecutionum
3205 3684 3469 3741 duntaxat

1885 3775 2279 3829 numerositate
2325 3774 2721 3841 Athanasium,
2780 3774 3159 3830 Alexandrina:
3211 3775 3467 3832 Ecclesia:

1882 3865 2186 3936 ptasulem,
2214 3864 2419 3935 accipe.
2449 3865 2573 3932 Qui,
2598 3866 2737 3921 sicut
2761 3865 2813 3920 in
2843 3865 3076 3921 Historia
3099 3867 3466 3924 ecclesiastica

1883 3957 2097 4029 legitur,
2133 3972 2257 4013 mox
2289 3967 2412 4028 post
2448 3965 2756 4027 susceptam
2793 3958 3114 4027 praesulatus
3147 3958 3464 4029 dignitatem

1883 4064 1983 4119 pro
2013 4049 2277 4104 catholica
2328 4048 2451 4102 fidei
2498 4049 2812 4103 defensione
2860 4049 3137 4112 laborans,
3185 4051 3467 4105 immensis

1884 4143 2263 4198 haereticorum
2298 4141 2735 4212 persequentium
2774 4140 2982 4195 insidiis
3018 4155 3154 4211 pene
3185 4156 3354 4211 usque
3395 4141 3465 4196 ad

1884 4235 2007 4288 vine
2030 4249 2139 4289 suae
2162 4232 2320 4287 finem
2342 4232 2695 4286 aﬂiciebatur.
2721 4229 2811 4285 Sic
2832 4231 3029 4300 quippe
3052 4232 3116 4284 de
3137 4246 3203 4285 eo
3226 4230 3461 4288 Historia

1883 4324 2246 4380 ecclesiastica
2279 4321 2481 4377 refert:
2511 4321 2704 4391 Hujus,
2733 4321 2926 4391 inquit,
2958 4324 3092 4375 tanti
3129 4324 3184 4376 in
3225 4321 3480 4379 Ecdeu‘a

1884 4432 1979 4487 pro
2018 4416 2146 4483 ﬁdei
2179 4414 2474 4484 integritate
2508 4429 2698 4483 agones
2725 4411 2959 4481 fuerunt,
2992 4423 3045 4466 ut
3073 4414 3229 4467 etiam
3271 4414 3337 4467 de
3365 4414 3464 4468 ltoc

1885 4507 2083 4560 dictant
2111 4521 2220 4560 esse
2258 4505 2495 4559 videatur
2525 4505 2662 4575 quod
2696 4505 2945 4573 scriptum
2972 4513 3087 4557 est:
3123 4522 3140 4555 ι
3175 4502 3285 4571 Ego
3323 4504 3463 4556 enim

1885 4600 2153 4651 ostendam
2190 4596 2235 4649 ei
2282 4604 2481 4666 quanta
2527 4610 2644 4648 eum
2691 4603 2922 4663 opor:et.=t
2962 4594 3071 4662 pati
3116 4609 3210 4661 pro
3257 4595 3465 4647 nomine

1884 4703 1997 4742 meo
2028 4687 2173 4758 (Act.
2208 4701 2293 4752 ιχ,
2327 4685 2444 4754 16).
2475 4703 2493 4735 ι
2533 4682 2601 4737 In
2642 4684 2798 4753 hujus
2845 4699 3064 4752 namque
3111 4683 3466 4752 persecutione

1885 4780 2155 4833 universus
2184 4778 2472 4849 conjuravit
2513 4776 2677 4842 orbis,
2700 4788 2746 4830 et
2779 4776 3023 4828 connuoti
3056 4788 3171 4828 sun:
3206 4774 3467 4842 principes

1882 4883 2067 4938 terrw;
2095 4887 2290 4944 gentes,
2333 4887 2509 4941 regna,
2545 4871 2802 4923 exercitus
2847 4877 3189 4920 convenerunt
3219 4865 3464 4917 adversus

1883 4983 2022 5022 eum.
2052 4966 2157 5023 Ille
2182 4977 2353 5023 autent
2382 4964 2614 5018 dirintmt
2645 4964 2776 5018 illud
2805 4963 3137 5017 conservabat
3180 4955 3458 5024 eloquium,

1884 5058 2060 5112 dicens
2083 5076 2102 5115 :
2131 5080 2149 5113 ι
2175 5060 2237 5116 Si
2259 5054 2843 5113 εοηεὶειαηιιιάισενειιηι
2866 5068 2946 5106 me
2969 5063 3164 5112 castra,
3191 5062 3290 5100 non
3312 5056 3465 5098 nme-

1886 5150 1958 5203 bit
1985 5165 2077 5203 cor
2121 5165 2331 5217 meum;
2375 5148 2420 5200 si
2458 5146 2694 5217 insurgat
2736 5142 2996 5218 prwlium,
3026 5142 3079 5194 in
3107 5139 3203 5191 ltoc
3230 5149 3320 5203 ego
3348 5150 3466 5203 spe-

1887 5237 2452 5310 rabo(Psal.xxvt,'5).
2477 5257 2494 5289 ι
2518 5236 2610 5292 Isti
2642 5240 2806 5308 igitur
2832 5236 2936 5289 duo
2956 5233 3054 5284 viri
3080 5232 3131 5283 in
3156 5224 3460 5293 exemplum

3224 5332 3253 5340 αι
3286 5314 3459 5340 ΑΔΙ-ι-ιια
