3942 5340
452 346 551 405 231
1487 343 1782 401 οτιιιιοΝι
1821 343 2037 400 ΜΟΝΛ(

2171 346 2229 402 S.
2269 345 2693 404 EMMERAMMI
3624 353 3732 423 25;

452 468 793 529 pertulerunt
825 467 878 515 te
907 473 1123 531 passum
1158 472 1279 514 esse
1326 458 1566 514 noveris.
1619 457 1700 514 Tu
1745 458 1890 513 enim
1939 473 2036 529 pro
2064 475 2113 529 Α
2141 458 2400 516 llauunati
2438 471 2496 516 ut
2525 461 2738 521 labores
2768 478 3035 521 maximos
3058 481 3158 538 pro
3198 470 3581 540 consequenda
3608 472 3734 528 vita:

451 568 519 608 eo
562 553 707 625 quod
737 550 1130 625 aliquantulum
1177 549 1524 606 adversitatis
1554 558 1609 606 et
1643 551 2036 621 persecutionis

450 645 604 716 prius
653 646 707 700 in
754 644 951 701 smculo
993 645 1321 700 constitutus
1368 643 1666 715 pertulisti,
1691 652 1747 698 et
1794 658 1938 698 nunc
1984 644 2035 698 in

452 738 785 792 monasterio
804 736 1010 806 positus
1036 734 1375 806 parvissimis
1396 734 1754 788 tentationum
1781 733 2035 800 stiumlis,

452 832 649 901 quibus
698 831 859 885 etiam
912 828 1257 884 Christianus
1304 828 1483 883 omnis
1541 826 1855 898 probandus
1900 827 2034 893 erit,

452 922 712 993 l’atigaris,
759 920 1057 992 majoribus
1081 936 1242 991 quam
1272 921 1362 977 alii
1391 920 1829 991 persecutionum
1863 928 2038 975 lenta-

451 1015 767 1082 tiouumque
817 1013 1074 1084 periculis
1122 1012 1377 1067 alﬂictum
1431 1022 1483 1067 te
1530 1011 1847 1074 frequenter
1895 1010 2039 1065 arbi-

452 1105 635 1160 traris.
676 1105 784 1160 Sed
831 1105 944 1160 haec
986 1105 1142 1175 longe
1191 1104 1351 1158 aliter
1397 1119 1558 1174 quam
1608 1104 1705 1159 tibi
1754 1104 2041 1158 vidcantur

449 1198 714 1264 invenies,
756 1197 800 1252 si
830 1198 1113 1252 veritatem
1145 1196 1475 1252 consideres.
1508 1194 1641 1250 Nam
1668 1197 1810 1266 quod
1840 1196 1892 1250 iu
1918 1210 2040 1265 pcr-

449 1291 820 1348 secutiouibus
845 1289 1099 1345 violentia
1138 1290 1370 1345 humana
1416 1287 1580 1344 illatis
1609 1288 1684 1343 nil
1715 1288 1892 1344 simile
1920 1288 2040 1344 aliis

446 1381 695 1455 pluribus
747 1380 1075 1451 pertuleris,
1119 1377 1231 1449 jam
1276 1380 1410 1437 Satis
1459 1379 1895 1435 demonstratum
1957 1388 2042 1434 est

448 1476 732 1546 exemplis.

527 1592 547 1627 ι
582 1574 784 1630 Deinde
814 1590 943 1631 vero
987 1581 1200 1645 oportet
1226 1572 1578 1629 considerare
1605 1581 1869 1642 quantum
1915 1569 2040 1626 aliis

451 1668 504 1722 in
554 1666 842 1723 alllictione
889 1669 1076 1724 carnis
1125 1678 1180 1722 et
1251 1668 1307 1722 in
1355 1667 1502 1723 omni
1553 1676 1866 1737 emrtemptu
1917 1666 2040 1722 vitae

450 1760 613 1831 hujus
639 1770 832 1831 sponte
865 1761 1238 1816 laborantibus
1281 1759 1625 1816 succumbas.
1671 1759 1903 1814 Attende
1934 1758 2035 1813 ita-

2141 550 2440 621 Spiritualis
2472 555 2710 624 puritate
2738 555 3093 622 sustinerent,
3122 573 3221 614 cur
3248 560 3367 627 tibi,
3395 560 3489 632 qui
3529 577 3733 632 parvus

2140 643 2319 698 adhuc
2347 643 2486 699 dona
2518 646 2748 717 adeptus
2781 662 2841 702 es
2886 646 3144 723 ingentia,
3197 651 3410 707 videtur
3434 666 3606 723 grave
3637 652 3737 708 tri-

2139 733 2470 791 bulatiouetn
2492 741 2686 793 saltem
2716 739 2950 811 aliquam
2982 757 3081 812 pro
3109 743 3347 812 puritate
3371 746 3565 801 eadem
3592 745 3734 800 tole-

2141 830 2302 885 rare?
2333 831 2449 897 Dic,
2485 847 2640 903 rogo,
2669 834 2793 905 quis
2825 835 2920 891 tibi
2967 836 3188 904 videris,
3237 848 3297 893 ut
3326 854 3428 895 nec
3475 854 3574 909 pro
3607 838 3737 895 sub-

2140 921 2296 978 sidiis
2323 926 2705 994 praesentibus,
2746 942 2846 982 nec
2872 943 2972 998 pro
3000 934 3182 984 lutura
3218 939 3275 986 et
3316 931 3541 1001 perenni
3582 945 3734 986 mer-

2141 1015 2274 1070 cede
2326 1017 2633 1073 molestiam
2684 1017 2849 1074 ullam
2895 1018 3139 1090 perferre
3190 1022 3357 1077 velis?
3408 1022 3551 1090 Quid
3601 1036 3737 1094 ergo

2140 1106 2290 1171 olim,
2320 1124 2444 1164 cum
2494 1109 2548 1165 in
2596 1109 2781 1166 schola
2827 1113 3038 1182 positus
3063 1129 3238 1178 esses,
3281 1131 3381 1185 pro
3431 1115 3739 1187 capacitate

2142 1212 2336 1270 magna
2365 1198 2605 1255 discendi
2636 1200 2930 1259 laborasti?
2964 1205 3119 1271 Quod
3149 1205 3367 1272 deinde,
3396 1206 3454 1263 in
3482 1206 3737 1265 surculari

2141 1290 2253 1346 vita
2284 1292 2515 1363 positus,
2570 1294 2807 1351 habuisti
2854 1287 3117 1364 studium,
3147 1308 3206 1354 ut
3241 1298 3359 1371 ejus
3387 1300 3607 1363 inanem
3639 1315 3741 1356 no-

2142 1382 2399 1454 xiumque
2424 1385 2686 1442 evadercs
2714 1386 2932 1443 luxum?
2962 1388 3100 1457 Quid
3124 1391 3288 1446 etiam
3318 1408 3486 1459 nunc,
3510 1409 3641 1448 eum
3667 1393 3741 1449 ad

2143 1476 2535 1532 monasterium
2567 1478 2807 1548 venires,
2828 1477 3145 1550 jejunando,
3177 1481 3475 1554 vigilando,
3502 1486 3736 1551 orando,

2141 1580 2238 1622 seu
2288 1567 2341 1622 in
2389 1569 2753 1641 qualicunque
2799 1572 3083 1644 disciplina
3121 1575 3358 1645 regulari
3406 1575 3736 1642 insisteado,

2142 1662 2263 1732 plus
2311 1661 2432 1717 aliis
2461 1662 2699 1731 laboras,
2744 1673 2805 1720 ut
2835 1673 2891 1721 et
2928 1681 3027 1737 pro
3072 1668 3363 1737 praeteritis
3410 1668 3740 1726 criminibus

2145 1755 2498 1823 consequaris
2524 1756 2758 1823 veniam,
2781 1765 2837 1812 et
2858 1758 2926 1813 de
2963 1757 3162 1815 futuris
3190 1761 3394 1817 habeas
3420 1761 3737 1818 cautelam?

448 1870 555 1925 que
592 1856 647 1910 in
692 1855 827 1911 duos
870 1854 1206 1910 venerandos
1248 1853 1443 1909 Patres
1477 1862 1528 1908 et
1571 1851 1869 1923 spiritualis
1913 1854 2037 1906 vita:
2068 1853 2113 1913 Β
2143 1844 2386 1915 Denique
2410 1847 2503 1917 ιιιιί
2530 1848 2807 1918 praeterita
2843 1851 2948 1908 rite
2975 1853 3271 1910 emendare
3297 1862 3353 1909 et
3375 1853 3561 1910 futura
3592 1855 3738 1911 mala

449 1948 721 2010 doctores,
766 1955 1016 2001 sanctqu
1066 1946 1315 2001 videlicet
1360 1944 1656 1999 Antonium
1708 1958 1774 1998 ac
1817 1942 2032 1997 beatum

449 2039 822 2103 Benedictum,
855 2052 1087 2113 quorum
1117 2047 1267 2093 tanto
1298 2036 1513 2092 facilius
1552 2044 1707 2108 potes
1735 2035 2033 2097 recordari,

448 2138 653 2199 quanto
699 2130 870 2200 magis
918 2145 985 2184 ex
1039 2127 1270 2184 lectione
1316 2128 1533 2183 assidua
1588 2126 1682 2182 tibi
1729 2135 1856 2182 sunt
1899 2126 2030 2180 noti.

448 2223 666 2279 Illorum
714 2238 844 2294 ergo
895 2220 1069 2276 Vitam
1125 2221 1307 2291 legens
1352 2220 1460 2275 cito
1505 2230 1660 2291 potes
1707 2222 2037 2290 cognoscere.

447 2322 709 2383 quantam
766 2324 995 2383 uterque
1040 2311 1320 2383 pertulerit
1387 2310 1733 2367 alllictiouem
1791 2325 1889 2382 pro
1940 2310 2034 2366 Dei

449 2419 664 2470 amore;
687 2420 849 2474 quam
880 2404 1071 2459 devote
1097 2404 1147 2458 in
1179 2403 1389 2474 primis.
1421 2418 1541 2457 cum
1573 2396 1751 2457 adhuc
1774 2400 2036 2472 juvenilis

445 2504 628 2551 essent
668 2496 867 2561 aatatis,
900 2496 1169 2551 ututtdana
1203 2495 1523 2566 reliquerint
1549 2495 1754 2560 omnia;
1801 2503 2038 2565 quantas

446 2587 641 2641 deinde
671 2586 868 2643 diaboli
911 2587 1273 2643 sustinuerint
1311 2587 1534 2642 insidias
1574 2596 1631 2644 et
1677 2595 2035 2642 tentamcnta.

453 2678 605 2734 Unus
635 2694 869 2750 namque
896 2693 1109 2744 eorum,
1141 2677 1194 2733 id
1225 2688 1310 2734 est
1338 2679 1526 2734 beatus
1550 2678 1841 2744 Antonius,
1872 2692 1904 2732 a
1928 2691 2037 2747 quo

445 2773 613 2829 etiam
643 2772 820 2828 omnis
849 2771 961 2826 fere
995 2780 1182 2827 exorta
1215 2783 1299 2827 est
1351 2771 1700 2827 eremitarum
1742 2781 1797 2826 et
1849 2784 2036 2827 carno-

446 2866 687 2923 bitarum
732 2865 1031 2931 institutio,
1077 2871 1226 2918 tanta
1267 2863 1700 2919 conversationis
1744 2863 2039 2920 sanctitate

449 2956 656 3027 poliere
702 2956 869 3025 capit
908 2964 965 3009 ut
1012 2970 1075 3010 ex
1125 2956 1226 3010 hoc
1273 2956 1528 3026 antiquus
1577 2953 1769 3017 hostis.
1822 2953 2039 3009 invidae

451 3047 665 3103 facibus
692 3047 1021 3101 omnimodis
1050 3060 1332 3112 accensus,
1383 3063 1490 3103 non
1530 3046 1701 3101 solum
1736 3043 2037 3117 spirituali-

449 3140 553 3196 bus
577 3149 633 3197 et
656 3140 1017 3195 invisibilibus
1044 3155 1167 3195 eum
1196 3141 1538 3213 impugnaret
1583 3139 1814 3205 insidiis,
1847 3153 2045 3195 verum-

2139 1937 2290 2006 cupit
2317 1937 2581 2006 devitare,
2614 1957 2839 1999 necesse
2865 1954 2950 1999 est
2978 1954 3037 2000 ut
3066 1945 3118 2001 in
3165 1948 3382 2019 vigiliis,
3425 1948 3654 2020 jejuuiis
3682 1958 3742 2004 et

2138 2029 2496 2094 orationibus,
2530 2048 2632 2089 nec
2658 2049 2766 2089 non
2795 2036 2849 2091 in
2877 2036 2999 2091 aliis
3026 2038 3184 2094 bonis
3228 2040 3485 2109 operibus
3510 2055 3738 2095 carnem

2138 2120 2354 2176 studeat
2383 2122 2659 2180 edomare.
2688 2125 2795 2181 Sed
2828 2134 3030 2193 tamen,
3063 2138 3325 2199 quantum
3358 2130 3739 2187 conversionis

2140 2214 2355 2270 novitas
2401 2224 2456 2271 et
2504 2216 2707 2276 laboris
2754 2221 2829 2275 tui
2879 2222 3149 2292 permittit
3193 2226 3484 2296 exiguitas,
3539 2240 3737 2281 curam

2141 2306 2419 2363 assiduam
2468 2308 2563 2364 tibi
2608 2311 2787 2368 inesse
2833 2327 2933 2383 pro
2980 2314 3066 2371 his
3096 2316 3347 2372 oumibus
3377 2316 3741 2386 assequendis

2140 2412 2244 2452 non
2274 2400 2502 2473 denego.
2537 2402 2688 2460 Unde
2713 2415 2768 2460 et
2795 2421 2895 2477 ego
2940 2407 3130 2464 eadem
3161 2409 3378 2480 pieta.is
3405 2424 3540 2465 mea:
3566 2407 3744 2465 bene-

2143 2491 2290 2558 ﬁcia,
2323 2510 2443 2564 quae
2466 2497 2732 2553 hactenus
2759 2499 2970 2554 tibimet
2994 2501 3242 2567 exhibui,
3268 2502 3464 2555 amodo
3495 2515 3601 2556 non
3631 2515 3737 2554 an-

2140 2582 2313 2639 feram
2343 2602 2375 2639 a
2424 2596 2502 2653 te;
2551 2598 2608 2643 In
2641 2597 2847 2646 tantum
2895 2592 3116 2646 viriliter
3156 2609 3272 2663 age,
3316 2602 3365 2647 et
3407 2594 3741 2662 conferretur

2141 2689 2233 2728 cor
2259 2684 2428 2743 tuum,
2460 2688 2508 2732 et
2540 2680 2738 2736 sustine
2767 2681 3047 2739 Dominum
3079 2681 3253 2754 (Psal.
3290 2699 3402 2748 xvt,
3442 2683 3549 2754 l4).

2220 2783 2241 2818 ι
2284 2766 2480 2825 Adhuc
2517 2780 2688 2826 restat
2724 2770 2946 2829 aﬂlictio
2982 2782 3037 2828 et
3089 2775 3320 2830 tentatio
3370 2791 3496 2839 una,
3550 2775 3605 2830 id
3648 2783 3740 2831 est

2141 2858 2325 2929 passio
2372 2862 2829 2932 concupiscentiae
2873 2865 3111 2921 carnalis
3156 2866 3443 2932 diuturna,
3502 2867 3556 2921 in
3623 2881 3737 2936 qua

2141 2951 2267 3021 quia
2309 2962 2362 3010 te
2387 2957 2699 3025 specialiter
2729 2967 2983 3014 vexatum
3014 2975 3134 3015 esse
3173 2960 3375 3026 credis,
3407 2960 3636 3030 ideoque
3681 2960 3737 3015 iu

2142 3045 2246 3101 hac
2285 3046 2608 3120 assumenda
2637 3056 2764 3102 sunt
2789 3046 3092 3117 aliquorum
3118 3048 3340 3104 Patrum
3368 3049 3638 3121 exempla,
3677 3058 3740 3104 ut

2143 3134 2197 3190 in
2226 3136 2457 3191 czeteris.
2474 3136 2582 3192 Sed
2604 3138 2708 3194 hoc
2738 3139 2793 3192 in
2822 3139 3009 3209 primis
3038 3139 3373 3211 pensandum
3402 3154 3504 3205 est,
3532 3142 3659 3211 quia
3692 3142 3739 3197 is

446 3244 614 3289 etiam
669 3236 1043 3303 corporalibus
1097 3241 1262 3302 atque
1311 3211 1515 3302 apertis
1559 3231 1797 3288 alliceret
1840 3230 2033 3303 plagis.
2064 3211 2111 3275 C
2142 3227 2886 3300 quinunquam,et[ille]qui
2912 3231 3109 3301 sarpius
3132 3232 3735 3303 caruiseorruptionem

455 3327 562 3385 Sed
579 3338 634 3383 et
651 3326 812 3392 alter,
829 3324 1182 3381 nihilominus
1204 3326 1296 3380 Del
1318 3326 1494 3395 gratia
1520 3325 1778 3396 repletus,
1802 3324 2037 3379 maxima

448 3435 514 3475 sa
537 3417 759 3473 .ctitatis
785 3432 896 3473 sua:
926 3416 1256 3471 monimenta
1307 3424 1413 3470 tam
1461 3415 1679 3487 scriptis
1714 3430 1876 3484 quam
1927 3429 2044 3468 mo—

450 3509 604 3565 ribus
653 3508 892 3578 reliquit.
943 3507 1082 3576 Quid
1134 3506 1339 3562 multa?
1392 3505 1661 3576 Quidquid
1708 3502 2039 3568 alﬁietionis,

445 3601 715 3674 quidquid
761 3609 981 3657 constat
1009 3599 1214 3655 laboris
1259 3599 1312 3655 in
1356 3599 1555 3669 vigiliis
1603 3606 1659 3654 et
1696 3597 1749 3652 in
1793 3596 2039 3670 jejuniis,

450 3698 537 3755 vel
562 3699 614 3754 in
643 3696 949 3753 solitudinis
972 3696 1199 3751 horrere
1226 3704 1281 3750 et
1304 3694 1356 3749 iu
1381 3691 1691 3749 vestimenti
1716 3689 2038 3759 abjectioue,

445 3805 552 3845 seu
603 3789 656 3843 iu
710 3787 1107 3843 desideriorum
1173 3785 1475 3840 carnalium
1530 3783 1864 3840 deviueeuda
1915 3797 2043 3852 pas-

444 3884 628 3946 sione,
661 3879 745 3935 vel
800 3880 854 3934 in
890 3877 1195 3947 einnigenis
1223 3876 1432 3931 insidiae
1460 3873 1740 3931 diobolicae
1774 3872 1911 3930 dolis
1953 3888 2043 3927 su-

444 3971 730 4044 peraudis,
764 3970 981 4026 eosdem
1009 3968 1252 4024 invenies
1281 3968 1372 4023 diu
1421 3967 1700 4033 tolerasse,
1751 3975 2041 4037 antequam

446 4066 521 4121 ad
574 4079 755 4119 arcem
817 4062 1190 4133 perfectionis,
1254 4075 1360 4132 qua
1424 4060 1672 4132 plurimis
1720 4060 2041 4132 praeferendi

442 4164 642 4220 erant,
694 4153 1062 4225 pervenirent.
1115 4151 1238 4207 llaec
1268 4152 1453 4222 igitur,
1503 4165 1707 4221 quaeso,
1758 4152 2047 4223 dil‘geuter

452 4247 862 4312 auimadverte,
916 4254 973 4299 et
1022 4255 1198 4299 tantas
1256 4242 1478 4298 Patrum
1528 4242 2042 4313 prmnomiuatorum

452 4337 774 4395 alﬂictioues
804 4338 871 4393 ad
904 4348 1043 4399 tuas.
1075 4351 1213 4409 quas
1259 4348 1314 4392 tn
1352 4336 1627 4391 interdum
1676 4334 1924 4391 insolitas
1956 4351 2018 4389 ar

448 4432 695 4496 hitraris,
727 4430 915 4486 confer
963 4430 1364 4498 tribulationes;
1392 4439 1449 4485 et
1489 4437 1616 4483 tunc
1644 4426 1834 4499 procul
1879 4427 2045 4482 dubio

448 4537 751 4595 cognosces
786 4524 912 4591 quia
942 4523 1093 4591 parvi
1131 4523 1266 4575 liuut
1294 4537 1432 4592 quos
1472 4519 1633 4575 modo
1677 4518 1758 4574 vel
1802 4535 2039 4590 unquam

2142 3327 2400 3389 expertus
2424 3328 2527 3386 est,
2569 3320 2713 3375 nulla
2756 3334 2979 3392 possunt
3009 3324 3393 3380 colluctatione
3441 3327 3736 3395 ςοίιξιιιιςπί.

2143 3410 2402 3477 Quamvis
2431 3412 2576 3467 enim
2604 3413 2822 3483 utrique
2864 3414 3271 3485 impugnatione
3300 3416 3453 3486 gravi
3492 3414 3738 3486 alﬂigan-

2145 3511 2252 3567 tur,
2277 3502 2325 3557 is
2348 3510 2527 3559 tamen
2551 3504 2643 3575 qui
2668 3503 2973 3574 hujusmodi
3000 3508 3153 3574 vitio,
3179 3506 3472 3579 fragilitate
3495 3508 3739 3562 humana

2143 3593 2411 3661 devictus,
2442 3609 2586 3665 sa-pe
2619 3597 2925 3663 succubuit,
2954 3605 3105 3653 tanto
3135 3597 3379 3670 longiora
3405 3606 3460 3653 et
3485 3598 3738 3669 gravium

2143 3683 2459 3754 passionum
2522 3686 2821 3742 carnalium
2899 3688 3199 3745 certamina
3257 3688 3383 3759 jure
3419 3689 3736 3755 suStinebit,

2144 3783 2353 3843 quanto
2399 3774 2740 3846 frequentius
2770 3781 2975 3836 eisdem
3006 3781 3348 3852 passionibus
3386 3784 3741 3838 consentiens

2143 3873 2317 3921 semet
2365 3869 2615 3938 subjecit.
2670 3870 2785 3927 llac
2830 3871 2993 3942 igitur
3023 3888 3083 3929 re
3131 3872 3475 3928 cousidemta
3523 3874 3741 3944 aliquos

2138 3958 2251 4030 jam
2279 3960 2558 4032 utriusque
2582 3963 2859 4034 qualitatis
2893 3963 3139 4020 homines
3175 3980 3241 4021 ex
3267 3964 3550 4035 Scriptura
3580 3980 3740 4020 sacra

2144 4050 2400 4123 probatos
2436 4053 2504 4107 ad
2532 4053 2841 4123 exemplum
2889 4069 3128 4121 assume,
3160 4064 3238 4120 ut,
3272 4068 3555 4126 perspecta
3606 4056 3738 4111 alio-

2145 4157 2264 4197 rum
2310 4141 2604 4198 tentatioue
2644 4152 2809 4214 atque
2831 4144 3035 4210 labore,
3068 4134 3280 4200 facilius
3311 4146 3739 4218 impugnationis

2143 4244 2201 4291 et
2248 4234 2449 4292 laboris
2500 4236 2575 4291 tui
2640 4237 2998 4307 quantitatem
3043 4253 3326 4310 agnoscas.
3384 4238 3451 4293 Et
3496 4238 3736 4308 primum

2144 4325 2363 4395 quidem
2396 4326 2469 4381 illi
2500 4327 2593 4396 qui
2622 4343 2719 4398 pro
2747 4326 3016 4383 castitatis
3062 4320 3265 4383 intimze
3292 4331 3701 4399 perseverantia
3720 4370 3738 4397 ,

2144 4417 2342 4472 deinde
2368 4433 2497 4473 vero
2544 4419 2599 4473 hi
2643 4419 2734 4489 qui
2784 4435 2884 4491 pro
2921 4420 3284 4490 corruptionis
3333 4420 3738 4492 luxunosaequc

2143 4509 2269 4564 vita:
2320 4510 2639 4579 poenitentia
2689 4513 2894 4580 agenda
2944 4521 3289 4567 certaverunt
3338 4524 3735 4584 proponantur.

459 4571 516 4580 εν
561 4571 748 4578 --η-ν-
792 4571 912 4591 τη
942 4571 1028 4591 ,τίη
1056 4571 1093 4576 ς-
1299 4571 1428 4592 Tm.
1584 4571 1625 4574 κν
1886 4571 1908 4590 τ
2320 4571 2337 4579 -
2723 4571 2750 4580 -
3338 4571 3354 4584 .
3438 4571 3453 4583 .
3714 4571 3727 4572 η

443 4571 727 4689 φοῖιυιίειί
758 4615 996 4680 dolores,
1026 4615 1274 4684 quamvis
1301 4614 1462 4669 iidem
1488 4613 1679 4669 Patres
1709 4612 2038 4679 nullatenus,
2072 4571 2120 4631 υ
2148 4598 2302 4653 Sicut
2347 4614 2475 4668 ergo
2513 4599 2860 4670 Dialogorum
2901 4600 3042 4657 "be"
3069 4610 3275 4667 "am":
3315 4612 3540 4658 εαηοίηε
3568 4604 3738 4675 Ειιιιίο

446 4714 599 4769 sicut
626 4722 705 4778 tu,
736 4726 834 4782 pro
858 4710 1149 4767 criminum
1177 4708 1487 4780 capitalium
1516 4708 1834 4779 pcenitentia
1865 4724 2043 4764 tuere-

448 4816 649 4861 rentur
669 4801 851 4875 afﬂigi.
879 4824 897 4857 ι

1027 4891 1255 4950 CAPUT
1302 4893 1465 4949 XXV.

460 4987 630 5044 Varia
684 4997 1036 5052 tantularum,
1090 4988 1380 5057 prmertim
1439 5004 1471 5039 a
1535 4986 1727 5056 spiritu
1791 4986 2038 5048 (exurite,

479 5058 746 5130 exempla.
774 5057 987 5124 Quanta
1015 5058 1333 5112 lauruilt'amli
1358 5073 1453 5112 nos
1479 5057 1758 5112 necessitas
1783 5057 1874 5121 sit,
1897 5064 2003 5111 etc.

531 5173 551 5206 ι
593 5151 863 5208 Praeterea
897 5151 989 5206 tibi
1032 5151 1091 5206 in
1137 5157 1297 5204 adate
1344 5150 1599 5221 primmva
1631 5147 1798 5203 multo
1836 5148 2040 5219 majora

444 5257 620 5288 aliam
686 5242 789 5288 illis
856 5241 1078 5288 humani
1148 5240 1326 5288 solatii
1383 5240 1718 5288 adiumenta.
1767 5239 2042 5288 multaque

2150 4688 2276 4755 tius,
2299 4705 2420 4744 cum
2450 4690 2501 4743 iu
2522 4689 2822 4760 juventutis
2849 4706 2958 4745 sum
2980 4699 3223 4761 tempore
3243 4693 3409 4748 nimio
3431 4693 3735 4750 camalium

2147 4779 2540 4834 desideriorum
2571 4782 2875 4836 certamine
2907 4781 3099 4859 fuisset
3139 4781 3430 4855 fatigatus,
3461 4784 3597 4855 ipsis
3621 4800 3735 4840 sua:

2150 4870 2464 4926 tentationis
2493 4873 2758 4943 angustiis
2799 4874 2865 4929 ad
2898 4875 3160 4930 orationis
3205 4878 3442 4932 studium
3482 4878 3736 4933 solertior

2147 4973 2229 5019 est
2273 4962 2466 5020 factus.
2494 4964 2740 5035 (Suntque
2786 4968 2886 5024 hac
2924 4967 2978 5023 in
3005 4983 3066 5024 re
3096 4969 3163 5024 ab
3205 4970 3577 5041 omnipotente
3621 4972 3733 5026 Deo

2148 5053 2446 5108 remedium
2478 5057 2750 5112 continuis
2790 5057 3049 5128 precibus
3083 5071 3371 5130 quaereret,
3404 5073 3565 5119 nocte
3601 5080 3733 5135 qua-

2147 5146 2270 5200 dam
2321 5147 2610 5204 assistente
2656 5150 2848 5221 angelo
2901 5151 3251 5206 eunuchizari
3302 5169 3363 5208 se
3405 5154 3565 5210 vidit.
3591 5155 3731 5211 Ecce

2145 5249 2405 5288 euentum
2456 5250 2680 5288 sanctus
2718 5244 2821 5288 ista
2873 5243 3161 5288 laboravit,
3199 5245 3290 5288 ηιιὶ
3323 5257 3530 5288 ηιιςιηιη
3562 5252 3729 5288 ηιησια
