3942 5340
167 403 257 464 233

1267 401 1397 456 LIB.
1437 402 1526 458 DE
1565 401 1797 459 CUllSU
1841 399 2248 458 SPIRITUALL

3283 385 3393 455 est

166 531 331 577 eterna
347 515 782 588 angelusbomini
800 513 1023 584 eiusque
1044 513 1453 586 velutaperiens
1475 525 1711 580 uterum,
1743 519 1788 577 Α
1821 529 1845 561 ‹
1888 511 2026 578 Quid
2048 526 2182 581 ergo
2209 511 2305 565 tibi
2349 510 2404 564 in
2447 507 2752 577 huiusmodi
2797 508 3203 579 impugnatione
3243 513 3390 568 vide-

165 611 418 684 quamdam
458 605 684 680 ignium
711 607 896 662 carnis
931 617 1194 663 strumam
1237 607 1310 661 de
1335 605 1455 676 cius
1484 606 1712 661 visceri-

166 705 251 761 bus
274 699 498 757 avellens
531 710 692 770 atque
719 698 1010 770 proiiciens
1039 699 1260 770 suisque
1285 699 1490 760 omnia,
1514 707 1571 752 ut
1592 697 1712 752 fue-

163 800 284 852 rant,
304 791 428 844 locis
448 789 702 844 intestina
731 788 1048 843 restituens:
1062 785 1219 851 Ecce,
1235 787 1425 854 inquit,
1441 787 1709 842 incentiva

161 881 314 938 carnis
355 890 460 934 tua
501 880 742 934 abscissa
783 885 931 943 sunt,
974 889 1032 933 et
1069 879 1371 933 obtinuisse
1413 887 1466 933 te
1494 879 1710 932 noveris

163 972 387 1026 hodierna
417 971 506 1025 die
534 979 852 1041 perpetuam
893 970 1139 1040 corporis
1177 969 1499 1039 puritatem,
1545 983 1707 1039 quam

161 1060 358 1114 ﬁdeliter
381 1059 698 1130 poposcisti.
731 1059 870 1114 Ecce
896 1059 1048 1112 vides
1080 1065 1310 1127 quantos
1339 1059 1410 1112 sit
1437 1072 1631 1127 passus
1654 1064 1709 1111 et

159 1149 242 1202 iste
263 1146 481 1202 labores.
513 1146 857 1218 Quapropter
895 1155 954 1201 ut
994 1163 1152 1202 nemo
1181 1146 1584 1203 excusatiomm
1623 1146 1706 1202 vel

155 1237 465 1293 didideiuiam
500 1237 702 1292 habeat
725 1252 789 1292 ea
816 1254 936 1308 qua:
971 1238 1200 1293 ﬁdeliter
1223 1239 1398 1308 poscit
1417 1238 1707 1308 impetrare

153 1346 242 1385 rion
264 1345 440 1402 posse,
486 1332 637 1400 quod
657 1330 875 1401 utrique
909 1341 1224 1386 constanter
1251 1333 1534 1401 petierunt
1553 1346 1707 1386 asse-

151 1418 227 1489 qui
254 1428 576 1474 meruerunt.
611 1419 680 1473 Et
703 1427 762 1472 ut
786 1417 1087 1488 huiusmodi
1118 1420 1361 1488 exempla
1390 1435 1497 1474 non
1530 1419 1702 1475 solum

153 1509 197 1564 in
237 1507 447 1574 fortiori,
477 1511 578 1565 sed
619 1511 786 1566 etiam
827 1511 885 1565 in
939 1527 1070 1566 sexu
1101 1511 1304 1566 habeas
1337 1509 1584 1566 inferiori
1604 1551 1618 1576 ,
1649 1511 1702 1564 in

155 1595 251 1652 i’ita
281 1597 497 1654 Patrum
536 1607 802 1654 narratur
843 1601 1104 1670 quoniam
1149 1601 1425 1655 abbatissa
1454 1601 1702 1671 quedam

150 1696 336 1754 sancta,
363 1690 587 1744 nomine
615 1689 783 1757 Sara,
815 1690 1072 1746 tredecim
1094 1691 1260 1745 annis
1289 1689 1504 1746 fortiter
1529 1709 1558 1745 a
1587 1688 1697 1745 for-

153 1779 397 1835 nicationis
425 1782 676 1835 dammae
701 1781 772 1836 sit
803 1781 1136 1853 impugnata,
1159 1790 1214 1835 et
1241 1797 1514 1852 nunquam
1539 1797 1700 1851 rega-

1811 607 1935 659 tur?
1963 605 2234 674 Nunquid,
2259 605 2383 674 quia
2408 613 2458 658 te
2487 618 2647 673 supra
2684 601 2880 656 multos
2905 603 3134 658 occultis
3163 619 3230 657 ac
3271 619 3390 658 ma—

1810 694 2024 750 nifestis
2053 694 2491 748 tribulationibus
2519 707 2835 762 oppressum
2860 707 2983 747 esse
3009 693 3205 762 smpius
3245 696 3395 748 testi-

1808 784 1999 838 mabas
2019 824 2038 850 ,
2066 784 2175 838 tale
2206 783 2410 852 aliquid
2435 798 2674 852 unquam
2714 797 2908 852 passus
2943 783 3101 836 eras?
3131 782 3389 849 Quinimo

1810 876 1965 946 longe
1999 876 2299 932 minoribus
2326 875 2644 946 subiacebas
2690 876 3092 931 tentationibus.
3130 875 3236 931 Sed
3266 875 3394 932 licet

1807 967 2059 1036 exemplo
2089 968 2222 1022 satis
2267 968 2370 1022 hoc
2413 967 2490 1022 sis
2516 967 2692 1021 victus
2723 966 2789 1020 ab
2819 983 2950 1031 uno,
2991 983 3089 1036 pro
3123 983 3186 1022 co
3212 977 3392 1021 tamen

1807 1059 1951 1126 quod
1974 1059 2026 1112 in
2057 1058 2286 1114 occultis
2313 1069 2369 1113 et
2394 1059 2765 1130 spiritualibus
2797 1061 3188 1115 tentationibus
3221 1062 3394 1115 maxi-

1807 1159 1895 1199 me
1925 1156 1976 1200 te
2023 1158 2279 1202 vexatum
2310 1149 2627 1212 arbitraris,
2656 1148 2834 1213 aliud,
2872 1149 2923 1202 in
2959 1165 3067 1218 quo
3093 1151 3392 1218 spiritualis

1807 1245 2020 1291 tantum
2051 1238 2388 1309 impugnatio
2417 1240 2743 1302 declaratur.
2775 1239 3019 1309 proferre
3048 1242 3178 1297 libet
3203 1257 3393 1298 exem-

1802 1325 1973 1396 plum.
2018 1327 2244 1400 Legitur
2278 1345 2510 1399 namque
2546 1331 2612 1384 de
2641 1338 2832 1384 sancta
2875 1329 3039 1383 llaria
3072 1331 3388 1402 Aigyptiaca

1802 1418 2059 1486 quoniam
2087 1418 2234 1474 inter
2261 1427 2483 1485 cmtera,
2533 1435 2654 1490 qum
2681 1419 2909 1474 Zosimze
2951 1420 3133 1474 abbati
3176 1424 3240 1476 de
3266 1423 3390 1476 vita:

1800 1508 2287 1578 conversionisque
2342 1523 2454 1564 suae
2503 1508 2762 1578 qualitate
2832 1509 3128 1571 referebat,
3185 1511 3324 1565 dixit
3372 1531 3388 1566 :

1800 1593 1977 1650 Crede
2012 1598 2176 1662 mihi,
2209 1598 2374 1661 abba,
2403 1597 2590 1652 decem
2629 1606 2688 1652 et
2731 1608 2939 1666 septem
2974 1599 3139 1654 armis
3178 1598 3306 1653 feris
3335 1610 3392 1654 et

1804 1683 2267 1742 irrationabilibus
2303 1687 2549 1741 luctabar
2578 1687 2879 1742 desideriis.
2922 1687 2989 1741 Et
3017 1696 3145 1757 post
3171 1703 3340 1757 pauca
3373 1707 3387 1742 :

1801 1775 2174 1848 Cogitationes
2204 1789 2383 1832 autem
2409 1817 2425 1842 ,
2458 1793 2580 1848 qtae
2621 1778 2690 1832 ad
2732 1779 3144 1833 fornicationem
3186 1779 3385 1832 iterum

152 1868 261 1922 vcrit
285 1877 338 1922 ut
361 1868 666 1924 discederet
691 1869 763 1923 ab
791 1884 853 1924 ea
888 1868 1190 1937 huiusmodi
1217 1885 1424 1940 pugna.
1459 1869 1553 1925 sed
1591 1871 1696 1924 hoc
1727 1863 1778 1926 Β
1798 1867 2195 1935 compellebant
2238 1883 2356 1931 me,
2392 1870 2665 1936 quomodo
2696 1866 2790 1922 tibi
2831 1882 3090 1922 enarrare
3130 1869 3388 1938 possum?

149 1959 296 2013 solum
310 1960 532 2015 dixerit:
555 1961 633 2015 Da
651 1961 781 2015 mihi
795 1961 1193 2027 fortitudinem,
1214 1962 1376 2017 Deus.
1403 1962 1545 2018 Ecce
1567 1961 1698 2019 tidcs

149 2050 294 2118 qualis
317 2059 369 2107 et
412 2061 657 2121 quantus
683 2067 839 2107 amor
864 2052 1114 2121 pietatis!
1147 2052 1292 2108 Ecce
1311 2053 1442 2123 quid
1468 2063 1699 2124 uterque

147 2153 280 2196 sexus
311 2141 646 2197 laboraverit
683 2159 786 2213 pro
814 2144 1016 2200 virtute
1037 2144 1331 2200 castitatis!
1367 2146 1441 2200 De
1461 2161 1696 2214 quarunt

146 2231 350 2284 omnium
377 2232 641 2302 puritatis
662 2235 964 2289 constantia
989 2236 1131 2292 sicut
1151 2237 1342 2306 procul
1367 2252 1428 2291 es
1452 2237 1696 2303 eliectus,

148 2323 207 2376 ita
225 2323 369 2378 etiam
389 2339 583 2380 eorum
605 2325 848 2381 laborem
866 2337 922 2382 et
940 2328 1398 2398 impugnationem
1419 2344 1696 2398 nunquam

144 2409 296 2467 fueras
320 2422 601 2483 expertus.
625 2414 1021 2482 Quamobrem,
1055 2417 1180 2486 quia
1227 2415 1608 2487 perfectorum,
1642 2425 1698 2471 et

149 2502 192 2555 in
213 2503 440 2559 castitate
489 2505 966 2574 perseverantium
1011 2506 1163 2560 omni
1218 2507 1378 2560 modo
1421 2506 1698 2575 discrepas

148 2595 315 2649 meritis
331 2604 490 2665 atque
514 2595 717 2661 labori,
741 2597 1019 2652 videamus
1041 2597 1086 2651 si
1118 2595 1200 2651 vel
1224 2611 1434 2661 eorum,
1462 2611 1695 2665 quorum

144 2684 448 2753 impudicitia
474 2697 534 2742 et
569 2688 990 2758 irreligiositatis
1045 2689 1225 2744 uinus
1260 2690 1571 2759 discrepare
1616 2690 1696 2744 vi-

142 2777 278 2842 deris,
304 2779 638 2835 tribuiationi
657 2795 875 2851 quoque
898 2790 953 2835 et
978 2781 1386 2852 impugnationi,
1415 2793 1574 2851 quam
1597 2797 1696 2853 pro

143 2867 418 2933 mouentia
447 2868 667 2938 agenda
697 2867 1036 2939 pertulerunt
1059 2909 1075 2935 ,
1115 2871 1458 2940 aliquatenus
1472 2870 1696 2926 assimi~

146 2951 264 3009 leris.
1698 2953 1702 2958 ’

155 3051 176 3085 ε
200 3041 393 3115 Legitur
417 3047 626 3118 quippe
661 3046 716 3102 in
755 3062 922 3118 supra
969 3049 1114 3105 dicta
1160 3047 1282 3103 Vita
1314 3049 1536 3105 Palmm
1561 3050 1693 3120 quia

143 3129 275 3187 fuerit
307 3136 525 3204 quidam
556 3136 646 3190 vir
684 3137 853 3192 vitam
889 3138 1262 3208 turpissimam
1301 3154 1464 3210 super
1500 3153 1692 3193 omnes

145 3222 315 3280 vicinos
338 3241 464 3282 suos
494 3228 728 3294 ducens,
757 3228 834 3284 ita
858 3239 916 3284 ut
945 3230 1355 3299 opinatissimus
1383 3231 1437 3284 in
1475 3229 1690 3302 ﬂagitiis
1715 3197 1764 3260 C

143 3311 408 3370 haberetur.
436 3316 547 3374 llic
580 3317 873 3388 aliquando
903 3318 998 3375 Dei
1037 3321 1386 3375 miseratione
1429 3335 1692 3390 compun-

137 3412 236 3458 ctus
262 3407 319 3460 ad
341 3411 721 3478 penitentiam
749 3412 1104 3477 convertitur,
1134 3421 1188 3468 et
1216 3412 1357 3466 intra
1380 3413 1687 3482 sepulcrum

142 3498 368 3563 ouoddam
396 3515 456 3556 se
485 3501 826 3558 concludens
865 3504 1107 3573 priorum
1143 3505 1407 3559 scelerum
1434 3505 1684 3573 pollutio-

143 3603 218 3642 ues
244 3589 597 3662 lacrymarum
642 3593 885 3650 fontibus
915 3596 1170 3650 diluebat.
1216 3575 1557 3666 Cumque‘in
1604 3597 1691 3652 bis

137 3680 282 3745 posito
307 3683 354 3737 ei
396 3683 742 3738 hebdomada
777 3687 1098 3752 transisset,
1140 3695 1302 3742 noctu
1345 3687 1576 3742 veniunt
1621 3687 1692 3743 ad

141 3780 238 3822 eum
271 3773 535 3829 danuones
573 3774 639 3828 in
687 3775 937 3844 sepulcro
979 3776 1273 3832 clamantes
1313 3786 1371 3832 et
1395 3777 1639 3834 dicentes
1669 3791 1684 3830 :

139 3861 250 3929 Quid
273 3876 347 3921 est
368 3869 510 3938 quod
541 3869 730 3940 agis,o
757 3869 1124 3940 impurissime
1146 3881 1204 3926 et.
1229 3869 1690 3940 ﬂagitiosissimo?

140 3949 390 4024 Postquam
412 3957 574 4011 onusti
602 3957 862 4026 spurcitia
885 3959 1113 4012 satiatus
1141 3973 1231 4023 es,
1280 3973 1423 4013 nunc
1462 3973 1494 4012 a
1534 3958 1690 4014 nobis

141 4055 290 4102 castus
327 4057 380 4104 et
423 4049 718 4120 religiosus
763 4047 1000 4119 eﬂ‘ugere
1041 4049 1236 4119 cupis?
1272 4046 1420 4102 Nolis
1444 4088 1459 4114 ,
1506 4049 1642 4104 velis
1669 4090 1686 4115 ,

141 4137 299 4190 arnodo
318 4153 452 4192 unus
480 4154 556 4204 ex,
584 4137 742 4192 nobis
765 4139 898 4192 eris.
928 4137 1056 4193 Haec
1097 4145 1154 4193 et
1192 4135 1497 4205 huiusmodi
1531 4136 1689 4207 plura

141 4228 558 4295 exprobrantibus
579 4230 692 4295 eis,
724 4229 814 4284 ille
840 4228 1061 4298 iacebat
1100 4228 1409 4294 immobilis,
1439 4243 1507 4284 ne
1536 4228 1691 4284 audi-

142 4323 230 4368 tam
251 4318 456 4386 quidem
489 4333 654 4372 suum
683 4327 1008 4373 convertens
1037 4318 1106 4373 ad
1133 4332 1250 4382 eos,
1276 4332 1378 4372 nec
1406 4317 1513 4372 ullo
1538 4319 1690 4388 peni.

137 4415 211 4462 tos
230 4424 466 4466 sermone
496 4412 858 4481 respondens.
889 4410 1134 4481 Cumque
1172 4410 1247 4464 illi
1277 4411 1472 4479 sapius
1497 4410 1686 4465 eadem

1799 1957 1946 2025 ignis
1987 1959 2134 2014 intus
2177 1957 2366 2014 infelix
2400 1973 2599 2029 corpus
2643 1975 2823 2015 meum
2860 1960 3058 2014 nimius
3094 1960 3391 2015 succende-

1800 2047 1923 2114 bat,
1955 2056 2012 2102 et
2061 2062 2275 2118 meper
2311 2049 2492 2104 omnia
2532 2049 2794 2104 exurebat
2841 2057 2896 2103 et
2941 2049 3008 2102 ad
3056 2047 3382 2104 desiderium

1797 2139 2195 2195 commistionis
2224 2141 2492 2196 trahebat.
2535 2143 2672 2197 Dum
2717 2157 2847 2211 ergo
2899 2141 3023 2196 talis
3070 2143 3388 2198 ascenderet

1797 2222 2083 2300 cogitatio,
2109 2233 2524 2300 prosternebam
2563 2248 2652 2288 me
2697 2233 2751 2286 in
2789 2242 3018 2297 terram,
3048 2242 3108 2288 et
3133 2233 3389 2304 lacrymis

1796 2335 1921 2376 eam
1957 2320 2280 2390 infundens,
2313 2323 2485 2392 ipsam
2530 2323 2663 2377 mihi
2696 2324 2964 2378 veraciter
2987 2332 3167 2377 astare
3199 2337 3387 2394 spera-

1797 2412 1957 2480 bam,
1989 2428 2110 2483 quae
2137 2429 2223 2469 me
2252 2413 2357 2470 lide
2379 2413 2652 2484 iusserat,
2683 2415 2735 2468 id
2752 2423 2838 2469 est
2864 2415 3260 2470 sanctissimam
3291 2416 3387 2470 Dei

1795 2504 2151 2573 Genitricem,
2178 2513 2234 2560 et
2281 2505 2361 2562 sic
2389 2519 2488 2576 per
2533 2506 2718 2561 decem
2765 2513 2819 2560 et
2865 2513 3071 2574 septem
3119 2519 3387 2562 annorum

1797 2595 2126 2650 curriculum
2158 2595 2436 2666 periculis,
2465 2605 2523 2650 ut
2551 2596 2693 2660 dixi,
2736 2594 3002 2651 laetabar.
3049 2596 3185 2650 Ecce
3235 2596 3384 2650 vides

1796 2695 2060 2757 quantum
2089 2702 2196 2742 non
2224 2687 2397 2743 solum
2418 2687 2608 2753 virilis,
2630 2689 2724 2743 sed
2742 2689 2908 2742 etiam
2932 2687 3194 2743 femineus
3221 2704 3383 2743 sexus

1796 2774 2129 2831 laboraverit
2148 2784 2202 2830 et
2228 2789 2326 2846 pro
2351 2777 2685 2858 integritatis
2714 2778 3017 2832 constantia
3045 2789 3100 2834 et
3122 2793 3220 2847 pro
3255 2795 3382 2834 cor-

1789 2867 2062 2938 ruptionis
2083 2867 2429 2938 poenitentia.
2456 2867 2708 2938 Nunquid
2735 2884 2864 2940 ergo
2892 2869 3074 2925 decem
3097 2880 3153 2926 et
3177 2880 3384 2942 septem

1793 2958 1954 3014 annis
1995 2956 2108 3027 iam
2159 2957 2453 3022 laborasti,
2495 2973 2741 3030 pugnans
2787 2969 2978 3016 contra
3025 2963 3384 3033 cogitationes

1793 3051 2187 3107 desideriorum
2208 3053 2547 3107 carnalium?
2572 3053 2709 3120 Quid
2734 3065 2912 3109 autem
2937 3064 3013 3111 tot
3037 3073 3209 3111 annos
3232 3058 3375 3124 dico,

1793 3142 1885 3211 qui
1920 3158 2023 3198 nec
2051 3157 2157 3198 uno
2189 3158 2376 3213 passus
2405 3158 2465 3199 es
2495 3151 2641 3198 tanta
2677 3161 2820 3200 anno
2852 3147 3094 3216 integro?
3125 3146 3377 3202 Nondum

1791 3249 1926 3304 ergo
1955 3233 2158 3289 laboris
2187 3236 2327 3290 viam
2367 3235 2582 3305 coepisti
2611 3245 2664 3291 et
2697 3245 2876 3291 tamen
2906 3237 3052 3293 velut
3093 3253 3160 3293 ex
3198 3238 3383 3294 labore

1796 3324 1964 3379 nimio
1991 3324 2246 3396 fatigatus
2271 3324 2380 3393 iam
2412 3324 2674 3380 deiecisti.

1807 3424 1835 3457 ι
1869 3411 1974 3467 Sed
2027 3414 2131 3468 etsi
2179 3429 2316 3483 quas
2357 3416 2694 3480 tcntationis,
2726 3426 2779 3471 et
2821 3417 3168 3474 adversitatis
3213 3421 3383 3476 mole—

1792 3501 1931 3556 alias
1951 3502 2264 3570 .perl‘erres,
2291 3505 2534 3575 nunquid
2564 3517 2846 3576 propterea
2880 3510 3155 3577 patientirc
3178 3520 3235 3564 et
3264 3512 3380 3580 spei

1793 3591 1988 3646 solatia
2019 3593 2289 3662 deponere
2320 3593 2519 3649 debes?
2551 3593 2741 3650 Nonne
2776 3605 2827 3650 et
2854 3612 2922 3650 ex
2953 3613 3113 3667 supra
3140 3614 3380 3654 comme-

1787 3687 2021 3742 moratis
2042 3697 2355 3744 sanctorum
2385 3690 2604 3745 Patrum
2625 3693 2891 3762 exemplis
2913 3703 2972 3748 et
3003 3710 3068 3748 ex
3085 3693 3381 3763 Scripturre

1793 3791 1962 3831 sacrae
1983 3780 2270 3834 sententiis
2293 3795 2590 3851 agnoscere
2611 3792 2765 3852 potes
2794 3784 2924 3838 utile
2947 3799 3068 3839 esse
3099 3800 3162 3840 ac
3190 3800 3380 3840 neces-

1794 3866 1998 3922 sarium
2023 3869 2266 3938 perferre
2293 3871 2656 3926 tentationes?
2678 3871 2872 3928 Petrus
2900 3889 3130 3943 namque
3165 3884 3379 3944 aposto-

1794 3957 1877 4012 lus
1902 3959 2034 4013 dicit
2071 3979 2086 4013 :
2117 3959 2446 4026 Charissimi,
2478 3961 2635 4015 nolite
2683 3963 3004 4031 peregrinari
3051 3965 3104 4016 in
3152 3963 3376 4032 fervore,

1790 4051 1881 4120 qui
1907 4052 1978 4103 ad
2003 4055 2339 4108 tentationem
2368 4053 2510 4107 vobis
2551 4053 2612 4122 [it
2651 4055 2802 4124 quasi
2830 4053 3032 4124 aliquid
3077 4055 3196 4108 novi
3239 4057 3378 4108 vobis

1795 4142 2099 4210 contingat;
2156 4144 2246 4196 sed
2305 4145 2748 4197 communicantes
2794 4143 2988 4198 Christi
3046 4145 3378 4214 passionitus

1790 4232 2016 4301 gaudete
2045 4232 2097 4304 (Ι
2124 4231 2270 4300 Petr.
2299 4251 2373 4298 tv,
2401 4235 2490 4299 12,
2522 4235 2628 4304 l5).
2651 4235 2884 4290 Iacobus
2915 4237 3075 4291 etiam
3103 4238 3379 4306 apostolus

1791 4320 1949 4377 docet
1977 4323 2202 4379 dicens:
2229 4323 2394 4378 Omne
2425 4325 2678 4395 gaudium
2699 4327 3009 4392 existimate,
3042 4328 3230 4397 fratrea
3255 4333 3376 4396 mei,

1791 4431 1910 4468 cum
1959 4414 2012 4468 in
2057 4416 2365 4469 tentationes
2412 4417 2587 4469 uarias
2638 4417 2953 4480 incideritis,
2985 4420 3202 4474 scientes
3237 4422 3378 4492 quod

141 4511 406 4568 repeterent
434 4518 536 4558 nec
563 4503 655 4558 ille
680 4503 902 4558 omnino
927 4511 1256 4568 moveretur,
1285 4513 1415 4558 tunc
1443 4503 1496 4557 in
1532 4502 1686 4557 l'uro-
1715 4499 2028 4599 Dprobatio
2073 4499 2200 4567 ﬁdei
2228 4510 2412 4557 vestra:
2450 4501 2756 4570 patientiam
2798 4514 3079 4571 oi'eratut‘;
3125 4507 3380 4575 ραιὶειιῖὶιι

139 4602 231 4643 rem
253 4594 500 4650 commoti
549 4595 822 4649 daemones
859 4594 1177 4648 verberibus
1209 4607 1334 4648 eum
1380 4591 1688 4649 afﬂixerunt

139 4681 392 4754 multisque
435 4685 742 4740 crucian
770 4685 1051 4755 suppliciis
1095 4685 1417 4740 semivivum
1458 4684 1688 4748 relique-

141 4781 257 4827 runt.
290 4775 380 4831 ille
420 4788 603 4832 tamen
633 4787 712 4832 tot
737 4776 1076 4832 cruciatibus
1099 4790 1200 4831 nec
1226 4776 1430 4830 moveri
1456 4776 1630 4846 potuit
1655 4790 1686 4830 a

143 4859 255 4929 loco,
279 4866 328 4920 in
353 4884 460 4938 quo
488 4869 758 4924 orationis
781 4884 944 4925 causa
967 4866 1239 4937 iacuerat.
1268 4868 1526 4939 Sequenti
1557 4883 1687 4925 vero

145 4964 268 5009 nocte
301 4959 573 5014 daemones
618 4959 812 5015 iterum
859 4960 1142 5014 venientes
1184 4959 1523 5028 gravioribus
1562 4974 1687 5014 eum

145 5044 419 5103 verberibus
443 5050 794 5115 cruciabam;
825 5051 921 5106 sed
949 5065 1050 5105 nec
1076 5059 1202 5104 tunc
1231 5051 1447 5122 quidem
1481 5050 1688 5106 moveri

141 5133 279 5164 νῆιηίο
323 5155 347 5164 ιι

394 5139 513 5164 .--Α
588 5141 776 5164 ωαίξ---
828 5155 944 5164 Α---
993 5141 1171 5164 δίε-Α..-
1227 5152 1450 5164 _._-_.--..-

1789 4597 1966 4642 autent
1997 4605 2124 4657 opus
2161 4589 2447 4656 perfectum
2474 4589 2627 4643 liabet
2649 4629 2665 4655 ,
2699 4602 2752 4644 ut
2783 4592 2894 4645 sitis
2923 4595 3139 4663 perfecti
3162 4606 3210 4649 et
3245 4597 3378 4651 inte-

1790 4681 1872 4750 gri
1903 4682 1958 4734 in
1987 4679 2132 4734 nulla
2158 4680 2453 4751 deﬁcientes
2483 4683 2624 4756 (Jac.
2669 4701 2718 4752 ι,
2755 4686 2868 4757 ‘25).
2904 4688 3041 4743 ltem‘
3081 4690 3222 4746 idem
3248 4707 3378 4763 apo-

1790 4771 1963 4826 stolus
1991 4769 2124 4826 dicit
2154 4789 2167 4824 :
2203 4769 2395 4827 Beatus
2419 4775 2496 4828 vir
2524 4775 2616 4844 qui
2650 4776 2836 4846 autfert
2861 4779 3218 4846 tentationeut,
3244 4781 3396 4852 quo?

1792 4861 1934 4916 niam
1982 4878 2101 4916 cum
2140 4863 2392 4931 probatus
2441 4865 2636 4934 fuerit,
2685 4859 2904 4937 accipiet
2933 4885 3181 4944 coronam
3225 4873 3376 4936 vitm.

1791 4966 1950 5020 quam
1980 4953 2271 5021 repromisit
2302 4951 2440 5008 Deus
2468 4953 2800 5024 diligentibus
2823 4974 2880 5011 se
2899 4957 3089 5029 (Ιιιὶιι.,
3109 4959 3216 5029 l2).
3243 4958 3379 5014 Hinc

1790 5054 1845 5098 et
1865 5043 2064 5100 Paulus
2087 5045 2361 5116 apostolus
2386 5049 2468 5102 ait
2489 5065 2503 5100 :
2523 5045 2833 5104 Glorientur
2853 5051 2906 5102 in
2928 5051 3374 5114 tribulationibus,

1824 5138 2010 5164 οἰηκι..-
2040 5139 2174 5164 -..-J
2206 5138 2468 5164 a..i.L..I--.'-
2514 5139 2729 5164 --.2-...2

2742 5157 2815 5164 --.Α
2847 5154 3088 5164 -..ιω-ι...-
3131 5154 3376 5164 ..Α-ιλιοιιη
