  <div class='ocr_page' id='page_1' title='image "/cluster/home/n/w/nwhite01/storage/ocr_20150623/146/hvd.32044015471832/124.png"; bbox 0 0 3942 5340; ppageno 0'>
   <div class='ocr_carea' id='block_1_1' title="bbox 136 352 230 417">
    <p class='ocr_par' dir='ltr' id='par_1_1' title="bbox 136 352 230 417">
     <span class='ocr_line' id='line_1_1' title="bbox 136 352 230 417; baseline 0 0"><span class='ocrx_word' id='word_1_1' title='bbox 136 352 230 417; x_wconf 61' lang='lat'><strong>$3!</strong></span> 
     </span>
    </p>
   </div>
   <div class='ocr_carea' id='block_1_2' title="bbox 1289 361 2255 426">
    <p class='ocr_par' dir='ltr' id='par_1_2' title="bbox 1289 361 2255 426">
     <span class='ocr_line' id='line_1_2' title="bbox 1289 361 2255 426; baseline 0.009 -8"><span class='ocrx_word' id='word_1_2' title='bbox 1289 361 1417 419; x_wconf 80' lang='lat' dir='ltr'><strong>LIB.</strong></span> <span class='ocrx_word' id='word_1_3' title='bbox 1462 362 1551 418; x_wconf 76' lang='lat' dir='ltr'><strong>DE</strong></span> <span class='ocrx_word' id='word_1_4' title='bbox 1586 365 1821 418; x_wconf 68' lang='lat' dir='ltr'><strong>Cbhbb</strong></span> <span class='ocrx_word' id='word_1_5' title='bbox 1863 366 2255 426; x_wconf 77' lang='lat' dir='ltr'><strong>SPlRITUALl</strong></span> 
     </span>
    </p>
   </div>
   <div class='ocr_carea' id='block_1_3' title="bbox 3272 386 3373 449">
    <p class='ocr_par' dir='ltr' id='par_1_3' title="bbox 3272 386 3373 449">
     <span class='ocr_line' id='line_1_3' title="bbox 3272 386 3373 449; baseline 0.069 -7"><span class='ocrx_word' id='word_1_6' title='bbox 3272 386 3373 449; x_wconf 74' lang='grc'><strong>258</strong></span> 
     </span>
    </p>
   </div>
   <div class='ocr_carea' id='block_1_4' title="bbox 132 468 3372 569">
    <p class='ocr_par' dir='ltr' id='par_1_4' title="bbox 132 468 3372 569">
     <span class='ocr_line' id='line_1_4' title="bbox 132 468 3372 569; baseline 0.006 -32"><span class='ocrx_word' id='word_1_7' title='bbox 132 487 308 537; x_wconf 67' lang='lat' dir='ltr'><strong>sancto</strong></span> <span class='ocrx_word' id='word_1_8' title='bbox 336 470 535 544; x_wconf 76' lang='lat' dir='ltr'><strong>(Ibid.,</strong></span> <span class='ocrx_word' id='word_1_9' title='bbox 560 474 645 543; x_wconf 75' lang='lat'><strong>5)‘;</strong></span> <span class='ocrx_word' id='word_1_10' title='bbox 679 473 751 529; x_wconf 89' lang='lat' dir='ltr'><strong>ita</strong></span> <span class='ocrx_word' id='word_1_11' title='bbox 778 468 941 530; x_wconf 77' lang='lat' dir='ltr'><strong>etiam</strong></span> <span class='ocrx_word' id='word_1_12' title='bbox 974 476 1029 532; x_wconf 88' lang='lat' dir='ltr'><strong>in</strong></span> <span class='ocrx_word' id='word_1_13' title='bbox 1057 476 1321 532; x_wconf 81' lang='lat' dir='ltr'><strong>cltaritate</strong></span> <span class='ocrx_word' id='word_1_14' title='bbox 1347 478 1526 532; x_wconf 81' lang='lat' dir='ltr'><strong>omnia</strong></span> <span class='ocrx_word' id='word_1_15' title='bbox 1550 475 1693 531; x_wconf 86' lang='lat' dir='ltr'><strong>bona</strong></span> <span class='ocrx_word' id='word_1_16' title='bbox 1723 480 1772 534; x_wconf 79' lang='grc' dir='ltr'>Λ</span> <span class='ocrx_word' id='word_1_17' title='bbox 1800 488 2027 533; x_wconf 83' lang='lat' dir='ltr'><strong>mortem</strong></span> <span class='ocrx_word' id='word_1_18' title='bbox 2062 495 2162 550; x_wconf 90' lang='lat' dir='ltr'><strong>pro</strong></span> <span class='ocrx_word' id='word_1_19' title='bbox 2200 496 2381 538; x_wconf 90' lang='lat' dir='ltr'><strong>amore</strong></span> <span class='ocrx_word' id='word_1_20' title='bbox 2404 483 2604 543; x_wconf 85' lang='lat' dir='ltr'><strong>Christi</strong></span> <span class='ocrx_word' id='word_1_21' title='bbox 2646 505 2833 559; x_wconf 88' lang='lat' dir='ltr'><strong>passos</strong></span> <span class='ocrx_word' id='word_1_22' title='bbox 2876 493 3058 550; x_wconf 82' lang='lat' dir='ltr'><strong>fuisse.</strong></span> <span class='ocrx_word' id='word_1_23' title='bbox 3114 497 3372 569; x_wconf 74' lang='lat' dir='ltr'><strong>Maiorem</strong></span> 
     </span>
    </p>
   </div>
   <div class='ocr_carea' id='block_1_5' title="bbox 134 566 1695 641">
    <p class='ocr_par' dir='ltr' id='par_1_5' title="bbox 134 566 1695 641">
     <span class='ocr_line' id='line_1_5' title="bbox 134 566 1695 641; baseline -0.003 -13"><span class='ocrx_word' id='word_1_24' title='bbox 134 572 447 635; x_wconf 76' lang='lat' dir='ltr'><strong>consistunt,</strong></span> <span class='ocrx_word' id='word_1_25' title='bbox 486 577 778 623; x_wconf 88' lang='lat' dir='ltr'><strong>attestante</strong></span> <span class='ocrx_word' id='word_1_26' title='bbox 809 568 1056 635; x_wconf 90' lang='lat' dir='ltr'><strong>Domino,</strong></span> <span class='ocrx_word' id='word_1_27' title='bbox 1094 570 1183 639; x_wconf 88' lang='lat' dir='ltr'><strong>qui</strong></span> <span class='ocrx_word' id='word_1_28' title='bbox 1217 570 1269 624; x_wconf 91' lang='lat' dir='ltr'><strong>in</strong></span> <span class='ocrx_word' id='word_1_29' title='bbox 1298 566 1588 641; x_wconf 81' lang='lat' dir='ltr'><strong>Evangelia</strong></span> <span class='ocrx_word' id='word_1_30' title='bbox 1616 570 1695 624; x_wconf 69' lang='lat' dir='ltr'><strong>dio</strong></span> 
     </span>
    </p>
   </div>
   <div class='ocr_carea' id='block_1_6' title="bbox 132 659 1695 729">
    <p class='ocr_par' dir='ltr' id='par_1_6' title="bbox 132 659 1695 729">
     <span class='ocr_line' id='line_1_6' title="bbox 132 659 1695 729; baseline -0.004 -10"><span class='ocrx_word' id='word_1_31' title='bbox 132 664 231 719; x_wconf 85' lang='lat' dir='ltr'><strong>cit:</strong></span> <span class='ocrx_word' id='word_1_32' title='bbox 254 660 366 715; x_wconf 78' lang='lat' dir='ltr'><strong>Hoc</strong></span> <span class='ocrx_word' id='word_1_33' title='bbox 401 670 481 714; x_wconf 83' lang='lat' dir='ltr'><strong>est</strong></span> <span class='ocrx_word' id='word_1_34' title='bbox 517 671 829 729; x_wconf 64' lang='lat' dir='ltr'><strong>praeceptum</strong></span> <span class='ocrx_word' id='word_1_35' title='bbox 879 676 1073 721; x_wconf 85' lang='lat' dir='ltr'><strong>meum,</strong></span> <span class='ocrx_word' id='word_1_36' title='bbox 1114 668 1170 713; x_wconf 86' lang='lat' dir='ltr'><strong>ut</strong></span> <span class='ocrx_word' id='word_1_37' title='bbox 1200 659 1435 729; x_wconf 72' lang='lat' dir='ltr'><strong>diligatis</strong></span> <span class='ocrx_word' id='word_1_38' title='bbox 1477 659 1695 713; x_wconf 75' lang='lat' dir='ltr'><strong>invicem</strong></span> 
     </span>
    </p>
   </div>
   <div class='ocr_carea' id='block_1_7' title="bbox 132 751 1696 825">
    <p class='ocr_par' dir='ltr' id='par_1_7' title="bbox 132 751 1696 825">
     <span class='ocr_line' id='line_1_7' title="bbox 132 751 1696 825; baseline -0.003 -16"><span class='ocrx_word' id='word_1_39' title='bbox 132 754 297 825; x_wconf 78' lang='lat' dir='ltr'><strong>(Joau.</strong></span> <span class='ocrx_word' id='word_1_40' title='bbox 330 769 419 815; x_wconf 74' lang='lat' dir='ltr'><strong>xv,</strong></span> <span class='ocrx_word' id='word_1_41' title='bbox 451 752 564 819; x_wconf 70' lang='lat'><strong>12),</strong></span> <span class='ocrx_word' id='word_1_42' title='bbox 606 763 703 820; x_wconf 88' lang='lat' dir='ltr'><strong>per</strong></span> <span class='ocrx_word' id='word_1_43' title='bbox 740 766 904 806; x_wconf 89' lang='lat' dir='ltr'><strong>unum</strong></span> <span class='ocrx_word' id='word_1_44' title='bbox 934 751 1190 807; x_wconf 80' lang='lat' dir='ltr'><strong>videlicet</strong></span> <span class='ocrx_word' id='word_1_45' title='bbox 1219 751 1522 809; x_wconf 76' lang='lat' dir='ltr'><strong>dilectionis</strong></span> <span class='ocrx_word' id='word_1_46' title='bbox 1559 766 1696 821; x_wconf 69' lang='lat' dir='ltr'><strong>pra:-</strong></span> 
     </span>
    </p>
   </div>
   <div class='ocr_carea' id='block_1_8' title="bbox 131 840 1695 916">
    <p class='ocr_par' dir='ltr' id='par_1_8' title="bbox 131 840 1695 916">
     <span class='ocr_line' id='line_1_8' title="bbox 131 840 1695 916; baseline -0.003 -15"><span class='ocrx_word' id='word_1_47' title='bbox 131 853 327 916; x_wconf 76' lang='lat' dir='ltr'><strong>C&#39;pltltn</strong></span> <span class='ocrx_word' id='word_1_48' title='bbox 365 857 565 897; x_wconf 84' lang='lat' dir='ltr'><strong>omnes</strong></span> <span class='ocrx_word' id='word_1_49' title='bbox 592 842 821 896; x_wconf 81' lang='lat' dir='ltr'><strong>virtutes</strong></span> <span class='ocrx_word' id='word_1_50' title='bbox 870 841 1095 912; x_wconf 76' lang='lat' dir='ltr'><strong>intelligi</strong></span> <span class='ocrx_word' id='word_1_51' title='bbox 1146 841 1351 897; x_wconf 87' lang='lat' dir='ltr'><strong>volens.</strong></span> <span class='ocrx_word' id='word_1_52' title='bbox 1404 840 1695 911; x_wconf 80' lang='lat' dir='ltr'><strong>Apostolus</strong></span> 
     </span>
    </p>
   </div>
   <div class='ocr_carea' id='block_1_9' title="bbox 130 931 1695 1004">
    <p class='ocr_par' dir='ltr' id='par_1_9' title="bbox 130 931 1695 1004">
     <span class='ocr_line' id='line_1_9' title="bbox 130 931 1695 1004; baseline -0.001 -16"><span class='ocrx_word' id='word_1_53' title='bbox 130 949 326 1004; x_wconf 87' lang='lat' dir='ltr'><strong>quoque</strong></span> <span class='ocrx_word' id='word_1_54' title='bbox 361 933 561 987; x_wconf 79' lang='lat' dir='ltr'><strong>eadem</strong></span> <span class='ocrx_word' id='word_1_55' title='bbox 598 941 844 995; x_wconf 80' lang='lat' dir='ltr'><strong>testatur,</strong></span> <span class='ocrx_word' id='word_1_56' title='bbox 885 932 1071 987; x_wconf 86' lang='lat' dir='ltr'><strong>dicens</strong></span> <span class='ocrx_word' id='word_1_57' title='bbox 1099 950 1113 985; x_wconf 90' lang='lat'><strong>:</strong></span> <span class='ocrx_word' id='word_1_58' title='bbox 1143 931 1421 987; x_wconf 77' lang='lat' dir='ltr'><strong>Plenitudo</strong></span> <span class='ocrx_word' id='word_1_59' title='bbox 1464 933 1591 1002; x_wconf 71' lang='lat' dir='ltr'><strong>legi:</strong></span> <span class='ocrx_word' id='word_1_60' title='bbox 1619 941 1695 987; x_wconf 76' lang='lat' dir='ltr'><strong>est</strong></span> 
     </span>
    </p>
   </div>
   <div class='ocr_carea' id='block_1_10' title="bbox 132 1021 1693 1094">
    <p class='ocr_par' dir='ltr' id='par_1_10' title="bbox 132 1021 1693 1094">
     <span class='ocr_line' id='line_1_10' title="bbox 132 1021 1693 1094; baseline -0.002 -14"><span class='ocrx_word' id='word_1_61' title='bbox 132 1024 317 1080; x_wconf 72' lang='lat' dir='ltr'><strong>dilectio</strong></span> <span class='ocrx_word' id='word_1_62' title='bbox 346 1021 527 1093; x_wconf 82' lang='lat' dir='ltr'><strong>(Rom.</strong></span> <span class='ocrx_word' id='word_1_63' title='bbox 563 1038 686 1085; x_wconf 79' lang='lat' dir='ltr'><strong>xm,</strong></span> <span class='ocrx_word' id='word_1_64' title='bbox 720 1022 829 1094; x_wconf 70' lang='lat' dir='ltr'><strong>i0}.</strong></span> <span class='ocrx_word' id='word_1_65' title='bbox 876 1022 932 1077; x_wconf 86' lang='lat' dir='ltr'><strong>In</strong></span> <span class='ocrx_word' id='word_1_66' title='bbox 976 1023 1060 1079; x_wconf 86' lang='lat' dir='ltr'><strong>his</strong></span> <span class='ocrx_word' id='word_1_67' title='bbox 1090 1024 1251 1093; x_wconf 82' lang='lat' dir='ltr'><strong>igitur</strong></span> <span class='ocrx_word' id='word_1_68' title='bbox 1279 1023 1448 1079; x_wconf 85' lang='lat' dir='ltr'><strong>tribus</strong></span> <span class='ocrx_word' id='word_1_69' title='bbox 1473 1024 1693 1077; x_wconf 87' lang='lat' dir='ltr'><strong>virtuti-</strong></span> 
     </span>
    </p>
   </div>
   <div class='ocr_carea' id='block_1_11' title="bbox 130 1112 1693 1185">
    <p class='ocr_par' dir='ltr' id='par_1_11' title="bbox 130 1112 1693 1185">
     <span class='ocr_line' id='line_1_11' title="bbox 130 1112 1693 1185; baseline -0.002 -14"><span class='ocrx_word' id='word_1_70' title='bbox 130 1119 234 1177; x_wconf 89' lang='lat' dir='ltr'><strong>bus,</strong></span> <span class='ocrx_word' id='word_1_71' title='bbox 265 1114 316 1168; x_wconf 88' lang='lat' dir='ltr'><strong>id</strong></span> <span class='ocrx_word' id='word_1_72' title='bbox 343 1122 429 1169; x_wconf 89' lang='lat' dir='ltr'><strong>est</strong></span> <span class='ocrx_word' id='word_1_73' title='bbox 466 1115 525 1169; x_wconf 89' lang='lat' dir='ltr'><strong>itt</strong></span> <span class='ocrx_word' id='word_1_74' title='bbox 563 1112 668 1168; x_wconf 86' lang='lat' dir='ltr'><strong>ﬁde</strong></span> <span class='ocrx_word' id='word_1_75' title='bbox 701 1123 755 1168; x_wconf 89' lang='lat' dir='ltr'><strong>et</strong></span> <span class='ocrx_word' id='word_1_76' title='bbox 790 1129 883 1183; x_wconf 83' lang='lat' dir='ltr'><strong>spe</strong></span> <span class='ocrx_word' id='word_1_77' title='bbox 917 1123 972 1168; x_wconf 91' lang='lat' dir='ltr'><strong>et</strong></span> <span class='ocrx_word' id='word_1_78' title='bbox 1010 1114 1293 1179; x_wconf 82' lang='lat' dir='ltr'><strong>cltaritate,</strong></span> <span class='ocrx_word' id='word_1_79' title='bbox 1337 1130 1457 1185; x_wconf 73' lang='lat' dir='ltr'><strong>qum</strong></span> <span class='ocrx_word' id='word_1_80' title='bbox 1481 1114 1693 1169; x_wconf 88' lang='lat' dir='ltr'><strong>cunctis</strong></span> 
     </span>
    </p>
   </div>
   <div class='ocr_carea' id='block_1_12' title="bbox 131 1204 1692 1275">
    <p class='ocr_par' dir='ltr' id='par_1_12' title="bbox 131 1204 1692 1275">
     <span class='ocr_line' id='line_1_12' title="bbox 131 1204 1692 1275; baseline -0.003 -12"><span class='ocrx_word' id='word_1_81' title='bbox 131 1204 417 1263; x_wconf 82' lang='lat' dir='ltr'><strong>hominibus</strong></span> <span class='ocrx_word' id='word_1_82' title='bbox 460 1216 784 1260; x_wconf 86' lang='lat' dir='ltr'><strong>communes</strong></span> <span class='ocrx_word' id='word_1_83' title='bbox 831 1218 951 1259; x_wconf 89' lang='lat' dir='ltr'><strong>esse</strong></span> <span class='ocrx_word' id='word_1_84' title='bbox 994 1205 1210 1268; x_wconf 84' lang='lat' dir='ltr'><strong>debent,</strong></span> <span class='ocrx_word' id='word_1_85' title='bbox 1254 1214 1308 1259; x_wconf 91' lang='lat' dir='ltr'><strong>et</strong></span> <span class='ocrx_word' id='word_1_86' title='bbox 1349 1207 1467 1259; x_wconf 90' lang='lat' dir='ltr'><strong>sine</strong></span> <span class='ocrx_word' id='word_1_87' title='bbox 1498 1205 1692 1275; x_wconf 84' lang='lat' dir='ltr'><strong>quibus</strong></span> 
     </span>
    </p>
   </div>
   <div class='ocr_carea' id='block_1_13' title="bbox 130 1295 1689 1366">
    <p class='ocr_par' dir='ltr' id='par_1_13' title="bbox 130 1295 1689 1366">
     <span class='ocr_line' id='line_1_13' title="bbox 130 1295 1689 1366; baseline -0.001 -14"><span class='ocrx_word' id='word_1_88' title='bbox 130 1312 266 1352; x_wconf 78' lang='lat' dir='ltr'><strong>nemo</strong></span> <span class='ocrx_word' id='word_1_89' title='bbox 289 1295 508 1365; x_wconf 78' lang='lat' dir='ltr'><strong>placere</strong></span> <span class='ocrx_word' id='word_1_90' title='bbox 537 1296 648 1351; x_wconf 90' lang='lat' dir='ltr'><strong>Deo</strong></span> <span class='ocrx_word' id='word_1_91' title='bbox 678 1305 875 1364; x_wconf 84' lang='lat' dir='ltr'><strong>potest,</strong></span> <span class='ocrx_word' id='word_1_92' title='bbox 908 1305 1170 1365; x_wconf 84' lang='lat' dir='ltr'><strong>quantum</strong></span> <span class='ocrx_word' id='word_1_93' title='bbox 1199 1297 1427 1366; x_wconf 85' lang='lat' dir='ltr'><strong>quisque</strong></span> <span class='ocrx_word' id='word_1_94' title='bbox 1455 1297 1689 1366; x_wconf 88' lang='lat' dir='ltr'><strong>proﬁcit,</strong></span> 
     </span>
    </p>
   </div>
   <div class='ocr_carea' id='block_1_14' title="bbox 130 1387 1692 1443">
    <p class='ocr_par' dir='ltr' id='par_1_14' title="bbox 130 1387 1692 1443">
     <span class='ocr_line' id='line_1_14' title="bbox 130 1387 1692 1443; baseline 0 0"><span class='ocrx_word' id='word_1_95' title='bbox 130 1399 314 1443; x_wconf 84' lang='lat' dir='ltr'><strong>tantum</strong></span> <span class='ocrx_word' id='word_1_96' title='bbox 341 1389 390 1443; x_wconf 91' lang='lat' dir='ltr'><strong>ei</strong></span> <span class='ocrx_word' id='word_1_97' title='bbox 433 1397 759 1441; x_wconf 63' lang='lat' dir='ltr'><strong>eceterarum</strong></span> <span class='ocrx_word' id='word_1_98' title='bbox 796 1388 1055 1441; x_wconf 86' lang='lat' dir='ltr'><strong>virtutum</strong></span> <span class='ocrx_word' id='word_1_99' title='bbox 1096 1388 1285 1441; x_wconf 78' lang='lat' dir='ltr'><strong>notitia</strong></span> <span class='ocrx_word' id='word_1_100' title='bbox 1327 1388 1485 1442; x_wconf 87' lang='lat' dir='ltr'><strong>simul</strong></span> <span class='ocrx_word' id='word_1_101' title='bbox 1522 1396 1575 1443; x_wconf 88' lang='lat' dir='ltr'><strong>et</strong></span> <span class='ocrx_word' id='word_1_102' title='bbox 1614 1387 1692 1443; x_wconf 81' lang='lat' dir='ltr'><strong>fa-</strong></span> 
     </span>
    </p>
   </div>
   <div class='ocr_carea' id='block_1_15' title="bbox 129 1478 1689 1545">
    <p class='ocr_par' dir='ltr' id='par_1_15' title="bbox 129 1478 1689 1545">
     <span class='ocr_line' id='line_1_15' title="bbox 129 1478 1689 1545; baseline -0.001 -11"><span class='ocrx_word' id='word_1_103' title='bbox 129 1478 278 1535; x_wconf 81' lang='lat' dir='ltr'><strong>cultas</strong></span> <span class='ocrx_word' id='word_1_104' title='bbox 312 1479 452 1534; x_wconf 86' lang='lat' dir='ltr'><strong>bene</strong></span> <span class='ocrx_word' id='word_1_105' title='bbox 494 1479 692 1545; x_wconf 78' lang='lat' dir='ltr'><strong>agendi</strong></span> <span class='ocrx_word' id='word_1_106' title='bbox 725 1496 753 1532; x_wconf 94' lang='lat' dir='ltr'><strong>a</strong></span> <span class='ocrx_word' id='word_1_107' title='bbox 782 1479 891 1533; x_wconf 90' lang='lat' dir='ltr'><strong>Deo</strong></span> <span class='ocrx_word' id='word_1_108' title='bbox 918 1478 1224 1543; x_wconf 74' lang='lat' dir='ltr'><strong>exhibetur.</strong></span> <span class='ocrx_word' id='word_1_109' title='bbox 1271 1479 1503 1534; x_wconf 81' lang='lat' dir='ltr'><strong>Credere</strong></span> <span class='ocrx_word' id='word_1_110' title='bbox 1539 1496 1689 1533; x_wconf 85' lang='lat' dir='ltr'><strong>nam-</strong></span> 
     </span>
    </p>
   </div>
   <div class='ocr_carea' id='block_1_16' title="bbox 130 1567 1689 1642">
    <p class='ocr_par' dir='ltr' id='par_1_16' title="bbox 130 1567 1689 1642">
     <span class='ocr_line' id='line_1_16' title="bbox 130 1567 1689 1642; baseline 0.001 -20"><span class='ocrx_word' id='word_1_111' title='bbox 130 1586 217 1640; x_wconf 87' lang='lat' dir='ltr'><strong>que</strong></span> <span class='ocrx_word' id='word_1_112' title='bbox 250 1568 406 1622; x_wconf 88' lang='lat' dir='ltr'><strong>debet</strong></span> <span class='ocrx_word' id='word_1_113' title='bbox 442 1567 631 1621; x_wconf 81' lang='lat' dir='ltr'><strong>omnis</strong></span> <span class='ocrx_word' id='word_1_114' title='bbox 671 1568 833 1622; x_wconf 89' lang='lat' dir='ltr'><strong>homo</strong></span> <span class='ocrx_word' id='word_1_115' title='bbox 872 1569 1054 1622; x_wconf 85' lang='lat' dir='ltr'><strong>omnia</strong></span> <span class='ocrx_word' id='word_1_116' title='bbox 1100 1585 1127 1621; x_wconf 88' lang='lat' dir='ltr'><strong>a</strong></span> <span class='ocrx_word' id='word_1_117' title='bbox 1158 1568 1268 1623; x_wconf 90' lang='lat' dir='ltr'><strong>Deo</strong></span> <span class='ocrx_word' id='word_1_118' title='bbox 1299 1570 1431 1637; x_wconf 87' lang='lat' dir='ltr'><strong>regi,</strong></span> <span class='ocrx_word' id='word_1_119' title='bbox 1471 1578 1526 1623; x_wconf 90' lang='lat' dir='ltr'><strong>et</strong></span> <span class='ocrx_word' id='word_1_120' title='bbox 1557 1569 1689 1642; x_wconf 80' lang='lat' dir='ltr'><strong>nihil</strong></span> 
     </span>
    </p>
   </div>
   <div class='ocr_carea' id='block_1_17' title="bbox 131 1660 1690 1729">
    <p class='ocr_par' dir='ltr' id='par_1_17' title="bbox 131 1660 1690 1729">
     <span class='ocr_line' id='line_1_17' title="bbox 131 1660 1690 1729; baseline -0.002 -11"><span class='ocrx_word' id='word_1_121' title='bbox 131 1664 305 1718; x_wconf 73' lang='lat' dir='ltr'><strong>frustra</strong></span> <span class='ocrx_word' id='word_1_122' title='bbox 345 1660 430 1716; x_wconf 89' lang='lat' dir='ltr'><strong>vel</strong></span> <span class='ocrx_word' id='word_1_123' title='bbox 474 1676 546 1714; x_wconf 77' lang='lat' dir='ltr'><strong>ex</strong></span> <span class='ocrx_word' id='word_1_124' title='bbox 597 1676 726 1715; x_wconf 88' lang='lat' dir='ltr'><strong>casu</strong></span> <span class='ocrx_word' id='word_1_125' title='bbox 769 1660 821 1714; x_wconf 88' lang='lat' dir='ltr'><strong>in</strong></span> <span class='ocrx_word' id='word_1_126' title='bbox 869 1661 1070 1715; x_wconf 91' lang='lat' dir='ltr'><strong>mundo</strong></span> <span class='ocrx_word' id='word_1_127' title='bbox 1116 1660 1254 1725; x_wconf 86' lang='lat' dir='ltr'><strong>ﬁeri,</strong></span> <span class='ocrx_word' id='word_1_128' title='bbox 1298 1661 1392 1715; x_wconf 87' lang='lat' dir='ltr'><strong>sed</strong></span> <span class='ocrx_word' id='word_1_129' title='bbox 1435 1669 1527 1715; x_wconf 91' lang='lat' dir='ltr'><strong>aut</strong></span> <span class='ocrx_word' id='word_1_130' title='bbox 1571 1662 1690 1729; x_wconf 89' lang='lat' dir='ltr'><strong>ipso</strong></span> 
     </span>
    </p>
   </div>
   <div class='ocr_carea' id='block_1_18' title="bbox 132 1750 1688 1821">
    <p class='ocr_par' dir='ltr' id='par_1_18' title="bbox 132 1750 1688 1821">
     <span class='ocr_line' id='line_1_18' title="bbox 132 1750 1688 1821; baseline -0.001 -15"><span class='ocrx_word' id='word_1_131' title='bbox 132 1753 432 1806; x_wconf 68' lang='lat' dir='ltr'><strong>concedente</strong></span> <span class='ocrx_word' id='word_1_132' title='bbox 488 1759 590 1805; x_wconf 87' lang='lat' dir='ltr'><strong>aut</strong></span> <span class='ocrx_word' id='word_1_133' title='bbox 643 1750 989 1821; x_wconf 88' lang='lat' dir='ltr'><strong>permittente</strong></span> <span class='ocrx_word' id='word_1_134' title='bbox 1048 1759 1242 1805; x_wconf 87' lang='lat' dir='ltr'><strong>cuncta</strong></span> <span class='ocrx_word' id='word_1_135' title='bbox 1294 1750 1483 1804; x_wconf 87' lang='lat' dir='ltr'><strong>ordine</strong></span> <span class='ocrx_word' id='word_1_136' title='bbox 1538 1759 1688 1805; x_wconf 92' lang='lat' dir='ltr'><strong>certo</strong></span> 
     </span>
    </p>
   </div>
   <div class='ocr_carea' id='block_1_19' title="bbox 1796 568 3370 652">
    <p class='ocr_par' dir='ltr' id='par_1_19' title="bbox 1796 568 3370 652">
     <span class='ocr_line' id='line_1_19' title="bbox 1796 568 3370 652; baseline 0.018 -34"><span class='ocrx_word' id='word_1_137' title='bbox 1796 579 2028 636; x_wconf 86' lang='lat' dir='ltr'><strong>namque</strong></span> <span class='ocrx_word' id='word_1_138' title='bbox 2054 578 2107 622; x_wconf 90' lang='lat' dir='ltr'><strong>et</strong></span> <span class='ocrx_word' id='word_1_139' title='bbox 2130 568 2481 627; x_wconf 85' lang='lat' dir='ltr'><strong>eﬁicaciorem</strong></span> <span class='ocrx_word' id='word_1_140' title='bbox 2507 577 2881 644; x_wconf 65' lang='lat' dir='ltr'><strong>paenitentiam</strong></span> <span class='ocrx_word' id='word_1_141' title='bbox 2906 596 3067 652; x_wconf 84' lang='lat' dir='ltr'><strong>agere</strong></span> <span class='ocrx_word' id='word_1_142' title='bbox 3093 568 3207 642; x_wconf 87' lang='lat' dir='ltr'><strong>non</strong></span> <span class='ocrx_word' id='word_1_143' title='bbox 3224 588 3370 646; x_wconf 89' lang='lat' dir='ltr'><strong>vale-</strong></span> 
     </span>
    </p>
   </div>
   <div class='ocr_carea' id='block_1_20' title="bbox 1797 659 3371 741">
    <p class='ocr_par' dir='ltr' id='par_1_20' title="bbox 1797 659 3371 741">
     <span class='ocr_line' id='line_1_20' title="bbox 1797 659 3371 741; baseline 0.016 -32"><span class='ocrx_word' id='word_1_144' title='bbox 1797 670 1941 722; x_wconf 89' lang='lat' dir='ltr'><strong>mus,</strong></span> <span class='ocrx_word' id='word_1_145' title='bbox 1969 670 2129 727; x_wconf 87' lang='lat' dir='ltr'><strong>quam</strong></span> <span class='ocrx_word' id='word_1_146' title='bbox 2160 660 2206 715; x_wconf 90' lang='lat' dir='ltr'><strong>si</strong></span> <span class='ocrx_word' id='word_1_147' title='bbox 2231 659 2479 729; x_wconf 87' lang='lat' dir='ltr'><strong>injuriam</strong></span> <span class='ocrx_word' id='word_1_148' title='bbox 2507 667 2801 734; x_wconf 85' lang='lat' dir='ltr'><strong>quamlibet</strong></span> <span class='ocrx_word' id='word_1_149' title='bbox 2830 671 2914 725; x_wconf 85' lang='lat' dir='ltr'><strong>vel</strong></span> <span class='ocrx_word' id='word_1_150' title='bbox 2938 678 3371 741; x_wconf 87' lang='lat' dir='ltr'><strong>persecutionem</strong></span> 
     </span>
    </p>
   </div>
   <div class='ocr_carea' id='block_1_21' title="bbox 1794 749 3375 829">
    <p class='ocr_par' dir='ltr' id='par_1_21' title="bbox 1794 749 3375 829">
     <span class='ocr_line' id='line_1_21' title="bbox 1794 749 3375 829; baseline 0.014 -30"><span class='ocrx_word' id='word_1_151' title='bbox 1794 759 1896 814; x_wconf 88' lang='lat' dir='ltr'><strong>pro</strong></span> <span class='ocrx_word' id='word_1_152' title='bbox 1927 749 2144 804; x_wconf 91' lang='lat' dir='ltr'><strong>nomine</strong></span> <span class='ocrx_word' id='word_1_153' title='bbox 2166 749 2367 804; x_wconf 86' lang='lat' dir='ltr'><strong>Christi</strong></span> <span class='ocrx_word' id='word_1_154' title='bbox 2392 751 2707 821; x_wconf 87' lang='lat' dir='ltr'><strong>toleremus;</strong></span> <span class='ocrx_word' id='word_1_155' title='bbox 2736 758 2863 827; x_wconf 90' lang='lat' dir='ltr'><strong>quia</strong></span> <span class='ocrx_word' id='word_1_156' title='bbox 2887 759 3001 829; x_wconf 91' lang='lat' dir='ltr'><strong>ipse</strong></span> <span class='ocrx_word' id='word_1_157' title='bbox 3019 762 3191 817; x_wconf 80' lang='lat' dir='ltr'><strong>dixit:</strong></span> <span class='ocrx_word' id='word_1_158' title='bbox 3222 765 3375 821; x_wconf 84' lang='lat' dir='ltr'><strong>Beati</strong></span> 
     </span>
    </p>
   </div>
   <div class='ocr_carea' id='block_1_22' title="bbox 1792 836 3367 926">
    <p class='ocr_par' dir='ltr' id='par_1_22' title="bbox 1792 836 3367 926">
     <span class='ocr_line' id='line_1_22' title="bbox 1792 836 3367 926; baseline 0.015 -38"><span class='ocrx_word' id='word_1_159' title='bbox 1792 836 1884 904; x_wconf 70' lang='lat' dir='ltr'><strong>qui</strong></span> <span class='ocrx_word' id='word_1_160' title='bbox 1912 840 2320 904; x_wconf 75' lang='lat' dir='ltr'><strong>persecutionem</strong></span> <span class='ocrx_word' id='word_1_161' title='bbox 2342 844 2616 910; x_wconf 69' lang='lat' dir='ltr'><strong>patiuntur</strong></span> <span class='ocrx_word' id='word_1_162' title='bbox 2638 857 2847 917; x_wconf 83' lang='lat' dir='ltr'><strong>propter</strong></span> <span class='ocrx_word' id='word_1_163' title='bbox 2863 849 3367 926; x_wconf 61' lang='lat' dir='ltr'><strong>justitinmﬂlattlt.</strong></span> 
     </span>
    </p>
   </div>
   <div class='ocr_carea' id='block_1_23' title="bbox 1793 926 1989 997">
    <p class='ocr_par' dir='ltr' id='par_1_23' title="bbox 1793 926 1989 997">
     <span class='ocr_line' id='line_1_23' title="bbox 1793 926 1989 997; baseline 0.01 -19"><span class='ocrx_word' id='word_1_164' title='bbox 1793 939 1848 991; x_wconf 88' lang='lat' dir='ltr'><strong>v,</strong></span> <span class='ocrx_word' id='word_1_165' title='bbox 1880 926 1989 997; x_wconf 70' lang='lat'><strong>10).</strong></span> 
     </span>
    </p>
   </div>
   <div class='ocr_carea' id='block_1_24' title="bbox 1864 1015 3372 1105">
    <p class='ocr_par' dir='ltr' id='par_1_24' title="bbox 1864 1015 3372 1105">
     <span class='ocr_line' id='line_1_24' title="bbox 1864 1015 3372 1105; baseline 0.014 -35"><span class='ocrx_word' id='word_1_166' title='bbox 1864 1015 1972 1071; x_wconf 81' lang='lat' dir='ltr'><strong>Per</strong></span> <span class='ocrx_word' id='word_1_167' title='bbox 1996 1019 2269 1088; x_wconf 89' lang='lat' dir='ltr'><strong>quoslibet</strong></span> <span class='ocrx_word' id='word_1_168' title='bbox 2299 1031 2590 1092; x_wconf 78' lang='lat' dir='ltr'><strong>peccantes</strong></span> <span class='ocrx_word' id='word_1_169' title='bbox 2621 1033 2911 1083; x_wconf 89' lang='lat' dir='ltr'><strong>tentamur.</strong></span> <span class='ocrx_word' id='word_1_170' title='bbox 2942 1030 2999 1085; x_wconf 81' lang='lat' dir='ltr'><strong>In</strong></span> <span class='ocrx_word' id='word_1_171' title='bbox 3027 1033 3219 1101; x_wconf 89' lang='lat' dir='ltr'><strong>primis</strong></span> <span class='ocrx_word' id='word_1_172' title='bbox 3252 1036 3372 1105; x_wconf 84' lang='lat' dir='ltr'><strong>qui-</strong></span> 
     </span>
    </p>
   </div>
   <div class='ocr_carea' id='block_1_25' title="bbox 1795 1108 3374 1189">
    <p class='ocr_par' dir='ltr' id='par_1_25' title="bbox 1795 1108 3374 1189">
     <span class='ocr_line' id='line_1_25' title="bbox 1795 1108 3374 1189; baseline 0.012 -28"><span class='ocrx_word' id='word_1_173' title='bbox 1795 1108 1940 1174; x_wconf 85' lang='lat' dir='ltr'><strong>dem,</strong></span> <span class='ocrx_word' id='word_1_174' title='bbox 1981 1110 2026 1164; x_wconf 91' lang='lat' dir='ltr'><strong>si</strong></span> <span class='ocrx_word' id='word_1_175' title='bbox 2067 1112 2425 1177; x_wconf 86' lang='lat' dir='ltr'><strong>attendentes,</strong></span> <span class='ocrx_word' id='word_1_176' title='bbox 2468 1114 2594 1183; x_wconf 89' lang='lat' dir='ltr'><strong>quia</strong></span> <span class='ocrx_word' id='word_1_177' title='bbox 2629 1131 2728 1170; x_wconf 91' lang='lat' dir='ltr'><strong>nos</strong></span> <span class='ocrx_word' id='word_1_178' title='bbox 2766 1129 2946 1174; x_wconf 87' lang='lat' dir='ltr'><strong>autem</strong></span> <span class='ocrx_word' id='word_1_179' title='bbox 2980 1120 3090 1189; x_wconf 77' lang='lat' dir='ltr'><strong>iam</strong></span> <span class='ocrx_word' id='word_1_180' title='bbox 3121 1124 3374 1182; x_wconf 83' lang='lat' dir='ltr'><strong>similiter</strong></span> 
     </span>
    </p>
   </div>
   <div class='ocr_carea' id='block_1_26' title="bbox 1792 1195 3373 1275">
    <p class='ocr_par' dir='ltr' id='par_1_26' title="bbox 1792 1195 3373 1275">
     <span class='ocr_line' id='line_1_26' title="bbox 1792 1195 3373 1275; baseline 0.015 -27"><span class='ocrx_word' id='word_1_181' title='bbox 1792 1195 1927 1266; x_wconf 83' lang='lat' dir='ltr'><strong>lapsi</strong></span> <span class='ocrx_word' id='word_1_182' title='bbox 1964 1213 2172 1264; x_wconf 87' lang='lat' dir='ltr'><strong>smnus,</strong></span> <span class='ocrx_word' id='word_1_183' title='bbox 2203 1203 2285 1255; x_wconf 87' lang='lat' dir='ltr'><strong>vel</strong></span> <span class='ocrx_word' id='word_1_184' title='bbox 2313 1203 2491 1257; x_wconf 87' lang='lat' dir='ltr'><strong>adhuc</strong></span> <span class='ocrx_word' id='word_1_185' title='bbox 2519 1203 2623 1260; x_wconf 88' lang='lat' dir='ltr'><strong>labi</strong></span> <span class='ocrx_word' id='word_1_186' title='bbox 2656 1220 2961 1275; x_wconf 79' lang='lat' dir='ltr'><strong>possumus,</strong></span> <span class='ocrx_word' id='word_1_187' title='bbox 2990 1213 3373 1271; x_wconf 85' lang='lat' dir='ltr'><strong>condoleamus</strong></span> 
     </span>
    </p>
   </div>
   <div class='ocr_carea' id='block_1_27' title="bbox 1794 1285 3371 1360">
    <p class='ocr_par' dir='ltr' id='par_1_27' title="bbox 1794 1285 3371 1360">
     <span class='ocr_line' id='line_1_27' title="bbox 1794 1285 3371 1360; baseline 0.013 -21"><span class='ocrx_word' id='word_1_188' title='bbox 1794 1285 1917 1340; x_wconf 90' lang='lat' dir='ltr'><strong>illis.</strong></span> <span class='ocrx_word' id='word_1_189' title='bbox 1962 1288 2166 1343; x_wconf 86' lang='lat' dir='ltr'><strong>Deinde</strong></span> <span class='ocrx_word' id='word_1_190' title='bbox 2209 1305 2340 1345; x_wconf 88' lang='lat' dir='ltr'><strong>vero</strong></span> <span class='ocrx_word' id='word_1_191' title='bbox 2386 1293 2433 1347; x_wconf 90' lang='lat' dir='ltr'><strong>si</strong></span> <span class='ocrx_word' id='word_1_192' title='bbox 2472 1294 2547 1348; x_wconf 90' lang='lat' dir='ltr'><strong>ita</strong></span> <span class='ocrx_word' id='word_1_193' title='bbox 2593 1296 2809 1351; x_wconf 83' lang='lat' dir='ltr'><strong>discreti</strong></span> <span class='ocrx_word' id='word_1_194' title='bbox 2856 1298 2911 1353; x_wconf 90' lang='lat' dir='ltr'><strong>in</strong></span> <span class='ocrx_word' id='word_1_195' title='bbox 2956 1314 3141 1355; x_wconf 90' lang='lat' dir='ltr'><strong>eorum</strong></span> <span class='ocrx_word' id='word_1_196' title='bbox 3185 1317 3371 1360; x_wconf 87' lang='lat' dir='ltr'><strong>corre-</strong></span> 
     </span>
    </p>
   </div>
   <div class='ocr_carea' id='block_1_28' title="bbox 1793 1379 3372 1462">
    <p class='ocr_par' dir='ltr' id='par_1_28' title="bbox 1793 1379 3372 1462">
     <span class='ocr_line' id='line_1_28' title="bbox 1793 1379 3372 1462; baseline 0.013 -31"><span class='ocrx_word' id='word_1_197' title='bbox 1793 1379 1971 1434; x_wconf 83' lang='lat' dir='ltr'><strong>ctione</strong></span> <span class='ocrx_word' id='word_1_198' title='bbox 2005 1394 2124 1434; x_wconf 91' lang='lat' dir='ltr'><strong>esse</strong></span> <span class='ocrx_word' id='word_1_199' title='bbox 2153 1380 2411 1447; x_wconf 82' lang='lat' dir='ltr'><strong>velimus,</strong></span> <span class='ocrx_word' id='word_1_200' title='bbox 2446 1394 2506 1439; x_wconf 89' lang='lat' dir='ltr'><strong>ut</strong></span> <span class='ocrx_word' id='word_1_201' title='bbox 2534 1400 2709 1455; x_wconf 88' lang='lat' dir='ltr'><strong>neque</strong></span> <span class='ocrx_word' id='word_1_202' title='bbox 2745 1388 2883 1443; x_wconf 89' lang='lat' dir='ltr'><strong>ultra</strong></span> <span class='ocrx_word' id='word_1_203' title='bbox 2918 1390 3134 1446; x_wconf 91' lang='lat' dir='ltr'><strong>modum</strong></span> <span class='ocrx_word' id='word_1_204' title='bbox 3173 1397 3372 1462; x_wconf 81' lang='lat' dir='ltr'><strong>severi,</strong></span> 
     </span>
    </p>
   </div>
   <div class='ocr_carea' id='block_1_29' title="bbox 1791 1470 3369 1543">
    <p class='ocr_par' dir='ltr' id='par_1_29' title="bbox 1791 1470 3369 1543">
     <span class='ocr_line' id='line_1_29' title="bbox 1791 1470 3369 1543; baseline 0.011 -22"><span class='ocrx_word' id='word_1_205' title='bbox 1791 1482 1967 1536; x_wconf 88' lang='lat' dir='ltr'><strong>neque</strong></span> <span class='ocrx_word' id='word_1_206' title='bbox 1998 1470 2160 1524; x_wconf 87' lang='lat' dir='ltr'><strong>nimis</strong></span> <span class='ocrx_word' id='word_1_207' title='bbox 2205 1473 2415 1528; x_wconf 86' lang='lat' dir='ltr'><strong>remissi</strong></span> <span class='ocrx_word' id='word_1_208' title='bbox 2452 1475 2503 1529; x_wconf 88' lang='lat' dir='ltr'><strong>in</strong></span> <span class='ocrx_word' id='word_1_209' title='bbox 2542 1475 2660 1531; x_wconf 90' lang='lat' dir='ltr'><strong>illos</strong></span> <span class='ocrx_word' id='word_1_210' title='bbox 2691 1477 2880 1543; x_wconf 87' lang='lat' dir='ltr'><strong>simus,</strong></span> <span class='ocrx_word' id='word_1_211' title='bbox 2912 1480 3006 1534; x_wconf 88' lang='lat' dir='ltr'><strong>sed</strong></span> <span class='ocrx_word' id='word_1_212' title='bbox 3033 1481 3219 1536; x_wconf 87' lang='lat' dir='ltr'><strong>vinum</strong></span> <span class='ocrx_word' id='word_1_213' title='bbox 3246 1499 3369 1539; x_wconf 84' lang='lat' dir='ltr'><strong>cum</strong></span> 
     </span>
    </p>
   </div>
   <div class='ocr_carea' id='block_1_30' title="bbox 1790 1558 3368 1639">
    <p class='ocr_par' dir='ltr' id='par_1_30' title="bbox 1790 1558 3368 1639">
     <span class='ocr_line' id='line_1_30' title="bbox 1790 1558 3368 1639; baseline 0.013 -29"><span class='ocrx_word' id='word_1_214' title='bbox 1790 1558 1928 1623; x_wconf 87' lang='lat' dir='ltr'><strong>oleo,</strong></span> <span class='ocrx_word' id='word_1_215' title='bbox 1981 1560 2083 1616; x_wconf 88' lang='lat' dir='ltr'><strong>hoc</strong></span> <span class='ocrx_word' id='word_1_216' title='bbox 2133 1572 2216 1617; x_wconf 90' lang='lat' dir='ltr'><strong>est</strong></span> <span class='ocrx_word' id='word_1_217' title='bbox 2259 1566 2597 1621; x_wconf 81' lang='lat' dir='ltr'><strong>severitatem</strong></span> <span class='ocrx_word' id='word_1_218' title='bbox 2641 1583 2764 1623; x_wconf 89' lang='lat' dir='ltr'><strong>cum</strong></span> <span class='ocrx_word' id='word_1_219' title='bbox 2812 1569 3014 1639; x_wconf 81' lang='lat' dir='ltr'><strong>pietate</strong></span> <span class='ocrx_word' id='word_1_220' title='bbox 3052 1573 3368 1639; x_wconf 85' lang='lat' dir='ltr'><strong>miscentes,</strong></span> 
     </span>
    </p>
   </div>
   <div class='ocr_carea' id='block_1_31' title="bbox 1784 1648 3367 1733">
    <p class='ocr_par' dir='ltr' id='par_1_31' title="bbox 1784 1648 3367 1733">
     <span class='ocr_line' id='line_1_31' title="bbox 1784 1648 3367 1733; baseline 0.011 -32"><span class='ocrx_word' id='word_1_221' title='bbox 1784 1648 1940 1717; x_wconf 76' lang='lat' dir='ltr'><strong>juxta</strong></span> <span class='ocrx_word' id='word_1_222' title='bbox 1969 1660 2283 1707; x_wconf 89' lang='lat' dir='ltr'><strong>sanctorum</strong></span> <span class='ocrx_word' id='word_1_223' title='bbox 2310 1653 2529 1710; x_wconf 81' lang='lat' dir='ltr'><strong>Patrum</strong></span> <span class='ocrx_word' id='word_1_224' title='bbox 2563 1657 2799 1728; x_wconf 82' lang='lat' dir='ltr'><strong>regulam</strong></span> <span class='ocrx_word' id='word_1_225' title='bbox 2827 1657 3090 1730; x_wconf 77' lang='lat' dir='ltr'><strong>juxtaque</strong></span> <span class='ocrx_word' id='word_1_226' title='bbox 3126 1661 3367 1733; x_wconf 84' lang='lat' dir='ltr'><strong>ipsorum</strong></span> 
     </span>
    </p>
   </div>
   <div class='ocr_carea' id='block_1_32' title="bbox 1789 1742 3365 1825">
    <p class='ocr_par' dir='ltr' id='par_1_32' title="bbox 1789 1742 3365 1825">
     <span class='ocr_line' id='line_1_32' title="bbox 1789 1742 3365 1825; baseline 0.009 -30"><span class='ocrx_word' id='word_1_227' title='bbox 1789 1742 2191 1811; x_wconf 63' lang='lat' dir='ltr'><strong>paenitentiam,</strong></span> <span class='ocrx_word' id='word_1_228' title='bbox 2228 1754 2283 1799; x_wconf 89' lang='lat' dir='ltr'><strong>et</strong></span> <span class='ocrx_word' id='word_1_229' title='bbox 2323 1756 2381 1800; x_wconf 87' lang='lat' dir='ltr'><strong>ut</strong></span> <span class='ocrx_word' id='word_1_230' title='bbox 2409 1748 2740 1819; x_wconf 77' lang='lat' dir='ltr'><strong>negligentes</strong></span> <span class='ocrx_word' id='word_1_231' title='bbox 2768 1749 2969 1820; x_wconf 87' lang='lat' dir='ltr'><strong>quique</strong></span> <span class='ocrx_word' id='word_1_232' title='bbox 3006 1753 3365 1825; x_wconf 85' lang='lat' dir='ltr'><strong>corrigantur,</strong></span> 
     </span>
    </p>
   </div>
   <div class='ocr_carea' id='block_1_33' title="bbox 133 1820 3372 1909">
    <p class='ocr_par' dir='ltr' id='par_1_33' title="bbox 133 1820 3372 1909">
     <span class='ocr_line' id='line_1_33' title="bbox 133 1820 3372 1909; baseline 0.002 -15"><span class='ocrx_word' id='word_1_233' title='bbox 133 1840 391 1895; x_wconf 62' lang='lat' dir='ltr'><strong>moderari.</strong></span> <span class='ocrx_word' id='word_1_234' title='bbox 426 1840 567 1907; x_wconf 72' lang='lat' dir='ltr'><strong>Quae</strong></span> <span class='ocrx_word' id='word_1_235' title='bbox 600 1820 741 1893; x_wconf 90' lang='lat' dir='ltr'><strong>bona</strong></span> <span class='ocrx_word' id='word_1_236' title='bbox 777 1840 991 1907; x_wconf 83' lang='lat' dir='ltr'><strong>quidem</strong></span> <span class='ocrx_word' id='word_1_237' title='bbox 1034 1848 1156 1893; x_wconf 90' lang='lat' dir='ltr'><strong>sunt</strong></span> <span class='ocrx_word' id='word_1_238' title='bbox 1190 1848 1242 1893; x_wconf 92' lang='lat' dir='ltr'><strong>et</strong></span> <span class='ocrx_word' id='word_1_239' title='bbox 1270 1853 1527 1909; x_wconf 89' lang='lat' dir='ltr'><strong>prospera</strong></span> <span class='ocrx_word' id='word_1_240' title='bbox 1567 1839 1686 1893; x_wconf 87' lang='lat' dir='ltr'><strong>ideo</strong></span> <span class='ocrx_word' id='word_1_241' title='bbox 1719 1820 1763 1877; x_wconf 70' lang='grc' dir='ltr'><strong>Β</strong></span> <span class='ocrx_word' id='word_1_242' title='bbox 1794 1833 2158 1901; x_wconf 83' lang='lat' dir='ltr'><strong>temperemus</strong></span> <span class='ocrx_word' id='word_1_243' title='bbox 2202 1836 2404 1889; x_wconf 85' lang='lat' dir='ltr'><strong>omnia.</strong></span> <span class='ocrx_word' id='word_1_244' title='bbox 2447 1836 2552 1891; x_wconf 86' lang='lat' dir='ltr'><strong>Per</strong></span> <span class='ocrx_word' id='word_1_245' title='bbox 2589 1838 2961 1897; x_wconf 89' lang='lat' dir='ltr'><strong>inﬁrmitatem</strong></span> <span class='ocrx_word' id='word_1_246' title='bbox 2991 1851 3044 1899; x_wconf 91' lang='lat' dir='ltr'><strong>et</strong></span> <span class='ocrx_word' id='word_1_247' title='bbox 3074 1820 3372 1900; x_wconf 80' lang='lat' dir='ltr'><strong>tribulatio-</strong></span> 
     </span>
    </p>
   </div>
   <div class='ocr_carea' id='block_1_34' title="bbox 132 1927 1683 2000">
    <p class='ocr_par' dir='ltr' id='par_1_34' title="bbox 132 1927 1683 2000">
     <span class='ocr_line' id='line_1_34' title="bbox 132 1927 1683 2000; baseline -0.003 -15"><span class='ocrx_word' id='word_1_248' title='bbox 132 1931 342 1993; x_wconf 88' lang='lat' dir='ltr'><strong>concedi,</strong></span> <span class='ocrx_word' id='word_1_249' title='bbox 382 1940 446 1985; x_wconf 88' lang='lat' dir='ltr'><strong>ut</strong></span> <span class='ocrx_word' id='word_1_250' title='bbox 484 1928 611 1997; x_wconf 81' lang='lat' dir='ltr'><strong>ejus</strong></span> <span class='ocrx_word' id='word_1_251' title='bbox 652 1937 910 1998; x_wconf 84' lang='lat' dir='ltr'><strong>appareat</strong></span> <span class='ocrx_word' id='word_1_252' title='bbox 946 1930 1149 2000; x_wconf 87' lang='lat' dir='ltr'><strong>gratia;</strong></span> <span class='ocrx_word' id='word_1_253' title='bbox 1186 1945 1307 1998; x_wconf 69' lang='lat' dir='ltr'><strong>quae</strong></span> <span class='ocrx_word' id='word_1_254' title='bbox 1334 1939 1513 1983; x_wconf 87' lang='lat' dir='ltr'><strong>autem</strong></span> <span class='ocrx_word' id='word_1_255' title='bbox 1546 1927 1683 1982; x_wconf 88' lang='lat' dir='ltr'><strong>mala</strong></span> 
     </span>
    </p>
   </div>
   <div class='ocr_carea' id='block_1_35' title="bbox 133 2020 1686 2092">
    <p class='ocr_par' dir='ltr' id='par_1_35' title="bbox 133 2020 1686 2092">
     <span class='ocr_line' id='line_1_35' title="bbox 133 2020 1686 2092; baseline -0.003 -14"><span class='ocrx_word' id='word_1_256' title='bbox 133 2033 176 2079; x_wconf 88' lang='lat' dir='ltr'><strong>et</strong></span> <span class='ocrx_word' id='word_1_257' title='bbox 201 2025 406 2078; x_wconf 83' lang='lat' dir='ltr'><strong>adversa</strong></span> <span class='ocrx_word' id='word_1_258' title='bbox 438 2031 575 2079; x_wconf 89' lang='lat' dir='ltr'><strong>sunt</strong></span> <span class='ocrx_word' id='word_1_259' title='bbox 612 2022 734 2077; x_wconf 86' lang='lat' dir='ltr'><strong>ideo</strong></span> <span class='ocrx_word' id='word_1_260' title='bbox 763 2021 1022 2092; x_wconf 87' lang='lat' dir='ltr'><strong>permitti,</strong></span> <span class='ocrx_word' id='word_1_261' title='bbox 1062 2031 1115 2075; x_wconf 93' lang='lat' dir='ltr'><strong>ut</strong></span> <span class='ocrx_word' id='word_1_262' title='bbox 1152 2029 1202 2075; x_wconf 91' lang='lat' dir='ltr'><strong>et</strong></span> <span class='ocrx_word' id='word_1_263' title='bbox 1246 2023 1298 2075; x_wconf 92' lang='lat' dir='ltr'><strong>in</strong></span> <span class='ocrx_word' id='word_1_264' title='bbox 1334 2021 1476 2083; x_wconf 86' lang='lat' dir='ltr'><strong>illos,</strong></span> <span class='ocrx_word' id='word_1_265' title='bbox 1510 2036 1539 2074; x_wconf 89' lang='lat' dir='ltr'><strong>a</strong></span> <span class='ocrx_word' id='word_1_266' title='bbox 1564 2020 1686 2081; x_wconf 86' lang='lat' dir='ltr'><strong>aui-</strong></span> 
     </span>
    </p>
   </div>
   <div class='ocr_carea' id='block_1_36' title="bbox 131 2110 1682 2182">
    <p class='ocr_par' dir='ltr' id='par_1_36' title="bbox 131 2110 1682 2182">
     <span class='ocr_line' id='line_1_36' title="bbox 131 2110 1682 2182; baseline -0.002 -17"><span class='ocrx_word' id='word_1_267' title='bbox 131 2111 213 2165; x_wconf 80' lang='lat' dir='ltr'><strong>bus</strong></span> <span class='ocrx_word' id='word_1_268' title='bbox 250 2111 579 2178; x_wconf 80' lang='lat' dir='ltr'><strong>inferuntur,</strong></span> <span class='ocrx_word' id='word_1_269' title='bbox 613 2110 728 2181; x_wconf 88' lang='lat' dir='ltr'><strong>ejus</strong></span> <span class='ocrx_word' id='word_1_270' title='bbox 762 2120 1016 2182; x_wconf 86' lang='lat' dir='ltr'><strong>appareat</strong></span> <span class='ocrx_word' id='word_1_271' title='bbox 1046 2112 1339 2181; x_wconf 87' lang='lat' dir='ltr'><strong>patientia;</strong></span> <span class='ocrx_word' id='word_1_272' title='bbox 1377 2122 1431 2165; x_wconf 92' lang='lat' dir='ltr'><strong>et</strong></span> <span class='ocrx_word' id='word_1_273' title='bbox 1464 2118 1524 2165; x_wconf 89' lang='lat' dir='ltr'><strong>ut</strong></span> <span class='ocrx_word' id='word_1_274' title='bbox 1559 2110 1682 2179; x_wconf 82' lang='lat' dir='ltr'><strong>ipsi,</strong></span> 
     </span>
    </p>
   </div>
   <div class='ocr_carea' id='block_1_37' title="bbox 132 2203 1683 2271">
    <p class='ocr_par' dir='ltr' id='par_1_37' title="bbox 132 2203 1683 2271">
     <span class='ocr_line' id='line_1_37' title="bbox 132 2203 1683 2271; baseline 0.001 -16"><span class='ocrx_word' id='word_1_275' title='bbox 132 2204 298 2271; x_wconf 85' lang='lat' dir='ltr'><strong>quibus</strong></span> <span class='ocrx_word' id='word_1_276' title='bbox 346 2204 618 2258; x_wconf 87' lang='lat' dir='ltr'><strong>eveniunt</strong></span> <span class='ocrx_word' id='word_1_277' title='bbox 668 2203 857 2258; x_wconf 86' lang='lat' dir='ltr'><strong>eadem</strong></span> <span class='ocrx_word' id='word_1_278' title='bbox 907 2203 1047 2257; x_wconf 87' lang='lat' dir='ltr'><strong>mala</strong></span> <span class='ocrx_word' id='word_1_279' title='bbox 1092 2212 1147 2257; x_wconf 91' lang='lat' dir='ltr'><strong>et</strong></span> <span class='ocrx_word' id='word_1_280' title='bbox 1188 2205 1435 2269; x_wconf 85' lang='lat' dir='ltr'><strong>adversa,</strong></span> <span class='ocrx_word' id='word_1_281' title='bbox 1476 2204 1520 2258; x_wconf 91' lang='lat' dir='ltr'><strong>si</strong></span> <span class='ocrx_word' id='word_1_282' title='bbox 1557 2203 1683 2257; x_wconf 82' lang='lat' dir='ltr'><strong>boni</strong></span> 
     </span>
    </p>
   </div>
   <div class='ocr_carea' id='block_1_38' title="bbox 133 2289 1687 2361">
    <p class='ocr_par' dir='ltr' id='par_1_38' title="bbox 133 2289 1687 2361">
     <span class='ocr_line' id='line_1_38' title="bbox 133 2289 1687 2361; baseline 0.003 -17"><span class='ocrx_word' id='word_1_283' title='bbox 133 2289 238 2356; x_wconf 88' lang='lat' dir='ltr'><strong>sint,</strong></span> <span class='ocrx_word' id='word_1_284' title='bbox 262 2293 560 2361; x_wconf 87' lang='lat' dir='ltr'><strong>probentur</strong></span> <span class='ocrx_word' id='word_1_285' title='bbox 591 2292 676 2346; x_wconf 93' lang='lat' dir='ltr'><strong>vel</strong></span> <span class='ocrx_word' id='word_1_286' title='bbox 706 2302 1065 2357; x_wconf 86' lang='lat' dir='ltr'><strong>coronentur;</strong></span> <span class='ocrx_word' id='word_1_287' title='bbox 1110 2293 1153 2345; x_wconf 89' lang='lat' dir='ltr'><strong>si</strong></span> <span class='ocrx_word' id='word_1_288' title='bbox 1179 2306 1308 2347; x_wconf 89' lang='lat' dir='ltr'><strong>vero</strong></span> <span class='ocrx_word' id='word_1_289' title='bbox 1341 2293 1489 2356; x_wconf 89' lang='lat' dir='ltr'><strong>mali,</strong></span> <span class='ocrx_word' id='word_1_290' title='bbox 1517 2293 1687 2348; x_wconf 84' lang='lat' dir='ltr'><strong>corri-</strong></span> 
     </span>
    </p>
   </div>
   <div class='ocr_carea' id='block_1_39' title="bbox 134 2382 1682 2453">
    <p class='ocr_par' dir='ltr' id='par_1_39' title="bbox 134 2382 1682 2453">
     <span class='ocr_line' id='line_1_39' title="bbox 134 2382 1682 2453; baseline 0.003 -20"><span class='ocrx_word' id='word_1_291' title='bbox 134 2394 300 2451; x_wconf 72' lang='lat' dir='ltr'><strong>gantur</strong></span> <span class='ocrx_word' id='word_1_292' title='bbox 328 2382 408 2437; x_wconf 86' lang='lat' dir='ltr'><strong>vel</strong></span> <span class='ocrx_word' id='word_1_293' title='bbox 436 2384 791 2437; x_wconf 88' lang='lat' dir='ltr'><strong>damnentur.</strong></span> <span class='ocrx_word' id='word_1_294' title='bbox 824 2382 974 2437; x_wconf 88' lang='lat' dir='ltr'><strong>Talia</strong></span> <span class='ocrx_word' id='word_1_295' title='bbox 1007 2383 1169 2453; x_wconf 74' lang='lat' dir='ltr'><strong>igitur</strong></span> <span class='ocrx_word' id='word_1_296' title='bbox 1198 2383 1263 2437; x_wconf 87' lang='lat' dir='ltr'><strong>de</strong></span> <span class='ocrx_word' id='word_1_297' title='bbox 1288 2384 1399 2439; x_wconf 82' lang='lat' dir='ltr'><strong>Deo</strong></span> <span class='ocrx_word' id='word_1_298' title='bbox 1441 2384 1682 2449; x_wconf 83' lang='lat' dir='ltr'><strong>credere,</strong></span> 
     </span>
    </p>
   </div>
   <div class='ocr_carea' id='block_1_40' title="bbox 135 2473 1683 2544">
    <p class='ocr_par' dir='ltr' id='par_1_40' title="bbox 135 2473 1683 2544">
     <span class='ocr_line' id='line_1_40' title="bbox 135 2473 1683 2544; baseline 0.003 -19"><span class='ocrx_word' id='word_1_299' title='bbox 135 2481 200 2525; x_wconf 78' lang='lat' dir='ltr'><strong>est</strong></span> <span class='ocrx_word' id='word_1_300' title='bbox 234 2473 280 2526; x_wconf 90' lang='lat' dir='ltr'><strong>in</strong></span> <span class='ocrx_word' id='word_1_301' title='bbox 306 2473 463 2544; x_wconf 82' lang='lat' dir='ltr'><strong>hujus</strong></span> <span class='ocrx_word' id='word_1_302' title='bbox 489 2475 623 2528; x_wconf 79' lang='lat' dir='ltr'><strong>vita:</strong></span> <span class='ocrx_word' id='word_1_303' title='bbox 659 2473 833 2528; x_wconf 85' lang='lat' dir='ltr'><strong>stadio</strong></span> <span class='ocrx_word' id='word_1_304' title='bbox 870 2474 1125 2529; x_wconf 81' lang='lat' dir='ltr'><strong>celeriter</strong></span> <span class='ocrx_word' id='word_1_305' title='bbox 1153 2489 1395 2540; x_wconf 89' lang='lat' dir='ltr'><strong>currere,</strong></span> <span class='ocrx_word' id='word_1_306' title='bbox 1426 2482 1588 2543; x_wconf 88' lang='lat' dir='ltr'><strong>atque</strong></span> <span class='ocrx_word' id='word_1_307' title='bbox 1615 2474 1683 2529; x_wconf 86' lang='lat' dir='ltr'><strong>ad</strong></span> 
     </span>
    </p>
   </div>
   <div class='ocr_carea' id='block_1_41' title="bbox 133 2562 943 2633">
    <p class='ocr_par' dir='ltr' id='par_1_41' title="bbox 133 2562 943 2633">
     <span class='ocr_line' id='line_1_41' title="bbox 133 2562 943 2633; baseline 0.002 -18"><span class='ocrx_word' id='word_1_308' title='bbox 133 2572 353 2617; x_wconf 73' lang='lat' dir='ltr'><strong>aeternam</strong></span> <span class='ocrx_word' id='word_1_309' title='bbox 382 2564 625 2633; x_wconf 86' lang='lat' dir='ltr'><strong>patriam</strong></span> <span class='ocrx_word' id='word_1_310' title='bbox 663 2562 943 2619; x_wconf 80' lang='lat' dir='ltr'><strong>festinare.</strong></span> 
     </span>
    </p>
   </div>
   <div class='ocr_carea' id='block_1_42' title="bbox 186 2650 1685 2724">
    <p class='ocr_par' dir='ltr' id='par_1_42' title="bbox 186 2650 1685 2724">
     <span class='ocr_line' id='line_1_42' title="bbox 186 2650 1685 2724; baseline 0.003 -17"><span class='ocrx_word' id='word_1_311' title='bbox 186 2650 283 2707; x_wconf 80' lang='lat' dir='ltr'><strong>Sed</strong></span> <span class='ocrx_word' id='word_1_312' title='bbox 305 2661 355 2707; x_wconf 91' lang='lat' dir='ltr'><strong>et</strong></span> <span class='ocrx_word' id='word_1_313' title='bbox 375 2652 482 2708; x_wconf 82' lang='lat' dir='ltr'><strong>hoc</strong></span> <span class='ocrx_word' id='word_1_314' title='bbox 507 2653 805 2724; x_wconf 85' lang='lat' dir='ltr'><strong>unicuique</strong></span> <span class='ocrx_word' id='word_1_315' title='bbox 832 2654 1161 2710; x_wconf 85' lang='lat' dir='ltr'><strong>credendum</strong></span> <span class='ocrx_word' id='word_1_316' title='bbox 1186 2653 1326 2724; x_wconf 88' lang='lat' dir='ltr'><strong>quod</strong></span> <span class='ocrx_word' id='word_1_317' title='bbox 1360 2655 1411 2709; x_wconf 92' lang='lat' dir='ltr'><strong>in</strong></span> <span class='ocrx_word' id='word_1_318' title='bbox 1437 2655 1685 2711; x_wconf 87' lang='lat' dir='ltr'><strong>omnibus</strong></span> 
     </span>
    </p>
   </div>
   <div class='ocr_carea' id='block_1_43' title="bbox 136 2743 1679 2816">
    <p class='ocr_par' dir='ltr' id='par_1_43' title="bbox 136 2743 1679 2816">
     <span class='ocr_line' id='line_1_43' title="bbox 136 2743 1679 2816; baseline 0.001 -19"><span class='ocrx_word' id='word_1_319' title='bbox 136 2743 270 2799; x_wconf 85' lang='lat' dir='ltr'><strong>rebus</strong></span> <span class='ocrx_word' id='word_1_320' title='bbox 298 2755 404 2799; x_wconf 87' lang='lat' dir='ltr'><strong>tam</strong></span> <span class='ocrx_word' id='word_1_321' title='bbox 438 2746 607 2801; x_wconf 87' lang='lat' dir='ltr'><strong>malis</strong></span> <span class='ocrx_word' id='word_1_322' title='bbox 635 2762 796 2816; x_wconf 89' lang='lat' dir='ltr'><strong>quant</strong></span> <span class='ocrx_word' id='word_1_323' title='bbox 823 2746 982 2801; x_wconf 91' lang='lat' dir='ltr'><strong>bonis</strong></span> <span class='ocrx_word' id='word_1_324' title='bbox 1006 2762 1126 2816; x_wconf 70' lang='lat' dir='ltr'><strong>qua:</strong></span> <span class='ocrx_word' id='word_1_325' title='bbox 1149 2747 1251 2801; x_wconf 89' lang='lat' dir='ltr'><strong>sibi</strong></span> <span class='ocrx_word' id='word_1_326' title='bbox 1278 2747 1535 2801; x_wconf 89' lang='lat' dir='ltr'><strong>eveniunt</strong></span> <span class='ocrx_word' id='word_1_327' title='bbox 1564 2754 1679 2801; x_wconf 81' lang='lat' dir='ltr'><strong>ten—</strong></span> 
     </span>
    </p>
   </div>
   <div class='ocr_carea' id='block_1_44' title="bbox 139 2835 1682 2906">
    <p class='ocr_par' dir='ltr' id='par_1_44' title="bbox 139 2835 1682 2906">
     <span class='ocr_line' id='line_1_44' title="bbox 139 2835 1682 2906; baseline 0.002 -20"><span class='ocrx_word' id='word_1_328' title='bbox 139 2842 276 2899; x_wconf 76' lang='lat' dir='ltr'><strong>tatur,</strong></span> <span class='ocrx_word' id='word_1_329' title='bbox 302 2837 426 2905; x_wconf 85' lang='lat' dir='ltr'><strong>quid</strong></span> <span class='ocrx_word' id='word_1_330' title='bbox 462 2838 531 2891; x_wconf 88' lang='lat' dir='ltr'><strong>de</strong></span> <span class='ocrx_word' id='word_1_331' title='bbox 571 2852 651 2902; x_wconf 90' lang='lat' dir='ltr'><strong>se,</strong></span> <span class='ocrx_word' id='word_1_332' title='bbox 684 2836 767 2890; x_wconf 85' lang='lat' dir='ltr'><strong>vel</strong></span> <span class='ocrx_word' id='word_1_333' title='bbox 798 2836 925 2906; x_wconf 89' lang='lat' dir='ltr'><strong>quid</strong></span> <span class='ocrx_word' id='word_1_334' title='bbox 950 2838 1016 2892; x_wconf 87' lang='lat' dir='ltr'><strong>de</strong></span> <span class='ocrx_word' id='word_1_335' title='bbox 1036 2836 1146 2893; x_wconf 87' lang='lat' dir='ltr'><strong>Deo</strong></span> <span class='ocrx_word' id='word_1_336' title='bbox 1169 2838 1393 2902; x_wconf 59' lang='lat' dir='ltr'><strong>sentiat,</strong></span> <span class='ocrx_word' id='word_1_337' title='bbox 1423 2845 1478 2891; x_wconf 91' lang='lat' dir='ltr'><strong>et</strong></span> <span class='ocrx_word' id='word_1_338' title='bbox 1507 2835 1682 2905; x_wconf 85' lang='lat' dir='ltr'><strong>quali-</strong></span> 
     </span>
    </p>
   </div>
   <div class='ocr_carea' id='block_1_45' title="bbox 139 2927 1686 2999">
    <p class='ocr_par' dir='ltr' id='par_1_45' title="bbox 139 2927 1686 2999">
     <span class='ocr_line' id='line_1_45' title="bbox 139 2927 1686 2999; baseline 0.001 -20"><span class='ocrx_word' id='word_1_339' title='bbox 139 2937 204 2980; x_wconf 83' lang='lat' dir='ltr'><strong>ter</strong></span> <span class='ocrx_word' id='word_1_340' title='bbox 234 2928 368 2982; x_wconf 86' lang='lat' dir='ltr'><strong>illum</strong></span> <span class='ocrx_word' id='word_1_341' title='bbox 398 2929 619 2999; x_wconf 78' lang='lat' dir='ltr'><strong>diligat.</strong></span> <span class='ocrx_word' id='word_1_342' title='bbox 668 2928 821 2984; x_wconf 86' lang='lat' dir='ltr'><strong>Unde</strong></span> <span class='ocrx_word' id='word_1_343' title='bbox 848 2929 1129 2998; x_wconf 88' lang='lat' dir='ltr'><strong>Scriptura</strong></span> <span class='ocrx_word' id='word_1_344' title='bbox 1160 2945 1314 2985; x_wconf 86' lang='lat' dir='ltr'><strong>sacra</strong></span> <span class='ocrx_word' id='word_1_345' title='bbox 1342 2929 1511 2983; x_wconf 88' lang='lat' dir='ltr'><strong>dicit:</strong></span> <span class='ocrx_word' id='word_1_346' title='bbox 1540 2927 1686 2983; x_wconf 78' lang='lat' dir='ltr'><strong>Mili-</strong></span> 
     </span>
    </p>
   </div>
   <div class='ocr_carea' id='block_1_46' title="bbox 138 3016 1682 3089">
    <p class='ocr_par' dir='ltr' id='par_1_46' title="bbox 138 3016 1682 3089">
     <span class='ocr_line' id='line_1_46' title="bbox 138 3016 1682 3089; baseline 0.003 -22"><span class='ocrx_word' id='word_1_347' title='bbox 138 3018 195 3069; x_wconf 86' lang='lat' dir='ltr'><strong>tia</strong></span> <span class='ocrx_word' id='word_1_348' title='bbox 219 3016 287 3069; x_wconf 72' lang='grc' dir='ltr'><strong>νει</strong></span> <span class='ocrx_word' id='word_1_349' title='bbox 312 3019 528 3072; x_wconf 84' lang='lat' dir='ltr'><strong>tentatio</strong></span> <span class='ocrx_word' id='word_1_350' title='bbox 562 3028 641 3072; x_wconf 81' lang='lat' dir='ltr'><strong>est</strong></span> <span class='ocrx_word' id='word_1_351' title='bbox 666 3021 768 3073; x_wconf 73' lang='lat' dir='ltr'><strong>vita</strong></span> <span class='ocrx_word' id='word_1_352' title='bbox 790 3019 1015 3073; x_wconf 74' lang='lat' dir='ltr'><strong>hominis</strong></span> <span class='ocrx_word' id='word_1_353' title='bbox 1036 3036 1194 3089; x_wconf 82' lang='lat' dir='ltr'><strong>super</strong></span> <span class='ocrx_word' id='word_1_354' title='bbox 1216 3029 1408 3073; x_wconf 83' lang='lat' dir='ltr'><strong>terram</strong></span> <span class='ocrx_word' id='word_1_355' title='bbox 1436 3019 1556 3089; x_wconf 80' lang='lat' dir='ltr'><strong>(Job</strong></span> <span class='ocrx_word' id='word_1_356' title='bbox 1584 3035 1682 3083; x_wconf 85' lang='lat' dir='ltr'><strong>vtt,</strong></span> 
     </span>
    </p>
   </div>
   <div class='ocr_carea' id='block_1_47' title="bbox 139 3104 1685 3178">
    <p class='ocr_par' dir='ltr' id='par_1_47' title="bbox 139 3104 1685 3178">
     <span class='ocr_line' id='line_1_47' title="bbox 139 3104 1685 3178; baseline 0.003 -21"><span class='ocrx_word' id='word_1_357' title='bbox 139 3104 195 3175; x_wconf 80' lang='grc' dir='ltr'><strong>η.</strong></span> <span class='ocrx_word' id='word_1_358' title='bbox 221 3105 523 3175; x_wconf 81' lang='lat' dir='ltr'><strong>llujusmodi</strong></span> <span class='ocrx_word' id='word_1_359' title='bbox 558 3116 743 3161; x_wconf 89' lang='lat' dir='ltr'><strong>autem</strong></span> <span class='ocrx_word' id='word_1_360' title='bbox 782 3109 1005 3161; x_wconf 83' lang='lat' dir='ltr'><strong>tentatio</strong></span> <span class='ocrx_word' id='word_1_361' title='bbox 1041 3117 1149 3162; x_wconf 92' lang='lat' dir='ltr'><strong>tam</strong></span> <span class='ocrx_word' id='word_1_362' title='bbox 1180 3107 1344 3162; x_wconf 78' lang='lat' dir='ltr'><strong>variis</strong></span> <span class='ocrx_word' id='word_1_363' title='bbox 1370 3108 1540 3162; x_wconf 88' lang='lat' dir='ltr'><strong>modis</strong></span> <span class='ocrx_word' id='word_1_364' title='bbox 1570 3108 1685 3178; x_wconf 88' lang='lat' dir='ltr'><strong>agi-</strong></span> 
     </span>
    </p>
   </div>
   <div class='ocr_carea' id='block_1_48' title="bbox 1787 1924 3368 2001">
    <p class='ocr_par' dir='ltr' id='par_1_48' title="bbox 1787 1924 3368 2001">
     <span class='ocr_line' id='line_1_48' title="bbox 1787 1924 3368 2001; baseline 0.009 -26"><span class='ocrx_word' id='word_1_365' title='bbox 1787 1936 1911 1975; x_wconf 83' lang='lat' dir='ltr'><strong>nem</strong></span> <span class='ocrx_word' id='word_1_366' title='bbox 1964 1924 2173 1979; x_wconf 90' lang='lat' dir='ltr'><strong>duobus</strong></span> <span class='ocrx_word' id='word_1_367' title='bbox 2225 1926 2400 1981; x_wconf 88' lang='lat' dir='ltr'><strong>modis</strong></span> <span class='ocrx_word' id='word_1_368' title='bbox 2461 1935 2749 1983; x_wconf 87' lang='lat' dir='ltr'><strong>tentamur.</strong></span> <span class='ocrx_word' id='word_1_369' title='bbox 2809 1930 2959 1987; x_wconf 88' lang='lat' dir='ltr'><strong>Unus</strong></span> <span class='ocrx_word' id='word_1_370' title='bbox 3005 1933 3220 2001; x_wconf 88' lang='lat' dir='ltr'><strong>quidem</strong></span> <span class='ocrx_word' id='word_1_371' title='bbox 3266 1946 3368 2000; x_wconf 86' lang='lat' dir='ltr'><strong>est.</strong></span> 
     </span>
    </p>
   </div>
   <div class='ocr_carea' id='block_1_49' title="bbox 1787 2019 3371 2085">
    <p class='ocr_par' dir='ltr' id='par_1_49' title="bbox 1787 2019 3371 2085">
     <span class='ocr_line' id='line_1_49' title="bbox 1787 2019 3371 2085; baseline 0.011 -19"><span class='ocrx_word' id='word_1_372' title='bbox 1787 2023 1969 2067; x_wconf 89' lang='lat' dir='ltr'><strong>utrum</strong></span> <span class='ocrx_word' id='word_1_373' title='bbox 2024 2029 2119 2070; x_wconf 88' lang='lat' dir='ltr'><strong>eas</strong></span> <span class='ocrx_word' id='word_1_374' title='bbox 2164 2031 2264 2085; x_wconf 92' lang='lat' dir='ltr'><strong>pro</strong></span> <span class='ocrx_word' id='word_1_375' title='bbox 2309 2019 2547 2085; x_wconf 85' lang='lat' dir='ltr'><strong>peccatis</strong></span> <span class='ocrx_word' id='word_1_376' title='bbox 2610 2021 2813 2076; x_wconf 89' lang='lat' dir='ltr'><strong>nostris</strong></span> <span class='ocrx_word' id='word_1_377' title='bbox 2863 2038 2893 2076; x_wconf 90' lang='lat' dir='ltr'><strong>a</strong></span> <span class='ocrx_word' id='word_1_378' title='bbox 2944 2023 3054 2080; x_wconf 91' lang='lat' dir='ltr'><strong>Deo</strong></span> <span class='ocrx_word' id='word_1_379' title='bbox 3103 2026 3371 2084; x_wconf 83' lang='lat' dir='ltr'><strong>immissas</strong></span> 
     </span>
    </p>
   </div>
   <div class='ocr_carea' id='block_1_50' title="bbox 1787 2104 3372 2187">
    <p class='ocr_par' dir='ltr' id='par_1_50' title="bbox 1787 2104 3372 2187">
     <span class='ocr_line' id='line_1_50' title="bbox 1787 2104 3372 2187; baseline 0.01 -31"><span class='ocrx_word' id='word_1_380' title='bbox 1787 2104 2069 2159; x_wconf 88' lang='lat' dir='ltr'><strong>credentes</strong></span> <span class='ocrx_word' id='word_1_381' title='bbox 2118 2107 2387 2175; x_wconf 89' lang='lat' dir='ltr'><strong>patienter</strong></span> <span class='ocrx_word' id='word_1_382' title='bbox 2436 2109 2823 2175; x_wconf 82' lang='lat' dir='ltr'><strong>sustineamus,</strong></span> <span class='ocrx_word' id='word_1_383' title='bbox 2867 2112 3005 2167; x_wconf 84' lang='lat' dir='ltr'><strong>sicut</strong></span> <span class='ocrx_word' id='word_1_384' title='bbox 3039 2113 3141 2170; x_wconf 77' lang='lat' dir='ltr'><strong>Job</strong></span> <span class='ocrx_word' id='word_1_385' title='bbox 3170 2115 3372 2187; x_wconf 83' lang='lat' dir='ltr'><strong>aliique</strong></span> 
     </span>
    </p>
   </div>
   <div class='ocr_carea' id='block_1_51' title="bbox 1789 2192 3369 2273">
    <p class='ocr_par' dir='ltr' id='par_1_51' title="bbox 1789 2192 3369 2273">
     <span class='ocr_line' id='line_1_51' title="bbox 1789 2192 3369 2273; baseline 0.013 -30"><span class='ocrx_word' id='word_1_386' title='bbox 1789 2192 2003 2262; x_wconf 83' lang='lat' dir='ltr'><strong>plurimi</strong></span> <span class='ocrx_word' id='word_1_387' title='bbox 2044 2196 2438 2252; x_wconf 87' lang='lat' dir='ltr'><strong>sustinuerunt.</strong></span> <span class='ocrx_word' id='word_1_388' title='bbox 2480 2200 2632 2254; x_wconf 81' lang='lat' dir='ltr'><strong>Alter</strong></span> <span class='ocrx_word' id='word_1_389' title='bbox 2666 2216 2793 2258; x_wconf 86' lang='lat' dir='ltr'><strong>vero</strong></span> <span class='ocrx_word' id='word_1_390' title='bbox 2827 2204 3017 2260; x_wconf 90' lang='lat' dir='ltr'><strong>modus</strong></span> <span class='ocrx_word' id='word_1_391' title='bbox 3052 2217 3154 2273; x_wconf 89' lang='lat' dir='ltr'><strong>est,</strong></span> <span class='ocrx_word' id='word_1_392' title='bbox 3187 2215 3369 2263; x_wconf 86' lang='lat' dir='ltr'><strong>utrum</strong></span> 
     </span>
    </p>
   </div>
   <div class='ocr_carea' id='block_1_52' title="bbox 1786 2284 3364 2354">
    <p class='ocr_par' dir='ltr' id='par_1_52' title="bbox 1786 2284 3364 2354">
     <span class='ocr_line' id='line_1_52' title="bbox 1786 2284 3364 2354; baseline 0.013 -20"><span class='ocrx_word' id='word_1_393' title='bbox 1786 2284 2039 2339; x_wconf 79' lang='lat' dir='ltr'><strong>videlicet</strong></span> <span class='ocrx_word' id='word_1_394' title='bbox 2098 2295 2383 2354; x_wconf 86' lang='lat' dir='ltr'><strong>sperantes</strong></span> <span class='ocrx_word' id='word_1_395' title='bbox 2432 2289 2485 2342; x_wconf 91' lang='lat' dir='ltr'><strong>in</strong></span> <span class='ocrx_word' id='word_1_396' title='bbox 2544 2290 2912 2347; x_wconf 68' lang='lat' dir='ltr'><strong>misericordia</strong></span> <span class='ocrx_word' id='word_1_397' title='bbox 2962 2293 3053 2348; x_wconf 87' lang='lat' dir='ltr'><strong>Dei</strong></span> <span class='ocrx_word' id='word_1_398' title='bbox 3100 2312 3224 2351; x_wconf 92' lang='lat' dir='ltr'><strong>eum</strong></span> <span class='ocrx_word' id='word_1_399' title='bbox 3278 2300 3364 2353; x_wconf 84' lang='lat' dir='ltr'><strong>in-</strong></span> 
     </span>
    </p>
   </div>
   <div class='ocr_carea' id='block_1_53' title="bbox 1786 2378 3371 2447">
    <p class='ocr_par' dir='ltr' id='par_1_53' title="bbox 1786 2378 3371 2447">
     <span class='ocr_line' id='line_1_53' title="bbox 1786 2378 3371 2447; baseline 0.008 -19"><span class='ocrx_word' id='word_1_400' title='bbox 1786 2388 2040 2430; x_wconf 84' lang='lat' dir='ltr'><strong>vocemus</strong></span> <span class='ocrx_word' id='word_1_401' title='bbox 2085 2385 2145 2431; x_wconf 91' lang='lat' dir='ltr'><strong>ut</strong></span> <span class='ocrx_word' id='word_1_402' title='bbox 2193 2392 2291 2431; x_wconf 93' lang='lat' dir='ltr'><strong>nos</strong></span> <span class='ocrx_word' id='word_1_403' title='bbox 2338 2378 2533 2447; x_wconf 76' lang='lat' dir='ltr'><strong>eripiat</strong></span> <span class='ocrx_word' id='word_1_404' title='bbox 2584 2382 2653 2435; x_wconf 91' lang='lat' dir='ltr'><strong>ab</strong></span> <span class='ocrx_word' id='word_1_405' title='bbox 2704 2382 2892 2437; x_wconf 86' lang='lat' dir='ltr'><strong>eadem</strong></span> <span class='ocrx_word' id='word_1_406' title='bbox 2954 2383 3265 2441; x_wconf 88' lang='lat' dir='ltr'><strong>inﬁrmitate</strong></span> <span class='ocrx_word' id='word_1_407' title='bbox 3314 2398 3371 2441; x_wconf 90' lang='lat' dir='ltr'><strong>ct</strong></span> 
     </span>
    </p>
   </div>
   <div class='ocr_carea' id='block_1_54' title="bbox 1788 2465 3369 2543">
    <p class='ocr_par' dir='ltr' id='par_1_54' title="bbox 1788 2465 3369 2543">
     <span class='ocr_line' id='line_1_54' title="bbox 1788 2465 3369 2543; baseline 0.008 -26"><span class='ocrx_word' id='word_1_408' title='bbox 1788 2465 2156 2521; x_wconf 80' lang='lat' dir='ltr'><strong>tribulatione.</strong></span> <span class='ocrx_word' id='word_1_409' title='bbox 2238 2467 2341 2523; x_wconf 83' lang='lat' dir='ltr'><strong>Per</strong></span> <span class='ocrx_word' id='word_1_410' title='bbox 2388 2470 2716 2538; x_wconf 88' lang='lat' dir='ltr'><strong>sanitatem,</strong></span> <span class='ocrx_word' id='word_1_411' title='bbox 2781 2482 3007 2543; x_wconf 76' lang='lat' dir='ltr'><strong>perque‘</strong></span> <span class='ocrx_word' id='word_1_412' title='bbox 3045 2476 3224 2530; x_wconf 91' lang='lat' dir='ltr'><strong>omnia</strong></span> <span class='ocrx_word' id='word_1_413' title='bbox 3284 2477 3369 2530; x_wconf 87' lang='lat' dir='ltr'><strong>di-</strong></span> 
     </span>
    </p>
   </div>
   <div class='ocr_carea' id='block_1_55' title="bbox 1786 2558 3368 2640">
    <p class='ocr_par' dir='ltr' id='par_1_55' title="bbox 1786 2558 3368 2640">
     <span class='ocr_line' id='line_1_55' title="bbox 1786 2558 3368 2640; baseline 0.008 -29"><span class='ocrx_word' id='word_1_414' title='bbox 1786 2558 1926 2613; x_wconf 59' lang='lat' dir='ltr'><strong>vinas</strong></span> <span class='ocrx_word' id='word_1_415' title='bbox 1987 2559 2204 2630; x_wconf 84' lang='lat' dir='ltr'><strong>pietatis</strong></span> <span class='ocrx_word' id='word_1_416' title='bbox 2257 2562 2396 2617; x_wconf 88' lang='lat' dir='ltr'><strong>dona</strong></span> <span class='ocrx_word' id='word_1_417' title='bbox 2462 2570 2774 2631; x_wconf 87' lang='lat' dir='ltr'><strong>tentamur,</strong></span> <span class='ocrx_word' id='word_1_418' title='bbox 2844 2575 3025 2621; x_wconf 90' lang='lat' dir='ltr'><strong>utrttm</strong></span> <span class='ocrx_word' id='word_1_419' title='bbox 3083 2584 3147 2623; x_wconf 91' lang='lat' dir='ltr'><strong>ea</strong></span> <span class='ocrx_word' id='word_1_420' title='bbox 3197 2571 3368 2640; x_wconf 82' lang='lat' dir='ltr'><strong>magis</strong></span> 
     </span>
    </p>
   </div>
   <div class='ocr_carea' id='block_1_56' title="bbox 1786 2647 3368 2726">
    <p class='ocr_par' dir='ltr' id='par_1_56' title="bbox 1786 2647 3368 2726">
     <span class='ocr_line' id='line_1_56' title="bbox 1786 2647 3368 2726; baseline 0.008 -26"><span class='ocrx_word' id='word_1_421' title='bbox 1786 2647 1962 2701; x_wconf 86' lang='lat' dir='ltr'><strong>eidem</strong></span> <span class='ocrx_word' id='word_1_422' title='bbox 1989 2648 2183 2703; x_wconf 76' lang='lat' dir='ltr'><strong>divina:</strong></span> <span class='ocrx_word' id='word_1_423' title='bbox 2218 2649 2402 2718; x_wconf 88' lang='lat' dir='ltr'><strong>pietati</strong></span> <span class='ocrx_word' id='word_1_424' title='bbox 2444 2665 2605 2720; x_wconf 84' lang='lat' dir='ltr'><strong>quam</strong></span> <span class='ocrx_word' id='word_1_425' title='bbox 2654 2654 2853 2708; x_wconf 86' lang='lat' dir='ltr'><strong>nostris</strong></span> <span class='ocrx_word' id='word_1_426' title='bbox 2898 2656 3107 2711; x_wconf 87' lang='lat' dir='ltr'><strong>meritis</strong></span> <span class='ocrx_word' id='word_1_427' title='bbox 3146 2657 3368 2726; x_wconf 80' lang='lat' dir='ltr'><strong>depute-</strong></span> 
     </span>
    </p>
   </div>
   <div class='ocr_carea' id='block_1_57' title="bbox 1786 2736 3366 2819">
    <p class='ocr_par' dir='ltr' id='par_1_57' title="bbox 1786 2736 3366 2819">
     <span class='ocr_line' id='line_1_57' title="bbox 1786 2736 3366 2819; baseline 0.007 -28"><span class='ocrx_word' id='word_1_428' title='bbox 1786 2753 1929 2793; x_wconf 90' lang='lat' dir='ltr'><strong>mus.</strong></span> <span class='ocrx_word' id='word_1_429' title='bbox 1971 2736 2075 2793; x_wconf 88' lang='lat' dir='ltr'><strong>Per</strong></span> <span class='ocrx_word' id='word_1_430' title='bbox 2125 2754 2187 2793; x_wconf 87' lang='lat' dir='ltr'><strong>ea</strong></span> <span class='ocrx_word' id='word_1_431' title='bbox 2236 2754 2366 2794; x_wconf 90' lang='lat' dir='ltr'><strong>vero</strong></span> <span class='ocrx_word' id='word_1_432' title='bbox 2414 2742 2554 2796; x_wconf 89' lang='lat' dir='ltr'><strong>dona</strong></span> <span class='ocrx_word' id='word_1_433' title='bbox 2604 2756 2724 2813; x_wconf 69' lang='lat' dir='ltr'><strong>quae</strong></span> <span class='ocrx_word' id='word_1_434' title='bbox 2770 2744 2903 2799; x_wconf 89' lang='lat' dir='ltr'><strong>alios</strong></span> <span class='ocrx_word' id='word_1_435' title='bbox 2930 2746 3130 2801; x_wconf 87' lang='lat' dir='ltr'><strong>habere</strong></span> <span class='ocrx_word' id='word_1_436' title='bbox 3168 2762 3366 2819; x_wconf 76' lang='lat' dir='ltr'><strong>cogno-</strong></span> 
     </span>
    </p>
   </div>
   <div class='ocr_carea' id='block_1_58' title="bbox 1783 2831 3362 2910">
    <p class='ocr_par' dir='ltr' id='par_1_58' title="bbox 1783 2831 3362 2910">
     <span class='ocr_line' id='line_1_58' title="bbox 1783 2831 3362 2910; baseline 0.004 -24"><span class='ocrx_word' id='word_1_437' title='bbox 1783 2831 1960 2886; x_wconf 75' lang='lat' dir='ltr'><strong>vimus</strong></span> <span class='ocrx_word' id='word_1_438' title='bbox 2033 2840 2305 2887; x_wconf 86' lang='lat' dir='ltr'><strong>tentamur</strong></span> <span class='ocrx_word' id='word_1_439' title='bbox 2370 2842 2550 2888; x_wconf 88' lang='lat' dir='ltr'><strong>utrum</strong></span> <span class='ocrx_word' id='word_1_440' title='bbox 2606 2836 2850 2907; x_wconf 70' lang='lat' dir='ltr'><strong>eamdem</strong></span> <span class='ocrx_word' id='word_1_441' title='bbox 2896 2839 3149 2907; x_wconf 83' lang='lat' dir='ltr'><strong>gratiam,</strong></span> <span class='ocrx_word' id='word_1_442' title='bbox 3200 2854 3362 2910; x_wconf 89' lang='lat' dir='ltr'><strong>quam</strong></span> 
     </span>
    </p>
   </div>
   <div class='ocr_carea' id='block_1_59' title="bbox 1786 2923 3361 2999">
    <p class='ocr_par' dir='ltr' id='par_1_59' title="bbox 1786 2923 3361 2999">
     <span class='ocr_line' id='line_1_59' title="bbox 1786 2923 3361 2999; baseline 0.004 -21"><span class='ocrx_word' id='word_1_443' title='bbox 1786 2923 1943 2978; x_wconf 88' lang='lat' dir='ltr'><strong>nobis</strong></span> <span class='ocrx_word' id='word_1_444' title='bbox 1993 2937 2025 2977; x_wconf 84' lang='lat' dir='ltr'><strong>a</strong></span> <span class='ocrx_word' id='word_1_445' title='bbox 2072 2924 2185 2978; x_wconf 92' lang='lat' dir='ltr'><strong>Deo</strong></span> <span class='ocrx_word' id='word_1_446' title='bbox 2232 2925 2476 2993; x_wconf 65' lang='lat' dir='ltr'><strong>praestari</strong></span> <span class='ocrx_word' id='word_1_447' title='bbox 2524 2934 2792 2995; x_wconf 83' lang='lat' dir='ltr'><strong>optamus,</strong></span> <span class='ocrx_word' id='word_1_448' title='bbox 2838 2925 3098 2982; x_wconf 81' lang='lat' dir='ltr'><strong>fratribus</strong></span> <span class='ocrx_word' id='word_1_449' title='bbox 3146 2945 3361 2999; x_wconf 81' lang='lat' dir='ltr'><strong>quoque</strong></span> 
     </span>
    </p>
   </div>
   <div class='ocr_carea' id='block_1_60' title="bbox 1786 3013 3362 3082">
    <p class='ocr_par' dir='ltr' id='par_1_60' title="bbox 1786 3013 3362 3082">
     <span class='ocr_line' id='line_1_60' title="bbox 1786 3013 3362 3082; baseline 0.006 -15"><span class='ocrx_word' id='word_1_450' title='bbox 1786 3013 1990 3068; x_wconf 75' lang='lat' dir='ltr'><strong>neatris</strong></span> <span class='ocrx_word' id='word_1_451' title='bbox 2047 3013 2343 3082; x_wconf 69' lang='lat' dir='ltr'><strong>przestitam</strong></span> <span class='ocrx_word' id='word_1_452' title='bbox 2402 3029 2507 3069; x_wconf 93' lang='lat' dir='ltr'><strong>non</strong></span> <span class='ocrx_word' id='word_1_453' title='bbox 2569 3016 2926 3071; x_wconf 68' lang='lat' dir='ltr'><strong>invideamus.</strong></span> <span class='ocrx_word' id='word_1_454' title='bbox 2995 3017 3131 3073; x_wconf 82' lang='lat' dir='ltr'><strong>Nam</strong></span> <span class='ocrx_word' id='word_1_455' title='bbox 3202 3021 3362 3076; x_wconf 79' lang='lat' dir='ltr'><strong>facile</strong></span> 
     </span>
    </p>
   </div>
   <div class='ocr_carea' id='block_1_61' title="bbox 1786 3105 3363 3183">
    <p class='ocr_par' dir='ltr' id='par_1_61' title="bbox 1786 3105 3363 3183">
     <span class='ocr_line' id='line_1_61' title="bbox 1786 3105 3363 3183; baseline 0.006 -24"><span class='ocrx_word' id='word_1_456' title='bbox 1786 3105 2028 3175; x_wconf 86' lang='lat' dir='ltr'><strong>subrepit</strong></span> <span class='ocrx_word' id='word_1_457' title='bbox 2084 3105 2322 3171; x_wconf 84' lang='lat' dir='ltr'><strong>invidia,</strong></span> <span class='ocrx_word' id='word_1_458' title='bbox 2385 3115 2440 3162; x_wconf 92' lang='lat' dir='ltr'><strong>et</strong></span> <span class='ocrx_word' id='word_1_459' title='bbox 2494 3108 2648 3177; x_wconf 90' lang='lat' dir='ltr'><strong>quasi</strong></span> <span class='ocrx_word' id='word_1_460' title='bbox 2697 3109 2984 3165; x_wconf 80' lang='lat' dir='ltr'><strong>devastans</strong></span> <span class='ocrx_word' id='word_1_461' title='bbox 3032 3110 3119 3165; x_wconf 80' lang='lat' dir='ltr'><strong>fur</strong></span> <span class='ocrx_word' id='word_1_462' title='bbox 3188 3114 3363 3183; x_wconf 86' lang='lat' dir='ltr'><strong>serpit</strong></span> 
     </span>
    </p>
   </div>
   <div class='ocr_carea' id='block_1_62' title="bbox 140 3183 3358 3270">
    <p class='ocr_par' dir='ltr' id='par_1_62' title="bbox 140 3183 3358 3270">
     <span class='ocr_line' id='line_1_62' title="bbox 140 3183 3358 3270; baseline 0.004 -25"><span class='ocrx_word' id='word_1_463' title='bbox 140 3203 209 3248; x_wconf 84' lang='lat' dir='ltr'><strong>tur</strong></span> <span class='ocrx_word' id='word_1_464' title='bbox 241 3206 294 3251; x_wconf 93' lang='lat' dir='ltr'><strong>ut</strong></span> <span class='ocrx_word' id='word_1_465' title='bbox 331 3197 396 3250; x_wconf 91' lang='lat' dir='ltr'><strong>ab</strong></span> <span class='ocrx_word' id='word_1_466' title='bbox 438 3198 670 3252; x_wconf 88' lang='lat' dir='ltr'><strong>homine</strong></span> <span class='ocrx_word' id='word_1_467' title='bbox 717 3197 863 3252; x_wconf 90' lang='lat' dir='ltr'><strong>nullo</strong></span> <span class='ocrx_word' id='word_1_468' title='bbox 904 3197 1136 3267; x_wconf 85' lang='lat' dir='ltr'><strong>pleniter</strong></span> <span class='ocrx_word' id='word_1_469' title='bbox 1172 3197 1431 3267; x_wconf 78' lang='lat' dir='ltr'><strong>explicari</strong></span> <span class='ocrx_word' id='word_1_470' title='bbox 1480 3196 1678 3251; x_wconf 88' lang='lat' dir='ltr'><strong>valeat.</strong></span> <span class='ocrx_word' id='word_1_471' title='bbox 1706 3183 1755 3246; x_wconf 66' lang='grc' dir='ltr'><strong>(ἶ</strong></span> <span class='ocrx_word' id='word_1_472' title='bbox 1786 3194 1840 3249; x_wconf 88' lang='lat' dir='ltr'><strong>itt</strong></span> <span class='ocrx_word' id='word_1_473' title='bbox 1882 3196 2069 3249; x_wconf 92' lang='lat' dir='ltr'><strong>intima</strong></span> <span class='ocrx_word' id='word_1_474' title='bbox 2098 3206 2305 3261; x_wconf 89' lang='lat' dir='ltr'><strong>nostra,</strong></span> <span class='ocrx_word' id='word_1_475' title='bbox 2347 3212 2470 3251; x_wconf 90' lang='lat' dir='ltr'><strong>cum</strong></span> <span class='ocrx_word' id='word_1_476' title='bbox 2510 3197 2782 3266; x_wconf 87' lang='lat' dir='ltr'><strong>quoslibet</strong></span> <span class='ocrx_word' id='word_1_477' title='bbox 2811 3200 2966 3254; x_wconf 90' lang='lat' dir='ltr'><strong>nobis</strong></span> <span class='ocrx_word' id='word_1_478' title='bbox 3003 3203 3358 3270; x_wconf 80' lang='lat' dir='ltr'><strong>sapientiores</strong></span> 
     </span>
    </p>
   </div>
   <div class='ocr_carea' id='block_1_63' title="bbox 139 3283 1682 3359">
    <p class='ocr_par' dir='ltr' id='par_1_63' title="bbox 139 3283 1682 3359">
     <span class='ocr_line' id='line_1_63' title="bbox 139 3283 1682 3359; baseline 0 -18"><span class='ocrx_word' id='word_1_479' title='bbox 139 3283 226 3341; x_wconf 84' lang='lat' dir='ltr'><strong>Sed</strong></span> <span class='ocrx_word' id='word_1_480' title='bbox 265 3302 356 3342; x_wconf 90' lang='lat' dir='ltr'><strong>nos</strong></span> <span class='ocrx_word' id='word_1_481' title='bbox 397 3287 589 3359; x_wconf 89' lang='lat' dir='ltr'><strong>aliqua</strong></span> <span class='ocrx_word' id='word_1_482' title='bbox 634 3288 723 3342; x_wconf 87' lang='lat' dir='ltr'><strong>hic</strong></span> <span class='ocrx_word' id='word_1_483' title='bbox 762 3287 1115 3357; x_wconf 78' lang='lat' dir='ltr'><strong>proferemus.</strong></span> <span class='ocrx_word' id='word_1_484' title='bbox 1174 3287 1279 3341; x_wconf 83' lang='lat' dir='ltr'><strong>Per</strong></span> <span class='ocrx_word' id='word_1_485' title='bbox 1317 3288 1497 3341; x_wconf 90' lang='lat' dir='ltr'><strong>omnia</strong></span> <span class='ocrx_word' id='word_1_486' title='bbox 1538 3290 1682 3343; x_wconf 87' lang='lat' dir='ltr'><strong>enim</strong></span> 
     </span>
    </p>
   </div>
   <div class='ocr_carea' id='block_1_64' title="bbox 139 3378 1680 3447">
    <p class='ocr_par' dir='ltr' id='par_1_64' title="bbox 139 3378 1680 3447">
     <span class='ocr_line' id='line_1_64' title="bbox 139 3378 1680 3447; baseline 0.003 -19"><span class='ocrx_word' id='word_1_487' title='bbox 139 3391 234 3443; x_wconf 69' lang='lat' dir='ltr'><strong>quae</strong></span> <span class='ocrx_word' id='word_1_488' title='bbox 268 3379 504 3433; x_wconf 87' lang='lat' dir='ltr'><strong>videmus</strong></span> <span class='ocrx_word' id='word_1_489' title='bbox 557 3388 653 3433; x_wconf 87' lang='lat' dir='ltr'><strong>aut</strong></span> <span class='ocrx_word' id='word_1_490' title='bbox 701 3380 969 3447; x_wconf 71' lang='lat' dir='ltr'><strong>audimus,</strong></span> <span class='ocrx_word' id='word_1_491' title='bbox 1014 3378 1245 3433; x_wconf 80' lang='lat' dir='ltr'><strong>iacimus</strong></span> <span class='ocrx_word' id='word_1_492' title='bbox 1289 3379 1369 3433; x_wconf 91' lang='lat' dir='ltr'><strong>vel</strong></span> <span class='ocrx_word' id='word_1_493' title='bbox 1424 3379 1680 3447; x_wconf 77' lang='lat' dir='ltr'><strong>patimur,</strong></span> 
     </span>
    </p>
   </div>
   <div class='ocr_carea' id='block_1_65' title="bbox 142 3470 1679 3543">
    <p class='ocr_par' dir='ltr' id='par_1_65' title="bbox 142 3470 1679 3543">
     <span class='ocr_line' id='line_1_65' title="bbox 142 3470 1679 3543; baseline 0.003 -25"><span class='ocrx_word' id='word_1_494' title='bbox 142 3475 400 3537; x_wconf 82' lang='lat' dir='ltr'><strong>tentamur;</strong></span> <span class='ocrx_word' id='word_1_495' title='bbox 439 3479 725 3526; x_wconf 84' lang='lat' dir='ltr'><strong>tentantur</strong></span> <span class='ocrx_word' id='word_1_496' title='bbox 770 3471 933 3526; x_wconf 82' lang='lat' dir='ltr'><strong>etiam</strong></span> <span class='ocrx_word' id='word_1_497' title='bbox 983 3470 1183 3528; x_wconf 89' lang='lat' dir='ltr'><strong>laudati</strong></span> <span class='ocrx_word' id='word_1_498' title='bbox 1235 3471 1319 3527; x_wconf 88' lang='lat' dir='ltr'><strong>vel</strong></span> <span class='ocrx_word' id='word_1_499' title='bbox 1365 3470 1679 3543; x_wconf 84' lang='lat' dir='ltr'><strong>vituperati;</strong></span> 
     </span>
    </p>
   </div>
   <div class='ocr_carea' id='block_1_66' title="bbox 142 3562 1683 3633">
    <p class='ocr_par' dir='ltr' id='par_1_66' title="bbox 142 3562 1683 3633">
     <span class='ocr_line' id='line_1_66' title="bbox 142 3562 1683 3633; baseline 0.005 -26"><span class='ocrx_word' id='word_1_500' title='bbox 142 3565 372 3614; x_wconf 81' lang='lat' dir='ltr'><strong>tentantur</strong></span> <span class='ocrx_word' id='word_1_501' title='bbox 400 3574 499 3631; x_wconf 89' lang='lat' dir='ltr'><strong>per</strong></span> <span class='ocrx_word' id='word_1_502' title='bbox 535 3562 912 3616; x_wconf 86' lang='lat' dir='ltr'><strong>inﬁrmitatem</strong></span> <span class='ocrx_word' id='word_1_503' title='bbox 955 3571 1009 3618; x_wconf 88' lang='lat' dir='ltr'><strong>et</strong></span> <span class='ocrx_word' id='word_1_504' title='bbox 1047 3564 1487 3625; x_wconf 85' lang='lat' dir='ltr'><strong>tribulationem,&quot;</strong></span> <span class='ocrx_word' id='word_1_505' title='bbox 1507 3562 1683 3633; x_wconf 87' lang='lat' dir='ltr'><strong>quali-</strong></span> 
     </span>
    </p>
   </div>
   <div class='ocr_carea' id='block_1_67' title="bbox 143 3652 1683 3718">
    <p class='ocr_par' dir='ltr' id='par_1_67' title="bbox 143 3652 1683 3718">
     <span class='ocr_line' id='line_1_67' title="bbox 143 3652 1683 3718; baseline 0.003 -17"><span class='ocrx_word' id='word_1_506' title='bbox 143 3661 318 3718; x_wconf 78' lang='lat' dir='ltr'><strong>cunque</strong></span> <span class='ocrx_word' id='word_1_507' title='bbox 353 3668 519 3707; x_wconf 85' lang='lat' dir='ltr'><strong>causa</strong></span> <span class='ocrx_word' id='word_1_508' title='bbox 553 3652 711 3708; x_wconf 87' lang='lat' dir='ltr'><strong>nobis</strong></span> <span class='ocrx_word' id='word_1_509' title='bbox 737 3654 1041 3708; x_wconf 85' lang='lat' dir='ltr'><strong>evenerint.</strong></span> <span class='ocrx_word' id='word_1_510' title='bbox 1082 3652 1378 3710; x_wconf 85' lang='lat' dir='ltr'><strong>Tentamur</strong></span> <span class='ocrx_word' id='word_1_511' title='bbox 1407 3653 1683 3708; x_wconf 81' lang='lat' dir='ltr'><strong>nihilomi-</strong></span> 
     </span>
    </p>
   </div>
   <div class='ocr_carea' id='block_1_68' title="bbox 143 3743 1683 3813">
    <p class='ocr_par' dir='ltr' id='par_1_68' title="bbox 143 3743 1683 3813">
     <span class='ocr_line' id='line_1_68' title="bbox 143 3743 1683 3813; baseline 0.005 -25"><span class='ocrx_word' id='word_1_512' title='bbox 143 3752 222 3793; x_wconf 83' lang='lat' dir='ltr'><strong>nus</strong></span> <span class='ocrx_word' id='word_1_513' title='bbox 259 3754 345 3810; x_wconf 85' lang='lat' dir='ltr'><strong>per</strong></span> <span class='ocrx_word' id='word_1_514' title='bbox 377 3744 696 3809; x_wconf 85' lang='lat' dir='ltr'><strong>sanitatem,</strong></span> <span class='ocrx_word' id='word_1_515' title='bbox 743 3760 841 3813; x_wconf 80' lang='lat' dir='ltr'><strong>per</strong></span> <span class='ocrx_word' id='word_1_516' title='bbox 866 3745 1154 3813; x_wconf 88' lang='lat' dir='ltr'><strong>omniaque</strong></span> <span class='ocrx_word' id='word_1_517' title='bbox 1198 3744 1378 3798; x_wconf 89' lang='lat' dir='ltr'><strong>divina</strong></span> <span class='ocrx_word' id='word_1_518' title='bbox 1423 3743 1683 3798; x_wconf 87' lang='lat' dir='ltr'><strong>beneﬁcia</strong></span> 
     </span>
    </p>
   </div>
   <div class='ocr_carea' id='block_1_69' title="bbox 144 3828 1684 3903">
    <p class='ocr_par' dir='ltr' id='par_1_69' title="bbox 144 3828 1684 3903">
     <span class='ocr_line' id='line_1_69' title="bbox 144 3828 1684 3903; baseline 0.005 -25"><span class='ocrx_word' id='word_1_519' title='bbox 144 3828 269 3883; x_wconf 88' lang='lat' dir='ltr'><strong>nobis</strong></span> <span class='ocrx_word' id='word_1_520' title='bbox 303 3831 514 3889; x_wconf 87' lang='lat' dir='ltr'><strong>collata.</strong></span> <span class='ocrx_word' id='word_1_521' title='bbox 554 3832 855 3887; x_wconf 81' lang='lat' dir='ltr'><strong>Tentamur</strong></span> <span class='ocrx_word' id='word_1_522' title='bbox 891 3848 1105 3903; x_wconf 91' lang='lat' dir='ltr'><strong>quoque</strong></span> <span class='ocrx_word' id='word_1_523' title='bbox 1141 3847 1239 3902; x_wconf 89' lang='lat' dir='ltr'><strong>per</strong></span> <span class='ocrx_word' id='word_1_524' title='bbox 1278 3847 1342 3886; x_wconf 87' lang='lat' dir='ltr'><strong>ea</strong></span> <span class='ocrx_word' id='word_1_525' title='bbox 1384 3832 1521 3885; x_wconf 88' lang='lat' dir='ltr'><strong>dona</strong></span> <span class='ocrx_word' id='word_1_526' title='bbox 1562 3845 1684 3900; x_wconf 72' lang='lat' dir='ltr'><strong>qua:</strong></span> 
     </span>
    </p>
   </div>
   <div class='ocr_carea' id='block_1_70' title="bbox 143 3915 1684 3995">
    <p class='ocr_par' dir='ltr' id='par_1_70' title="bbox 143 3915 1684 3995">
     <span class='ocr_line' id='line_1_70' title="bbox 143 3915 1684 3995; baseline 0.005 -25"><span class='ocrx_word' id='word_1_527' title='bbox 143 3915 237 3972; x_wconf 84' lang='lat' dir='ltr'><strong>aliis</strong></span> <span class='ocrx_word' id='word_1_528' title='bbox 262 3932 349 3988; x_wconf 88' lang='lat' dir='ltr'><strong>per</strong></span> <span class='ocrx_word' id='word_1_529' title='bbox 371 3923 609 3988; x_wconf 74' lang='lat' dir='ltr'><strong>gratiam</strong></span> <span class='ocrx_word' id='word_1_530' title='bbox 640 3923 733 3978; x_wconf 87' lang='lat' dir='ltr'><strong>Dei</strong></span> <span class='ocrx_word' id='word_1_531' title='bbox 773 3939 1029 3979; x_wconf 87' lang='lat' dir='ltr'><strong>concessa</strong></span> <span class='ocrx_word' id='word_1_532' title='bbox 1070 3925 1405 3995; x_wconf 76' lang='lat' dir='ltr'><strong>agnovimus.</strong></span> <span class='ocrx_word' id='word_1_533' title='bbox 1457 3923 1684 3992; x_wconf 84' lang='lat' dir='ltr'><strong>Moxque</strong></span> 
     </span>
    </p>
   </div>
   <div class='ocr_carea' id='block_1_71' title="bbox 144 4008 1681 4083">
    <p class='ocr_par' dir='ltr' id='par_1_71' title="bbox 144 4008 1681 4083">
     <span class='ocr_line' id='line_1_71' title="bbox 144 4008 1681 4083; baseline 0.005 -24"><span class='ocrx_word' id='word_1_534' title='bbox 144 4008 337 4073; x_wconf 82' lang='lat' dir='ltr'><strong>qualiter</strong></span> <span class='ocrx_word' id='word_1_535' title='bbox 377 4010 640 4081; x_wconf 64' lang='lat' dir='ltr'><strong>praafatte,</strong></span> <span class='ocrx_word' id='word_1_536' title='bbox 688 4013 914 4083; x_wconf 59' lang='lat' dir='ltr'><strong>aliasque</strong></span> <span class='ocrx_word' id='word_1_537' title='bbox 953 4014 1114 4069; x_wconf 89' lang='lat' dir='ltr'><strong>simul</strong></span> <span class='ocrx_word' id='word_1_538' title='bbox 1157 4015 1483 4068; x_wconf 86' lang='lat' dir='ltr'><strong>teutationes</strong></span> <span class='ocrx_word' id='word_1_539' title='bbox 1530 4015 1681 4078; x_wconf 86' lang='lat' dir='ltr'><strong>ﬁant,</strong></span> 
     </span>
    </p>
   </div>
   <div class='ocr_carea' id='block_1_72' title="bbox 141 4093 1684 4175">
    <p class='ocr_par' dir='ltr' id='par_1_72' title="bbox 141 4093 1684 4175">
     <span class='ocr_line' id='line_1_72' title="bbox 141 4093 1684 4175; baseline 0.006 -28"><span class='ocrx_word' id='word_1_540' title='bbox 141 4093 273 4163; x_wconf 76' lang='lat' dir='ltr'><strong>juxta</strong></span> <span class='ocrx_word' id='word_1_541' title='bbox 298 4099 667 4171; x_wconf 69' lang='lat' dir='ltr'><strong>intelligentiae</strong></span> <span class='ocrx_word' id='word_1_542' title='bbox 710 4113 906 4158; x_wconf 67' lang='lat' dir='ltr'><strong>nostra:</strong></span> <span class='ocrx_word' id='word_1_543' title='bbox 934 4105 1079 4159; x_wconf 87' lang='lat' dir='ltr'><strong>vires</strong></span> <span class='ocrx_word' id='word_1_544' title='bbox 1121 4107 1443 4175; x_wconf 89' lang='lat' dir='ltr'><strong>aperiemus.</strong></span> <span class='ocrx_word' id='word_1_545' title='bbox 1486 4102 1591 4158; x_wconf 88' lang='lat' dir='ltr'><strong>Per</strong></span> <span class='ocrx_word' id='word_1_546' title='bbox 1619 4118 1684 4157; x_wconf 88' lang='lat' dir='ltr'><strong>ea</strong></span> 
     </span>
    </p>
   </div>
   <div class='ocr_carea' id='block_1_73' title="bbox 145 4195 1683 4267">
    <p class='ocr_par' dir='ltr' id='par_1_73' title="bbox 145 4195 1683 4267">
     <span class='ocr_line' id='line_1_73' title="bbox 145 4195 1683 4267; baseline 0.003 -22"><span class='ocrx_word' id='word_1_547' title='bbox 145 4201 339 4261; x_wconf 76' lang='lat' dir='ltr'><strong>namque</strong></span> <span class='ocrx_word' id='word_1_548' title='bbox 373 4209 490 4264; x_wconf 62' lang='lat' dir='ltr'><strong>qua:</strong></span> <span class='ocrx_word' id='word_1_549' title='bbox 528 4195 780 4251; x_wconf 77' lang='lat' dir='ltr'><strong>videmus</strong></span> <span class='ocrx_word' id='word_1_550' title='bbox 817 4206 909 4250; x_wconf 88' lang='lat' dir='ltr'><strong>aut</strong></span> <span class='ocrx_word' id='word_1_551' title='bbox 949 4200 1218 4263; x_wconf 88' lang='lat' dir='ltr'><strong>audimus,</strong></span> <span class='ocrx_word' id='word_1_552' title='bbox 1257 4198 1381 4267; x_wconf 91' lang='lat' dir='ltr'><strong>quia</strong></span> <span class='ocrx_word' id='word_1_553' title='bbox 1420 4196 1504 4252; x_wconf 89' lang='lat' dir='ltr'><strong>vel</strong></span> <span class='ocrx_word' id='word_1_554' title='bbox 1543 4197 1683 4250; x_wconf 85' lang='lat' dir='ltr'><strong>bona</strong></span> 
     </span>
    </p>
   </div>
   <div class='ocr_carea' id='block_1_74' title="bbox 147 4284 1681 4352">
    <p class='ocr_par' dir='ltr' id='par_1_74' title="bbox 147 4284 1681 4352">
     <span class='ocr_line' id='line_1_74' title="bbox 147 4284 1681 4352; baseline 0.005 -19"><span class='ocrx_word' id='word_1_555' title='bbox 147 4290 247 4333; x_wconf 80' lang='lat' dir='ltr'><strong>sunt</strong></span> <span class='ocrx_word' id='word_1_556' title='bbox 270 4284 347 4339; x_wconf 90' lang='lat' dir='ltr'><strong>vel</strong></span> <span class='ocrx_word' id='word_1_557' title='bbox 375 4287 540 4352; x_wconf 88' lang='lat' dir='ltr'><strong>mala,</strong></span> <span class='ocrx_word' id='word_1_558' title='bbox 579 4287 793 4342; x_wconf 82' lang='lat' dir='ltr'><strong>duobus</strong></span> <span class='ocrx_word' id='word_1_559' title='bbox 830 4288 1001 4342; x_wconf 88' lang='lat' dir='ltr'><strong>modis</strong></span> <span class='ocrx_word' id='word_1_560' title='bbox 1045 4298 1336 4344; x_wconf 86' lang='lat' dir='ltr'><strong>tentamur.</strong></span> <span class='ocrx_word' id='word_1_561' title='bbox 1373 4288 1506 4343; x_wconf 90' lang='lat' dir='ltr'><strong>Cum</strong></span> <span class='ocrx_word' id='word_1_562' title='bbox 1537 4289 1681 4344; x_wconf 89' lang='lat' dir='ltr'><strong>enim</strong></span> 
     </span>
    </p>
   </div>
   <div class='ocr_carea' id='block_1_75' title="bbox 146 4367 1682 4450">
    <p class='ocr_par' dir='ltr' id='par_1_75' title="bbox 146 4367 1682 4450">
     <span class='ocr_line' id='line_1_75' title="bbox 146 4367 1682 4450; baseline 0.008 -25"><span class='ocrx_word' id='word_1_563' title='bbox 146 4367 257 4427; x_wconf 85' lang='lat' dir='ltr'><strong>bona</strong></span> <span class='ocrx_word' id='word_1_564' title='bbox 279 4376 569 4433; x_wconf 90' lang='lat' dir='ltr'><strong>viderimus</strong></span> <span class='ocrx_word' id='word_1_565' title='bbox 604 4388 701 4433; x_wconf 90' lang='lat' dir='ltr'><strong>aut</strong></span> <span class='ocrx_word' id='word_1_566' title='bbox 730 4378 1084 4445; x_wconf 89' lang='lat' dir='ltr'><strong>audierimus,</strong></span> <span class='ocrx_word' id='word_1_567' title='bbox 1117 4396 1241 4435; x_wconf 78' lang='lat' dir='ltr'><strong>mox</strong></span> <span class='ocrx_word' id='word_1_568' title='bbox 1268 4395 1366 4450; x_wconf 91' lang='lat' dir='ltr'><strong>per</strong></span> <span class='ocrx_word' id='word_1_569' title='bbox 1399 4395 1463 4437; x_wconf 87' lang='lat' dir='ltr'><strong>ea</strong></span> <span class='ocrx_word' id='word_1_570' title='bbox 1510 4391 1682 4438; x_wconf 80' lang='lat' dir='ltr'><strong>tenta-</strong></span> 
     </span>
    </p>
   </div>
   <div class='ocr_carea' id='block_1_76' title="bbox 108 4451 1679 4547">
    <p class='ocr_par' dir='ltr' id='par_1_76' title="bbox 108 4451 1679 4547">
     <span class='ocr_line' id='line_1_76' title="bbox 108 4451 1679 4547; baseline 0.006 -30"><span class='ocrx_word' id='word_1_571' title='bbox 108 4451 130 4547; x_wconf 45' lang='grc' dir='ltr'><strong><em>ὀ</em></strong></span> <span class='ocrx_word' id='word_1_572' title='bbox 150 4454 262 4528; x_wconf 71' lang='lat' dir='ltr'><strong>titur,</strong></span> <span class='ocrx_word' id='word_1_573' title='bbox 290 4467 333 4521; x_wconf 85' lang='lat' dir='ltr'><strong>si</strong></span> <span class='ocrx_word' id='word_1_574' title='bbox 358 4469 487 4538; x_wconf 87' lang='lat' dir='ltr'><strong>quid</strong></span> <span class='ocrx_word' id='word_1_575' title='bbox 529 4476 846 4536; x_wconf 84' lang='lat' dir='ltr'><strong>tractemus,</strong></span> <span class='ocrx_word' id='word_1_576' title='bbox 875 4470 1109 4540; x_wconf 81' lang='lat' dir='ltr'><strong>qualiter</strong></span> <span class='ocrx_word' id='word_1_577' title='bbox 1134 4484 1202 4526; x_wconf 82' lang='lat' dir='ltr'><strong>ex</strong></span> <span class='ocrx_word' id='word_1_578' title='bbox 1226 4473 1305 4526; x_wconf 91' lang='lat' dir='ltr'><strong>eis</strong></span> <span class='ocrx_word' id='word_1_579' title='bbox 1329 4472 1679 4539; x_wconf 80' lang='lat' dir='ltr'><strong>:cdiﬁcemur,</strong></span> 
     </span>
    </p>
   </div>
   <div class='ocr_carea' id='block_1_77' title="bbox 122 4552 1685 4628">
    <p class='ocr_par' dir='ltr' id='par_1_77' title="bbox 122 4552 1685 4628">
     <span class='ocr_line' id='line_1_77' title="bbox 122 4552 1685 4628; baseline 0.004 -20"><span class='ocrx_word' id='word_1_580' title='bbox 122 4552 443 4628; x_wconf 70' lang='lat' dir='ltr'><strong>lqualiterque</strong></span> <span class='ocrx_word' id='word_1_581' title='bbox 469 4574 539 4614; x_wconf 87' lang='lat' dir='ltr'><strong>ea</strong></span> <span class='ocrx_word' id='word_1_582' title='bbox 568 4560 863 4615; x_wconf 88' lang='lat' dir='ltr'><strong>imitemur.</strong></span> <span class='ocrx_word' id='word_1_583' title='bbox 906 4559 1041 4615; x_wconf 86' lang='lat' dir='ltr'><strong>Cum</strong></span> <span class='ocrx_word' id='word_1_584' title='bbox 1069 4575 1197 4615; x_wconf 88' lang='lat' dir='ltr'><strong>vero</strong></span> <span class='ocrx_word' id='word_1_585' title='bbox 1221 4559 1360 4614; x_wconf 89' lang='lat' dir='ltr'><strong>mala</strong></span> <span class='ocrx_word' id='word_1_586' title='bbox 1393 4561 1685 4616; x_wconf 90' lang='lat' dir='ltr'><strong>viderimus</strong></span> 
     </span>
    </p>
   </div>
   <div class='ocr_carea' id='block_1_78' title="bbox 151 4648 1680 4721">
    <p class='ocr_par' dir='ltr' id='par_1_78' title="bbox 151 4648 1680 4721">
     <span class='ocr_line' id='line_1_78' title="bbox 151 4648 1680 4721; baseline 0.007 -26"><span class='ocrx_word' id='word_1_587' title='bbox 151 4651 224 4696; x_wconf 86' lang='lat' dir='ltr'><strong>aut</strong></span> <span class='ocrx_word' id='word_1_588' title='bbox 245 4648 563 4704; x_wconf 88' lang='lat' dir='ltr'><strong>audierimus</strong></span> <span class='ocrx_word' id='word_1_589' title='bbox 604 4665 731 4705; x_wconf 76' lang='lat' dir='ltr'><strong>mox</strong></span> <span class='ocrx_word' id='word_1_590' title='bbox 764 4650 1117 4706; x_wconf 87' lang='lat' dir='ltr'><strong>ttihilominus</strong></span> <span class='ocrx_word' id='word_1_591' title='bbox 1153 4666 1253 4721; x_wconf 89' lang='lat' dir='ltr'><strong>per</strong></span> <span class='ocrx_word' id='word_1_592' title='bbox 1287 4665 1350 4706; x_wconf 89' lang='lat' dir='ltr'><strong>ea</strong></span> <span class='ocrx_word' id='word_1_593' title='bbox 1393 4660 1680 4716; x_wconf 89' lang='lat' dir='ltr'><strong>tentamur,</strong></span> 
     </span>
    </p>
   </div>
   <div class='ocr_carea' id='block_1_79' title="bbox 152 4732 1683 4812">
    <p class='ocr_par' dir='ltr' id='par_1_79' title="bbox 152 4732 1683 4812">
     <span class='ocr_line' id='line_1_79' title="bbox 152 4732 1683 4812; baseline 0.007 -25"><span class='ocrx_word' id='word_1_594' title='bbox 152 4732 189 4787; x_wconf 81' lang='lat' dir='ltr'><strong>si</strong></span> <span class='ocrx_word' id='word_1_595' title='bbox 218 4736 276 4792; x_wconf 91' lang='lat' dir='ltr'><strong>ab</strong></span> <span class='ocrx_word' id='word_1_596' title='bbox 306 4738 384 4794; x_wconf 88' lang='lat' dir='ltr'><strong>bis</strong></span> <span class='ocrx_word' id='word_1_597' title='bbox 422 4756 523 4795; x_wconf 89' lang='lat' dir='ltr'><strong>nos</strong></span> <span class='ocrx_word' id='word_1_598' title='bbox 564 4749 745 4794; x_wconf 84' lang='lat' dir='ltr'><strong>mente</strong></span> <span class='ocrx_word' id='word_1_599' title='bbox 790 4749 846 4796; x_wconf 90' lang='lat' dir='ltr'><strong>et</strong></span> <span class='ocrx_word' id='word_1_600' title='bbox 890 4755 1117 4812; x_wconf 90' lang='lat' dir='ltr'><strong>corpore</strong></span> <span class='ocrx_word' id='word_1_601' title='bbox 1157 4750 1484 4807; x_wconf 76' lang='lat' dir='ltr'><strong>avertamus,</strong></span> <span class='ocrx_word' id='word_1_602' title='bbox 1536 4742 1683 4797; x_wconf 88' lang='lat' dir='ltr'><strong>omni</strong></span> 
     </span>
    </p>
   </div>
   <div class='ocr_carea' id='block_1_80' title="bbox 153 4826 1682 4889">
    <p class='ocr_par' dir='ltr' id='par_1_80' title="bbox 153 4826 1682 4889">
     <span class='ocr_line' id='line_1_80' title="bbox 153 4826 1682 4889; baseline 0.005 -7"><span class='ocrx_word' id='word_1_603' title='bbox 153 4826 283 4882; x_wconf 77' lang='lat' dir='ltr'><strong>modo</strong></span> <span class='ocrx_word' id='word_1_604' title='bbox 324 4840 575 4887; x_wconf 87' lang='lat' dir='ltr'><strong>caventes</strong></span> <span class='ocrx_word' id='word_1_605' title='bbox 623 4849 690 4889; x_wconf 89' lang='lat' dir='ltr'><strong>ne</strong></span> <span class='ocrx_word' id='word_1_606' title='bbox 737 4833 933 4888; x_wconf 89' lang='lat' dir='ltr'><strong>similia</strong></span> <span class='ocrx_word' id='word_1_607' title='bbox 978 4831 1259 4889; x_wconf 77' lang='lat' dir='ltr'><strong>faciamus.</strong></span> <span class='ocrx_word' id='word_1_608' title='bbox 1295 4834 1590 4889; x_wconf 84' lang='lat' dir='ltr'><strong>Tentamur</strong></span> <span class='ocrx_word' id='word_1_609' title='bbox 1628 4836 1682 4889; x_wconf 91' lang='lat' dir='ltr'><strong>in</strong></span> 
     </span>
    </p>
   </div>
   <div class='ocr_carea' id='block_1_81' title="bbox 1707 4519 1762 4580">
    <p class='ocr_par' dir='ltr' id='par_1_81' title="bbox 1707 4519 1762 4580">
     <span class='ocr_line' id='line_1_81' title="bbox 1707 4519 1762 4580; baseline 0 0"><span class='ocrx_word' id='word_1_610' title='bbox 1707 4519 1762 4580; x_wconf 90' lang='lat' dir='ltr'><strong>D</strong></span> 
     </span>
    </p>
   </div>
   <div class='ocr_carea' id='block_1_82' title="bbox 156 4911 1743 4996">
    <p class='ocr_par' dir='ltr' id='par_1_82' title="bbox 156 4911 1743 4996">
     <span class='ocr_line' id='line_1_82' title="bbox 156 4911 1743 4996; baseline 0.013 -30"><span class='ocrx_word' id='word_1_611' title='bbox 156 4911 221 4967; x_wconf 81' lang='lat' dir='ltr'><strong>bis</strong></span> <span class='ocrx_word' id='word_1_612' title='bbox 240 4931 343 4986; x_wconf 66' lang='lat' dir='ltr'><strong>qua</strong></span> <span class='ocrx_word' id='word_1_613' title='bbox 366 4920 545 4977; x_wconf 78' lang='lat' dir='ltr'><strong>facere</strong></span> <span class='ocrx_word' id='word_1_614' title='bbox 569 4932 624 4977; x_wconf 86' lang='lat' dir='ltr'><strong>et</strong></span> <span class='ocrx_word' id='word_1_615' title='bbox 646 4924 758 4993; x_wconf 87' lang='lat' dir='ltr'><strong>pati</strong></span> <span class='ocrx_word' id='word_1_616' title='bbox 787 4939 1095 4993; x_wconf 87' lang='lat' dir='ltr'><strong>possumus,</strong></span> <span class='ocrx_word' id='word_1_617' title='bbox 1123 4925 1167 4980; x_wconf 89' lang='lat' dir='ltr'><strong>si</strong></span> <span class='ocrx_word' id='word_1_618' title='bbox 1197 4927 1429 4996; x_wconf 92' lang='lat' dir='ltr'><strong>prompti</strong></span> <span class='ocrx_word' id='word_1_619' title='bbox 1458 4927 1682 4993; x_wconf 89' lang='lat' dir='ltr'><strong>scimus,</strong></span> <span class='ocrx_word' id='word_1_620' title='bbox 1737 4982 1743 4987; x_wconf 87' lang='lat'><strong>.</strong></span> 
     </span>
    </p>
   </div>
   <div class='ocr_carea' id='block_1_83' title="bbox 159 5011 1684 5087">
    <p class='ocr_par' dir='ltr' id='par_1_83' title="bbox 159 5011 1684 5087">
     <span class='ocr_line' id='line_1_83' title="bbox 159 5011 1684 5087; baseline 0.011 -32"><span class='ocrx_word' id='word_1_621' title='bbox 159 5011 240 5059; x_wconf 80' lang='lat' dir='ltr'><strong>tam</strong></span> <span class='ocrx_word' id='word_1_622' title='bbox 265 5024 352 5077; x_wconf 86' lang='lat' dir='ltr'><strong>pro</strong></span> <span class='ocrx_word' id='word_1_623' title='bbox 383 5012 610 5068; x_wconf 80' lang='lat' dir='ltr'><strong>fratrum</strong></span> <span class='ocrx_word' id='word_1_624' title='bbox 640 5024 946 5068; x_wconf 88' lang='lat' dir='ltr'><strong>nostrorum</strong></span> <span class='ocrx_word' id='word_1_625' title='bbox 983 5030 1143 5084; x_wconf 90' lang='lat' dir='ltr'><strong>quam</strong></span> <span class='ocrx_word' id='word_1_626' title='bbox 1174 5032 1271 5087; x_wconf 89' lang='lat' dir='ltr'><strong>pro</strong></span> <span class='ocrx_word' id='word_1_627' title='bbox 1299 5028 1478 5071; x_wconf 88' lang='lat' dir='ltr'><strong>nostra</strong></span> <span class='ocrx_word' id='word_1_628' title='bbox 1506 5018 1684 5072; x_wconf 82' lang='lat' dir='ltr'><strong>salute</strong></span> 
     </span>
    </p>
   </div>
   <div class='ocr_carea' id='block_1_84' title="bbox 160 5103 1682 5174">
    <p class='ocr_par' dir='ltr' id='par_1_84' title="bbox 160 5103 1682 5174">
     <span class='ocr_line' id='line_1_84' title="bbox 160 5103 1682 5174; baseline 0.005 -22"><span class='ocrx_word' id='word_1_629' title='bbox 160 5108 207 5147; x_wconf 76' lang='lat' dir='ltr'><strong>ea</strong></span> <span class='ocrx_word' id='word_1_630' title='bbox 240 5104 430 5167; x_wconf 88' lang='lat' dir='ltr'><strong>operari</strong></span> <span class='ocrx_word' id='word_1_631' title='bbox 474 5113 531 5158; x_wconf 90' lang='lat' dir='ltr'><strong>et</strong></span> <span class='ocrx_word' id='word_1_632' title='bbox 564 5106 693 5173; x_wconf 86' lang='lat' dir='ltr'><strong>pati,</strong></span> <span class='ocrx_word' id='word_1_633' title='bbox 734 5108 897 5174; x_wconf 88' lang='lat' dir='ltr'><strong>prout</strong></span> <span class='ocrx_word' id='word_1_634' title='bbox 943 5103 1168 5161; x_wconf 78' lang='lat' dir='ltr'><strong>incultas</strong></span> <span class='ocrx_word' id='word_1_635' title='bbox 1213 5115 1267 5161; x_wconf 89' lang='lat' dir='ltr'><strong>et</strong></span> <span class='ocrx_word' id='word_1_636' title='bbox 1306 5110 1682 5163; x_wconf 83' lang='lat' dir='ltr'><strong>convenientia</strong></span> 
     </span>
    </p>
   </div>
   <div class='ocr_carea' id='block_1_85' title="bbox 159 5189 1699 5269">
    <p class='ocr_par' dir='ltr' id='par_1_85' title="bbox 159 5189 1699 5269">
     <span class='ocr_line' id='line_1_85' title="bbox 159 5189 1699 5269; baseline 0.008 -29"><span class='ocrx_word' id='word_1_637' title='bbox 159 5189 391 5269; x_wconf 78' lang='lat' dir='ltr'><strong>utriusque</strong></span> <span class='ocrx_word' id='word_1_638' title='bbox 413 5196 691 5263; x_wconf 88' lang='lat' dir='ltr'><strong>permittit.</strong></span> <span class='ocrx_word' id='word_1_639' title='bbox 724 5194 839 5248; x_wconf 85' lang='lat' dir='ltr'><strong>Non</strong></span> <span class='ocrx_word' id='word_1_640' title='bbox 867 5196 1009 5249; x_wconf 91' lang='lat' dir='ltr'><strong>enim</strong></span> <span class='ocrx_word' id='word_1_641' title='bbox 1040 5197 1290 5254; x_wconf 90' lang='lat' dir='ltr'><strong>omnibus</strong></span> <span class='ocrx_word' id='word_1_642' title='bbox 1319 5215 1482 5253; x_wconf 89' lang='lat' dir='ltr'><strong>unum</strong></span> <span class='ocrx_word' id='word_1_643' title='bbox 1512 5198 1699 5253; x_wconf 49' lang='lat' dir='ltr'><strong>idem?</strong></span> 
     </span>
    </p>
   </div>
   <div class='ocr_carea' id='block_1_86' title="bbox 162 5286 1678 5340">
    <p class='ocr_par' dir='ltr' id='par_1_86' title="bbox 162 5286 1678 5340">
     <span class='ocr_line' id='line_1_86' title="bbox 162 5286 1678 5340; baseline 0 0"><span class='ocrx_word' id='word_1_644' title='bbox 162 5290 242 5340; x_wconf 73' lang='grc' dir='ltr'><strong>ιιιιε</strong></span> <span class='ocrx_word' id='word_1_645' title='bbox 267 5296 388 5340; x_wconf 79' lang='lat' dir='ltr'><strong>onus</strong></span> <span class='ocrx_word' id='word_1_646' title='bbox 423 5288 695 5340; x_wconf 88' lang='lat' dir='ltr'><strong>convenit.</strong></span> <span class='ocrx_word' id='word_1_647' title='bbox 725 5286 950 5340; x_wconf 86' lang='lat' dir='ltr'><strong>Laudati</strong></span> <span class='ocrx_word' id='word_1_648' title='bbox 988 5296 1042 5340; x_wconf 89' lang='lat' dir='ltr'><strong>et</strong></span> <span class='ocrx_word' id='word_1_649' title='bbox 1068 5289 1349 5340; x_wconf 80' lang='lat' dir='ltr'><strong>vimnerati</strong></span> <span class='ocrx_word' id='word_1_650' title='bbox 1379 5300 1678 5340; x_wconf 74' lang='lat' dir='ltr'><strong>tentantur:</strong></span> 
     </span>
    </p>
   </div>
   <div class='ocr_carea' id='block_1_87' title="bbox 1787 3287 3361 3357">
    <p class='ocr_par' dir='ltr' id='par_1_87' title="bbox 1787 3287 3361 3357">
     <span class='ocr_line' id='line_1_87' title="bbox 1787 3287 3361 3357; baseline 0.004 -16"><span class='ocrx_word' id='word_1_651' title='bbox 1787 3302 1907 3341; x_wconf 87' lang='lat' dir='ltr'><strong>esse</strong></span> <span class='ocrx_word' id='word_1_652' title='bbox 1937 3288 2334 3357; x_wconf 87' lang='lat' dir='ltr'><strong>agnoverimus.</strong></span> <span class='ocrx_word' id='word_1_653' title='bbox 2360 3287 2463 3342; x_wconf 87' lang='lat' dir='ltr'><strong>Per</strong></span> <span class='ocrx_word' id='word_1_654' title='bbox 2490 3303 2681 3357; x_wconf 89' lang='lat' dir='ltr'><strong>preces</strong></span> <span class='ocrx_word' id='word_1_655' title='bbox 2707 3298 2921 3345; x_wconf 81' lang='lat' dir='ltr'><strong>nostras</strong></span> <span class='ocrx_word' id='word_1_656' title='bbox 2950 3292 3171 3348; x_wconf 91' lang='lat' dir='ltr'><strong>minime</strong></span> <span class='ocrx_word' id='word_1_657' title='bbox 3192 3308 3361 3347; x_wconf 80' lang='lat' dir='ltr'><strong>exau-</strong></span> 
     </span>
    </p>
   </div>
   <div class='ocr_carea' id='block_1_88' title="bbox 1787 3374 3359 3447">
    <p class='ocr_par' dir='ltr' id='par_1_88' title="bbox 1787 3374 3359 3447">
     <span class='ocr_line' id='line_1_88' title="bbox 1787 3374 3359 3447; baseline 0.006 -18"><span class='ocrx_word' id='word_1_658' title='bbox 1787 3374 1929 3429; x_wconf 89' lang='lat' dir='ltr'><strong>ditas</strong></span> <span class='ocrx_word' id='word_1_659' title='bbox 1978 3386 2285 3441; x_wconf 85' lang='lat' dir='ltr'><strong>tentamur,</strong></span> <span class='ocrx_word' id='word_1_660' title='bbox 2344 3387 2525 3431; x_wconf 90' lang='lat' dir='ltr'><strong>utrum</strong></span> <span class='ocrx_word' id='word_1_661' title='bbox 2585 3380 2976 3447; x_wconf 88' lang='lat' dir='ltr'><strong>providentiam</strong></span> <span class='ocrx_word' id='word_1_662' title='bbox 3046 3381 3141 3436; x_wconf 90' lang='lat' dir='ltr'><strong>Dci</strong></span> <span class='ocrx_word' id='word_1_663' title='bbox 3200 3384 3359 3439; x_wconf 85' lang='lat' dir='ltr'><strong>talem</strong></span> 
     </span>
    </p>
   </div>
   <div class='ocr_carea' id='block_1_89' title="bbox 1788 3465 3360 3539">
    <p class='ocr_par' dir='ltr' id='par_1_89' title="bbox 1788 3465 3360 3539">
     <span class='ocr_line' id='line_1_89' title="bbox 1788 3465 3360 3539; baseline 0.005 -22"><span class='ocrx_word' id='word_1_664' title='bbox 1788 3465 2072 3519; x_wconf 84' lang='lat' dir='ltr'><strong>credamus</strong></span> <span class='ocrx_word' id='word_1_665' title='bbox 2096 3479 2236 3534; x_wconf 65' lang='lat' dir='ltr'><strong>quae,</strong></span> <span class='ocrx_word' id='word_1_666' title='bbox 2269 3465 2452 3518; x_wconf 88' lang='lat' dir='ltr'><strong>omnia</strong></span> <span class='ocrx_word' id='word_1_667' title='bbox 2473 3481 2836 3534; x_wconf 64' lang='lat' dir='ltr'><strong>praenoscens,</strong></span> <span class='ocrx_word' id='word_1_668' title='bbox 2858 3470 2961 3523; x_wconf 88' lang='lat' dir='ltr'><strong>hoc</strong></span> <span class='ocrx_word' id='word_1_669' title='bbox 2985 3483 3202 3539; x_wconf 91' lang='lat' dir='ltr'><strong>quoque</strong></span> <span class='ocrx_word' id='word_1_670' title='bbox 3224 3473 3360 3527; x_wconf 83' lang='lat' dir='ltr'><strong>sciat</strong></span> 
     </span>
    </p>
   </div>
   <div class='ocr_carea' id='block_1_90' title="bbox 1786 3552 3362 3625">
    <p class='ocr_par' dir='ltr' id='par_1_90' title="bbox 1786 3552 3362 3625">
     <span class='ocr_line' id='line_1_90' title="bbox 1786 3552 3362 3625; baseline 0.004 -18"><span class='ocrx_word' id='word_1_671' title='bbox 1786 3552 2000 3622; x_wconf 80' lang='lat' dir='ltr'><strong>quando</strong></span> <span class='ocrx_word' id='word_1_672' title='bbox 2023 3552 2177 3607; x_wconf 83' lang='lat' dir='ltr'><strong>nobis</strong></span> <span class='ocrx_word' id='word_1_673' title='bbox 2206 3553 2376 3625; x_wconf 88' lang='lat' dir='ltr'><strong>prosit</strong></span> <span class='ocrx_word' id='word_1_674' title='bbox 2405 3554 2672 3608; x_wconf 80' lang='lat' dir='ltr'><strong>exaudiri.</strong></span> <span class='ocrx_word' id='word_1_675' title='bbox 2721 3555 2777 3608; x_wconf 94' lang='lat' dir='ltr'><strong>Si</strong></span> <span class='ocrx_word' id='word_1_676' title='bbox 2802 3556 2943 3609; x_wconf 83' lang='lat' dir='ltr'><strong>enim</strong></span> <span class='ocrx_word' id='word_1_677' title='bbox 2974 3556 3130 3624; x_wconf 77' lang='lat' dir='ltr'><strong>juxta</strong></span> <span class='ocrx_word' id='word_1_678' title='bbox 3170 3559 3362 3613; x_wconf 84' lang='lat' dir='ltr'><strong>volun-</strong></span> 
     </span>
    </p>
   </div>
   <div class='ocr_carea' id='block_1_91' title="bbox 1789 3644 3363 3717">
    <p class='ocr_par' dir='ltr' id='par_1_91' title="bbox 1789 3644 3363 3717">
     <span class='ocr_line' id='line_1_91' title="bbox 1789 3644 3363 3717; baseline 0.003 -19"><span class='ocrx_word' id='word_1_679' title='bbox 1789 3653 1951 3701; x_wconf 87' lang='lat' dir='ltr'><strong>tatem</strong></span> <span class='ocrx_word' id='word_1_680' title='bbox 1984 3655 2221 3699; x_wconf 88' lang='lat' dir='ltr'><strong>nostram</strong></span> <span class='ocrx_word' id='word_1_681' title='bbox 2247 3646 2453 3717; x_wconf 81' lang='lat' dir='ltr'><strong>jugiter</strong></span> <span class='ocrx_word' id='word_1_682' title='bbox 2475 3644 2877 3713; x_wconf 78' lang='lat' dir='ltr'><strong>exaudircmur,</strong></span> <span class='ocrx_word' id='word_1_683' title='bbox 2910 3648 3142 3701; x_wconf 74' lang='lat' dir='ltr'><strong>maxima</strong></span> <span class='ocrx_word' id='word_1_684' title='bbox 3173 3649 3363 3703; x_wconf 82' lang='lat' dir='ltr'><strong>salutis</strong></span> 
     </span>
    </p>
   </div>
   <div class='ocr_carea' id='block_1_92' title="bbox 1787 3739 3361 3811">
    <p class='ocr_par' dir='ltr' id='par_1_92' title="bbox 1787 3739 3361 3811">
     <span class='ocr_line' id='line_1_92' title="bbox 1787 3739 3361 3811; baseline 0.003 -20"><span class='ocrx_word' id='word_1_685' title='bbox 1787 3748 1986 3792; x_wconf 68' lang='lat' dir='ltr'><strong>nostrae</strong></span> <span class='ocrx_word' id='word_1_686' title='bbox 2048 3739 2242 3793; x_wconf 90' lang='lat' dir='ltr'><strong>damna</strong></span> <span class='ocrx_word' id='word_1_687' title='bbox 2305 3755 2447 3810; x_wconf 65' lang='lat' dir='ltr'><strong>saepe</strong></span> <span class='ocrx_word' id='word_1_688' title='bbox 2509 3752 2835 3811; x_wconf 89' lang='lat' dir='ltr'><strong>pateremur.</strong></span> <span class='ocrx_word' id='word_1_689' title='bbox 2903 3742 3007 3798; x_wconf 83' lang='lat' dir='ltr'><strong>Per</strong></span> <span class='ocrx_word' id='word_1_690' title='bbox 3071 3741 3361 3799; x_wconf 76' lang='lat' dir='ltr'><strong>inhonesta</strong></span> 
     </span>
    </p>
   </div>
   <div class='ocr_carea' id='block_1_93' title="bbox 1786 3828 3355 3903">
    <p class='ocr_par' dir='ltr' id='par_1_93' title="bbox 1786 3828 3355 3903">
     <span class='ocr_line' id='line_1_93' title="bbox 1786 3828 3355 3903; baseline 0.006 -23"><span class='ocrx_word' id='word_1_691' title='bbox 1786 3828 2037 3896; x_wconf 58' lang='lat' dir='ltr'><strong>qualibet</strong></span> <span class='ocrx_word' id='word_1_692' title='bbox 2061 3837 2355 3895; x_wconf 86' lang='lat' dir='ltr'><strong>tentamur,</strong></span> <span class='ocrx_word' id='word_1_693' title='bbox 2378 3832 2422 3884; x_wconf 88' lang='lat' dir='ltr'><strong>si</strong></span> <span class='ocrx_word' id='word_1_694' title='bbox 2449 3833 2792 3887; x_wconf 88' lang='lat' dir='ltr'><strong>attendamus</strong></span> <span class='ocrx_word' id='word_1_695' title='bbox 2826 3835 2973 3903; x_wconf 88' lang='lat' dir='ltr'><strong>quia,</strong></span> <span class='ocrx_word' id='word_1_696' title='bbox 3009 3835 3150 3889; x_wconf 91' lang='lat' dir='ltr'><strong>sicut</strong></span> <span class='ocrx_word' id='word_1_697' title='bbox 3173 3839 3355 3891; x_wconf 90' lang='lat' dir='ltr'><strong>omnia</strong></span> 
     </span>
    </p>
   </div>
   <div class='ocr_carea' id='block_1_94' title="bbox 1787 3920 3359 3992">
    <p class='ocr_par' dir='ltr' id='par_1_94' title="bbox 1787 3920 3359 3992">
     <span class='ocr_line' id='line_1_94' title="bbox 1787 3920 3359 3992; baseline 0.005 -19"><span class='ocrx_word' id='word_1_698' title='bbox 1787 3920 2029 3988; x_wconf 88' lang='lat' dir='ltr'><strong>corporis</strong></span> <span class='ocrx_word' id='word_1_699' title='bbox 2073 3922 2243 3975; x_wconf 84' lang='lat' dir='ltr'><strong>nostri</strong></span> <span class='ocrx_word' id='word_1_700' title='bbox 2276 3922 2560 3976; x_wconf 89' lang='lat' dir='ltr'><strong>inhonesta</strong></span> <span class='ocrx_word' id='word_1_701' title='bbox 2589 3925 2927 3992; x_wconf 78' lang='lat' dir='ltr'><strong>operimento</strong></span> <span class='ocrx_word' id='word_1_702' title='bbox 2958 3926 3043 3980; x_wconf 90' lang='lat' dir='ltr'><strong>vel</strong></span> <span class='ocrx_word' id='word_1_703' title='bbox 3077 3927 3359 3982; x_wconf 87' lang='lat' dir='ltr'><strong>secretiori</strong></span> 
     </span>
    </p>
   </div>
   <div class='ocr_carea' id='block_1_95' title="bbox 1787 4006 3360 4082">
    <p class='ocr_par' dir='ltr' id='par_1_95' title="bbox 1787 4006 3360 4082">
     <span class='ocr_line' id='line_1_95' title="bbox 1787 4006 3360 4082; baseline 0.008 -22"><span class='ocrx_word' id='word_1_704' title='bbox 1787 4006 1908 4062; x_wconf 91' lang='lat' dir='ltr'><strong>loco</strong></span> <span class='ocrx_word' id='word_1_705' title='bbox 1961 4018 2338 4079; x_wconf 85' lang='lat' dir='ltr'><strong>conteguntur,</strong></span> <span class='ocrx_word' id='word_1_706' title='bbox 2391 4013 2461 4065; x_wconf 90' lang='lat' dir='ltr'><strong>ita</strong></span> <span class='ocrx_word' id='word_1_707' title='bbox 2499 4012 2663 4066; x_wconf 89' lang='lat' dir='ltr'><strong>etiam</strong></span> <span class='ocrx_word' id='word_1_708' title='bbox 2711 4014 3114 4071; x_wconf 90' lang='lat' dir='ltr'><strong>honestioribus</strong></span> <span class='ocrx_word' id='word_1_709' title='bbox 3160 4018 3360 4082; x_wconf 87' lang='lat' dir='ltr'><strong>verbis,</strong></span> 
     </span>
    </p>
   </div>
   <div class='ocr_carea' id='block_1_96' title="bbox 1786 4097 3361 4175">
    <p class='ocr_par' dir='ltr' id='par_1_96' title="bbox 1786 4097 3361 4175">
     <span class='ocr_line' id='line_1_96' title="bbox 1786 4097 3361 4175; baseline 0.006 -25"><span class='ocrx_word' id='word_1_710' title='bbox 1786 4097 1831 4151; x_wconf 89' lang='lat' dir='ltr'><strong>si</strong></span> <span class='ocrx_word' id='word_1_711' title='bbox 1864 4114 1970 4168; x_wconf 88' lang='lat' dir='ltr'><strong>qua</strong></span> <span class='ocrx_word' id='word_1_712' title='bbox 1999 4102 2293 4155; x_wconf 85' lang='lat' dir='ltr'><strong>necessitas</strong></span> <span class='ocrx_word' id='word_1_713' title='bbox 2326 4101 2559 4170; x_wconf 80' lang='lat' dir='ltr'><strong>postulat</strong></span> <span class='ocrx_word' id='word_1_714' title='bbox 2602 4103 2670 4158; x_wconf 90' lang='lat' dir='ltr'><strong>de</strong></span> <span class='ocrx_word' id='word_1_715' title='bbox 2702 4105 2781 4158; x_wconf 90' lang='lat' dir='ltr'><strong>eis</strong></span> <span class='ocrx_word' id='word_1_716' title='bbox 2814 4106 2980 4175; x_wconf 88' lang='lat' dir='ltr'><strong>loqui,</strong></span> <span class='ocrx_word' id='word_1_717' title='bbox 3026 4114 3151 4161; x_wconf 87' lang='lat' dir='ltr'><strong>sunt</strong></span> <span class='ocrx_word' id='word_1_718' title='bbox 3177 4117 3361 4161; x_wconf 84' lang='lat' dir='ltr'><strong>conte-</strong></span> 
     </span>
    </p>
   </div>
   <div class='ocr_carea' id='block_1_97' title="bbox 1784 4191 3361 4270">
    <p class='ocr_par' dir='ltr' id='par_1_97' title="bbox 1784 4191 3361 4270">
     <span class='ocr_line' id='line_1_97' title="bbox 1784 4191 3361 4270; baseline 0.004 -24"><span class='ocrx_word' id='word_1_719' title='bbox 1784 4191 1983 4270; x_wconf 71' lang='lat' dir='ltr'><strong>genda.</strong></span> <span class='ocrx_word' id='word_1_720' title='bbox 2033 4191 2138 4247; x_wconf 90' lang='lat' dir='ltr'><strong>Per</strong></span> <span class='ocrx_word' id='word_1_721' title='bbox 2176 4193 2492 4262; x_wconf 84' lang='lat' dir='ltr'><strong>qualitatem</strong></span> <span class='ocrx_word' id='word_1_722' title='bbox 2529 4194 2809 4249; x_wconf 88' lang='lat' dir='ltr'><strong>hominum</strong></span> <span class='ocrx_word' id='word_1_723' title='bbox 2839 4198 2894 4251; x_wconf 90' lang='lat' dir='ltr'><strong>in</strong></span> <span class='ocrx_word' id='word_1_724' title='bbox 2940 4212 3126 4252; x_wconf 89' lang='lat' dir='ltr'><strong>errore</strong></span> <span class='ocrx_word' id='word_1_725' title='bbox 3174 4199 3361 4252; x_wconf 73' lang='lat' dir='ltr'><strong>inﬁde-</strong></span> 
     </span>
    </p>
   </div>
   <div class='ocr_carea' id='block_1_98' title="bbox 1791 4282 3353 4352">
    <p class='ocr_par' dir='ltr' id='par_1_98' title="bbox 1791 4282 3353 4352">
     <span class='ocr_line' id='line_1_98' title="bbox 1791 4282 3353 4352; baseline 0.006 -18"><span class='ocrx_word' id='word_1_726' title='bbox 1791 4282 1962 4336; x_wconf 86' lang='lat' dir='ltr'><strong>litatis</strong></span> <span class='ocrx_word' id='word_1_727' title='bbox 1989 4283 2165 4337; x_wconf 90' lang='lat' dir='ltr'><strong>adhuc</strong></span> <span class='ocrx_word' id='word_1_728' title='bbox 2193 4284 2653 4352; x_wconf 83' lang='lat' dir='ltr'><strong>perseverantium</strong></span> <span class='ocrx_word' id='word_1_729' title='bbox 2708 4294 3009 4349; x_wconf 89' lang='lat' dir='ltr'><strong>tentamur,</strong></span> <span class='ocrx_word' id='word_1_730' title='bbox 3059 4288 3104 4341; x_wconf 89' lang='lat' dir='ltr'><strong>si</strong></span> <span class='ocrx_word' id='word_1_731' title='bbox 3155 4289 3353 4343; x_wconf 72' lang='lat' dir='ltr'><strong>divinas</strong></span> 
     </span>
    </p>
   </div>
   <div class='ocr_carea' id='block_1_99' title="bbox 1786 4373 3358 4448">
    <p class='ocr_par' dir='ltr' id='par_1_99' title="bbox 1786 4373 3358 4448">
     <span class='ocr_line' id='line_1_99' title="bbox 1786 4373 3358 4448; baseline 0.006 -22"><span class='ocrx_word' id='word_1_732' title='bbox 1786 4373 1973 4443; x_wconf 88' lang='lat' dir='ltr'><strong>pietati</strong></span> <span class='ocrx_word' id='word_1_733' title='bbox 2001 4388 2101 4443; x_wconf 92' lang='lat' dir='ltr'><strong>pro</strong></span> <span class='ocrx_word' id='word_1_734' title='bbox 2130 4374 2231 4429; x_wconf 89' lang='lat' dir='ltr'><strong>hoc</strong></span> <span class='ocrx_word' id='word_1_735' title='bbox 2252 4377 2458 4445; x_wconf 77' lang='lat' dir='ltr'><strong>gratias</strong></span> <span class='ocrx_word' id='word_1_736' title='bbox 2488 4391 2649 4444; x_wconf 85' lang='lat' dir='ltr'><strong>agere</strong></span> <span class='ocrx_word' id='word_1_737' title='bbox 2671 4376 2922 4441; x_wconf 84' lang='lat' dir='ltr'><strong>velimus,</strong></span> <span class='ocrx_word' id='word_1_738' title='bbox 2960 4380 3103 4448; x_wconf 89' lang='lat' dir='ltr'><strong>quod</strong></span> <span class='ocrx_word' id='word_1_739' title='bbox 3128 4395 3222 4435; x_wconf 84' lang='lat' dir='ltr'><strong>nos</strong></span> <span class='ocrx_word' id='word_1_740' title='bbox 3247 4390 3358 4436; x_wconf 79' lang='lat' dir='ltr'><strong>tazn</strong></span> 
     </span>
    </p>
   </div>
   <div class='ocr_carea' id='block_1_100' title="bbox 1787 4463 3356 4538">
    <p class='ocr_par' dir='ltr' id='par_1_100' title="bbox 1787 4463 3356 4538">
     <span class='ocr_line' id='line_1_100' title="bbox 1787 4463 3356 4538; baseline 0.006 -21"><span class='ocrx_word' id='word_1_741' title='bbox 1787 4478 1888 4532; x_wconf 89' lang='lat' dir='ltr'><strong>per</strong></span> <span class='ocrx_word' id='word_1_742' title='bbox 1931 4463 2116 4518; x_wconf 87' lang='lat' dir='ltr'><strong>ﬁdeles</strong></span> <span class='ocrx_word' id='word_1_743' title='bbox 2162 4475 2417 4534; x_wconf 90' lang='lat' dir='ltr'><strong>parentes</strong></span> <span class='ocrx_word' id='word_1_744' title='bbox 2471 4481 2632 4535; x_wconf 87' lang='lat' dir='ltr'><strong>quant</strong></span> <span class='ocrx_word' id='word_1_745' title='bbox 2684 4484 2782 4538; x_wconf 88' lang='lat' dir='ltr'><strong>per</strong></span> <span class='ocrx_word' id='word_1_746' title='bbox 2834 4469 2969 4523; x_wconf 90' lang='lat' dir='ltr'><strong>alios</strong></span> <span class='ocrx_word' id='word_1_747' title='bbox 3015 4484 3182 4525; x_wconf 68' lang='lat' dir='ltr'><strong>sacra:</strong></span> <span class='ocrx_word' id='word_1_748' title='bbox 3237 4473 3356 4526; x_wconf 81' lang='lat' dir='ltr'><strong>ﬁdei</strong></span> 
     </span>
    </p>
   </div>
   <div class='ocr_carea' id='block_1_101' title="bbox 1787 4553 3359 4631">
    <p class='ocr_par' dir='ltr' id='par_1_101' title="bbox 1787 4553 3359 4631">
     <span class='ocr_line' id='line_1_101' title="bbox 1787 4553 3359 4631; baseline 0.007 -25"><span class='ocrx_word' id='word_1_749' title='bbox 1787 4553 2039 4607; x_wconf 84' lang='lat' dir='ltr'><strong>doctores</strong></span> <span class='ocrx_word' id='word_1_750' title='bbox 2063 4554 2133 4607; x_wconf 91' lang='lat' dir='ltr'><strong>ab</strong></span> <span class='ocrx_word' id='word_1_751' title='bbox 2177 4555 2367 4609; x_wconf 88' lang='lat' dir='ltr'><strong>eadem</strong></span> <span class='ocrx_word' id='word_1_752' title='bbox 2419 4555 2734 4613; x_wconf 87' lang='lat' dir='ltr'><strong>inﬁdelitate</strong></span> <span class='ocrx_word' id='word_1_753' title='bbox 2778 4562 3020 4614; x_wconf 80' lang='lat' dir='ltr'><strong>retraxit.</strong></span> <span class='ocrx_word' id='word_1_754' title='bbox 3054 4560 3158 4617; x_wconf 87' lang='lat' dir='ltr'><strong>Per</strong></span> <span class='ocrx_word' id='word_1_755' title='bbox 3190 4563 3359 4631; x_wconf 63' lang='lat' dir='ltr'><strong>quali-</strong></span> 
     </span>
    </p>
   </div>
   <div class='ocr_carea' id='block_1_102' title="bbox 1789 4640 3359 4717">
    <p class='ocr_par' dir='ltr' id='par_1_102' title="bbox 1789 4640 3359 4717">
     <span class='ocr_line' id='line_1_102' title="bbox 1789 4640 3359 4717; baseline 0.005 -19"><span class='ocrx_word' id='word_1_756' title='bbox 1789 4652 1957 4698; x_wconf 87' lang='lat' dir='ltr'><strong>tatem</strong></span> <span class='ocrx_word' id='word_1_757' title='bbox 1991 4640 2280 4713; x_wconf 88' lang='lat' dir='ltr'><strong>parentum</strong></span> <span class='ocrx_word' id='word_1_758' title='bbox 2319 4660 2608 4717; x_wconf 89' lang='lat' dir='ltr'><strong>pravorum</strong></span> <span class='ocrx_word' id='word_1_759' title='bbox 2658 4657 2950 4715; x_wconf 82' lang='lat' dir='ltr'><strong>tentantur,</strong></span> <span class='ocrx_word' id='word_1_760' title='bbox 2998 4649 3042 4704; x_wconf 90' lang='lat' dir='ltr'><strong>si</strong></span> <span class='ocrx_word' id='word_1_761' title='bbox 3078 4653 3359 4706; x_wconf 70' lang='lat' dir='ltr'><strong>attendere</strong></span> 
     </span>
    </p>
   </div>
   <div class='ocr_carea' id='block_1_103' title="bbox 1786 4736 3356 4812">
    <p class='ocr_par' dir='ltr' id='par_1_103' title="bbox 1786 4736 3356 4812">
     <span class='ocr_line' id='line_1_103' title="bbox 1786 4736 3356 4812; baseline 0.005 -24"><span class='ocrx_word' id='word_1_762' title='bbox 1786 4736 2038 4801; x_wconf 88' lang='lat' dir='ltr'><strong>velimus,</strong></span> <span class='ocrx_word' id='word_1_763' title='bbox 2084 4746 2285 4808; x_wconf 77' lang='lat' dir='ltr'><strong>quanta</strong></span> <span class='ocrx_word' id='word_1_764' title='bbox 2330 4739 2421 4794; x_wconf 86' lang='lat' dir='ltr'><strong>Dei</strong></span> <span class='ocrx_word' id='word_1_765' title='bbox 2466 4738 2640 4809; x_wconf 87' lang='lat' dir='ltr'><strong>gratia</strong></span> <span class='ocrx_word' id='word_1_766' title='bbox 2690 4742 2761 4795; x_wconf 91' lang='lat' dir='ltr'><strong>sit</strong></span> <span class='ocrx_word' id='word_1_767' title='bbox 2804 4742 2945 4810; x_wconf 91' lang='lat' dir='ltr'><strong>quod</strong></span> <span class='ocrx_word' id='word_1_768' title='bbox 2974 4756 3129 4796; x_wconf 90' lang='lat' dir='ltr'><strong>sacro</strong></span> <span class='ocrx_word' id='word_1_769' title='bbox 3183 4740 3356 4812; x_wconf 77' lang='lat' dir='ltr'><strong>lapti-</strong></span> 
     </span>
    </p>
   </div>
   <div class='ocr_carea' id='block_1_104' title="bbox 1786 4828 3355 4901">
    <p class='ocr_par' dir='ltr' id='par_1_104' title="bbox 1786 4828 3355 4901">
     <span class='ocr_line' id='line_1_104' title="bbox 1786 4828 3355 4901; baseline 0.006 -20"><span class='ocrx_word' id='word_1_770' title='bbox 1786 4838 1959 4882; x_wconf 87' lang='lat' dir='ltr'><strong>smate</strong></span> <span class='ocrx_word' id='word_1_771' title='bbox 1990 4828 2156 4883; x_wconf 83' lang='lat' dir='ltr'><strong>abluti</strong></span> <span class='ocrx_word' id='word_1_772' title='bbox 2186 4829 2253 4882; x_wconf 89' lang='lat' dir='ltr'><strong>ab</strong></span> <span class='ocrx_word' id='word_1_773' title='bbox 2276 4830 2527 4885; x_wconf 89' lang='lat' dir='ltr'><strong>omnibus</strong></span> <span class='ocrx_word' id='word_1_774' title='bbox 2551 4832 2863 4886; x_wconf 88' lang='lat' dir='ltr'><strong>eorumdem</strong></span> <span class='ocrx_word' id='word_1_775' title='bbox 2896 4841 3183 4901; x_wconf 87' lang='lat' dir='ltr'><strong>parentum</strong></span> <span class='ocrx_word' id='word_1_776' title='bbox 3208 4833 3355 4890; x_wconf 68' lang='lat' dir='ltr'><strong>vitiis</strong></span> 
     </span>
    </p>
   </div>
   <div class='ocr_carea' id='block_1_105' title="bbox 1785 4916 3361 4989">
    <p class='ocr_par' dir='ltr' id='par_1_105' title="bbox 1785 4916 3361 4989">
     <span class='ocr_line' id='line_1_105' title="bbox 1785 4916 3361 4989; baseline 0.005 -20"><span class='ocrx_word' id='word_1_777' title='bbox 1785 4916 1992 4973; x_wconf 89' lang='lat' dir='ltr'><strong>erimus</strong></span> <span class='ocrx_word' id='word_1_778' title='bbox 2026 4917 2283 4981; x_wconf 86' lang='lat' dir='ltr'><strong>absoluti,</strong></span> <span class='ocrx_word' id='word_1_779' title='bbox 2325 4918 2619 4973; x_wconf 90' lang='lat' dir='ltr'><strong>dummodo</strong></span> <span class='ocrx_word' id='word_1_780' title='bbox 2660 4920 3023 4989; x_wconf 86' lang='lat' dir='ltr'><strong>nosmetipsos</strong></span> <span class='ocrx_word' id='word_1_781' title='bbox 3070 4922 3123 4975; x_wconf 92' lang='lat' dir='ltr'><strong>in</strong></span> <span class='ocrx_word' id='word_1_782' title='bbox 3168 4922 3361 4977; x_wconf 86' lang='lat' dir='ltr'><strong>eadem</strong></span> 
     </span>
    </p>
   </div>
   <div class='ocr_carea' id='block_1_106' title="bbox 1785 5011 3363 5083">
    <p class='ocr_par' dir='ltr' id='par_1_106' title="bbox 1785 5011 3363 5083">
     <span class='ocr_line' id='line_1_106' title="bbox 1785 5011 3363 5083; baseline -0.001 -17"><span class='ocrx_word' id='word_1_783' title='bbox 1785 5011 1917 5066; x_wconf 89' lang='lat' dir='ltr'><strong>vitia</strong></span> <span class='ocrx_word' id='word_1_784' title='bbox 1984 5012 2208 5065; x_wconf 90' lang='lat' dir='ltr'><strong>minime</strong></span> <span class='ocrx_word' id='word_1_785' title='bbox 2279 5012 2638 5083; x_wconf 88' lang='lat' dir='ltr'><strong>implicemus.</strong></span> <span class='ocrx_word' id='word_1_786' title='bbox 2728 5012 2833 5068; x_wconf 85' lang='lat' dir='ltr'><strong>Per</strong></span> <span class='ocrx_word' id='word_1_787' title='bbox 2910 5011 3363 5068; x_wconf 86' lang='lat' dir='ltr'><strong>irremediabilem</strong></span> 
     </span>
    </p>
   </div>
   <div class='ocr_carea' id='block_1_107' title="bbox 1787 5100 3360 5171">
    <p class='ocr_par' dir='ltr' id='par_1_107' title="bbox 1787 5100 3360 5171">
     <span class='ocr_line' id='line_1_107' title="bbox 1787 5100 3360 5171; baseline -0.002 -18"><span class='ocrx_word' id='word_1_788' title='bbox 1787 5100 1998 5170; x_wconf 88' lang='lat' dir='ltr'><strong>lapsum</strong></span> <span class='ocrx_word' id='word_1_789' title='bbox 2024 5100 2721 5171; x_wconf 69' lang='lat' dir='ltr'><strong>quorumdamaaugelorum</strong></span> <span class='ocrx_word' id='word_1_790' title='bbox 2753 5110 3046 5164; x_wconf 87' lang='lat' dir='ltr'><strong>tentamur,</strong></span> <span class='ocrx_word' id='word_1_791' title='bbox 3076 5113 3251 5157; x_wconf 78' lang='lat' dir='ltr'><strong>utrum</strong></span> <span class='ocrx_word' id='word_1_792' title='bbox 3279 5107 3360 5151; x_wconf 85' lang='lat' dir='ltr'><strong>at-</strong></span> 
     </span>
    </p>
   </div>
   <div class='ocr_carea' id='block_1_108' title="bbox 1789 5186 3361 5261">
    <p class='ocr_par' dir='ltr' id='par_1_108' title="bbox 1789 5186 3361 5261">
     <span class='ocr_line' id='line_1_108' title="bbox 1789 5186 3361 5261; baseline -0.003 -18"><span class='ocrx_word' id='word_1_793' title='bbox 1789 5193 2073 5246; x_wconf 90' lang='lat' dir='ltr'><strong>tendamus</strong></span> <span class='ocrx_word' id='word_1_794' title='bbox 2116 5200 2319 5261; x_wconf 82' lang='lat' dir='ltr'><strong>quanta</strong></span> <span class='ocrx_word' id='word_1_795' title='bbox 2383 5192 2478 5247; x_wconf 90' lang='lat' dir='ltr'><strong>Dei</strong></span> <span class='ocrx_word' id='word_1_796' title='bbox 2531 5192 2710 5259; x_wconf 81' lang='lat' dir='ltr'><strong>gratia</strong></span> <span class='ocrx_word' id='word_1_797' title='bbox 2753 5192 2825 5246; x_wconf 86' lang='lat' dir='ltr'><strong>sit</strong></span> <span class='ocrx_word' id='word_1_798' title='bbox 2874 5189 3075 5243; x_wconf 81' lang='lat' dir='ltr'><strong>homini</strong></span> <span class='ocrx_word' id='word_1_799' title='bbox 3128 5186 3361 5256; x_wconf 77' lang='lat' dir='ltr'><strong>quotidie</strong></span> 
     </span>
    </p>
   </div>
   <div class='ocr_carea' id='block_1_109' title="bbox 1786 5275 3332 5340">
    <p class='ocr_par' dir='ltr' id='par_1_109' title="bbox 1786 5275 3332 5340">
     <span class='ocr_line' id='line_1_109' title="bbox 1786 5275 3332 5340; baseline -0.005 -6"><span class='ocrx_word' id='word_1_800' title='bbox 1786 5281 2034 5340; x_wconf 85' lang='lat' dir='ltr'><strong>peccanti</strong></span> <span class='ocrx_word' id='word_1_801' title='bbox 2079 5281 2291 5335; x_wconf 88' lang='lat' dir='ltr'><strong>veniam</strong></span> <span class='ocrx_word' id='word_1_802' title='bbox 2339 5280 2623 5340; x_wconf 72' lang='lat' dir='ltr'><strong>quaesitam</strong></span> <span class='ocrx_word' id='word_1_803' title='bbox 2689 5296 2789 5340; x_wconf 84' lang='lat' dir='ltr'><strong>pro</strong></span> <span class='ocrx_word' id='word_1_804' title='bbox 2831 5286 2982 5333; x_wconf 80' lang='lat' dir='ltr'><strong>reatu</strong></span> <span class='ocrx_word' id='word_1_805' title='bbox 3034 5275 3332 5332; x_wconf 87' lang='lat' dir='ltr'><strong>concedere</strong></span> 
     </span>
    </p>
   </div>
  </div>
