3942 5340
553 339 658 395 259

1609 338 1907 394 OTllLO'Sl
1943 336 2245 393 MONACHI
2285 336 2343 392 S.
2385 334 2799 391 EMMERAMMI

3679 337 3784 393 uo

551 458 700 525 sunt,
723 458 973 511 utcoram
1002 451 1111 505 Deo
1133 450 1271 505 ultra
1298 458 1443 504 stare
1465 459 1823 521 nonpossent,
1849 451 1930 505 sic
1950 450 2113 504 etiam
2145 457 2191 513 Α
2219 446 2261 500 si
2294 460 2390 515 pro
2438 445 2538 501 hoc
2588 446 2698 501 Deo
2737 444 2939 517 gratias
2980 457 3201 516 agamus
3234 444 3376 514 quod
3421 459 3522 501 nos
3566 445 3783 502 minime

551 556 739 607 omnes
756 541 1012 603 homines
1051 548 1242 595 contra
1271 540 1440 596 Deum
1480 555 1540 597 se
1577 540 1855 610 erigentes
1879 541 2116 610 quandiu

551 633 604 703 in
634 632 738 686 hac
762 629 993 695 elatione
1022 629 1335 699 persistent,
1369 629 1441 683 nil
1482 628 1609 684 boni
1652 645 1831 701 agere,
1876 631 1971 686 sed
2019 645 2119 686 nec

549 722 712 799 ullam
762 722 845 777 sui
894 720 1157 774 malitiam
1203 735 1499 793 agnoscere
1543 731 1786 791 possunt.
1830 721 1995 791 Cujus
2037 722 2115 777 rei

542 824 714 889 testes
748 820 876 883 sunt
902 810 1146 882 plurimi,
1194 811 1307 882 qui,
1338 814 1472 883 proh
1500 813 1689 867 dolor!
1731 812 1981 882 superbia
2029 812 2114 869 in-

539 903 723 957 durati
755 901 901 956 nullo
932 900 1092 956 modo
1121 904 1188 957 ad
1216 902 1437 956 meliora
1468 902 1645 957 valent
1671 902 1833 956 ﬂecti.

616 993 719 1067 l‘er
760 990 1082 1057 iniustitiam
1133 991 1216 1046 vel
1246 991 1607 1051 adulationem
1652 993 1950 1047 amicorum
1990 992 2115 1049 alio-

541 1094 772 1151 rumque
819 1081 1123 1156 hominum,
1173 1096 1295 1135 cum
1343 1083 1542 1153 quibus
1583 1095 1881 1147 versamur,
1927 1097 2115 1138 omnes

545 1176 840 1243 tentantur,
864 1170 909 1225 si
936 1169 1103 1225 Deum
1133 1170 1305 1241 magis
1339 1186 1499 1240 quam
1547 1168 1666 1225 illos
1695 1170 1981 1240 diligentes
2017 1186 2113 1239 per

542 1275 731 1333 eorum
760 1259 991 1329 gratiam
1021 1259 1106 1314 vel
1156 1259 1441 1315 consilium
1470 1275 1501 1314 a
1531 1260 1761 1316 veritate
1807 1270 1861 1315 et
1898 1258 2111 1328 justitia

541 1366 647 1435 nqu
675 1348 1026 1411 declinemus.
1057 1348 1164 1404 Per
1183 1364 1277 1405 eos
1301 1350 1464 1405 etiam
1491 1349 1583 1419 qui
1628 1350 1872 1421 improbe
1901 1366 1928 1405 a
1958 1351 2113 1407 nobis

539 1441 762 1511 exigunt
789 1441 1024 1511 aliquam
1075 1456 1210 1507 rem,
1252 1456 1412 1511 quam
1444 1452 1538 1496 aut
1574 1456 1682 1497 non
1732 1441 1991 1496 habemus
2029 1440 2112 1497 vel

539 1531 802 1587 habentes
848 1529 952 1605 sibi
1015 1530 1145 1605 dare
1206 1545 1311 1585 non
1364 1531 1644 1597 debemus,
1714 1539 2003 1595 tentamur,
2065 1529 2111 1586 si

540 1621 938 1691 improbitatem
979 1635 1167 1676 eorum
1213 1621 1456 1678 modesta
1512 1622 1721 1678 ratione
1758 1637 2111 1690 compescen-

536 1715 640 1789 ‘tes,
673 1722 793 1767 cum
820 1711 925 1766 alia
957 1726 1069 1766 non
1102 1712 1212 1767 sint
1245 1711 1324 1768 eis
1371 1712 1569 1778 danda,
1609 1712 1891 1782 charitatis
1921 1713 2109 1767 Saltem

2217 534 2462 605 permisit
2491 536 2706 607 gravari
2749 534 3023 590 debilitate
3056 545 3112 590 et
3149 544 3466 605 paupertate
3498 536 3613 591 tali.
3654 536 3781 593 ltem

2215 640 2312 694 per
2340 626 2560 679 eosdem
2590 634 2884 688 tentamur,
2940 632 3118 679 utrum
3166 625 3398 681 miseriae
3425 641 3618 683 eorum
3653 642 3779 681 con-

2215 715 2456 781 dulentes
2477 715 2713 784 aliquam
2745 716 3174 771 misericordiam
3203 716 3308 773 illis
3336 718 3602 775 exhibere
3631 734 3786 775 cure.

2213 820 2352 877 mus.
2378 804 2482 863 Per
2507 806 2829 863 medicinam
2859 807 3128 862 carnalem
3158 816 3452 873 tentamur,
3483 818 3668 861 utrum
3691 823 3783 879 per

2213 897 2353 953 hanc
2379 897 2603 953 credere
2631 898 2859 955 velimus
2887 899 3013 969 quia
3038 899 3176 954 sicut
3208 914 3406 970 corpus
3450 900 3678 961 carnali.
3711 901 3780 954 ita

2212 995 2268 1040 et
2326 987 2506 1043 anima
2555 988 2821 1058 spirituali
2885 989 3150 1045 medicina
3215 1001 3517 1060 reparatur.
3581 990 3781 1045 Eodem

2214 1078 2373 1132 modo
2401 1092 2497 1148 per
2525 1080 2707 1134 omnia
2735 1078 2967 1134 visibilia
2992 1080 3203 1151 negotia
3245 1090 3548 1144 tentamur,
3603 1090 3779 1134 utrum

2212 1167 2266 1220 in
2291 1168 2371 1222 eis
2408 1168 2511 1223 hoc
2540 1169 2864 1240 investigare
2891 1171 3117 1225 velimus
3153 1186 3272 1241 qua:
3311 1173 3571 1243 mysteria
3602 1188 3780 1226 rerum

2213 1256 2558 1314 invisibilium
2582 1268 2773 1330 gerant
2800 1269 2855 1315 et
2883 1260 3013 1330 quid
3045 1261 3201 1315 nobis
3226 1262 3292 1316 de
3322 1262 3503 1317 divino
3528 1248 3677 1317 cultu
3701 1261 3780 1315 iu-

2211 1336 2397 1413 nuant,
2425 1348 2567 1405 sicut
2596 1350 2849 1405 videlicet
2878 1366 2974 1419 per
3001 1350 3240 1406 scholam
3282 1367 3389 1422 quo
3414 1353 3568 1422 pueri
3609 1350 3781 1419 gratia

2210 1438 2451 1494 discendi
2476 1441 2784 1511 congregati
2808 1446 3119 1495 nutriuntur
3136 1442 3432 1512 spiritualis
3454 1435 3582 1497 vitae
3600 1442 3783 1498 schola

2212 1531 2544 1603 designatur,
2578 1548 2699 1602 quae
2746 1533 2798 1587 in
2849 1534 2951 1587 hoc
2979 1532 3177 1588 saeculo
3215 1534 3426 1588 cunctis
3473 1533 3784 1588 hominibus

2212 1621 2483 1676 salvandis
2506 1629 2709 1676 statuta
2740 1630 2841 1683 est,
2871 1632 2931 1675 ut
2954 1621 3079 1685 illis,
3112 1623 3265 1692 quasi
3294 1622 3503 1693 parvuli
3533 1638 3637 1695 pro
3666 1623 3785 1675 vita:

2212 1712 2462 1780 perennis
2487 1713 2680 1767 notitia
2706 1712 2964 1781 capienda
3000 1711 3065 1765 ad
3091 1720 3302 1782 tempus
3326 1713 3560 1768 correcti
3588 1711 3672 1765 vel
3694 1710 3786 1766 ila-

537 1805 727 1865 demus
749 1819 1033 1876 responsa,
1063 1804 1348 1875 implentes
1378 1805 1507 1861 illud
1540 1805 1680 1875 quod
1712 1807 1973 1875 scriptum
1996 1815 2103 1862 est:
2134 1792 2181 1851 B
2209 1801 2417 1870 gellati,
2459 1803 2796 1872 postmodum
2835 1803 2903 1857 de
2940 1802 3057 1873 ejus
3084 1803 3498 1873 participatione
3536 1817 3787 1857 merean-

542 1893 768 1975 l’erbum
800 1895 989 1950 bonum
1039 1912 1194 1966 super
1219 1897 1400 1952 datum
1430 1897 1680 1963 Optimum
1732 1897 1921 1968 (Eccli.
1954 1914 2107 1966 xvm,

535 1985 647 2059 l7).
678 1984 785 2041 Per
830 2000 918 2049 res
961 1986 1233 2055 quaslibet
1278 1988 1516 2056 perditas
1561 1996 1850 2052 tentamur,
1904 1999 2108 2054 utrum,

532 2084 815 2146 sperantes
845 2075 972 2148 quia
993 2075 1291 2147 opitulante
1328 2078 1438 2132 Deo
1481 2088 1575 2133 aut
1618 2078 1835 2133 easdem
1865 2079 2108 2133 invenia-

534 2179 654 2241 mus
675 2165 758 2239 vel
780 2165 914 2225 alias
932 2166 1043 2222 cito
1063 2152 1429 2237 acquiramus,
1454 2168 1522 2223 ab
1540 2169 1692 2224 omni
1718 2168 2109 2224 maledictionis

532 2259 586 2305 et
633 2251 835 2310 furoris
879 2254 1110 2324 strepitu
1152 2255 1515 2325 quiescamus.
1556 2255 1661 2312 Per
1701 2272 1788 2312 res
1833 2258 1996 2312 etiam
2040 2257 2108 2311 ab

533 2344 654 2402 aliis
695 2347 960 2416 perditas.
1006 2348 1101 2404 sed
1146 2363 1176 2402 a
1219 2348 1374 2404 nobis
1424 2349 1671 2406 inventas
1719 2358 2008 2415 tentamur,
2061 2349 2108 2403 si

532 2447 744 2494 tantum
790 2438 1095 2496 dilectionis
1135 2454 1264 2512 erga
1305 2441 1587 2512 proximos
1630 2442 1787 2497 habe:
1807 2458 1926 2497 mus
1956 2453 2014 2496 ut
2042 2457 2106 2496 ea

531 2544 651 2598 quae
677 2539 805 2587 sunt
829 2544 927 2585 sua
968 2530 1071 2591 sibi
1099 2530 1402 2587 reddamus.
1426 2530 1532 2586 Per
1570 2541 1843 2601 acceptam
1868 2539 2107 2600 potesta-

531 2631 641 2677 tem
670 2628 963 2688 tentamur,
990 2632 1169 2676 utrum
1189 2620 1394 2691 judicia
1420 2622 1629 2692 iniqua,
1654 2637 1943 2692 moresque
1984 2638 2107 2692 per-

528 2726 736 2779 versos,
759 2726 857 2783 pro
877 2712 1073 2783 quibus
1109 2713 1246 2768 alios
1285 2721 1526 2770 rectores
1562 2713 1878 2783 frequenter
1919 2729 2103 2785 repre-

528 2803 838 2878 hendimus,
881 2803 937 2857 in
990 2802 1152 2859 nobis
1195 2803 1543 2859 emendemus
1600 2805 1788 2873 sicque
1847 2814 2106 2875 appareat

528 2890 707 2960 qualis
749 2891 981 2961 intentio
1016 2882 1198 2947 cordis
1226 2893 1397 2948 nostri
1428 2893 1501 2949 sit
1539 2909 1668 2964 erga
1711 2894 1879 2949 Deum
1920 2906 1975 2949 et
2008 2895 2106 2951 ho-

527 2981 719 3036 mines.
761 2978 865 3035 Per
912 2981 1014 3037 hoc
1044 2996 1259 3053 quoque
1306 2985 1462 3053 quod.
1486 2984 1749 3054 scriptum
1798 2994 1918 3040 est:
1949 2984 2102 3050 Quod

527 3070 622 3125 tibi
675 3086 780 3125 non
834 3072 910 3126 vis
955 3073 1095 3142 ﬁeri,
1158 3073 1253 3127 alii
1300 3091 1363 3129 ne
1407 3075 1591 3144 feceris
1642 3075 1793 3148 (Tob.
1859 3092 1935 3142 tv,
1987 3077 2097 3147 ili),

528 3174 718 3235 omnes
740 3159 946 3233 jngiter
983 3172 1274 3228 tentamur,
1304 3166 1350 3219 si
1391 3165 1529 3221 forte
1569 3166 1811 3222 eamdem
1853 3168 2011 3222 tidem
2047 3176 2101 3222 et

527 3250 912 3318 obedientiam,
957 3268 1059 3323 nec
1103 3268 1206 3309 non
1255 3254 1638 3319 humilitatem,
1675 3271 1836 3326 quam
1877 3257 2032 3311 nobis
2067 3272 2099 3311 a

529 3341 756 3399 subditis
787 3345 988 3401 nostris
1036 3347 1284 3402 exhiberi
1324 3347 1588 3410 volumus,
1645 3348 1696 3402 in
1748 3348 1938 3419 primis
1968 3348 2097 3413 Deo,

528 3434 724 3492 deinde
757 3438 988 3502 cunctis,
1033 3438 1126 3508 qui
1170 3438 1325 3494 nobis
1368 3447 1631 3509 praesunt,
1681 3439 1938 3495 exhibere
1988 3447 2101 3495 stu-

527 3525 773 3592 deamus.
810 3525 915 3582 Per
964 3538 1203 3585 rectores
1253 3528 1534 3601 religiosos
1581 3538 1870 3594 tentamur,
1912 3528 1956 3584 si
1990 3529 2101 3584 Deo

524 3618 732 3686 gratias
756 3632 918 3689 agere
945 3619 1175 3676 velimus
1205 3635 1307 3692 pro
1346 3621 1451 3677 hoc
1480 3620 1623 3688 quod
1653 3619 1787 3677 tales
1822 3619 1980 3674 nobis
2010 3620 2103 3675 de-

524 3711 604 3766 dit
667 3718 908 3766 rectores
958 3710 1049 3780 qui
1091 3727 1191 3766 nos
1240 3712 1379 3767 bene
1426 3711 1642 3766 vivendi
1701 3711 1963 3780 exemplis
2018 3710 2103 3764 iu-

525 3808 737 3854 struant
794 3809 850 3855 et
908 3800 1052 3854 viam
1102 3801 1293 3870 patria:
1339 3802 1578 3858 caelestis
1630 3801 1937 3856 ostendant.
1997 3800 2103 3855 Per

527 3888 859 3958 irreligiosos
891 3904 1021 3945 vero
1045 3898 1333 3956 tentamur,
1360 3892 1406 3946 si
1431 3900 1653 3960 peccata
1680 3898 1885 3955 nostra,
1905 3890 2101 3959 quibus

530 3978 831 4032 meruimus
879 3979 1034 4034 subdi
1077 3980 1301 4046 talibus,
1354 3983 1696 4037 attendentes
1740 3992 1796 4035 et
1837 3981 2102 4049 preniteu-

532 4064 662 4121 tiam
690 4081 787 4137 pro
813 4068 898 4122 his
928 4083 1089 4139 agere
1133 4079 1190 4123 et
1238 4084 1428 4140 rogare
1464 4071 1631 4126 Deum
1679 4071 2014 4135 studeamus,
2042 4078 2101 4124 ut

529 4172 638 4212 non
700 4156 991 4213 secundum
1046 4169 1271 4229 peccata
1322 4169 1504 4215 nostra
1548 4159 1716 4231 faciat
1766 4177 1866 4217 nos
1913 4175 2099 4216 errore

523 4256 800 4317 pastorum
871 4247 1091 4327 seduci,
1162 4249 1257 4303 sed
1319 4251 1613 4304 secundum
1672 4250 2098 4325 misericordiam

529 4350 685 4390 suam
716 4336 910 4406 eripiat
938 4351 967 4390 a
996 4338 1236 4406 potentia
1268 4338 1382 4393 tali.
1411 4339 1516 4395 Per
1542 4338 1890 4396 faniulamina
1918 4356 2100 4396 servo-

525 4441 647 4479 rum
682 4426 1014 4498 aliorumque
1046 4430 1200 4484 nobis
1224 4430 1560 4486 subditorum
1594 4440 1885 4498 tentamur,
1918 4442 2095 4487 utrum

2214 1892 2608 1958 turlaetilicari,
2664 1893 2803 1948 sicut
2850 1894 2966 1963 ipse
3006 1894 3265 1948 Dominus
3300 1892 3656 1948 dicit:Beati
3699 1894 3788 1963 qui

2210 1996 2346 2035 nunc
2368 1981 2524 2050 ﬂetis,
2560 1982 2683 2051 quia
2707 1982 2938 2035 ridebitis
2971 1980 3121 2054 (Luc.
3150 1998 3221 2045 vt,
3249 1982 3360 2052 2i).
3391 1980 3595 2037 Eodem
3627 1984 3787 2036 modo

2209 2087 2305 2142 per
2331 2072 2542 2127 diversa
2593 2072 2769 2127 studia
2807 2083 2863 2128 et
2889 2089 3053 2143 opera
3086 2074 3237 2128 utilia
3268 2082 3564 2139 tentamur,
3604 2082 3786 2127 utrum

2210 2160 2312 2215 hoc
2335 2161 2680 2217 attendamus
2710 2163 2854 2233 quod
2899 2164 3020 2218 ideo
3059 2164 3413 2233 dispositione
3448 2164 3630 2219 divina
3664 2173 3788 2218 sunt

2208 2254 2428 2316 tradita,
2485 2263 2543 2309 ut
2592 2256 2770 2309 omnis
2802 2257 2962 2310 homo
3000 2256 3154 2327 juxta
3202 2256 3346 2312 vires
3388 2256 3787 2325 scientiamque

2206 2344 2307 2399 sibi
2338 2344 2517 2399 datam
2540 2346 2591 2401 in
2616 2347 2696 2399 eis
2718 2355 3013 2416 occupatus
3042 2362 3315 2417 nunquam
3342 2350 3414 2402 sit
3438 2348 3669 2401 otiosus.

2280 2434 2579 2490 Nmandnm
2607 2445 2784 2492 autem
2812 2437 2956 2506 quod
2989 2435 3196 2490 nullum
3240 2438 3459 2491 daretur
3498 2435 3784 2506 praemium

2208 2524 2292 2581 liis
2317 2526 2410 2595 qui
2434 2526 2654 2581 utilibus
2694 2536 2750 2581 et
2793 2527 3164 2597 spiritualihus
3192 2527 3385 2584 studiis
3422 2540 3784 2600 occupantur,

2204 2617 2307 2671 nisi
2333 2616 2493 2671 simul
2521 2626 2705 2673 essent
2748 2617 2954 2672 inutilia
2980 2628 3145 2689 atque
3175 2620 3438 2685 carnalia,
3484 2620 3538 2675 in
3584 2621 3785 2691 quibus

2206 2707 2397 2777 tentati
2419 2707 2628 2777 capiant
2657 2707 2927 2763 haberent
2966 2707 3195 2778 eligendi
3228 2709 3536 2764 necessaria
3568 2720 3665 2764 aut
3692 2726 3784 2763 su-

2203 2794 2427 2867 perﬂua,
2468 2797 2607 2851 bona
2646 2806 2740 2852 aut
2776 2798 2939 2852 mala.
2983 2797 3214 2867 Ideoque
3249 2799 3444 2868 quibus
3473 2799 3662 2854 datum
3700 2809 3783 2855 est

2202 2888 2431 2959 liberum
2473 2890 2763 2945 arbitrium
2789 2904 3012 2945 eurrere
3043 2904 3371 2959 quocunque
3399 2890 3588 2957 velint,
3621 2892 3783 2945 datus

2205 2990 2288 3035 est
2332 2982 2491 3035 etiam
2524 2980 2674 3036 locus
2703 2981 2975 3052 spatiosus
3018 2982 3071 3035 in
3115 2997 3222 3051 quo
3270 2996 3494 3036 currere
3547 2983 3780 3052 possint.

2204 3058 2379 3126 Locus
2422 3080 2603 3126 autem
2647 3072 2782 3126 satis
2828 3072 3098 3141 spatiosus
3138 3080 3223 3126 est
3262 3070 3490 3126 facultas
3540 3074 3682 3127 bene
3728 3081 3786 3127 et

2202 3161 2341 3215 male
2372 3162 2586 3233 agendi.
2613 3163 2765 3228 Quod
2794 3164 2938 3218 enim
2979 3164 3228 3218 meritum
3259 3174 3427 3229 esset,
3455 3164 3501 3218 si
3534 3152 3661 3235 quis
3690 3163 3777 3219 vel

2201 3248 2339 3304 male
2362 3249 2443 3303 vel
2464 3250 2601 3304 bene
2627 3265 2787 3320 agere
2828 3266 2931 3305 non
2975 3251 3197 3321 posset?
3229 3250 3380 3307 Unde
3406 3259 3463 3303 ut
3490 3252 3780 3321 utriusque

2203 3342 2279 3396 rei
2313 3342 2523 3412 copiam
2552 3343 2776 3397 haberet
2804 3343 2983 3397 omnis
3010 3344 3192 3406 homo,
3219 3344 3359 3398 Deus
3382 3345 3632 3414 permisit
3661 3344 3780 3399 ﬁeri

2201 3431 2460 3502 plurimos
2489 3432 2717 3487 diversae
2758 3428 3040 3503 qualitatis
3086 3432 3354 3497 homines,
3393 3434 3446 3487 id
3488 3443 3573 3487 est
3611 3448 3781 3488 saecu-

2201 3523 2332 3578 laris
2375 3533 2431 3578 et
2480 3522 2776 3592 spiritualis
2813 3525 3092 3595 sapientiae
3136 3536 3426 3593 amatores,
3472 3525 3674 3580 divites
3723 3534 3781 3579 et

2200 3627 2487 3683 pauperes,
2529 3614 2789 3685 superbos
2837 3623 2893 3670 et
2932 3615 3184 3681 humiles,
3219 3631 3379 3671 sanos
3417 3626 3471 3670 et
3507 3617 3778 3683 infirmos,

2205 3709 2473 3758 utomnes
2504 3703 2646 3758 inter
2688 3718 2749 3758 se
2793 3714 3065 3761 certantes
3107 3706 3230 3776 quis
3262 3707 3514 3773 celerius,
3548 3707 3653 3763 hoc
3695 3716 3780 3762 est

2201 3790 2418 3856 melius,
2472 3803 2720 3850 curreret
2755 3795 3140 3865 probarentur,
3191 3796 3404 3866 probati
3446 3812 3779 3852 coronaren-

2206 3889 2311 3935 tur.
2345 3881 2479 3937 Nam
2522 3898 2643 3939 cum
2693 3885 2746 3939 in
2777 3901 2881 3939 una
2930 3896 3086 3956 parte
3137 3886 3295 3957 positi
3345 3886 3455 3942 sint
3497 3888 3780 3958 sapientiae

2202 3975 2503 4044 spiritualis
2542 3986 2832 4042 amatores,
2864 3993 3147 4048 pauperes,
3177 3979 3424 4042 humiles,
3453 3980 3695 4043 inﬁrmi;
3725 3980 3778 4034 in

2203 4067 2307 4121 alia
2372 4082 2499 4123 vero
2545 4069 2763 4129 sibimet
2811 4070 3121 4135 contrariis,
3177 4071 3354 4125 nullus
3408 4071 3475 4125 ad
3518 4070 3777 4141 intelligi-

2204 4156 2369 4213 bilem
2411 4160 2677 4215 duntaxat
2710 4170 2925 4215 :etatem
2960 4161 3284 4230 perveniens
3322 4162 3651 4230 relinquitur
3686 4161 3778 4230 qui

2203 4263 2310 4304 non
2349 4263 2447 4318 per
2492 4252 2798 4319 oppositum
2844 4266 2999 4305 suum
3032 4252 3292 4321 probatus
3329 4260 3425 4306 aut
3462 4261 3774 4315 coronetur,

2204 4348 2298 4393 aut
2337 4340 2642 4394 damnetur.
2680 4340 2898 4395 Electus
2935 4341 3131 4411 quippe
3162 4352 3475 4406 coronatur,
3519 4342 3648 4411 quia
3690 4340 3772 4394 vi—

2203 4430 2338 4484 dens
2362 4438 2416 4483 et
2442 4430 2669 4485 audiens
2714 4430 2950 4498 undique
2977 4429 3117 4484 mala
3158 4446 3188 4485 a
3221 4431 3379 4484 malis
3406 4440 3560 4501 gesta
3602 4431 3776 4486 conti-

526 4528 624 4581 per
658 4515 762 4570 hoc
790 4515 900 4571 Deo
926 4491 1133 4586 gratias
1162 4534 1326 4590 agere
1363 4520 1591 4577 velimus
1622 4522 1764 4591 quod
1796 4522 1888 4577 illo
1917 4524 2094 4592 dispo-
2124 4491 2175 4549 υ
2201 4520 2316 4575 nuit
2343 4536 2401 4576 se
2425 4518 2494 4573 ab
2518 4519 2634 4583 eis;
2668 4521 2926 4589 reprobus
2961 4533 3088 4576 vero
3134 4522 3252 4576 ideo
3291 4491 3606 4587 dani'natur,
3645 4523 3774 4592 quia

527 4611 690 4657 nente
725 4602 783 4658 bi
813 4605 967 4660 nobis
1002 4607 1311 4661 deserviunt
1336 4610 1430 4678 qui
1464 4611 1773 4666 conditione
1814 4620 1869 4667 et
1901 4622 2094 4667 natura

526 4692 686 4747 nobis
713 4692 948 4764 :equales
972 4696 1231 4751 existunt.
1273 4697 1377 4753 Per
1413 4698 1699 4767 cujuslibet
1728 4702 1963 4757 hominis
1994 4719 2091 4757 no-

522 4780 734 4836 biscum
780 4787 1150 4842 conrersantis
1184 4788 1564 4863 negligentiam
1593 4799 1880 4857 tentamur,
1938 4794 1986 4848 si
2027 4809 2091 4848 ea

521 4886 643 4940 qua:
673 4872 761 4928 ille
791 4874 845 4928 in
875 4875 1235 4947 qualicunque
1263 4894 1322 4932 re
1347 4879 1681 4949 negligenter
1718 4883 1826 4951 agit
1865 4898 2094 4952 quaeque

522 4976 622 5017 nos
675 4976 740 5017 ex
786 4965 978 5033 peritia
1022 4977 1075 5022 et
1121 4968 1337 5022 licentia
1395 4970 1680 5025 melior-are
1726 4971 1998 5027 valeamus
2036 4974 2092 5027 iu

520 5052 712 5109 melius
737 5068 951 5123 quoque
981 5042 1246 5126 aptemus.

590 5143 695 5199 Per
725 5136 1026 5216 temporum
1063 5164 1277 5227 pacem,
1305 5151 1447 5205 aeris
1485 5152 1820 5218 temperiem,
1851 5167 1952 5207 nec
1981 5165 2086 5207 non

2204 4609 2396 4665 videns
2420 4620 2473 4664 et
2503 4610 2729 4665 audiens
2762 4611 2960 4679 ubique
2997 4610 3137 4665 bona
3164 4627 3194 4665 a
3219 4612 3374 4666 bonis
3416 4623 3567 4682 gesta
3601 4612 3773 4667 noluit

2196 4699 2400 4753 itnitari
2451 4699 2564 4761 illa,
2611 4700 2753 4754 sicut
2781 4708 2835 4754 et
2861 4695 3028 4752 Judaei
3071 4714 3100 4752 a
3141 4698 3367 4754 Domino
3393 4710 3582 4754 nostro
3630 4692 3771 4756 rit}:-

2198 4798 2392 4842 runtur
2424 4789 2545 4842 ideo
2584 4804 2704 4844 esse
2734 4788 3027 4844 damnandi
3074 4789 3198 4858 quia
3225 4791 3458 4846 scientes
3506 4791 3773 4846 Ninivitas

2195 4894 2361 4948 parva
2399 4879 2547 4933 Jonas
2595 4881 2978 4951 priedicatione
3023 4896 3335 4946 conversos,
3386 4882 3486 4951 ipsi
3536 4897 3637 4936 nec
3674 4898 3771 4951 per

2201 4964 2432 5023 maxima
2463 4970 2621 5037 signa
2653 4971 2934 5024 voluerunt
2962 4973 3224 5025 converti.
3263 4971 3580 5039 Huiusmodi
3605 4973 3769 5044 igitur

2203 5058 2506 5112 diversitate
2557 5068 2725 5113 tentat
2772 5076 2870 5113 nos
2899 5060 3104 5129 jugiter
3151 5061 3408 5116 Dominus
3447 5064 3763 5127 admonens,

2173 5159 2253 5203 -ut
2280 5149 2508 5203 sollicite
2554 5159 2843 5218 pensantes
2880 5160 3084 5220 quanta
3135 5150 3435 5208 subtilitate
3480 5152 3765 5208 diversitas
