3942 5340
177 372 267 428 ΞΗ

1395 383 1485 441 DE
1520 384 1805 454 QUODAM
1847 386 2217 448 MIRACULO.

3302 402 3409 463 242

179 485 327 541 toties
350 486 709 542 admonemur
737 485 918 559 fugere
949 489 1062 546 illa.
1112 491 1218 549 Per
1244 492 1488 550 visibiles
1522 513 1735 566 quoque
1763 504 1810 563 Α
1906 498 2019 554 llas
2048 502 2213 571 igitur
2251 505 2587 570 tentationes,
2618 520 2739 577 quae
2785 523 2890 564 non
2922 511 3041 568 ideo
3070 514 3407 576 immltuntur

181 586 444 632 creaturas
482 586 775 645 tenlamur,
808 580 948 636 sicut
976 581 1225 639 videlicet
1253 585 1305 639 in
1330 586 1460 650 sole,
1498 590 1589 657 qui
1615 589 1739 645 licet

182 676 407 722 creatura
435 669 533 733 sit,
562 668 681 738 ejus
707 678 883 726 tamen
915 671 1253 741 splendorem
1292 675 1505 731 dilatari
1538 680 1738 734 scimus

180 776 265 830 per
290 760 599 815 universum
627 761 833 817 orbem.
867 762 1022 819 Unde
1058 780 1178 820 cum
1216 775 1424 822 tantum
1472 779 1736 827 creaturae

179 849 501 918 splendorem
560 852 817 916 sciamus,
874 861 1146 910 tentamur
1198 858 1384 928 utique
1430 875 1460 913 a
1503 858 1636 927 Deo,
1688 862 1733 918 si

178 938 292 1009 ejus,
321 939 409 1007 qui
442 938 674 995 Creatur
699 952 780 996 est
808 944 1206 1009 universorum,
1244 947 1567 1004 invisibilem
1598 966 1735 1021 prae-

175 1030 384 1087 sentiam
411 1039 465 1084 et
497 1034 799 1100 potentiam
827 1049 988 1103 super
1027 1036 1207 1090 omnia
1252 1036 1499 1093 diﬁ'usam
1546 1042 1733 1096 creda-

175 1134 296 1173 mus.
334 1118 439 1174 Sed
469 1131 526 1175 et
555 1122 610 1175 in
642 1138 779 1192 aqua
830 1133 1118 1191 lentamur,
1157 1137 1339 1183 utrntn
1392 1131 1732 1211 attendamus

172 1211 301 1279 quia,
330 1211 373 1265 si
404 1213 769 1282 corporaliter
813 1216 1013 1271 sordidi
1043 1217 1096 1272 in
1129 1234 1266 1291 aqua
1301 1232 1523 1290 possunt
1562 1223 1728 1293 ablui,

173 1301 319 1358 multo
363 1304 536 1373 magis
589 1320 779 1361 omnes
826 1310 1075 1366 sordibus
1116 1312 1505 1383 spiritualibus,
1550 1316 1604 1371 id
1647 1325 1732 1372 est

172 1393 384 1462 peccatis
430 1395 705 1464 inquinati
754 1409 980 1468 possunt
1029 1401 1082 1456 in
1136 1405 1309 1474 gratia
1358 1405 1451 1462 Dei
1502 1407 1731 1477 pleniter

173 1482 340 1547 lavari,
372 1483 416 1538 si
443 1484 513 1537 ad
538 1501 660 1547 eam
688 1492 1009 1547 accedentes
1045 1495 1404 1562 spiritualitcr
1451 1514 1510 1553 se
1547 1499 1729 1556 lavare

175 1574 425 1649 studeant,
479 1574 534 1631 id
584 1587 672 1634 est
720 1583 1092 1649 pmnitentiam
1151 1599 1342 1656 gerant
1397 1590 1729 1648 emendatio-

175 1678 377 1734 nemque
406 1667 750 1736 promittant.
778 1670 944 1728 Multo
965 1675 1107 1729 enim
1137 1678 1393 1748 majorem
1419 1681 1727 1740 facultatem

176 1755 314 1810 habet
339 1759 509 1826 gratia
548 1760 645 1829 Dei
699 1764 765 1817 ad
811 1764 1074 1823 lavandas
1125 1770 1334 1827 animas
1373 1790 1534 1843 quam
1584 1792 1722 1847 aqua

1836 604 1865 643 a
1894 588 2123 647 Domino
2148 601 2211 647 'ut
2254 594 2368 663 ipse
2413 611 2512 666 per
2557 611 2650 653 eas
2695 615 2795 655 nos
2823 601 3205 674 interrogando
3236 608 3406 666 discat

1836 682 1965 751 quid
1994 682 2047 738 in
2096 684 2251 739 nobis
2280 687 2462 753 lateat,
2497 691 2589 744 sed
2629 699 2689 746 ut
2722 708 2821 748 nos
2862 710 3218 766 agnoscamus
3254 701 3407 770 cujus

1835 771 2013 826 tneriti
2040 783 2095 828 et
2141 774 2416 844 qualitatis
2457 779 2657 846 simus,
2687 792 2852 854 utque
2891 798 3147 857 appareat
3182 784 3311 860 quid
3343 793 3407 847 de

1834 860 1946 914 Deo
1969 860 2050 915 vel
2086 863 2215 931 quid
2246 864 2313 919 de
2349 867 2502 922 nobis
2532 872 2859 938 sentiamus,
2891 875 3093 949 jugiter
3130 874 3406 937 attendere

1832 952 2098 1021 generalis
2126 964 2206 1011 est
2229 970 2420 1013 cursus
2447 961 2685 1016 omnium
2713 963 2777 1018 ad
2808 976 3036 1036 superna
3068 973 3258 1041 gaudia
3291 989 3407 1042 pro-

1830 1040 2155 1112 perantium.
2186 1047 2404 1120 Absque
2432 1050 2737 1122 bujusmodi
2768 1073 2995 1129 namque
3023 1040 3407 1120 tentationibus

1832 1148 1993 1190 nemo
2019 1148 2197 1207 potest
2239 1139 2355 1194 ﬁeri
2392 1157 2502 1198 sua:
2525 1145 2800 1214 qualitatis
2828 1158 3027 1214 certus,
3063 1154 3157 1207 sed
3192 1169 3292 1210 nec
3320 1156 3404 1209 di—

1829 1226 1970 1282 vina:
2013 1231 2228 1300 pietatis
2273 1243 2328 1289 et
2359 1237 2639 1307 sapientiae
2670 1239 2773 1294 ulla
2806 1241 2947 1297 valet
2992 1245 3287 1317 intelligere
3323 1236 3407 1305 se;

1830 1324 1999 1382 creta,
2033 1321 2136 1375 nisi
2186 1337 2283 1391 per
2324 1327 2637 1383 earumdem
2680 1331 3033 1386 tentationum
3078 1336 3402 1393 rudimenta.

1830 1407 1970 1463 Sunt
1992 1411 2193 1467 etenim
2218 1413 2370 1483 quasi
2397 1417 2612 1485 quidam
2645 1434 2867 1491 campus
2897 1423 3187 1493 spatiosus,
3214 1426 3266 1481 in
3299 1422 3405 1497 quo

1829 1498 2006 1556 ﬁdelis
2050 1501 2280 1571 quilibet
2314 1519 2561 1580 currens,
2593 1508 2751 1563 discit
2785 1512 3017 1579 qualiter
3061 1524 3282 1572 currere
3313 1518 3404 1570 va;

1828 1589 1936 1646 leat
1977 1590 2029 1646 in
2079 1593 2275 1649 timore
2316 1606 2370 1652 et
2419 1611 2604 1655 amore
2641 1599 2754 1655 Dei.
2791 1603 2856 1657 Et
2886 1611 2944 1658 ut
2972 1605 3086 1661 limo
3129 1607 3179 1662 in
3213 1624 3317 1663 una
3346 1626 3422 1665 re.

1826 1680 2137 1749 probemus,
2171 1683 2313 1753 quis,
2341 1700 2490 1755 rogo,
2519 1702 2577 1742 se
2606 1691 2896 1758 patientem
2924 1709 3044 1751 esse
3068 1697 3208 1753 scire
3235 1699 3401 1764 valet,

1826 1770 1929 1825 nisi
1971 1787 2066 1842 per
2095 1773 2346 1844 injuriam
2384 1777 2584 1833 illatam
2612 1778 2900 1851 probetur?
2927 1784 3071 1839 Idem
3103 1788 3167 1841 de
3194 1790 3402 1843 caneris

174 1847 403 1915 qualibet
430 1850 497 1905 ad
523 1849 756 1909 lavanda
786 1870 1034 1928 corpora.
1062 1859 1213 1928 Quod
1237 1878 1359 1918 cum
1383 1841 1571 1922 omnes
1593 1841 1727 1923 scia-
1755 1841 1802 1901 Β
1830 1841 2167 1919 sentiendum
2199 1875 2302 1923 est.
2334 1867 2485 1925 Sicut
2509 1841 2651 1927 enim
2700 1876 2941 1945 corporis
2971 1876 3071 1943 vis,
3106 1878 3261 1934 itaet
3290 1879 3400 1950 spi-

174 1952 289 2001 ntus,
315 1940 559 2006 quotidie
606 1951 879 2000 tentamur
919 1951 1154 2018 qualiter
1194 1953 1336 2009 idem
1383 1958 1725 2015 attendentes

176 2043 276 2081 eum
305 2030 404 2085 ﬁde
428 2041 485 2089 et
515 2038 842 2104 ptenitentia
873 2044 1139 2114 condigna
1174 2048 1240 2102 ad
1281 2047 1447 2103 Deum
1494 2052 1722 2106 acceda-

175 2134 290 2173 ntus.
316 2118 585 2181 Similiter
612 2144 712 2198 per
736 2133 912 2201 apium
944 2138 1118 2190 studia
1152 2145 1444 2205 tentamur,
1471 2141 1516 2197 si
1543 2151 1720 2197 atten-

174 2207 277 2262 dere
303 2209 527 2267 velimus
556 2216 706 2284 quia,
736 2219 875 2275 sicut
917 2224 1115 2278 ezedem
1162 2241 1292 2296 apes
1318 2244 1384 2283 ex
1416 2231 1580 2285 variis
1620 2230 1719 2287 ﬁo-

172 2294 297 2351 ribus
336 2299 506 2356 mellis
558 2302 825 2373 liquorem
872 2311 1125 2382 colligere
1157 2294 1350 2380 solent,
1403 2318 1476 2372 ita
1517 2327 1571 2374 et
1622 2337 1722 2377 nos

172 2385 367 2442 virtutes
387 2392 665 2460 quaslibet
691 2397 942 2473 colligere
974 2403 1253 2469 debemus,
1295 2422 1399 2463 non
1438 2409 1609 2465 solum
1650 2413 1719 2468 al)

172 2472 479 2547 hominibus,
546 2484 649 2538 sed
704 2472 868 2543 etiam
945 2490 1015 2546 ab
1071 2495 1394 2552 animalibus
1457 2500 1719 2557 imitando

172 2578 239 2618 ea.
268 2566 359 2623 Pro
397 2587 502 2640 qua
549 2574 858 2634 imitatione
899 2582 1154 2638 admonet
1196 2602 1293 2641 nos
1342 2588 1600 2645 Dominus
1635 2594 1716 2646 di-

173 2672 277 2711 cens
306 2676 320 2711 :
358 2658 539 2719 Estote
569 2668 853 2735 prudentes
882 2672 1014 2726 sicut
1043 2685 1323 2744 serpentes,
1366 2688 1413 2731 et
1460 2680 1716 2749 simplices

170 2748 280 2802 sicut
306 2751 555 2810 columba:
592 2757 807 2826 (Matth.
855 2779 911 2828 κ,
959 2763 1067 2835 l9).
1102 2765 1225 2822 lltrc
1262 2768 1546 2826 Psalmista
1595 2773 1715 2828 imi-

174 2850 291 2896 tatus
313 2855 408 2909 est,
440 2864 569 2902 cum
600 2850 739 2906 dixit
764 2870 777 2907 :
806 2852 875 2907 Ut
893 2855 1192 2925 jttmcntum
1225 2859 1395 2929 factus
1421 2879 1536 2917 sum
1573 2866 1714 2934 apud

171 2939 225 2994 ιε,
250 2930 454 2989 Domine
480 2936 664 3006 (Psal.
710 2956 879 3008 usu,
919 2944 1033 3015 εδ).
1066 2946 1321 3003 Eamdem
1355 2930 1711 3009 imitationem

172 3020 389 3081 Salomon
435 3045 882 3103 unumquemque
927 3039 1186 3101 admonet
1233 3043 1578 3101 considerare
1631 3047 1712 3102 di-

170 3128 274 3169 cens
300 3130 312 3169 :
348 3116 489 3174 Vade
514 3123 593 3175 ad
621 3124 917 3195 formicam,
951 3144 980 3181 ο
1005 3130 1170 3201 piger,
1201 3141 1247 3185 et
1285 3135 1558 3190 considera
1596 3138 1708 3201 vias

1829 1952 1968 2009 ritus
2015 1969 2119 2010 non
2168 1958 2327 2013 aliter
2380 1975 2540 2030 quam
2590 1961 2884 2021 laborando
2928 1967 3208 2037 probatur.
3257 1967 3403 2025 Talis

1828 2056 2007 2102 autem
2031 2050 2302 2119 probatio,
2334 2068 2438 2122 qua
2464 2053 2626 2109 homo
2649 2063 2702 2109 et
2721 2069 2875 2110 suam
2901 2056 3215 2127 qualitatem
3241 2059 3403 2129 agno-

1824 2154 1980 2195 scere
2010 2149 2063 2195 et
2084 2144 2304 2210 praemia
2328 2153 2529 2199 aeterna
2558 2146 2753 2200 mereri
2783 2147 2942 2209 valet,
2969 2148 3107 2202 sicut
3131 2142 3398 2219 Scriptum

1823 2238 1909 2283 est
1950 2246 1962 2283 ε
2005 2228 2200 2285 Beatus
2238 2231 2316 2286 eir
2358 2232 2449 2303 qui
2493 2233 2676 2303 stt/fert
2726 2236 3059 2290 tentationem
3087 2277 3100 2300 ,
3151 2238 3415 2307 quoniam.

1822 2332 1940 2371 cum
1985 2320 2231 2386 probatus
2274 2319 2464 2389 fuerit,
2505 2323 2722 2390 accipiet
2756 2339 3003 2376 coronam
3043 2324 3159 2378 vita:
3186 2324 3324 2396 (Jac.
3355 2330 3405 2395 t',

1823 2407 1935 2473 12),
1968 2408 2096 2477 quid
2131 2409 2274 2464 aliud
2313 2420 2395 2465 est
2423 2411 2677 2477 dicenda,
2712 2412 2813 2467 nisi
2856 2414 3117 2483 sapientia
3148 2425 3199 2471 et
3226 2418 3399 2486 pietas

1821 2498 2039 2554 divina?
2068 2500 2345 2571 Sapientia
2373 2504 2607 2573 quidem,
2635 2505 2760 2573 quia
2792 2512 2899 2557 tam
2937 2505 3181 2561 miranda
3212 2508 3395 2577 provi-

1820 2586 1941 2655 det;
1983 2590 2151 2659 pietas
2175 2600 2375 2656 autem,
2403 2592 2523 2647 ideo
2555 2593 2678 2663 quia
2705 2593 3037 2663 providentia
3070 2595 3168 2665 tali
3200 2596 3391 2666 digna-

1820 2688 1907 2733 tur
1949 2695 2273 2751 quemquam
2325 2683 2592 2738 instruere
2634 2692 2690 2737 et
2737 2684 2804 2737 ad
2851 2696 2910 2738 se
2946 2684 3198 2740 trahere?
3243 2680 3404 2741 Unde.

1814 2768 2098 2825 Psalmista
2134 2773 2330 2827 merito
2365 2773 2531 2827 dicit:
2564 2768 2827 2827 Universae
2864 2775 2958 2828 vite
2996 2772 3207 2830 Domitii
3235 2775 3393 2829 misc-

1817 2862 2046 2916 ricordia
2088 2872 2137 2916 et
2183 2864 2369 2917 veritas
2400 2862 2573 2932 (Psal.
2618 2877 2776 2930 xxxv,
2813 2862 2923 2933 10).
2960 2862 3171 2919 Veritas
3210 2866 3391 2919 autem

1814 2954 1869 3002 et
1913 2948 2174 3016 sapientia
2216 2949 2394 3004 divina
2436 2950 2575 3005 idem
2619 2959 2763 3005 sunt.
2809 2948 3031 3020 Magnus
3077 2965 3290 3022 quoque
3336 2960 3394 3005 et

1814 3037 2116 3093 communis
2145 3046 2229 3093 est
2273 3053 2464 3092 cursus
2493 3038 2774 3094 attendere
2796 3038 2999 3111 jugiter
3025 3046 3079 3095 et
3118 3039 3389 3095 recordari

1815 3136 2016 3197 quanta
2043 3130 2325 3200 utriusque
2371 3130 2604 3186 bominis
2641 3130 2902 3186 beneﬁcia
2933 3146 3166 3213 unquam
3205 3146 3236 3186 a
3277 3132 3387 3186 Deo

170 3202 285 3273 ejus,
307 3216 350 3260 et
368 3210 508 3267 disce
538 3213 852 3278 sapientiora
889 3215 1073 3286 (Prov.
1115 3234 1183 3284 vt,
1219 3218 1294 3291 6).
1347 3221 1548 3278 Eodem
1574 3240 1709 3295 quo-
1739 3202 1785 3266 (ἶ
1815 3221 2184 3291 acceperimus
2218 3221 2271 3276 in
2299 3221 2537 3291 quolibet
2563 3221 2692 3279 vita:
2724 3229 2923 3281 nostra:
2956 3210 3194 3292 tempore
3224 3221 3305 3276 vel
3334 3222 3389 3277 in

170 3308 253 3363 que
294 3301 440 3355 modo
490 3317 598 3372 per
644 3319 829 3360 omnes
888 3307 1130 3365 visibiles
1175 3320 1454 3368 creaturas
1515 3316 1704 3371 tentati

171 3385 502 3455 admonemur,
538 3404 602 3447 ut
629 3394 683 3448 in
713 3397 793 3451 eis
826 3412 1135 3467 quaeramus
1165 3402 1294 3472 quid
1324 3419 1423 3458 nos
1454 3404 1701 3461 doceant.

169 3476 303 3544 Cujus
338 3484 593 3539 nimirum
626 3489 940 3545 tentationis
971 3492 1162 3548 modus
1187 3503 1242 3549 et
1267 3495 1459 3549 notitia
1497 3506 1701 3552 tantum

170 3569 419 3642 unicuique
448 3591 477 3629 a
510 3576 628 3633 Deo
656 3589 929 3635 reseratur
956 3592 1218 3651 quantum
1250 3583 1397 3639 illum
1432 3584 1626 3641 timere
1651 3596 1704 3642 et

170 3671 320 3717 amare
360 3667 572 3723 nititur.
604 3668 987 3728 Verumtamen
1019 3688 1084 3735 ex
1132 3690 1291 3745 supra
1334 3676 1494 3733 dictis
1530 3687 1705 3747 potest

169 3747 457 3818 aliquantum
501 3758 727 3814 discere.
762 3761 995 3835 qualiter
1018 3764 1348 3837 investigare
1375 3765 1568 3822 debeat
1593 3783 1701 3822 ca:-

170 3844 259 3893 tera
282 3856 513 3915 quisque.

169 4031 3271 4071 MM

1036 4136 1797 4316 NARRATIO'
1841 4201 2477 4316 OTHLONI

1812 3325 2134 3381 quocunque
2182 3311 2332 3376 loco,
2379 3313 2432 3365 in
2475 3311 2649 3381 patria
2697 3310 2778 3367 vel
2828 3310 2880 3365 in
2915 3310 3123 3377 exsilio,
3157 3311 3211 3365 in
3243 3318 3386 3366 terra

1810 3399 1895 3452 vel
1923 3398 1976 3453 in
2003 3399 2175 3470 aquis,
2207 3408 2263 3455 et
2289 3414 2387 3470 pro
2418 3400 2503 3456 bis
2532 3401 2631 3470 ipsi
2672 3401 2874 3471 gratias
2914 3415 3103 3471 agere;
3134 3414 3388 3469 quascun-

1810 3504 1915 3558 que
1962 3498 2141 3543 autem
2193 3497 2378 3543 contra
2424 3487 2541 3557 ejus
2584 3498 2852 3561 praecepta
2906 3491 3221 3555 fecerimus,
3270 3491 3386 3545 bare

1802 3581 2007 3651 jugiter
2051 3581 2327 3652 poeniteri,
2368 3597 2468 3651 pro
2513 3580 2599 3635 bis
2643 3582 2853 3636 veniam
2904 3594 3117 3651 semper
3153 3581 3385 3650 precari.

1808 3671 1890 3727 Ad
1917 3671 2076 3727 talem
2115 3686 2334 3725 cursum
2366 3671 2548 3727 cuncti
2579 3678 2888 3742 properate,
2921 3669 3127 3733 ﬁdeles,
3154 3683 3252 3738 pro
3274 3682 3384 3737 quo

1808 3776 1915 3817 non
1946 3761 2097 3816 vobis
2124 3761 2440 3817 munuscula
2486 3761 2609 3817 vilia
2643 3763 2859 3828 dantur,
2889 3759 2982 3816 sed
3014 3774 3221 3816 merces
3261 3757 3382 3814 talis

1808 3868 1928 3925 quas
1954 3852 2194 3909 creditur
2213 3866 2331 3909 esse
2351 3853 2622 3923 perennis.

786 4427 874 4489 DE
912 4422 1286 4492 MIRACULO,
1326 4422 1516 4491 QUOD
1559 4420 1793 4477 NUPER
1829 4420 2097 4477 ACClDlT
2135 4419 2395 4478 CUIDAM
2432 4418 2652 4474 LAICO.

220 4729 333 4797 Quia
358 4736 582 4790 mundus
613 4734 893 4804 multiplici
923 4735 1162 4790 vanitate
1185 4744 1240 4789 et
1265 4732 1550 4803 iniquitate
1578 4744 1696 4787 cor-
1722 4731 1773 4792 D
1799 4731 2037 4785 vanitate
2077 4727 2237 4783 solita
2267 4728 2564 4793 retraham,
2595 4726 2753 4797 cupio
2780 4725 2982 4781 referre
3021 4726 3164 4796 quod
3200 4743 3373 4797 nuper

170 4827 323 4887 ruptus
359 4822 409 4877 in
459 4833 697 4894 tempore
746 4823 1046 4879 imminenti
1092 4823 1289 4878 indicia
1334 4821 1488 4892 plura
1515 4863 1531 4888 ,
1574 4836 1694 4891 ante

169 4908 377 4971 [medicta
404 4922 528 4967 sunt
566 4913 619 4966 in
648 4913 956 4969 novissimis
985 4913 1172 4968 diebus
1211 4911 1395 4967 futura
1421 4911 1555 4978 fore,
1578 4911 1690 4981 jam

172 4994 470 5068 demonstrat,
498 5018 631 5072 opus
674 5013 758 5059 est
787 5004 996 5059 cunctis
1023 5004 1267 5060 ﬁdelibus
1303 5012 1364 5059 ut
1402 5013 1457 5060 et
1493 5018 1552 5059 se
1582 5003 1691 5057 eir-

173 5092 518 5159 cumspectione
550 5086 779 5148 maxima
815 5094 885 5149 ab
923 5094 1133 5151 insidiis
1159 5095 1354 5152 diaboli
1384 5094 1690 5149 custodiant

172 5181 211 5226 et
232 5190 548 5251 quoscunque
586 5184 793 5254 possint
818 5183 960 5238 idem
990 5183 1167 5240 facere
1192 5187 1537 5241 admoneant.
1582 5183 1688 5237 Per

573 5275 587 5298 I
634 5290 776 5298 --.-..-
821 5289 975 5298 ...--_.
1005 5278 1145 5298 ...-_°

172 5261 248 5298 lum
280 5270 403 5298 ηιξ...
452 5275 587 5298 -..--ι
634 5290 776 5298 --.-..-
821 5289 975 5298 ...--_.
1005 5278 1233 5298 ...-_----
1287 5277 1543 5298 ..----I:L-.
1576 5285 1681 5298 .-.μ

1792 5285 1966 5298 ’.Α-ι--

1800 4819 1854 4873 in
1880 4817 2122 4874 occiduis
2167 4818 2409 4888 partibus
2445 4816 2675 4888 contigit
2703 4815 2954 4887 quodque
2980 4816 3112 4871 mibi
3151 4817 3368 4885 quidam

1796 4908 2026 4964 clericus
2065 4907 2371 4979 religiosus,
2407 4906 2548 4978 apud
2590 4919 2649 4960 se
2696 4904 2988 4973 bospitanti
3018 4904 3279 4973 referens,
3311 4921 3372 4963 ευ

1796 4997 1960 5052 etiam
1985 4997 2178 5054 adesse
2201 4998 2292 5053 ubi
2331 4997 2629 5065 contigerat
2652 4995 2810 5053 dixit.

1864 5085 2070 5143 Retulit
2096 5102 2325 5157 namque
2358 5086 2501 5157 quod
2527 5084 2748 5152 quidam
2779 5081 2999 5145 illustris
3023 5084 3107 5138 vir
3130 5080 3370 5137 diffama-

1796 5186 1884 5233 tus
1909 5189 2053 5236 esset
2084 5195 2183 5251 pro
2202 5183 2480 5253 cujusdam
2509 5179 2637 5246 equi
2662 5176 2870 5247 rapina.
2897 5172 3051 5228 Tune
3075 5184 3257 5231 comes
3284 5183 3370 5222 re—

1829 5269 1966 5298 :-..:-
1999 5273 2139 5298 ειυς.--
2183 5270 2488 5298 L..:..-......t:
2537 5268 2814 5298 gnram:nm
2864 5262 3087 5298 ηιιιιίοηα
3123 5265 3369 5298 nnlenlm'
