3942 5340
531 244 638 301 945

1554 243 1854 320 οτιιιριιι
1888 242 2196 320 nossem
2235 244 2296 300 s.
2332 243 2771 299 EMMERAMMI.

3675 239 3785 296 Ωιι

534 363 689 428 garet
708 369 806 426 per
836 352 1047 410 solitum
1074 366 1226 421 aquae
1253 350 1538 422 judicium.
1565 351 1808 422 Cumque
1839 369 1943 408 una
1974 368 2097 409 cum
2131 368 2178 427 Α
2209 362 2397 424 tasque
2444 356 2554 414 Deo
2608 365 2661 410 te
2701 355 2896 412 amodo
2944 355 3070 419 talia
3123 352 3506 412 devitaturum.
3552 354 3787 413 Audiens

534 446 720 501 multis
767 444 889 500 aliis
935 444 1000 499 ad
1045 451 1305 498 statutum
1350 456 1503 512 aquae
1535 442 1799 512 judicium
1839 446 2104 506 venisset.

534 545 758 609 peracta
785 534 1177 590 examinatione
1201 534 1348 588 onmi
1375 550 1494 603 qum
1522 535 1593 589 ibi
1622 536 1756 591 solet
1777 537 1883 605 agi,
1912 537 2111 592 cecidit

538 629 593 683 in
628 636 834 682 reatum
861 641 955 695 per
977 627 1116 680 idem
1142 625 1422 693 judicium.
1451 627 1568 694 Quo
1593 626 1736 682 facto
1766 629 1850 682 vir
1877 629 2113 684 maestis-

537 718 706 772 simus
731 714 987 780 efficitur,
1028 715 1174 769 omni
1206 716 1540 785 querimonia
1587 716 1824 784 repletur
1857 732 1963 772 non
1997 726 2114 771 tan-

537 815 649 862 tum
680 820 779 875 pro
815 806 939 874 equi
986 808 1503 875 recompensatione,
1555 807 1649 861 sed
1688 806 1849 861 etiam
1888 822 1987 877 pro
2032 808 2115 861 in-

537 895 803 951 tolerabili
834 897 1048 955 comitis
1073 898 1287 962 timore,
1311 914 1468 969 quem
1492 898 1596 956 sibi.
1620 899 1869 975 cogn‘fvit
1893 898 2116 971 minime

536 1004 784 1060 parcere,
824 990 867 1049 si
920 1004 950 1042 a
997 990 1253 1056 praedicto
1294 1004 1400 1043 non
1450 988 1820 1053 absolveretur
1862 990 2112 1045 crimine.

538 1079 854 1133 Coavocans
878 1092 1007 1149 ergo
1036 1094 1223 1133 omnes
1250 1078 1477 1132 clericos
1520 1078 1713 1133 ibidem
1750 1088 2034 1133 manentes
2062 1078 2115 1137 in

539 1184 727 1236 unum,
769 1168 964 1236 quaerit
1004 1170 1073 1222 ab
1121 1168 1199 1223 eis
1242 1167 1525 1223 consilium
1585 1169 1856 1237 quomodo
1904 1178 2116 1223 reatum

539 1262 770 1317 evadere
806 1270 1007 1332 posset,
1031 1262 1084 1315 in
1115 1276 1274 1330 quem
1303 1260 1446 1322 nulla
1484 1275 1582 1316 sua
1615 1260 1945 1321 conscientia
1986 1259 2118 1314 inci-

540 1350 726 1410 disset.
1248 1414 1249 1417 η
1938 1404 1941 1405 ν

612 1445 696 1501 Ad
725 1446 840 1502 hac
885 1460 1011 1500 cum
1052 1444 1438 1515 unusquisque,
1466 1452 1628 1514 prout
1667 1444 1769 1498 sibi
1814 1442 2116 1506 videbatur,

542 1536 925 1605 responderet,
955 1536 1171 1606 quidam
1198 1552 1264 1590 ex
1296 1537 1383 1595 eis
1418 1537 1584 1606 cmpit
1619 1535 1772 1589 illnm'
1807 1550 2028 1589 mouere
2062 1542 2123 1588 ut

542 1625 746 1695 aliquid
772 1627 1030 1689 attentius
1056 1636 1273 1696 peccata
1303 1642 1395 1681 sua
1426 1625 1670 1681 recolens
1698 1633 1751 1680 et
1779 1624 2120 1679 confessione

2211 445 2326 499 lucc
2373 446 2457 503 vir
2508 460 2633 502 mox
2665 454 2845 501 votum
2875 446 3019 499 vovit
3064 445 3196 511 Deo,
3240 444 3481 501 dicens‘:
3512 444 3651 502 Ecce
3682 443 3789 499 Deo

2210 535 2466 604 promitto
2496 536 2624 604 quia
2658 535 2704 595 si
2744 549 2828 592 me
2871 535 3179 590 liberaverit
3209 549 3240 588 a
3271 544 3452 589 reatus
3476 532 3706 601 judicio,
3737 534 3789 595 in

2212 626 2354 694 quod
2406 626 2566 680 modo
2619 626 2817 692 incidi,
2871 626 3137 683 rasorium
3182 638 3454 693 nunquam
3505 624 3692 678 veniet
3739 624 3789 676 in

2210 714 2432 769 barbam
2465 730 2658 769 meam.
2798 767 2802 771 .

2211 789 2216 795 ’
2285 805 2492 872 Quibus
2520 806 2678 861 dictis
2704 820 2891 861 omnes
2918 807 3143 861 redeunt
3172 806 3240 860 ad
3266 820 3485 875 aquam,
3512 806 3793 875 cupientes

2213 913 2514 968 agnoscere
2563 899 2607 952 si
2658 899 2786 968 quid
2834 901 3118 969 prodesset
3167 908 3351 953 reatus
3409 896 3685 952 confessio
3741 908 3795 959 et

2215 991 2471 1059 qumlibet
2516 990 2680 1044 noxia
2729 990 2929 1044 vitandi
2978 991 3285 1059 promissio.
3340 988 3587 1057 Cumque
3634 989 3797 1043 itera-

2215 1090 2367 1136 retur
2393 1080 2679 1149 judicium,
2710 1081 2781 1135 ita
2807 1096 3032 1136 securus
3053 1080 3228 1136 factus
3252 1090 3337 1136 est
3363 1090 3422 1135 ut
3452 1090 3560 1135 tam
3585 1081 3655 1134 de
3684 1079 3795 1148 ejus

2216 1172 2524 1231 innocentia
2557 1188 2716 1242 quam
2764 1173 2829 1226 de
2851 1170 3063 1240 iustitia
3111 1171 3368 1233 revelata.
3417 1171 3563 1242 quod
3593 1170 3800 1226 scilicet

2217 1278 2377 1318 nemo
2407 1263 2660 1328 laicorum
2711 1265 2902 1320 radere
2948 1265 3171 1320 barbam
3217 1265 3430 1326 debeat,
3460 1279 3656 1319 omnes
3695 1263 3798 1318 illic

2217 1365 2500 1413 manentes
2548 1356 2661 1411 Deo
2711 1355 2921 1410 laudem
2967 1356 3228 1413 dicerent.
3281 1356 3481 1425 Sicque
3537 1355 3800 1409 liberatus

2210 1456 2301 1514 est
2341 1448 2501 1501 homo
2528 1455 2582 1501 et
2613 1447 2679 1506 de
2711 1446 2891 1501 infesti
2919 1447 3135 1501 sibimet
3161 1448 3375 1521 comitis
3412 1457 3711 1517 potestate,
3747 1456 3801 1502 et

2219 1536 2287 1591 de
2315 1552 2501 1592 eormn
2532 1537 2789 1593 violentia
2810 1538 2900 1607 qui
2945 1537 3091 1593 illum
3122 1538 3389 1608 cogebant
3417 1553 3620 1608 equum
3660 1535 3802 1590 abla-

2220 1634 2332 1681 tum
2359 1627 2680 1697 persolvere.

543 1719 797 1786 proderet
819 1726 878 1770 et
915 1717 1343 1777 emendationem
1373 1717 1483 1771 Deo
1517 1716 1876 1784 promitteret.
1907 1715 2002 1769 Cui
2033 1714 2121 1768 ille
2154 1725 2196 1783 Β
2293 1720 2423 1775 Post
2471 1720 2803 1789 aliquantum
2836 1734 2966 1774 vero
3018 1718 3275 1788 temporis
3317 1708 3456 1773 idem
3492 1718 3579 1778 vir
3606 1716 3804 1771 oblitus

541 1805 822 1874 respondit
846 1805 1068 1865 dicens:
1104 1804 1225 1859 llaec
1247 1805 1424 1859 omnia
1459 1804 1531 1858 ita
1549 1804 1659 1871 jam
1684 1803 1785 1859 feci
1813 1812 1870 1857 ut
1916 1802 2118 1857 nullum

541 1892 597 1952 in
630 1894 889 1949 memoria
936 1909 1053 1949 mea
1103 1903 1380 1949 remaneat
1422 1902 1736 1965 peccatum,
1780 1892 1924 1963 quod
1969 1892 2121 1946 vobis

543 1999 652 2042 non
685 1984 962 2039 confessus
994 1984 1186 2047 fuerim
1216 1994 1271 2038 et
1298 2000 1392 2053 pro
1418 1999 1522 2053 quo
1549 1983 1979 2038 emendationem
2012 1984 2122 2038 Deo

543 2090 651 2130 non
682 2077 1043 2146 promiserim.
1073 2076 1222 2130 'l‘une
1266 2075 1353 2131 ille
1394 2074 1622 2131 clericus
1654 2092 1666 2129 :
1706 2075 2002 2142 Quomodo,
2038 2074 2121 2128 in-

545 2167 701 2236 quit,
734 2167 834 2227 hoc
869 2175 1046 2237 potest
1091 2182 1275 2225 verum
1324 2183 1469 2230 esse,
1508 2183 1630 2221 cum
1679 2176 1960 2237 peccatum
2010 2180 2124 2220 ma-

537 2244 708 2327 ‘gnum
747 2258 802 2320 in
840 2266 891 2312 te
919 2258 1153 2324 videam,
1178 2257 1322 2328 quod
1352 2256 1784 2335 nec‘conlitcndo
1814 2256 1968 2312 nobis
2003 2271 2126 2325 pro-

534 2349 759 2417 ,didisti,
794 2365 895 2411 nec
934 2360 1212 2419 peccatum
1242 2366 1364 2409 esse
1404 2351 1616 2405 credis?
1664 2350 1856 2405 Laicus
1891 2364 2124 2418 namque

536 2454 668 2517 cum
707 2440 782 2495 sis
811 2448 884 2507 et,
918 2440 1074 2509 juxta
1121 2457 1325 2497 morem
1365 2442 1645 2505 laicormu,
1693 2441 1858 2496 barba
1900 2442 2124 2496 minimc

547 2524 666 2588 rasa
712 2533 964 2588 incedere
993 2532 1239 2597 deberes,
1279 2542 1332 2586 tu
1364 2542 1585 2589 econtra
1615 2533 1808 2588 divinae
1836 2532 1965 2602 legis
1994 2547 2123 2585 con-

548 2631 781 2693 temptor
809 2623 960 2692 quasi
989 2622 1220 2678 clericus
1261 2623 1486 2678 barbam
1521 2632 1664 2678 tuam
1697 2623 1893 2678 rasisti.
1924 2621 2125 2676 Pecca-

549 2721 664 2767 tum
697 2713 894 2782 quippe
942 2711 1082 2776 tale,
1119 2712 1247 2767 licet
1297 2722 1351 2766 tu
1399 2728 1496 2782 pro
1547 2712 1713 2767 nihilo
1759 2714 1989 2775 habeas,
2027 2727 2124 2783 ego

550 2798 713 2855 credo
742 2809 947 2852 tantum
979 2812 1098 2853 esse
1124 2808 1183 2875 ut
1212 2799 1515 2858 nullatenus
1544 2817 1574 2855 a
1606 2803 1857 2868 crimine,
1891 2803 1944 2856 in
1985 2802 2126 2871 quod

2210 1810 2416 1887 divina:
2453 1809 2691 1880 pietatis,
2715 1824 2835 1878 qua:
2876 1822 2999 1862 eum
3026 1808 3362 1881 absolverat,
3375 1807 3803 1876 parvipendeus-

2214 1914 2327 1972 Aque
2373 1913 2483 1953 rem
2525 1914 2685 1966 quam
2731 1897 2840 1952 Deo
2883 1899 3229 1968 promiserat,
3276 1914 3438 1969 super
3470 1898 3663 1973 barba
3702 1910 3803 1951 non

2218 1989 2479 2064 radenda,
2510 1988 2673 2059 jussit
2713 1988 2814 2041 sibi
2861 2004 2982 2042 cum
3018 1987 3277 2043 novacula
3324 1989 3548 2048 barbam
3595 1986 3801 2048 radere.

2225 2079 2410 2134 dicens
2452 2095 2466 2131 :
2498 2092 2597 2146 ego
2623 2077 2836 2146 quidem
2886 2077 2993 2131 Deo
3030 2078 3248 2146 promisi
3281 2075 3405 2151 quia
3453 2075 3727 2132 rasorium
3754 2072 3804 2126 in

2225 2172 2447 2226 barbam
2477 2185 2648 2223 meam
2696 2168 3042 2223 immitterem
3084 2181 3381 2237 nunquam,
3415 2180 3516 2234 pro
3547 2162 3803 2223 novacula

2224 2279 2354 2317 vero
2383 2278 2487 2315 non
2512 2259 2754 2330 promisi,
2778 2260 3005 2328 ideoque
3026 2259 3147 2314 volo
3170 2258 3269 2314 hac
3302 2258 3377 2313 uti
3402 2258 3545 2313 sicut
3564 2257 3807 2311 homines

2229 2354 2429 2410 caeteri.
2473 2353 2579 2408 Sed
2608 2352 2741 2408 ultio
2768 2353 2943 2407 divina
2976 2352 3138 2407 talem
3173 2353 3285 2408 cito
3330 2362 3515 2407 secuta
3553 2361 3641 2405 est
3676 2364 3805 2419 prato

2229 2430 2609 2512 sumptionem.
2651 2444 2787 2498 Nam
2836 2452 2957 2513 post
3006 2444 3171 2498 breve
3217 2452 3428 2512 tempus
3461 2443 3527 2495 ab
3574 2438 3807 2495 inimicis

2227 2536 2340 2591 suis
2382 2542 2572 2603 captus
2617 2531 2825 2586 effossis
2866 2531 3037 2585 oculis
3081 2518 3195 2585 visu
3246 2541 3329 2585 est
3374 2529 3640 2599 privatus.
3690 2525 3807 2580 [Iac

2229 2627 2391 2698 igitur
2437 2640 2537 2696 ego
2580 2623 2804 2678 audiens
2843 2638 2873 2676 a
2907 2621 3105 2676 clerico
3153 2622 3387 2690 quodam
3432 2620 3555 2675 aliis
3604 2618 3808 2674 referre

2230 2718 2432 2782 studui,
2466 2723 2525 2770 ut
2553 2714 2761 2783 aliquos
2801 2712 2903 2767 hoc
2930 2711 3176 2784 exemplo
3207 2710 3424 2766 territos
3463 2709 3531 2765 ad
3560 2705 3811 2763 emenda-

2232 2810 2429 2865 tionem
2461 2821 2671 2873 morum
2696 2805 2983 2865 traherem.
3106 2788 3109 2793 b
3202 2854 3205 2857 λ
3744 2786 3761 2807 ⁸

553 2890 806 2957 incidisti,
836 2891 1151 2958 absolvaris,
1182 2893 1283 2950 nisi
1326 2896 1695 2966 paenitentiam
1727 2912 1876 2965 agas,
1906 2895 2123 2966 promit-
2220 2962 2221 2965 η

562 3073 2218 3103 MM

2235 3077 2591 3094 *Μαι

2597 3060 3791 3093 u—M

1332 3230 2171 3366 EJUSDEM
2244 3230 3059 3385 o‘rnnom

2016 3406 2369 3567 LIBER
2706 3509 2710 3513 -
3066 3482 3071 3485 ·

988 3695 1112 3789 DE
1171 3688 1869 3790 ADMONITIONE
1983 3683 2611 3787 CLEBIGORUM
2680 3683 2807 3782 ET
2881 3675 3407 3789 LAIGORUM.

647 3893 826 3959 Nunc
857 3892 1139 3971 primum,
1162 3911 1238 3952 ea:
1266 3889 1781 3971 automata]:an
1802 3887 2137 3971 jmperz'ali
2150 3887 2553 3971 _1nonasterio_
2574 3883 3337 3971 Sonat-{.mnterqmmensi
3366 3899 3719 3957 asseremo,

1041 3968 1355 4050 vulgatus,
1380 3962 1635 4030 a'R.'D.
1669 3962 1743 4029 Ρ.
1780 3962 2054 4044 Casparo
2084 3965 2459 4038 Altlcchner,
2505 3964 2906 4024 Benedicti‘no
2932 3962 3300 4023 Millicmsi.

791 4130 963 4211 (Apud
993 4129 1058 4191 ἢ.
1093 4128 1153 4184 Ρ.
1186 4129 1520 4185 Bernardum
1558 4128 1798 4194 Pezium,
1826 4126 1868 4180 Τ
1870 4127 2120 4182 hesaurus
2150 4126 2344 4181 Anecd.
2378 4126 2712 4191 novissimus,
2744 4133 2870 4179 tom.
2903 4123 2988 4192 Ill,
3016 4131 3171 4194 parte
3204 4138 3266 4187 rt.
3291 4136 3418 4193 pag.
3449 4119 3616 4185 402.)

2026 4285 2387 4304 Ψ

1622 4419 1884 4485 NCIPIT
1928 4419 2356 4493 PREFATIO
2397 4415 2782 4479 OTHLONL

560 4622 565 4627 '
633 4608 849 4663 Sanctae
877 4604 1130 4662 Ecclesiae
1161 4605 1534 4660 munusculum
1582 4599 1797 4675 aliquod
1823 4604 2018 4660 offerre
2040 4620 2133 4660 cu-
2160 4608 2204 4670 C
2236 4605 2625 4674 conspiciuntur
2646 4602 2823 4674 (Rom.
2848 4602 3015 4670 1,20).
3038 4601 3202 4672 Cujus
3221 4600 3384 4656 studii
3407 4599 3612 4655 oblatio
3632 4610 3813 4670 precor

561 4701 741 4771 piens,
788 4692 880 4753 scd
939 4698 993 4752 in
1046 4711 1205 4751 manu
1252 4711 1370 4750 mea
1430 4695 1565 4749 nihil
1622 4698 1899 4765 reperiens
1941 4705 2140 4766 praeter

562 4804 788 4859 parvam
842 4788 1076 4843 dictandi
1129 4794 1290 4857 atque
1346 4787 1612 4842 scribendi
1662 4788 1910 4842 notitiam
1943 4827 1958 4851 ,
2000 4788 2141 4842 hanc

565 4880 740 4949 ipsam
804 4879 860 4932 in
909 4878 1025 4949 ejus
1070 4878 1349 4932 servitium
1397 4877 1521 4931 volo
1572 4885 1825 4946 cooptare
1879 4887 2140 4947 quantum

552 4969 827 5024 Dominus
847 4958 1096 5039 dignatur
1118 4966 1392 5035 adjuvare.
1420 4968 1671 5023 Scribere
1695 4970 1836 5022 enim
1851 4969 2024 5037 gestio
2045 4983 2142 5036 pro

565 5059 932 5114 azlmOnitione
967 5068 1284 5119 cunctorum
1327 5057 1585 5122 ﬁdelium,
1616 5057 1980 5113 admonitione
2000 5058 2142 5111 ‘dun—

550 5140 720 5205 'taxat
762 5150 1139 5219 indigentium,
1187 5150 1431 5205 dividens
1455 5165 1548 5205 eos
1596 5151 1649 5203 in
1710 5151 1845 5203 duas
1882 5154 2142 5219 personas

566 5241 887 5296 clericorum
910 5252 963 5296 et
991 5242 1269 5306 laicorum,
1295 5256 1681 5311 assumensque
1708 5242 1775 5295 ad
1804 5242 1905 5295 hoc
1928 5243 2144 5312 utrique

2241 4710 2308 4749 ne
2335 4696 2419 4749 cui
2452 4695 2668 4765 indigna
2696 4695 2973 4760 videatur;
3005 4695 3130 4762 quia
3157 4701 3214 4747 ut
3237 4693 3435 4761 legitur
3463 4692 3532 4745 ad
3567 4690 3810 4762 templum

2245 4787 2454 4841 Domini
2486 4787 2756 4855 quondam
2780 4786 2921 4839 inter
2944 4785 3170 4855 insignia
3193 4793 3247 4837 et
3267 4783 3662 4852 pretiosissima
3683 4782 3811 4836 dona

2241 4875 2606 4931 oli‘erebantur
2633 4876 2793 4929 etiam
2816 4876 2946 4929 viles
2965 4875 3052 4944 pili
3083 4889 3368 4942 caprarum
3396 4882 3452 4927 et
3476 4872 3587 4926 duo
3617 4872 3811 4932 minuta

2224 4966 2419 5021 ividure
2462 4964 2803 5034 pauperculae
2832 4963 3011 5018 oblata
3031 4962 3151 5027 Deo
3199 4963 3366 5031 ipsius
3408 4960 3623 5014 Domini
3658 4954 3813 5016 nostri

2245 5056 2370 5111 Iesu
2399 5056 2595 5110 Christi
2628 5054 2933 5109 testimonio
2962 5054 3350 5123 approbantur.
3382 5051 3589 5104 Precor
3614 5060 3668 5104 et
3697 5043 3811 5107 illud

2247 5155 2307 5199 ut
2344 5145 2395 5199 si
2420 5145 2705 5214 quisquam
2736 5144 2791 5197 in
2819 5143 2903 5198 his
2924 5157 3043 5211 quae
3073 5142 3269 5203 dicam,
3300 5140 3382 5193 vel
3408 5139 3603 5193 melius
3627 5136 3813 5193 sentiat

2230 5235 2335 5291 .vel
2387 5236 2565 5305 aptius
2608 5234 2797 5289 eadem
2849 5233 3089 5302 proferat
3119 5247 3224 5284 non
3278 5231 3478 5284 idcirco
3506 5229 3814 5284 rusticitatis
