3942 5340
221 276 319 333 115

1206 280 1335 337 LIB.
1376 282 1465 340 DE
1500 285 1832 344 ADMONIT.
1875 291 2141 352 CLERIC.
2182 297 2270 355 ET
2304 301 2482 358 LAIC.

3370 311 3475 371 εκ

222 390 306 489 in?
348 389 656 489 εῖδΡῘεηῑίεξν
692 389 1043 489 “cenem”?
1087 392 1335 489 Ρνρῖθιτθ
1383 406 1595 489 nosset.
1623 398 1799 458 Unus-
1825 423 1872 483 Α
1902 411 2118 480 placem
2148 413 2348 470 rustica
2380 415 2661 471 humilium
2687 418 2827 473 dicta
2854 434 3015 489 quam
3055 420 3255 479 eximia
3288 430 3478 483 verbo:

219 483 437 553 quisque
457 497 599 551 ergo
618 482 668 536 in
690 494 790 536 suo
803 495 962 537 sensu
986 483 1241 551 abundet,
1264 495 1413 544 tanto
1436 487 1669 556 maiores
1684 491 1796 548 Deo

218 574 408 647 gratias
428 588 625 644 agens,
639 584 840 645 quanto
862 574 1259 631 excellentioris
1271 579 1509 637 scientia:
1535 581 1792 641 talentum

216 667 279 722 ab
311 681 378 723 eo
420 658 660 738 accepit,
687 677 968 738 summque
1011 666 1257 724 attendat
1299 672 1450 741 quod
1482 672 1595 730 Deo
1622 674 1796 745 magis

1896 505 2028 559 sitas
2056 507 2451 575 arrogantium,
2481 519 2534 564 et
2559 508 2614 563 in
2636 511 2910 569 saecularis
2936 513 3257 573 litteratura:
3277 533 3472 592 pompa

1895 594 2259 666 gloriantium.

1281 1002 1789 1080 LIBELLUS
1847 1003 1915 1079 M
1934 1005 2056 1080 ΑΝ
2077 1004 2201 1080 UA
2220 1002 2378 1078 LIS

498 1176 682 1281 De
754 1176 1525 1329 admonitione
1602 1181 2276 1291 clericorum
2357 1196 2469 1293 et
2547 1188 3131 1309 (uicorum.

714 1403 940 1467 CAPUT
978 1402 1266 1467 PRIMUM.

211 1519 433 1608 latinia
478 1522 850 1608 nefessitaset
876 1542 1056 1608 .cattsa
1092 1526 1327 1607 homines
1370 1526 1522 1608 ρθῖεξὶ
1560 1544 1787 1583 conmm-

220 1664 225 1673 .
270 1591 713 1675 nendipeglecms
742 1593 1020 1675 religionis,
1045 1597 1333 1664 persecutio
1378 1591 1644 1664 Ecclesiw,
1691 1601 1783 1654 deo

268 1671 481 1716 vastatio
519 1671 981 1732 monasteriorum,
1013 1676 1119 1721 etc.

220 1834 223 1837 ,
269 1773 580 1829 Substantia
608 1774 774 1847 igitur
792 1792 910 1848 qua:
934 1793 1029 1847 per
1056 1792 1114 1833 se
1134 1778 1250 1834 sine
1276 1778 1435 1833 ullius
1462 1779 1787 1835 adminiculo

210 1867 486 1922 subsistere
535 1867 713 1933 valet,
752 1868 894 1925 Deus
945 1871 1281 1926 solummodo
1326 1880 1428 1927 est.
1464 1872 1555 1927 Illa
1606 1884 1785 1928 autem

211 1950 522 2023 substantia,
553 1958 711 2028 Cuius
740 1968 910 2015 totum
941 1975 1063 2017 esse
1085 1962 1139 2016 in
1168 1961 1393 2019 alterius
1415 1965 1667 2019 consistit
1688 1980 1786 2033 po-

211 2058 409 2118 testate,
437 2061 697 2105 creatura
727 2051 970 2121 profecto
1016 2069 1138 2109 esse
1182 2055 1464 2123 probatur.
1494 2054 1601 2111 Sed
1646 2058 1787 2109 sicut

211 2141 369 2195 divina
404 2143 722 2198 substantia
771 2144 824 2198 in
849 2144 1021 2200 tribus
1050 2154 1265 2201 constat
1306 2149 1553 2216 personis
1584 2146 1782 2212 Patris.

209 2243 257 2290 et
279 2234 415 2298 Filii,
447 2244 504 2291 et
529 2235 778 2306 Spiritus
802 2238 998 2304 sancti,
1028 2239 1099 2293 ita
1133 2249 1188 2295 et
1228 2250 1479 2296 creatura
1519 2242 1571 2297 in
1611 2228 1785 2298 tribus

211 2325 357 2381 distat
374 2325 733 2383 diﬁ‘erenliis.
750 2329 855 2383 Aut
875 2330 1017 2385 enim
1038 2339 1118 2385 est
1146 2331 1447 2395 rationalis,
1472 2339 1529 2386 ut
1556 2330 1785 2402 angelici

212 2418 408 2488 spiritus
432 2429 489 2474 et
534 2421 731 2501 homo;
760 2429 857 2476 aut
875 2421 1143 2487 animalis,
1169 2430 1228 2477 ut
1271 2424 1451 2477 omnia
1482 2439 1602 2494 qua:
1652 2425 1807 2478 llatu~

211 2507 340 2562 vitali
361 2508 476 2563 sine
501 2509 721 2565 ratione
733 2511 1150 2580 potiuntur;aut
1179 2522 1427 2568 neutrum
1449 2524 1555 2581 est,
1578 2515 1784 2572 habens

214 2602 570 2657 tantummodo
597 2618 743 2670 esse,
776 2612 835 2657 ut
875 2604 1098 2660 arbores
1124 2615 1178 2660 et
1204 2605 1415 2678 lapides
1454 2592 1471 2661 ὲ
1502 2608 1645 2663 ttndc
1668 2622 1785 2664 om-

212 2692 324 2747 nino
356 2703 505 2765 patct
549 2696 678 2764 quia
725 2696 905 2751 omnis
943 2704 1191 2752 creatura
1245 2699 1373 2762 Deo,
1406 2713 1434 2752 a
1483 2714 1591 2769 quo
1617 2713 1783 2754 omne

211 2783 337 2851 quod
375 2794 455 2839 est
486 2785 680 2850 habet,
726 2801 785 2841 se
825 2802 1041 2857 quoque
1093 2788 1324 2845 subdere
1371 2789 1528 2844 debet
1556 2786 1783 2858 genius

212 2873 442 2930 nimirum
472 2875 833 2944 subiectionis
859 2877 1036 2933 omnis
1059 2879 1199 2934 ratio
1240 2888 1295 2935 et
1322 2879 1664 2934 observantia
1697 2878 1781 2947 ad

213 2965 361 3019 solam
391 2966 717 3022 rationalem
761 2977 1070 3023 creaturam
1102 2969 1356 3038 pertinet,
1397 2970 1448 3024 id
1478 2980 1562 3025 est
1590 2966 1659 3025 ad
1684 2984 1781 3024 an-

1902 1420 2052 1501 poris
2093 1420 2351 1496 praeteriti
2402 1416 2651 1479 Patribus
2700 1421 2835 1477 bene
2884 1417 3101 1473 fundata
3147 1422 3202 1470 et
3253 1411 3467 1469 suffulta

1896 1520 2115 1590 penitus
2143 1517 2454 1571 destruatur
2488 1515 2588 1569 sub
2625 1511 2955 1581 temporibus
2985 1506 3218 1571 nostris,
3254 1505 3308 1559 in
3344 1506 3468 1574 quia

1896 1610 2002 1666 bus
2039 1609 2184 1665 mille
2222 1608 2377 1662 annis
2419 1620 2555 1677 pene
2600 1603 2826 1674 expletis
2860 1602 3011 1671 iuxta
3040 1596 3376 1669 prophetiam
3400 1597 3466 1649 in

1818 1735 1862 1794 Β
1898 1702 2218 1773 Apocalypsi
2247 1700 2557 1771 prazdictam
2582 1697 2812 1752 Satanas
2834 1694 3040 1749 solutus
3065 1706 3184 1747 esse
3209 1692 3423 1745 videtur
3450 1709 3463 1743 :

1899 1810 2006 1849 non
2038 1795 2180 1849 enim
2209 1791 2543 1848 solummodo
2569 1788 2789 1843 occultis
2816 1796 2871 1840 ut
2894 1795 3050 1841 antea
3077 1783 3287 1840 insidiis
3307 1795 3467 1853 quos-

1897 1902 2001 1958 que
2033 1884 2361 1957 deeipi_t,sed
2389 1885 2551 1939 etiam
2578 1890 2761 1953 aperte
2782 1879 3081 1950 prorumpit
3104 1876 3466 1947 peritissimos

1896 1977 2218 2031 subvertcns
2263 1982 2317 2027 et
2352 1972 2423 2027 ad
2457 1972 2687 2042 pessima
2732 1983 2956 2039 quaeque
2998 1966 3281 2037 instigans.
3326 1965 3465 2034 Quid

1891 2060 2026 2135 rogo
2052 2064 2203 2136 peius
2229 2078 2351 2120 esse
2382 2063 2580 2133 poterit
2604 2076 2763 2131 quam
2799 2060 3126 2114 monasteria
3148 2056 3227 2112 ad
3252 2057 3465 2113 laudem

1895 2156 1988 2212 Dei
2030 2164 2453 2224 sanctorumque
2494 2168 2712 2208 suorum
2751 2150 3114 2205 venerandam
3146 2148 3463 2204 memoriam

1896 2246 1963 2301 ab
1983 2246 2219 2316 antiquis
2249 2241 2579 2314 principibus
2607 2232 2936 2304 constructa,
2961 2255 3102 2296 nunc
3129 2241 3198 2295 ob
3227 2236 3463 2310 inexple-

1890 2336 2055 2392 bilem
2102 2335 2456 2407 quorumdam
2491 2332 2772 2386 avaritiam
2814 2329 3123 2385 destruere?
3155 2329 3285 2396 Quis
3312 2343 3464 2384 nam-

1884 2422 1997 2500 que
2041 2429 2275 2484 ﬁdelium
2312 2426 2682 2499 religiosorum
2723 2421 3004 2477 attendens
3040 2428 3237 2492 quanta
3280 2420 3459 2483 modo.

1884 2520 2014 2577 eum
2038 2520 2217 2576 omnia
2247 2518 2425 2573 divina
2455 2523 2718 2587 przecepta
2749 2522 2802 2571 et
2837 2513 3089 2568 miracula
3121 2519 3461 2568 sanctorum-

1893 2627 1997 2684 que
2044 2611 2263 2666 Patrum
2314 2611 2631 2665 documenta
2683 2609 2791 2663 sint
2840 2594 3109 2675 plurimis
3140 2603 3459 2669 notissima,

1892 2703 2260 2759 cceuobiorum
2286 2699 2577 2754 destructio
2600 2697 2694 2751 liat
2714 2711 2817 2751 non
2835 2694 3008 2749 solum
3034 2710 3062 2748 a
3088 2692 3462 2763 lairis‘deprmo

1880 2791 2146 2848 dantibus
2176 2800 2231 2845 et
2257 2788 2591 2860 rapientibus
2625 2787 2823 2857 praedia
2858 2799 3068 2849 eorum,
3099 2785 3193 2839 sed
3231 2785 3393 2839 etiam
3428 2800 3459 2839 a

1878 2868 2105 2940 'elerieis
2135 2881 2370 2952 ipsisque
2414 2878 2702 2935 abbatibus
2731 2876 2873 2932 ultro
2900 2874 3270 2942 olIerentibus,
3304 2874 3462 2945 quasi
3494 2917 3501 2927 ι

1891 2977 2132 3046 quaedam
2156 2973 2365 3029 venalia
2388 2968 2909 3027 sibimet’commissa
2930 2969 3091 3034 bona,
3124 2968 3264 3023 unde
3285 2967 3462 3023 alendi
3489 2999 3492 3002 η

213 3055 339 3124 getes
361 3067 413 3110 et
437 3059 715 3113 homines.
752 3058 904 3113 Sicut
933 3060 1077 3115 enim
1114 3060 1167 3115 hi
1193 3062 1293 3116 soli
1322 3064 1535 3119 caeteris
1564 3072 1780 3119 ereatu-
1807 3084 1855 3149 ο
1891 3067 2067 3122 forent
2091 3082 2195 3122 non
2231 3068 2404 3122 solum
2446 3056 2724 3134 monachi,
2760 3063 2854 3118 sed
2880 3062 3041 3117 etiam
3071 3058 3278 3114 {annili‘a
3310 3073 3461 3114 com-

213 3146 277 3200 ris
297 3149 708 3205 excellentiores
735 3160 861 3205 sunt
888 3153 1123 3216 conditi;
1156 3153 1227 3206 ita
1253 3154 1417 3208 etiam
1440 3156 1509 3210 ab
1535 3156 1619 3210 his
1653 3155 1781 3211 solis

215 3238 425 3305 exigitur
445 3239 717 3309 subiectio
750 3253 806 3297 et
837 3241 1044 3297 cultura
1092 3243 1208 3308 Dei,
1240 3252 1295 3298 et
1320 3253 1415 3299 aut
1456 3260 1554 3314 pro
1598 3246 1784 3316 subie-

214 3325 384 3381 ctionis
427 3329 612 3382 studio
658 3340 1100 3396 remunerantur,
1143 3341 1236 3385 aut
1279 3347 1376 3402 pro
1427 3335 1783 3404 repugnantia

215 3425 353 3484 atque
381 3418 637 3486 superbia
671 3421 987 3489 puniuntur.
1020 3421 1125 3476 Sed
1157 3423 1281 3493 quia
1313 3422 1616 3492 huiusmodi
1640 3426 1785 3495 iudi-

215 3502 336 3558 cium
380 3506 433 3560 iu
473 3508 738 3579 angelicis
778 3511 1060 3580 spiritibus
1094 3510 1206 3581 jam
1259 3511 1462 3567 factum
1505 3523 1589 3569 est
1634 3514 1781 3585 (nam

216 3599 408 3666 quidam
435 3615 628 3656 eorum
660 3617 760 3673 pro
791 3601 1113 3663 obedientia:
1144 3620 1255 3659 sua:
1283 3606 1492 3661 meritis
1516 3605 1587 3670 ita
1615 3608 1786 3681 beati-

215 3691 364 3746 tudini
390 3696 735 3765 sempiterna:
760 3703 887 3750 sunt
912 3695 1169 3766 deputati,
1199 3705 1259 3752 ut
1287 3698 1418 3752 nihil
1451 3697 1594 3752 aliud
1623 3714 1784 3768 quam

217 3779 392 3838 bonum
423 3786 561 3840 velle
590 3786 830 3855 possint;
862 3787 1082 3856 quidam
1114 3802 1243 3842 vero
1277 3804 1374 3858 pro
1416 3789 1673 3861 superbia
1730 3776 1784 3844 in

218 3880 422 3931 :cternas
446 3892 641 3947 poenas
667 3878 897 3948 proiecti
918 3870 994 3933 ad
1024 3879 1170 3934 nulla
1216 3881 1316 3935 nisi
1345 3881 1411 3935 ad
1441 3881 1580 3936 mala
1619 3883 1786 3939 ratio-

218 3977 322 4017 nem
346 3965 523 4022 datam
554 3966 773 4044 ﬂectere
800 3970 1027 4041 queunt)
1068 3971 1168 4026 soli
1199 3971 1447 4029 homines
1488 3974 1667 4030 adhuc
1702 3992 1788 4033 re-

220 4064 344 4108 stant
369 4058 458 4127 qui
486 4073 808 4114 conccssam
843 4060 1071 4115 rationis
1115 4068 1170 4115 et
1217 4061 1428 4117 arbitrii
1466 4064 1784 4122 facultatem

219 4144 276 4197 ad
300 4155 582 4223 utrumque
625 4148 901 4206 divertere
921 4149 1157 4208 valeant.
1191 4150 1346 4207 Unde
1374 4162 1427 4207 ct
1452 4154 1550 4223 ipsi
1578 4156 1784 4211 solum-

221 4239 357 4303 ωοῦο
393 4240 690 4297 instruendi
725 4250 780 4297 et
825 4243 1146 4298 admonendi
1191 4254 1318 4299 sunt
1345 4254 1405 4301 ut
1434 4246 1534 4302 sibi
1583 4248 1787 4317 iugiter

222 4340 555 4400 proponentes
577 4343 836 4402 utrosque
849 4333 1022 4389 bonos
1042 4334 1316 4391 scilicetet
1343 4337 1513 4392 malos
1533 4338 1780 4407 spiritus,

1890 3157 2088 3223 missa,
2128 3172 2227 3211 nec
2264 3173 2367 3211 non
2405 3170 2669 3226 pauperes
2694 3161 2747 3207 et
2788 3150 3055 3223 peregrini
3091 3150 3459 3213 advenientes;

1890 3262 2000 3301 non
2024 3246 2190 3316 possit
2215 3243 2484 3312 conjicere
2513 3242 2931 3298 destructionem
2955 3250 3154 3294 sanctas
3179 3238 3465 3294 Ecclesia?!

1834 3383 1839 3388 .
1891 3336 2007 3393 Non
2056 3337 2237 3391 statim
2290 3335 2468 3391 doleat
2520 3334 2662 3404 quod
2721 3334 2893 3402 hostis
2943 3333 3198 3404 antiquus
3257 3340 3459 3406 tantam

1892 3428 2151 3482 malitiam
2203 3436 2258 3479 et
2314 3426 2741 3495 persecutionem
2804 3424 3041 3492 potuerit
3087 3437 3342 3477 exercere
3406 3421 3473 3475 in

1890 3518 2249 3582 Christianos,
2277 3532 2371 3587 per
2393 3516 2525 3568 alios
2545 3512 2904 3575 Christianos,
2930 3522 2983 3566 et
2999 3528 3093 3581 per
3110 3526 3205 3566 eos
3227 3510 3463 3566 maxime

1890 3609 1979 3677 qui
2020 3606 2295 3660 constituti
2334 3613 2457 3658 sunt
2495 3613 2735 3673 pastores
2771 3602 3058 3657 Ecclesiae?
3090 3600 3222 3655 Nam
3252 3601 3296 3655 si
3338 3600 3463 3656 tatis

1890 3698 2186 3756 destructio
2225 3696 2464 3752 locorum
2503 3702 2813 3749 sanctorum
2841 3709 2873 3748 a
2903 3692 3151 3749 barbaris
3186 3702 3460 3762 ageretur,

1866 3786 2316 3846 Christianorum
2354 3785 2496 3842 bello
2528 3786 2731 3839 essent
2791 3782 3150 3853 reprimendi,
3206 3783 3251 3836 si
3306 3781 3464 3837 aliter

1831 3863 2175 3953 "nequirent
2218 3879 2469 3951 eorrigi;'
2495 3862 2611 3942 sed,
2667 3877 2802 3948 proh
2840 3876 3024 3931 dolor!
3054 3884 3223 3932 tanta
3266 3890 3365 3945 pax
3407 3884 3497 3929 et-

1888 3972 2177 4029 concordia
2217 3972 2270 4025 iu
2304 3968 2606 4038 huiusmodi
2643 3969 2873 4023 habetur
2896 3965 3164 4037 nequitia,
3208 3975 3288 4032 ut,
3325 3980 3461 4034 pau-

1889 4063 2094 4121 cissimi
2138 4061 2396 4132 exceptis,
2456 4075 2565 4127 non
2622 4060 2962 4115 inveniantur
3020 4058 3112 4128 qui
3173 4058 3240 4112 de
3299 4063 3464 4125 tanta:

1868 4148 2277 4228 persecutionis
2328 4144 2533 4234 curent.
2556 4151 2795 4206 ‘miscria
2821 4189 2837 4216 ,
2870 4167 2876 4175 τ
2911 4151 3068 4220 quasi
3139 4149 3463 4205 Christiana:

1887 4246 2161 4315 religionis
2196 4245 2392 4314 ignari,
2416 4253 2471 4313 et
2503 4253 2760 4311 tanquam
2802 4244 2928 4307 hoc,
2960 4241 3106 4311 quod
3138 4245 3470 4298 monasteria

1885 4326 2078 4390 cuncta
2108 4350 2207 4405 pro
2233 4333 2432 4389 Christi
2465 4319 2884 4400 sanctorumque
2917 4332 3119 4386 honoro
3150 4343 3468 4388 constructa
3506 4364 3507 4367 η

222 4419 398 4492 eligant
440 4426 623 4496 potius
647 4426 916 4481 bonorum
948 4428 1143 4483 merita
1192 4429 1345 4498 sequi
1382 4430 1665 4499 praeceptis
1693 4430 1747 4484 di
1806 4426 1857 4487 D
1884 4427 2104 4492 fuerint,
2150 4426 2351 4482 obliti.-
2378 4424 2532 4492 Quod
2593 4424 2717 4478 dico
2777 4422 3083 4478 miserabile
3131 4424 3347 4493 quidcm
3387 4434 3473 4480 est

225 4510 343 4566 vinis
360 4514 679 4579 obediendo,
711 4530 873 4585 quam
920 4515 1186 4571 malorum
1211 4518 1389 4587 pmnis
1428 4519 1690 4574 associari
1729 4520 1783 4575 ei

226 4602 516 4669 existeudo.
547 4606 668 4662 sine
688 4621 795 4676 quo
821 4621 985 4662 nemo
1007 4618 1184 4678 potest
1205 4609 1425 4664 salvari.

228 4728 251 4739 .7
282 4691 384 4750 Hoc
406 4696 567 4767 igitur
588 4697 660 4753 sit
681 4698 915 4768 primum
944 4698 1089 4769 quod
1110 4715 1302 4756 omnes
1323 4702 1568 4758 homines
1590 4703 1778 4759 horta-

228 4796 329 4838 tuur
350 4786 643 4843 intentione
690 4790 927 4847 maxima
964 4791 1336 4847 considerare.
1366 4791 1523 4848 Same
1548 4809 1783 4865 namque

230 4876 368 4929 tuenti
392 4876 720 4948 iutegraeqne
743 4880 936 4935 rationi
962 4879 1136 4951 ipsum
1182 4880 1356 4938 solum
1385 4883 1630 4942 sullicere
1659 4901 1785 4957 pos-

226 4970 318 5027 Sel.
365 4965 573 5024 etiamsi
620 4969 761 5025 nttlla
816 4972 922 5027 alia
973 4974 1238 5029 tremendi
1272 4974 1464 5044 iudicii
1532 4978 1780 5048 exempla

226 5067 408 5112 cesset.
454 5060 561 5117 Sed
607 5062 734 5131 quia
787 5064 1140 5122 adversarius
1175 5075 1361 5123 noster
1403 5068 1651 5127 diabolus
1698 5069 1782 5125 leo

234 5145 419 5214 rugiens
444 5149 637 5205 circuit
665 5165 911 5220 quaerens
935 5169 1096 5224 quem
1118 5155 1343 5212 devoret
1366 5155 1430 5227 (Ι
1460 5156 1605 5215 Patr.
1623 5176 1677 5225 v,
1701 5158 1776 5228 8),

1884 4519 2049 4583 dictu,
2104 4518 2198 4573 sed
2231 4516 2399 4572 multo
2440 4515 2800 4571 miserabilius
2838 4524 2985 4579 actu,
3016 4530 3137 4571 cum
3184 4516 3236 4571 hi
3276 4516 3368 4585 qui
3395 4519 3472 4570 ad

1882 4610 1993 4665 hoc
2032 4609 2339 4680 specialiter
2375 4623 2574 4666 vacare
2623 4607 2954 4668 desiderant.
3006 4617 3066 4661 ut
3109 4609 3161 4662 in
3205 4608 3472 4664 cienobiis

1883 4703 1984 4757 sub
2022 4700 2282 4777 religione
2312 4699 2724 4777 disciplinaque
2753 4700 3022 4771 spirituali
3070 4701 3315 4783 viventes
3363 4700 3473 4756 Deo

1866 4784 2171 4857 servirent,
2208 4795 2287 4846 ‘et
2330 4807 2429 4862 pro
2453 4807 2641 4847 eorqu
2686 4790 2883 4853 salute,
2930 4790 3077 4861 quia
3119 4791 3475 4847 sazeularibus

1882 4883 2093 4954 pompis
2130 4898 2189 4939 se
2217 4884 2393 4940 adhuc
2422 4883 2704 4939 continere
2751 4891 3046 4952 nequeunt,
3074 4884 3279 4956 iugiter
3308 4885 3481 4940 inter-

1884 4974 2160 5040 cederent,
2197 4974 2517 5038 substantia,
2547 4990 2652 5047 qua
2681 4975 2749 5030 ad
2785 4974 3162 5045 quatidianum
3192 4975 3390 5029 victum
3417 4984 3479 5029 et

1883 5068 2136 5123 vestitum
2187 5068 2511 5140 indigerent,
2564 5070 2863 5139 privantur.
2911 5062 3128 5135 Quanto
3158 5067 3303 5123 enim
3348 5061 3476 5131 quis

1884 5158 2254 5228 possessiones
2310 5157 2558 5230 proprias
2582 5172 2681 5226 pro
2708 5157 2802 5212 Dei
2835 5171 3016 5210 amore
3062 5149 3474 5217 contempserit,
