3942 5340
489 267 592 321 εδει

1508 272 1805 329 οτιιιοΝι
1843 273 2146 330 MONACIII
2187 273 2245 328 S.
2285 270 2706 328 EMMERAMMI

3627 267 3734 324 με

416 397 427 404 ‘
488 382 646 437 citur.
687 379 771 435 Ad
827 383 944 436 haec
993 382 1156 438 etiam
1203 398 1328 437 reus
1374 382 1628 450 edicitur,
1671 387 1800 456 quia
1839 387 2057 442 abstuiit
2084 390 2131 448 Α
2163 393 2278 445 rota
2305 384 2501 453 quippe
2527 383 2668 455 illius
2695 395 2858 472 quam
2891 377 3308 472 inﬁrmamento
3355 377 3480 445 cteli
3517 392 3734 472 semper

486 472 631 525 unde
672 487 953 541 pauperes,
1005 472 1278 541 peregrini
1310 481 1366 527 et
1408 474 1648 544 hospites
1702 486 1886 531 saneta
1935 477 2053 532 loca

483 564 788 627 visitantes,
840 564 1116 617 recreandi
1153 563 1503 634 forentjuxta
1555 569 1734 622 sancti
1778 567 2054 626 Benedicti

483 662 765 716 statutum,
789 655 895 708 imo
911 654 1062 722 juxta
1091 656 1256 723 ipsius
1285 657 1492 712 Domini
1537 660 1708 713 nostri
1728 669 2054 729 pneceptum

482 743 750 797 dicentis:
785 742 917 796 Date
953 742 1346 814 eleemosynam,
1394 757 1441 799 et
1470 749 1645 804 omnia
1689 748 1886 801 munda
1933 757 2051 802 sunt

479 833 641 886 vobis.
686 834 704 902 (
721 832 828 886 Luc
852 850 928 899 χι,
955 835 1019 888 εἰ
1037 838 1079 904 ).
1123 836 1238 903 ipse
1263 853 1476 906 quoque
1515 839 1601 893 his
1633 841 1722 908 qui
1759 855 1903 894 nunc
1929 856 2056 895 eum

478 920 536 974 in
574 923 900 991 pauperibus
927 933 982 977 et
1028 923 1328 992 hospitibus
1360 926 1678 995 suscipiunt,
1728 928 1783 981 in
1811 938 2057 983 extremo

473 1010 675 1076 judicio
728 1012 971 1066 dicturus
1019 1021 1136 1066 est:
1197 1013 1398 1081 Hospes
1425 1015 1504 1083 fui
1538 1025 1585 1068 et
1631 1016 1930 1084 suscepistis
1973 1034 2056 1071 mc

481 1105 498 1166 (
515 1100 705 1154 Matth.
760 1100 1024 1170 xxv,55).
1073 1101 1200 1155 ilrcc
1227 1101 1388 1169 igitur
1408 1102 1473 1156 de
1509 1103 1598 1158 illo
1643 1103 1758 1158 solo
1805 1112 2051 1172 peccato,

479 1190 620 1258 quod
669 1190 723 1244 in
773 1191 1140 1247 destructione
1174 1192 1543 1257 coenobiorum
1571 1193 1767 1270 agitur,
1815 1195 2054 1251 breviter

480 1283 926 1337 commemoravi.

548 1369 606 1423 Si
629 1371 753 1440 quis
781 1387 907 1426 vero
929 1373 1210 1443 diligenter
1233 1376 1578 1432 considerare
1600 1376 1828 1436 voluerit
1855 1387 2049 1444 cmtera

475 1462 795 1518 Christianae
815 1464 1086 1536 religionis
1115 1476 1338 1532 statuta,
1366 1468 1602 1523 inveniet
1623 1484 1685 1523 ex
1714 1471 1794 1525 eis
1819 1458 2049 1540 plurima

475 1554 593 1621 pari
651 1553 1080 1611 Christianorum
1135 1559 1512 1626 persecutione
1577 1559 1871 1616 destructa.
1919 1561 2050 1628 Quis

475 1643 618 1698 enim
647 1642 794 1700 locus
823 1655 906 1699 est
941 1647 1100 1702 modo
1122 1649 1239 1704 sine
1268 1651 1455 1719 rapina
1485 1660 1576 1708 aut
1600 1653 1778 1709 bello?
1801 1653 2050 1710 Ubi'suut

2158 476 2388 546 positam
2442 470 2738 537 novimus,
2767 486 3052 542 personam
3104 470 3316 546 Patris;
3355 472 3411 528 in
3449 470 3736 540 splendore

2154 581 2286 620 vero
2331 579 2613 634 personam
2635 563 2794 633 .Filii,
2821 562 2949 632 quia
2985 571 3040 616 et
3077 559 3369 632 Apostolus
3403 561 3472 616 de
3513 559 3735 616 Cirrth

2154 653 2249 710 Dei
2279 654 2413 708 Filio
2442 655 2611 708 dicit:
2665 651 2769 718 Qui
2801 668 2918 706 cum
2961 652 3027 705 sit
3076 650 3320 719 splendor
3360 647 3574 720 glorier,
3624 656 3734 704 etc.

2155 742 2353 814 (Hebr.
2383 760 2422 809 ι,
2467 743 2558 814 3);
2618 744 2673 797 in
2728 743 2906 797 calore
2940 751 3119 796 autem
3155 757 3442 812 personam
3498 740 3733 810 Spiritus

2155 834 2329 888 sancti
2351 833 2641 904 significari
2665 834 2858 901 credo;
2887 847 3118 901 moxque
3145 833 3307 886 etiam
3327 829 3736 900 illudsubjungo

2154 927 2300 980 unde
2327 926 2452 979 talia
2479 926 2661 980 credo.
2704 924 2855 979 Sient
2893 924 3038 991 enim
3075 931 3249 995 rotam
3287 922 3418 976 solis
3455 936 3738 995 numquam

2153 1015 2387 1074 vidimus
2414 1015 2501 1069 vel
2535 1015 2836 1070 audivimus
2861 1015 2927 1069 de
2948 1013 3087 1068 caelo
3123 1013 3182 1066 in
3201 1021 3410 1066 terram
3428 1011 3730 1080 diruissam,

2153 1106 2246 1159 sed
2281 1104 2645 1174 splendorem,
2677 1104 2766 1173 qui
2809 1104 2859 1158 in
2894 1103 3011 1173 ipso
3055 1115 3158 1170 est,
3190 1104 3334 1158 etab
3365 1103 3483 1174 ipso
3519 1118 3739 1173 semper

2153 1202 2306 1248 ortus
2332 1193 2598 1249 emittitur
2626 1208 2787 1264 super
2812 1209 3026 1249 onmem
3054 1201 3286 1260 terram;
3309 1194 3553 1248 calorem
3569 1194 3732 1248 etiam

2153 1285 2243 1354 qui
2298 1295 2404 1339 tam
2450 1285 2517 1340 ab
2546 1283 2660 1354 ipsa
2705 1283 2835 1340 solis
2866 1292 2982 1338 rota
3026 1297 3188 1354 quam
3230 1298 3262 1338 a
3301 1282 3587 1353 splendore
3616 1283 3738 1352 ejus

2150 1376 2411 1446 procedit,
2436 1375 2562 1430 licet
2585 1378 2638 1430 in
2666 1377 2809 1430 omni
2838 1374 2956 1429 loco
2977 1383 3031 1429 et
3054 1382 3294 1443 tempore
3320 1388 3424 1426 non
3450 1372 3736 1440 mualiwr

2152 1466 2471 1530 sentiamus,
2525 1467 2594 1520 ab
2625 1475 2854 1534 utroque
2887 1473 3067 1518 tamen
3095 1462 3375 1533 :equaliter
3427 1462 3735 1531 procedam

2153 1562 2261 1615 tem
2312 1555 2364 1609 in
2394 1554 2716 1624 quibusdam
2766 1555 3058 1625 provinciis
3096 1554 3312 1640 majusn
3332 1553 3389 1606 in
3408 1551 3737 1622 quibusdam

2151 1661 2284 1701 vero
2308 1646 2488 1700 minus
2518 1645 2730 1702 fervere
2757 1657 2979 1718 propter
3003 1646 3239 1717 aliquam
3263 1645 3533 1701 occultam
3563 1643 3736 1698 divini

465 1728 589 1796 jura
619 1731 937 1790 Christiante
976 1736 1109 1808 legis
1158 1747 1213 1805 et
1257 1741 1524 1808 protectio
1569 1745 1842 1799 metuendi
1868 1746 2043 1815 regis?

2145 1735 2332 1806 judicii
2382 1737 2792 1808 dispositionem
2851 1739 3087 1797 scimus:
3138 1739 3214 1792 ita
3266 1747 3322 1794 et
3371 1736 3441 1792 de
3483 1736 3741 1806 personis

474 1819 574 1875 Ubi
601 1831 746 1886 sunt,
768 1841 972 1894 quaeso,
995 1837 1243 1896 pastores
1265 1840 1319 1885 et
1340 1831 1650 1888 defensores
1681 1835 2042 1906 Ecclesiarum

473 1909 562 1977 qui
591 1911 846 1967 resistant
870 1915 1303 1974 devastatoribus
1327 1934 1622 1990 pauperum
1643 1930 1699 1977 et
1723 1925 2005 1980 viduarum
2021 1927 2049 1980 ?

473 1998 726 2066 Quinimo
755 2006 849 2073 qui
894 2007 1150 2066 dicuntur
1182 2021 1430 2080 pastores
1462 2023 1516 2068 et
1565 2016 1894 2083 defensores,
1927 2021 2044 2088 qui-

471 2106 578 2160 que
623 2095 858 2150 animam
915 2114 1064 2155 suam
1105 2100 1234 2158 dare
1283 2103 1541 2160 deberent
1585 2123 1684 2176 pro
1739 2110 2048 2166 commissis

471 2185 689 2249 ovibus,
755 2187 892 2255 facti
936 2200 1062 2258 sunt
1109 2204 1504 2263 persecutores,
1553 2199 1687 2252 nulli
1735 2212 2042 2271 parcentes,

471 2274 762 2331 dummodo
791 2277 891 2348 ipsi
935 2280 988 2334 in
1019 2280 1227 2350 deliciis
1255 2285 1438 2339 vivant
1465 2287 1774 2360 divitiisque
1805 2293 2041 2348 allluant.

469 2365 658 2426 Nonne
687 2368 802 2426 haec
828 2379 992 2440 atque
1021 2373 1106 2428 his
1128 2375 1324 2432 similia
1368 2381 1762 2446 persecutionis
1785 2392 1908 2438 sunt
1930 2392 2046 2438 stu-

469 2457 590 2510 dia?
623 2458 794 2524 Quam
819 2461 1068 2518 videlicet
1098 2465 1461 2523 miserandam
1489 2474 1917 2540 persecutionem
1945 2492 2048 2544 ego

467 2546 685 2604 intimus
714 2550 918 2620 jugiter
961 2553 1189 2609 audiens
1217 2566 1273 2610 et
1297 2557 1502 2626 dolens,
1533 2576 1654 2616 eum
1691 2578 1798 2616 non
1828 2578 2044 2632 possem

469 2639 678 2710 aliquos
724 2657 972 2708 sermone
1013 2649 1285 2708 communi
1333 2651 1627 2719 corrigere,
1685 2656 1911 2709 tractavi
1961 2656 2045 2712 vel

465 2731 682 2800 scriptis
725 2746 824 2788 eos
849 2735 1141 2790 admonere
1171 2738 1383 2803 talibus,
1437 2756 1665 2810 quortun
1719 2747 2044 2801 sententiam

467 2826 580 2884 tam
624 2819 749 2886 laici
789 2837 950 2903 quam
1000 2824 1188 2884 clerici
1233 2830 1442 2896 possint
1486 2835 2046 2903 agnoscere.,Nonne

467 2907 636 2962 solem
668 2901 880 2981 aliaque
902 2914 1168 2970 elementa
1199 2917 1384 2988 aliquo
1401 2937 1562 2976 sensu
1586 2938 1780 2992 capere
1795 2901 2044 2995 possunt,

467 3001 670 3070 etquid
722 3001 879 3058 cilicii
919 3016 1110 3074 gerant
1139 3023 1327 3065 omnes
1360 3011 1517 3064 simul
1555 3016 1890 3081 agnoscunt?
1926 3019 2046 3087 Ipse

465 3091 709 3161 profecto
731 3096 995 3166 corporali
1023 3097 1136 3150 visu
1159 3092 1400 3167 privatus
1425 3103 1613 3170 nequit
1639 3118 1699 3158 se
1727 3119 1988 3162 excusare
2009 3123 2039 3161 a

467 3181 597 3254 solis
623 3183 915 3253 agnitione.
957 3185 1012 3238 Si
1045 3186 1186 3238 enim
1216 3201 1323 3240 non
1357 3188 1498 3243 illius
1519 3190 2042 3259 splendorem,certe

466 3269 559 3333 vel.
575 3270 718 3325 illius
734 3272 972 3328 calorem
999 3275 1205 3342 sentire
1226 3276 1382 3339 vatet.
1405 3277 1671 3335 Przeterea
1693 3298 1814 3337 cum
1833 3284 2043 3355 aliquos

466 3363 706 3433 exterius
763 3364 918 3442 audit.
965 3365 1033 3427 de
1085 3365 1388 3436 splendoris
1449 3370 1643 3427 solaris
1696 3373 2043 3432 inmensitate

465 3454 769 3524 loquentes,
818 3464 995 3524 potest
1054 3459 1239 3530 utique
1287 3463 1570 3520 advertere
1621 3466 1869 3523 interiori
1923 3470 2039 3525 visu

463 3545 626 3603 simul
648 3555 702 3601 ct
733 3545 936 3604 auditu.
989 3549 1105 3622 lps'e
1130 3553 1271 3608 enim
1307 3553 1376 3612 ab
1403 3555 1622 3627 homine
1671 3558 1816 3629 nullo
1845 3563 2042 3630 poterit

468 3637 644 3703 evelli,
673 3639 962 3696 dummodo
983 3643 1286 3711 hujusmodi
1332 3649 1503 3703 aciem
1534 3659 1588 3704 et
1619 3653 1858 3707 auditum
1891 3653 2041 3709 mali-

464 3725 541 3792 tia
580 3726 722 3778 nulla
757 3729 1030 3798 impediat.
1063 3733 1211 3788 Unde
1239 3747 1293 3789 et
1328 3737 1586 3794 Dominus
1614 3749 1801 3796 noster
1833 3744 2042 3800 audito-

465 3829 556 3868 res
585 3829 710 3878 suos
737 3817 1010 3884 admonet,
1050 3822 1234 3878 dicens
1258 3842 1270 3878 :
1308 3824 1412 3890 Qui
1433 3828 1582 3882 habet
1611 3843 1764 3884 aures
1793 3833 2040 3888 audiendi

465 3905 648 3960 audiat
695 3907 900 3978 (Marc.
945 3926 1022 3977 tv,
1067 3909 1142 3979 9).
1180 3912 1247 3966 Et
1289 3912 1526 3972 Joannes
1573 3916 1626 3971 in
1674 3919 2036 3992 Apocalypsi:

467 4000 578 4080 Qui
608 4002 782 4074 habet,
817 4005 1010 4076 inquit,
1040 4025 1217 4074 aures,
1263 4011 1446 4065 audiat
1485 4012 1608 4082 quid
1662 4014 1876 4083 spiritus
1898 4017 2038 4070 dicat

462 4093 711 4150 Ecclesiis
739 4097 927 4168 (Apoc.
953 4115 1034 4165 tn,
1080 4101 1202 4176 22).
1243 4101 1348 4156 Sed
1400 4102 1700 4172 huiusmodi
1731 4106 1891 4162 verba
1919 4108 2038 4163 ideo

462 4201 613 4241 more
643 4189 848 4255 prologi
898 4192 1311 4259 praemittimus:
1363 4203 1421 4248 ut
1466 4195 1591 4262 quia
1620 4197 1686 4251 de
1729 4198 2037 4254 carnalibus

465 4277 786 4346 spiritualia,
823 4280 890 4335 de
935 4283 1238 4340 visibilibus
1263 4285 1551 4342 invisibilia
1592 4288 1844 4360 colligere
1900 4292 2038 4346 scri-

463 4367 642 4433 bendo
676 4369 944 4438 volumus,
973 4372 1234 4428 lectorum
1263 4376 1422 4430 simul
1453 4385 1508 4432 et
1537 4378 1844 4434 auditorum
1875 4395 2034 4434 aures

463 4459 770 4526 spirituales
795 4462 860 4517 ad
888 4465 1214 4546 attendenda
1241 4467 1428 4522 eadem
1471 4467 1857 4540 aliquantulum
1890 4472 2035 4525 exci-

463 4557 659 4604 temus.

1097 4647 1320 4704 CAPUT-
1339 4647 1403 4704 ll.

465 4728 733 4806 Quomodo
777 4736 840 4799 in,
880 4735 1007 4789 solis
1055 4737 1278 4806 imagine
1335 4740 1704 4794 sacratissima:
1761 4739 2032 4797 Trinitatis

619 4803 624 4806 ’
825 4809 827 4811 ’
952 4803 1252 4874 mysterium
1295 4808 1538 4862 reluceat.

528 4911 710 4969 Primo
738 4915 900 4984 igitur
927 4916 1234 4985 dicendum,
1267 4919 1406 4988 quod
1438 4928 1493 4974 et
1520 4919 1573 4974 in
1607 4920 1800 4988 primis
1842 4929 1897 4974 et
1919 4935 2029 4990 prze

459 5003 710 5061 omnibus
758 5020 917 5060 nosse
959 4998 1235 5074 debemus,
1270 5009 1323 5062 in
1356 5024 1463 5078 quo
1516 5010 1725 5064 scilicet
1761 5009 2028 5078 elemento

459 5093 627 5160 ipsius
694 5105 893 5151 sanctae
959 5097 1240 5153 Trinitatis
1312 5108 1367 5154 et
1418 5100 1639 5153 unitatis
1711 5100 2027 5169 mysterium

460 5188 808 5259 contemplari
853 5189 1143 5259 possimus.
1173 5189 1413 5259 Denique
1447 5199 1506 5242 ut
1539 5189 1671 5243 mihi
1699 5190 1933 5251 videtur,
1971 5190 2024 5242 in

2059 4417 2110 4476 D

2145 1827 2376 1896 singulis
2426 1837 2631 1888 saneta:
2677 1825 2961 1883 Trinitatis
3024 1829 3216 1900 credo.)
3267 1829 3342 1899 De
3398 1829 3524 1897 Deo,
3565 1826 3732 1900 Patre

2144 1915 2382 1985 quidem,
2413 1917 2537 1986 quia
2570 1901 2846 1988 nunquam
2895 1919 3098 1973 missus
3138 1918 3350 1973 venerit
3393 1918 3450 1973 in
3499 1925 3742 2000 terram,

2145 2006 2236 2061 sed
2283 2006 2618 2076 splendorem
2669 2024 2806 2078 ejus,
2828 2008 2882 2063 id
2935 2018 3042 2076 est,
3093 2009 3288 2064 Filium
3340 2011 3411 2064 ad
3458 2010 3746 2080 quoslibet,

2145 2097 2529 2155 illuminandos
2577 2101 2776 2155 mittat.
2809 2101 2884 2156 De
2930 2102 3038 2158 Deo
3074 2112 3254 2158 autem
3292 2103 3388 2158 Dei
3427 2103 3569 2182 Filio
3589 2104 3744 2184 quod,

2145 2191 2283 2246 sicut
2312 2191 2563 2260 splendor
2595 2193 2723 2247 solis
2752 2193 2806 2247 in
2837 2209 3174 2264 quaecunque
3217 2195 3518 2266 corporalia
3543 2185 3730 2250 mitta—

2147 2288 2233 2333 tur
2287 2280 2516 2336 visibilis
2572 2284 2701 2346 liat,
2748 2281 2822 2336 ita
2875 2292 2929 2336 et
2978 2283 3094 2352 ipse
3145 2283 3455 2339 incarnatus
3499 2285 3737 2340 visibilis

2145 2370 2470 2437 apparuerit,
2527 2380 2582 2424 et
2633 2386 2797 2448 super
2823 2386 3036 2426 omnem
3085 2381 3286 2428 terram
3331 2373 3594 2429 doctrina:
3613 2375 3738 2443 ejus.

2145 2457 2364 2512 claritas
2387 2459 2645 2524 illuxerit,
2683 2468 2741 2514 ut
2769 2461 2836 2515 de
2880 2475 2949 2516 eo
2977 2461 3175 2532 legitur
3205 2480 3219 2517 :
3273 2462 3532 2528 Exortum
3562 2474 3638 2518 est
3671 2466 3728 2518 in

2144 2550 2363 2619 tenebris
2385 2550 2558 2606 lumen
2590 2554 2739 2617 rectis
2779 2552 2950 2624 (Psal.
2976 2570 3060 2621 in,
3093 2554 3171 2626 4).
3196 2556 3271 2611 De
3301 2555 3507 2626 Spiritu
3536 2566 3732 2612 sancto

2144 2640 2328 2706 ctiam,
2355 2645 2497 2714 quod
2526 2643 2667 2699 sicut
2719 2653 2863 2700 terra
2892 2661 2925 2700 a
2956 2645 3244 2716 splendore
3289 2647 3420 2702 solis
3454 2649 3732 2714 illustrata

2147 2739 2374 2797 tantum,
2418 2747 2523 2788 non
2566 2744 2745 2790 autem
2794 2736 2975 2792 calore
3028 2737 3145 2807 ejus
3197 2747 3471 2806 pettetrata
3515 2740 3726 2796 nullum

2145 2819 2383 2875 fructum
2414 2823 2545 2878 dare
2573 2825 2730 2888 solet,
2771 2825 2845 2879 ita
2873 2833 2927 2880 et
2977 2828 3367 2896 unusquisque,
3399 2828 3528 2884 licet
3555 2829 3732 2894 divitﬁ,

2143 2911 2306 2966 Verbi
2339 2914 2528 2968 notitia
2553 2915 2882 2970 illuminatus
2897 2918 2986 2982 sit,
3013 2929 3315 2989 cunctaque
3337 2920 3430 2975 Dei
3456 2921 3722 2976 miracula

2143 3001 2231 3056 vel
2263 3002 2491 3073 legendo
2517 3005 2598 3060 vel
2622 3007 2888 3062 audiendo
2916 3010 3216 3078 agnoverit,
3240 3019 3420 3066 tamen
3447 3011 3551 3066 nisi
3582 3013 3725 3084 calo:

2069 3077 2112 3138 C
2144 3090 2335 3157 iorem,
2359 3095 2408 3146 id
2445 3103 2549 3160 est,
2581 3111 2820 3151 amorem
2847 3077 2983 3153 bene
3029 3101 3237 3168 agendi,
3262 3100 3329 3154 ab
3380 3101 3552 3171 ipsius
3581 3079 3733 3164 dono.

2143 3182 2424 3252 percipiat,
2456 3183 2654 3240 frustra
2683 3187 2850 3242 totius
2882 3187 3122 3242 scientia:
3152 3187 3354 3243 lumine
3383 3190 3718 3259 perfruatur.

2144 3272 2294 3339 Quod
2324 3273 2566 3344 profecto
2593 3277 2665 3331 ita
2707 3292 2825 3346 esse
2852 3294 2962 3332 non
2987 3278 3160 3335 solum
3194 3278 3298 3332 lide
3343 3280 3575 3350 percipi,
3625 3282 3721 3336 sed

2142 3362 2305 3416 etiam
2331 3365 2698 3433 experimento
2724 3366 2840 3437 ipso
2861 3377 3036 3438 potest
3061 3368 3300 3438 probari.
3325 3369 3461 3424 Nam
3487 3372 3730 3435 nonnuls

2139 3454 2222 3508 los
2246 3456 2515 3525 sapientes
2545 3467 2600 3512 et
2637 3458 2689 3511 in
2713 3457 2827 3530 lege
2860 3458 3038 3512 divina
3065 3459 3377 3515 omnimodo
3420 3450 3724 3524 instructos

2142 3547 2452 3615 frequenter
2489 3547 2749 3613 videmus,
2795 3549 2845 3602 in
2901 3564 3129 3619 quorum
3178 3551 3413 3616 actione,
3469 3552 3514 3606 si
3553 3568 3715 3623 quam

2142 3635 2335 3694 divitem
2378 3636 2618 3694 scientia:
2665 3638 2914 3692 notitiam
2948 3639 3202 3704 habeant,
3267 3640 3346 3693 vel
3381 3641 3426 3695 si
3473 3643 3605 3711 quid
3650 3642 3728 3700 de.

2139 3727 2354 3781 :etcrnis
2402 3727 2612 3798 gaudiis
2658 3737 2712 3781 ct
2762 3726 3038 3799 suppliciis
3089 3728 3355 3796 credant,
3421 3745 3720 3802 parumper

2140 3833 2435 3889 agnoscere
2479 3819 2736 3876 valemus.
2788 3821 2926 3887 Quid
2976 3823 3138 3892 igitur
3183 3823 3251 3877 de
3287 3823 3483 3879 talibus
3520 3826 3715 3880 existi-

2139 3912 2393 3966 mandum
2420 3922 2523 3980 est,
2559 3914 2661 3968 nisi
2691 3915 2819 3983 quia
2848 3914 3156 3984 splendore,
3185 3915 3240 3971 id
3264 3924 3370 3982 est,
3401 3917 3580 3973 Verbo
3608 3918 3725 3985 Dos

2139 4001 2270 4056 mini
2302 4003 2474 4060 nostri
2499 4004 2632 4058 satis
2659 4002 2875 4072 quidem
2926 4003 3213 4060 illuminati
3253 4005 3384 4069 sint,
3415 4008 3512 4062 sed
3543 4006 3718 4076 Spiris

2139 4104 2224 4148 tus
2259 4094 2430 4149 sancti
2457 4094 2690 4150 calorem
2723 4095 2943 4149 minime
2967 4105 3251 4150 senserunt
3276 4097 3299 4151 ?
3329 4095 3386 4151 Si
3408 4096 3556 4152 enim
3585 4112 3720 4172 cum,

2138 4173 2424 4253 splendore
2474 4184 2622 4240 calor
2665 4185 2869 4254 pariter
2910 4186 3205 4255 spiritualis
3251 4187 3580 4252 advenisset,
3616 4201 3714 4242 ne-

2137 4288 2408 4344 quaquam
2440 4273 2512 4327 ita
2545 4274 2751 4343 tepidos
2781 4283 2836 4328 et
2869 4275 3202 4346 negligentes
3230 4275 3350 4331 illos
3377 4276 3719 4353 reliquisset.

2210 4363 2279 4418 Ut
2311 4374 2490 4420 autem
2537 4365 2735 4420 caloris
2773 4366 2904 4419 tanti
2934 4367 3252 4437 mysterium
3283 4383 3388 4421 non
3433 4367 3611 4421 solum
3645 4382 3712 4433 ex

2140 4452 2445 4520 conjectura
2488 4456 2723 4523 propria,
2774 4469 2960 4509 verum
3007 4456 3171 4510 etiam
3211 4470 3379 4512 sacrae
3413 4455 3716 4527 Scriptum

2141 4545 2447 4615 testimonio
2477 4547 2788 4622 approbem,
2815 4560 2993 4599 nonne
3015 4544 3247 4616 Spiritus
3267 4556 3487 4602 sanctus
3509 4548 3568 4601 in
3591 4549 3714 4630 igne

2141 4650 2304 4706 super
2326 4619 2602 4705 apostolos
2627 4637 2862 4707 venisse,
2887 4653 3086 4707 eosque
3107 4645 3258 4691 tanto
3277 4635 3493 4693 fervore
3517 4619 3712 4694 accen-

2141 4725 2282 4780 disse
2307 4725 2504 4795 legitur
2533 4733 2592 4778 ut
2627 4724 2826 4780 nullam
2865 4725 3042 4779 seaculi
3067 4710 3388 4795 potentiam,
3429 4727 3576 4782 nulla
3605 4730 3708 4784 bu-

2140 4830 2313 4868 mante
2359 4814 2579 4870 szevitiae
2625 4823 2888 4870 tormenta
2940 4815 3338 4872 formidarent?
3386 4816 3466 4870 De
3517 4819 3710 4872 eodem

2138 4905 2317 4959 calore
2345 4915 2399 4960 et
2425 4907 2545 4978 igne
2573 4908 2735 4963 credo
2781 4907 3067 4961 Dominum
3097 4907 3299 4962 dixisse
3325 4925 3338 4960 :
3369 4907 3555 4977 Ignem
3595 4910 3710 4964 veni

2137 4994 2336 5048 mittere
2357 4997 2409 5048 in
2449 5006 2664 5061 terram,
2694 4997 2890 5067 etquid
2915 4996 3026 5050 volo
3074 4995 3174 5049 nisi
3201 5007 3256 5049 ut
3295 4997 3526 5050 ardeat?
3552 4997 3702 5068 (Luc.

2135 5099 2232 5147 xu,
2265 5084 2379 5155 49.)
2430 5085 2536 5140 Sed
2567 5095 2620 5140 et
2653 5087 2775 5150 hoc,
2805 5086 2948 5155 quod
2985 5085 3247 5140 Dominus
3271 5085 3438 5140 dicit:
3465 5085 3604 5140 Ecce
3624 5095 3702 5141 sto

2131 5173 2200 5226 ad
2229 5175 2441 5241 ostium,
2463 5184 2511 5228 et
2537 5175 2708 5244 pulso,
2741 5185 2874 5240 etc.,
2901 5175 3086 5246 (Apoc.
3142 5191 3224 5240 nt,
3251 5175 3345 5246 20)
3385 5176 3440 5230 in
3465 5177 3702 5246 quolibet

2129 5264 2346 5290 ‘nn-“:-‘A
2541 5265 2818 5290 ΑυιΙιι-Αι-Ιιιαιοι
2867 5265 3192 5290 Αε-Α---υ-ΔΑΙΑ
3244 5267 3469 5290 ...ι---.ξέα
3503 5267 3697 5290 Ξηνιαιιρξ
