3942 5340
193 176 284 236 N9

1145 168 1272 227 un.
1311 167 1400 227 DE
1437 166 1763 227 ΑωΙΟΝΙΤ.
1799 165 2065 231 ειειιιε.
2108 166 2196 222 ET
2232 167 2404 224 ΕΗΒ.

3305 163 3416 242 350

197 291 355 348 Venite
385 289 454 344 ad
478 304 574 354 me,
599 303 774 342 attines
805 285 895 357 qui
924 285 1177 342 laboratis
1199 296 1248 341 et
1281 289 1485 342 onerati
1515 289 1656 351 estis,
1686 295 1736 340 et
1766 296 1810 354 Α
1841 291 2090 352 apparet,
2133 293 2342 338 tantum
2395 283 2631 340 calorem
2659 283 2729 338 ab
2761 293 2992 356 utroque
3034 287 3417 356 procedentem

189 401 268 454 ego
289 381 510 444 reﬁciam
539 395 625 433 vos
649 378 864 449 (Matth.
902 393 979 442 st,
1009 375 1123 449 ‘28).
1158 377 1290 432 Item
1315 377 1460 434 sicut
1481 377 1736 447 splendor

188 473 298 530 solis
325 471 614 525 exteriores
666 468 957 536 cujuslibet
985 468 1176 525 domus
1219 468 1454 537 parietes
1500 467 1738 534 undique

187 566 400 619 lustrans
421 562 603 630 nequit
626 562 678 614 in
699 575 794 616 eos
818 562 908 630 qui
955 561 1184 615 interius
1209 568 1335 615 sunt
1358 559 1531 614 clausi
1564 558 1736 612 lucem

185 674 316 715 suam
346 658 656 721 immittere,
711 658 852 710 ostio
883 666 1065 711 autem
1119 665 1309 726 aperto
1369 671 1492 710 mox
1547 655 1600 714 in
1643 668 1738 708 eos

184 750 406 816 ed‘nndit,
453 750 531 803 ita
582 749 746 803 etiam
793 747 1052 803 Dominus
1098 759 1281 803 noster
1313 763 1411 816 per
1440 746 1738 802 divinitatis

183 859 278 899 tute
301 843 592 914 potentiam
616 842 822 912 jngiter
849 842 1150 911 respiciens
1187 852 1352 912 super
1392 841 1531 895 ﬁlios
1560 839 1737 894 homi-

181 950 290 988 num
319 943 374 988 ut
403 934 583 989 videat
612 934 656 988 si
684 942 768 988 est
793 932 1116 1004 intelligens,
1141 943 1234 987 aut
1260 933 1540 1004 requirens
1568 931 1736 986 Deum

182 1021 330 1094 (Psal.
367 1038 462 1089 ιιι,
491 1023 569 1093 5),
602 1024 794 1093 quaerit
821 1024 974 1092 quasi
1014 1023 1254 1092 pulsans,
1299 1024 1422 1093 quis
1445 1023 1494 1078 ei
1514 1022 1736 1091 januam

180 1114 336 1168 cordis
361 1115 612 1184 aperiat:
656 1114 820 1182 janun
863 1122 1044 1169 autem
1082 1115 1262 1170 cordis
1309 1125 1392 1170 est
1424 1130 1597 1169 mens.
1635 1113 1736 1170 Ubi

177 1221 288 1276 ergo
317 1205 576 1260 Dominus
601 1205 821 1274 ianuam
847 1205 1109 1270 clausam,
1137 1207 1188 1261 id
1215 1218 1316 1271 est,
1350 1216 1587 1262 mentem
1611 1205 1734 1260 inli-

179 1297 329 1351 delem
359 1306 412 1352 et
437 1297 748 1352 indcvotam
785 1298 851 1351 ad
885 1298 1049 1352 totius
1073 1298 1348 1367 religionis
1391 1297 1626 1352 studium
1654 1296 1736 1351 in-

178 1390 323 1451 venit,
349 1389 538 1444 dolens
568 1388 694 1443 inde
725 1390 949 1444 recedit.
1002 1389 1198 1444 Dolens
1235 1389 1484 1444 videlicet
1513 1404 1609 1459 per
1630 1389 1735 1443 hu-

179 1479 467 1532 manitatem
497 1488 812 1547 susceptam
848 1479 990 1532 sicut
1019 1487 1074 1532 et
1107 1480 1160 1532 in
1191 1479 1484 1548 Evangelio
1513 1478 1732 1549 legitur,

178 1569 282 1638 quia
309 1584 426 1622 cum
470 1569 936 1638 appropinquaret
986 1569 1317 1624 Hierusalem
1368 1571 1513 1624 ﬂevit
1571 1586 1735 1640 super

1839 376 2107 430 sentimus
2135 385 2193 429 ut
2222 376 2306 429 vix
2331 391 2454 431 eum
2494 375 2882 431 sustineamus.
2923 377 3263 447 Quapropter
3291 381 3418 449 quia

1843 479 2026 522 tantus
2058 466 2230 532 calor,
2261 467 2420 538 longe
2454 469 2606 536 prius
2649 485 2810 539 quam
2864 469 2978 540 ipse
3005 469 3086 524 sol
3133 468 3420 540 splendor-

1840 575 1946 629 que
1967 559 2086 627 ejus
2109 569 2389 630 appareat,
2416 561 2668 626 sentitur,
2694 561 2998 632 praecedere
3045 577 3167 616 eum
3196 561 3302 616 dici
3326 575 3422 632 po.

1841 661 1968 715 test,
1994 650 2116 706 licet
2147 652 2216 706 ab
2244 653 2335 707 illo
2359 668 2634 724 nunquam
2677 655 2917 710 recedat.
2973 655 3174 710 Eadem
3202 655 3270 710 de
3301 671 3422 710 aro-

1839 755 2047 798 matum
2087 745 2452 813 quorumlibet
2479 746 2749 801 oderifera
2796 747 3066 802 suavitate
3109 749 3296 803 sentiri
3325 763 3422 802 va-

1841 833 1972 887 lent.
2005 832 2324 904 Ubicunque
2351 837 2494 890 enim
2521 835 2829 890 incenditur
2866 839 3011 897 thus.
3050 838 3131 893 vel
3177 843 3419 910 myrrha,

1841 925 1926 980 vel
1947 925 2049 980 alia
2081 927 2387 995 hujusmodi
2414 928 2624 996 species
2646 944 2832 983 eorum
2855 945 2974 1000 quze
2996 932 3179 1000 procul
3203 934 3420 1002 absunt,

1841 1032 2003 1072 nares
2034 1018 2352 1086 priusquam
2397 1019 2569 1072 visum
2597 1019 2738 1073 dulci
2771 1021 2939 1075 odore
2983 1024 3274 1093 contingit,
3318 1042 3422 1082 nec

1843 1115 2023 1160 tamen
2055 1107 2125 1161 ab
2174 1107 2426 1163 incensus
2475 1107 2557 1162 sui
2593 1110 2898 1163 substantia
2942 1111 3161 1164 recedit.
3213 1111 3267 1166 Si
3292 1128 3426 1186 ergo,

1840 1211 1988 1256 tanta
2020 1203 2101 1256 vis
2124 1212 2206 1257 est
2229 1203 2510 1272 utriusque
2532 1202 2731 1258 caloris
2767 1203 3022 1258 videlicet
3050 1213 3104 1257 et
3132 1205 3331 1274 odoris,
3363 1217 3424 1264 ut

1838 1293 2206 1361 pra-cedentes
2246 1293 2537 1348 adventum
2568 1309 2756 1349 eorum
2795 1309 2825 1348 a
2872 1295 3069 1365 quibus
3097 1299 3420 1365 procedunt,

1837 1385 2316 1456 demulcentesque
2367 1402 2585 1442 sensum
2623 1403 2810 1443 eorum
2849 1388 3045 1458 quibus
3079 1389 3433 1460 ingeruntur,

1835 1477 2196 1531 substantiam
2224 1479 2498 1548 propriam
2525 1495 2630 1534 non
2651 1480 3096 1550 relinquunt,cur
3121 1497 3226 1535 non
3252 1482 3424 1540 multo

1837 1568 2009 1638 magis
2032 1568 2306 1623 credenda
2341 1577 2426 1622 est
2463 1569 2636 1624 virtus
2673 1568 2909 1638 Spiritus
2933 1571 3106 1626 sancti
3151 1571 3425 1643 quoslibet

177 1656 320 1713 illaut.
357 1657 488 1711 Nam
521 1659 794 1712 divinitati
845 1659 1021 1713 uellus
1061 1659 1214 1714 dolor
1262 1661 1476 1715 accidit.
1515 1660 1612 1716 Ubi
1640 1677 1735 1714 au-
1767 1670 1808 1729 Β
1839 1657 2113 1732 illustrare
2141 1672 2196 1715 et
2222 1660 2576 1730 prmcedendo
2595 1677 2782 1716 eorum
2807 1664 2968 1717 corda
3001 1664 3254 1720 adventui
3286 1665 3424 1719 divi-

179 1747 496 1816 temjmuam
547 1759 814 1818 apertam,
868 1759 1101 1806 mentem
1147 1751 1376 1817 scilicet,
1427 1751 1638 1807 fidelem
1677 1762 1731 1808 et

175 1837 392 1893 devotam
420 1841 487 1894 ad
515 1841 791 1911 implenda
815 1843 1011 1899 divina:
1059 1845 1416 1900 institutionis
1465 1855 1732 1916 praecepta

174 1929 368 1994 invenit,
398 1947 522 1986 mox
556 1934 745 1997 intrat,
770 1943 965 1989 etcum
997 1936 1216 2005 hospitii
1245 1937 1410 2005 ipsius
1430 1937 1732 1994 habitatore

175 2033 347 2087 ctenat,
377 2023 672 2080 infundens
693 2027 742 2080 ei
773 2041 870 2096 per
895 2027 1302 2097 inspirationem
1349 2028 1584 2098 Spiritus
1607 2044 1732 2083 san-

174 2112 232 2164 cti
252 2114 717 2182 con-punctionem
754 2126 918 2186 atque
959 2117 1334 2186 paenitentiam
1385 2127 1730 2187 peccatorum

175 2219 384 2270 suorum,
415 2221 511 2260 seu
567 2209 616 2262 ei
667 2222 919 2264 reserans
944 2224 1115 2263 sacra:
1165 2210 1462 2280 Scriptura:
1507 2225 1728 2275 arcana,

174 2293 244 2347 vel
260 2297 434 2361 etiam,
463 2297 599 2366 quia
636 2299 752 2368 ejus
780 2298 936 2354 cibus
967 2309 1073 2364 est,
1113 2308 1167 2355 ut
1195 2299 1356 2354 faciat
1401 2300 1729 2354 voluntatem

173 2385 325 2442 Patris
343 2390 444 2452 sui,
480 2399 672 2448 caanat
700 2406 824 2446 cum
847 2406 912 2446 eo
939 2391 1148 2447 faciens
1195 2392 1342 2447 illum
1383 2403 1731 2448 contemnere

175 2491 338 2537 cuncta
361 2482 570 2537 caduca
601 2492 655 2539 et
687 2483 800 2538 sola
839 2487 1094 2553 perennis
1117 2485 1240 2539 vita:
1267 2485 1572 2539 desiderare
1592 2501 1728 2557 gau-

174 2569 262 2623 dia.
297 2570 609 2640 iiujusmodi
659 2587 790 2644 ergo
833 2574 1138 2628 convivium
1177 2574 1286 2644 agit
1321 2574 1580 2628 Dominus
1634 2587 1732 2628 no-

173 2659 370 2726 biscum,
413 2664 641 2734 quando
680 2680 802 2719 eum
847 2665 1209 2734 permittimus
1268 2664 1475 2720 intrare
1527 2664 1594 2720 ad
1632 2678 1730 2720 cor

174 2743 404 2816 nostrum.

228 2841 390 2899 Potest
417 2846 588 2900 etiam
617 2860 717 2915 per
762 2846 902 2901 idem
930 2845 1059 2901 solis
1096 2847 1410 2918 mysterium
1453 2845 1580 2901 illud
1624 2847 1728 2901 ali-

173 2943 404 3002 quatenus
429 2935 650 3005 inspici,
675 2935 816 3005 quod
847 2937 1105 2990 Dominus
1134 2937 1264 2990 dicit
1291 2953 1305 2991 :
1339 2935 1396 2991 Si
1417 2939 1534 3006 quis
1557 2938 1728 3007 diligit

1835 1765 1907 1804 no
1929 1766 2258 1820 praeparare,
2294 1769 2568 1822 nunquam
2607 1762 2786 1809 tamen
2831 1757 2898 1809 ab
2936 1758 3172 1811 essentia
3204 1760 3421 1829 propria

1838 1842 2139 1895 recedens?
2181 1841 2282 1908 Qui
2311 1844 2455 1896 enim
2502 1852 2648 1898 totus
2691 1855 2777 1900 est
2827 1846 3046 1916 ubique,
3104 1849 3252 1902 locus
3303 1865 3424 1905 esse

1831 1931 2040 1998 nequit,
2075 1932 2165 1985 ubi
2189 1931 2352 1996 desit,
2381 1933 2485 1987 nisi
2536 1949 2643 2004 quo
2680 1936 2924 1992 tenebris
2947 1937 3166 1993 malititr
3191 1949 3246 1995 et
3271 1940 3420 1995 insa-.

1832 2021 2048 2089 pientire
2079 2023 2318 2092 fugatur,
2363 2025 2504 2080 sicut
2556 2027 2818 2096 scriptum
2859 2038 2938 2084 est
2976 2049 2987 2083 :
3028 2030 3252 2086 Sanctus
3281 2034 3419 2087 enim

1829 2112 2048 2180 spiritus
2074 2113 2366 2182 disciplina:
2388 2115 2552 2185 fugiet
2576 2117 2838 2183 [ictum,et
2862 2121 3061 2189 auferet
3088 2139 3142 2176 se
3166 2140 3198 2176 α
3222 2126 3420 2193 cogitn-

1830 2201 2080 2267 tionibus,
2107 2219 2226 2272 qua:
2271 2213 2391 2257 sunt
2426 2204 2539 2259 sine
2585 2207 2863 2268 intellectu,
2895 2218 3004 2264 etc.
3045 2210 3197 2281 (ειη).
3241 2229 3290 2277 1,
3337 2213 3420 2284 5.)

1833 2289 1934 2346 Ubi
1965 2299 2146 2346 autem
2197 2292 2338 2348 idem
2383 2293 2620 2363 Spiritus
2661 2297 2985 2368 requiescat,
3034 2300 3292 2356 Dominus
3322 2317 3420 2372 per

1829 2391 2148 2450 prophetam
2181 2382 2408 2449 Iudicat,
2461 2383 2687 2441 dicens:
2736 2385 2908 2458 Super
2942 2405 3092 2460 quem
3144 2392 3418 2461 requiescit

1831 2472 2064 2543 Spiritus
2091 2490 2233 2528 meus
2269 2476 2372 2529 nisi
2399 2493 2558 2546 super
2592 2478 2840 2533 humilem
2865 2491 2912 2533 et
2958 2483 3216 2552 quietum,
3240 2491 3290 2535 et
3314 2492 3420 2536 tre-

1828 2577 2050 2621 mentem
2075 2583 2336 2622 sermones
2365 2585 2504 2624 mcos
2525 2571 2563 2623 γ·
2586 2568 2721 2639 (Isa.
2752 2586 2897 2638 vat,
2928 2571 3012 2642 2.)

1902 2656 2058 2711 Libet
2111 2657 2290 2712 adhuc
2350 2673 2448 2727 per
2509 2662 2844 2730 propositum
2918 2663 3049 2718 solis
3101 2665 3418 2736 mysterium

1830 2748 2152 2813 ascendere,
2205 2758 2260 2804 et
2311 2749 2399 2804 illa
2447 2753 2757 2823 evangelica
2818 2754 2980 2810 verba
3027 2757 3416 2821 considerare:

1831 2839 1898 2893 In
1927 2841 2182 2910 principio
2207 2852 2320 2894 erat
2349 2839 2592 2906 Verbum,
2617 2855 2663 2896 et
2695 2842 2917 2899 Verbum
2937 2857 3050 2900 erat
3088 2849 3228 2918 apud
3250 2849 3420 2904 Deum

1831 2938 1879 2982 et
1919 2927 2064 2982 Deus
2111 2937 2224 2983 erat
2273 2928 2497 2983 Verbum
2540 2929 2721 3001 (Jonn.
2765 2947 2804 2998 ι,
2846 2933 2920 3002 1).
2958 2933 3157 2990 Omnes
3187 2951 3421 3006 namque

172 3039 254 3090 ιιι,
283 3042 569 3081 εεηιιοηεηι
597 3042 766 3082 meum
811 3027 1056 3092 servabit,
1096 3037 1143 3080 ει
1186 3025 1345 3081 Pure;-
1382 3045 1526 3082 ηιευε
1549 3029 1727 3098 dilige:
1755 3019 1800 3082 C
1832 3034 2080 3075 serenam
2114 3020 2284 3075 aciem
2315 3021 2576 3076 habentes
2609 3022 2804 3077 intueri
2847 3024 3212 3094 aliqnomodo,
3237 3042 3417 3096 quan-

174 3132 288 3181 tum,
314 3129 357 3172 et
378 3120 446 3174 ad
488 3135 616 3173 eum
644 3121 926 3184 veniemus,
977 3130 1025 3172 et
1069 3120 1389 3172 mansionem
1435 3121 1578 3189 apud
1609 3135 1726 3173 eum

173 3207 389 3274 faciemus
408 3209 596 3281 (Joan.
627 3208 866 3280 xtvﬁi).
898 3208 1212 3278 Ubicunque
1235 3211 1378 3263 enim
1405 3211 1533 3265 solis
1555 3211 1729 3280 Splen-

172 3284 251 3350 dor
272 3309 501 3370 apparet,
534 3299 618 3353 sol
659 3301 865 3368 pariter
902 3315 1025 3354 cum
1054 3315 1118 3354 eo
1145 3300 1327 3354 lucens
1369 3312 1572 3366 manet,
1599 3301 1726 3371 quia

173 3387 407 3444 individua
452 3398 540 3445 est
585 3391 869 3460 utriusque
914 3391 1182 3461 operatio.
1231 3392 1309 3445 Ad
1343 3393 1458 3446 ha-c
1484 3393 1648 3447 etiam
1680 3393 1726 3448 si

170 3481 294 3540 Calor
314 3498 375 3538 ex
412 3495 650 3553 utroque
689 3485 988 3554 procedens
1016 3485 1135 3538 sine
1166 3484 1320 3555 cujus
1359 3485 1590 3540 adventu
1616 3485 1728 3539 fru-

170 3581 259 3626 stra
279 3576 493 3644 quilibet
522 3575 883 3637 illuminatur,
915 3575 1076 3630 simul
1103 3575 1298 3630 adesse
1318 3578 1564 3640 sentitur,
1598 3585 1727 3631 tunc

170 3661 226 3715 ibi
259 3666 346 3718 tria
377 3666 588 3735 pariter
628 3665 681 3718 in
713 3680 819 3718 una
859 3668 1174 3734 operatione
1226 3664 1491 3719 habentur
1524 3682 1538 3720 :
1582 3665 1726 3734 quod

170 3753 390 3811 nimirum
437 3758 488 3812 in
520 3756 802 3826 praedictis
823 3755 1034 3810 Domini
1074 3755 1256 3811 verbis
1293 3771 1400 3810 non
1441 3756 1724 3812 dissimili-

171 3855 236 3901 trr
258 3863 402 3918 posse
432 3849 668 3921 intelligi
697 3851 880 3905 credo.
921 3847 977 3903 Si
1016 3849 1160 3904 enim
1212 3849 1331 3903 dua!
1373 3864 1621 3918 personae
1645 3849 1726 3903 in-

171 3939 450 4009 telliguntur
507 3944 566 3998 in
597 3941 762 3997 Patre
817 3949 874 3997 et
918 3941 1056 3996 Filio
1096 3941 1186 4011 qui
1239 3941 1527 3997 adveniunt
1567 3942 1721 3996 tertia

173 4047 394 4101 persona,
432 4045 489 4090 ut
514 4036 653 4090 mihi
688 4035 904 4090 videtur
929 4035 982 4089 in
1016 4031 1181 4099 illius,
1209 4034 1300 4104 qui
1327 4034 1499 4106 diligit
1523 4049 1724 4104 coope-

173 4130 339 4187 ntere,
362 4112 414 4178 et
440 4125 507 4178 ad
545 4125 652 4179 hoc
674 4133 733 4178 ut
759 4123 1005 4194 diligeret
1033 4123 1188 4194 quasi
1221 4123 1421 4190 praevio
1443 4124 1724 4178 incentore

174 4221 319 4280 potest
345 4217 590 4288 intelligi.
634 4215 874 4286 Denique
905 4217 956 4272 in
996 4215 1184 4270 multis
1206 4231 1378 4270 sacra:
1428 4214 1724 4286 Scripturte

174 4291 281 4357 locis
307 4305 402 4360 hoc
435 4306 714 4360 invenitur
744 4307 886 4375 quod
917 4305 1053 4360 bona
1082 4305 1261 4376 aliqua
1289 4321 1392 4359 non
1417 4305 1591 4360 solum
1615 4320 1720 4360 non

174 4389 340 4461 facete,
379 4399 471 4451 sed
524 4413 627 4453 nec
656 4398 881 4452 verbum
928 4396 1126 4452 bonum
1181 4395 1424 4464 proferre
1449 4395 1721 4464 possimus

174 4483 343 4554 absque
379 4486 616 4556 Spiritus
645 4487 819 4543 sancti
843 4488 1006 4553 dono,
1043 4497 1102 4542 ut
1132 4496 1214 4542 est
1245 4486 1408 4540 illud:
1437 4486 1606 4540 Nemo
1627 4503 1719 4555 po-

175 4580 250 4625 test
292 4576 454 4630 direre
506 4576 760 4631 Dominus
808 4576 985 4641 Jesus,
1029 4578 1133 4630 nisi
1189 4579 1245 4630 in
1289 4575 1492 4646 Spiritu
1538 4587 1719 4630 sancto

175 4659 214 4733 tl
237 4661 343 4718 Cor.
364 4681 457 4728 xu,
476 4667 554 4735 3).
580 4666 646 4720 Ει
669 4683 681 4719 :
719 4665 910 4720 (inuria
939 4677 1188 4735 aperalur
1213 4682 1347 4719 unus
1385 4678 1540 4737 atque
1580 4667 1717 4720 idem

179 4755 375 4823 lpirt'ltts,
402 4759 640 4813 dividens
663 4749 884 4829 singulis
919 4771 1073 4830 prout
1095 4759 1222 4815 uult.
1259 4758 1442 4830 (Ibid.,
1478 4759 1592 4830 ll).

755 4873 986 4932 CAPUT
1015 4875 1096 4930 ΙΙΙ.

172 4951 285 5012 Mem
322 4976 682 5046 argumentum
723 4965 936 5046 uberius
975 4973 1344 5046 pertractatur,
1389 4965 1665 5035 pluresque
1690 4979 1718 5018 ε

417 5038 602 5112 creatis
625 5037 813 5106 ﬁgura:
838 5034 1110 5090 Trinitatis
1131 5036 1445 5104 n/feruntur.

232 5114 286 5172 Ut
322 5135 496 5181 autem
535 5128 668 5182 tanti
711 5125 956 5197 mysterii
1005 5127 1344 5194 profunditas
1385 5127 1602 5182 facilius
1628 5128 1713 5182 in-

178 5207 430 5282 telligatur,
465 5217 596 5273 libet
641 5220 822 5274 adhuc
871 5216 924 5270 in
958 5217 1068 5272 sole
1115 5219 1260 5273 illius
1302 5218 1711 5273 similitudinem

176 5313 382 5340 ΠΙΙΏΡΔΡΔ
428 5308 636 5340 en:vnnsn
668 5323 907 5340 nan-nano
931 5323 1114 5340 Ana-sna
1171 5310 1422 5340 nonne-:nm
1448 5311 1499 5340 :II
1529 5319 1710 5340 molnln

1832 3119 1942 3164 tum
1981 3113 2360 3166 reverberatus
2390 3111 2504 3166 visu
2539 3114 2823 3183 permittit,
2873 3125 3116 3186 possunt,
3150 3117 3274 3186 quia
3304 3119 3421 3188 ipse

1829 3201 1959 3257 solis
1985 3202 2240 3272 splendor
2265 3204 2355 3272 qui
2392 3213 2557 3258 totam
2599 3212 2796 3259 terram
2831 3208 3000 3262 ambit
3027 3223 3301 3278 nunquam
3328 3226 3418 3264 so-

1827 3290 1933 3346 lem
1967 3291 2246 3360 relinquit,
2297 3293 2389 3347 sed
2420 3294 2473 3346 in
2525 3293 2615 3347 illo
2643 3309 2859 3363 semper
2900 3305 2983 3350 est
3030 3297 3208 3352 lumen
3238 3299 3303 3352 de
3335 3299 3418 3352 lu-

1829 3381 1973 3435 mine
2002 3381 2227 3436 micans.
2283 3381 2338 3437 Si
2378 3392 2525 3437 tanta
2572 3383 2803 3439 facultas
2849 3386 2901 3439 in
2960 3398 3212 3442 creatura
3243 3390 3418 3444 oculis

1827 3473 2202 3542 corporalibus
2227 3474 2393 3531 videri
2442 3485 2639 3546 potest,
2671 3475 2839 3532 multo
2863 3480 3034 3549 magis
3083 3481 3133 3534 in
3164 3492 3416 3538 creatore

1825 3576 1881 3622 et
1899 3567 2268 3638 omnipotente
2297 3567 2406 3625 Deo
2436 3569 2615 3627 inesse
2657 3574 2924 3630 credenda
2960 3586 3064 3632 est.
3097 3577 3247 3634 Sicut
3269 3577 3417 3635 enim

1826 3656 1956 3712 solis
1975 3657 2232 3727 splendor
2261 3674 2476 3731 semper
2501 3660 2552 3715 in
2577 3662 2764 3718 eodem
2812 3665 2924 3722 sole
2945 3674 3047 3733 est,
3076 3678 3131 3724 et
3152 3685 3413 3741 quorsum

1826 3747 2080 3804 micando
2101 3750 2304 3814 tendat,
2351 3765 2568 3822 semper
2613 3755 2753 3822 apud
2801 3771 2924 3812 eum
2965 3770 3304 3830 perseverat;
3338 3762 3417 3821 ita

1825 3855 2042 3910 semper
2065 3841 2118 3894 in
2173 3843 2452 3913 principio,
2480 3844 2533 3899 id
2571 3855 2672 3910 est,
2709 3848 2761 3901 in
2805 3848 2967 3905 Patre
3002 3861 3120 3906 erat
3155 3850 3414 3915 Verbum.

1824 3942 1880 3987 et
1903 3933 2137 3988 Verbum
2161 3943 2281 3990 erat
2298 3937 2438 4006 apud
2457 3938 2645 4003 Deum,
2661 3954 2879 4012 semper
2894 3945 3100 3999 scilicet
3129 3945 3219 4001 Dei
3245 3945 3412 4002 Filius

1823 4021 1879 4077 in
1902 4022 2064 4078 Patre
2088 4039 2330 4090 manens,
2362 4040 2577 4097 semper
2606 4028 2748 4084 Dens
2794 4031 2858 4084 de
2890 4031 3022 4097 Deo,
3068 4049 3282 4104 semper
3329 4035 3414 4088 lu-

1825 4125 1948 4166 men
1993 4111 2061 4167 de
2102 4112 2309 4168 lumine
2352 4114 2660 4184 splendens.
2713 4115 2821 4172 Sed
2860 4135 2958 4174 nec
3011 4121 3124 4190 ipsa
3178 4125 3414 4183 rotunda.

1824 4203 2032 4273 species
2059 4204 2187 4259 solis
2216 4221 2245 4259 a
2277 4207 2532 4276 mysterio
2560 4221 2757 4262 vacare
2794 4212 3034 4267 videtur:
3082 4230 3241 4269 omne
3265 4217 3412 4272 enim

1823 4299 2113 4350 rotundum
2142 4311 2242 4351 nec
2270 4298 2428 4352 linem
2453 4299 2612 4353 habet
2640 4315 2739 4354 nec
2765 4301 3002 4359 initium.
3030 4305 3174 4362 idem
3203 4308 3268 4364 de
3302 4311 3418 4364 Deo

1823 4387 2194 4456 omnipotente
2221 4387 2446 4443 credere
2481 4388 2791 4447 edoccmur.
2835 4393 2970 4461 Quia
3005 4397 3130 4452 dum
3164 4398 3255 4454 illo
3276 4400 3414 4454 nihil

1821 4480 2094 4549 superius,
2131 4481 2262 4535 nihil
2287 4481 2532 4548 inferius,
2571 4484 2706 4539 nihil
2740 4485 2900 4542 latius
2938 4489 3228 4558 invenitur,
3263 4491 3417 4548 nullo

1823 4571 2056 4626 termino
2107 4573 2470 4628 concluditur.
2521 4575 2740 4633 Prolato
2793 4579 2977 4650 itaque
3014 4583 3126 4649 illo,
3177 4585 3320 4654 quod
3351 4585 3408 4642 in

1821 4663 1936 4718 sole
1959 4665 2330 4721 tantummodo
2357 4667 2648 4736 reperitur,
2679 4679 2882 4726 sancta:
2914 4670 3190 4729 Trinitatis
3215 4685 3417 4746 myste-

1823 4755 1926 4820 rio,
1956 4755 2087 4812 libet
2136 4757 2314 4812 adhuc
2362 4759 2469 4814 duo
2530 4760 2798 4828 proferre,
2851 4773 2909 4817 ut
2964 4764 3017 4819 hi
3066 4765 3156 4836 qui
3194 4768 3418 4824 subtilia

1822 4847 2140 4919 quaequede
2165 4859 2368 4904 sanctae
2422 4849 2708 4909 Trinitatis
2755 4853 2858 4907 lide
2900 4854 3045 4910 dicta
3086 4856 3166 4911 vel
3210 4857 3416 4925 scripta

1822 4951 2099 5011 nequeunt
2129 4941 2455 5014 intelligere,
2505 4941 2812 5001 doceantur
2860 4945 2912 4999 in
2953 4947 3273 5016 quibusdam
3300 4946 3418 5000 cle-

1820 5035 2021 5091 mentis
2052 5035 2298 5090 eamdem
2325 5036 2483 5091 lidem
2516 5034 2874 5108 investigare.

1893 5127 1952 5183 In
2003 5142 2145 5200 aqua
2200 5126 2368 5196 igitur
2417 5141 2584 5197 quam
2620 5129 2796 5182 tribus
2844 5128 3092 5196 personis
3140 5121 3418 5191 appellare

1821 5221 2082 5289 solemus,
2145 5222 2428 5278 dicentes;
2469 5219 2563 5275 llle
2624 5223 2768 5289 fons,
2824 5220 2912 5274 ille
2945 5221 3118 5282 rivus,
3147 5216 3273 5271 illud
3298 5225 3416 5270 sta-

2805 5307 2881 5340 ηΙῖ
2910 5305 3201 5340 ειιιὶειτηιιῖοι
3235 5302 3417 5340 :nnccn

1823 5325 1988 5340 nunc-ns
2319 5313 2412 5340 ﬁnal
2435 5313 2596 5340 Iln:lln
2629 5313 2798 5340 Λιηιιὶιι
