3942 5340
1547 351 1850 410 OTllLONI
1885 353 2191 412 MONACHI
2237 351 2294 408 S.
2334 349 2753 407 EMMERAMHI

3669 346 3772 402 253

517 469 625 517 test
676 463 928 518 inveniri.
982 462 1166 519 Nullus
1201 464 1433 535 denique
1474 468 1629 522 rivus.
1677 468 1881 539 absque
1933 468 2094 524 fontis
2123 475 2173 533 Α
2199 468 2481 537 quioribus
2507 467 2788 536 spiritibus
2813 463 3228 535 judiciodivino
3254 464 3648 534 permittuntur
3685 465 3774 520 iui-

515 553 600 611 συί
641 555 943 608 substantia
1026 555 1228 620 deﬂuit,
1276 571 1558 626 quousque
1607 557 1728 614 fons
1789 559 2097 616 ehulliemlo

516 646 783 702 subsistit.
819 648 1083 703 Caeterum
1112 649 1155 704 si
1189 649 1309 705 fons
1345 653 1672 717 exsiccatur,
1702 661 1757 708 et
1780 653 1943 709 fontis
1971 669 2094 723 per-

515 750 647 804 sona
679 736 940 805 privatur.
974 738 1080 792 Sed
1109 748 1435 810 etstagnum
1483 743 1617 796 satis
1643 743 1894 797 convenit
1919 758 2099 812 perso-

517 843 602 884 na:
623 826 860 895 Spiritus
903 830 1124 884 sancti:
1181 833 1436 900 quoniam
1483 835 1622 888 sicut
1671 834 1791 888 fons
1843 844 1898 888 et
1950 834 2097 889 rivus

518 917 852 973 conﬂuentes
879 919 931 974 in
957 929 1206 990 stagnum
1233 923 1392 977 tmius
1445 924 1698 980 elementi
1737 925 2098 980 substantiam

500 1009 750 1094 habent,
783 1010 854 1064 ita
902 1019 956 1066 et
1001 1011 1161 1068 Pater
1189 1023 1244 1069 et
1294 1015 1462 1070 Filius
1512 1018 1563 1071 in
1598 1018 1811 1078 unitate
1867 1017 2098 1085 Spiritus

513 1105 686 1158 ωηειί
725 1107 1115 1164 convenientes.
1163 1124 1326 1164 unum
1361 1119 1508 1174 sunt,
1545 1120 1597 1165 ct
1633 1127 1794 1165 unam
1844 1113 2099 1166 substan-

500 1180 645 1250 tiam
669 1195 926 1253 elliciunt.

498 1345 502 1352 ,
583 1288 640 1341 ln
685 1303 913 1344 accensa
961 1305 1185 1360 quoque
1237 1293 1459 1348 candela
1512 1295 1741 1350 inveniri
1789 1306 1987 1367 potest,
2039 1307 2100 1352 ut

514 1393 659 1444 rear,
689 1379 831 1434 idem
867 1391 1070 1438 saneta:
1100 1384 1383 1438 Trinitatis
1429 1388 1768 1455 mysterium.
1811 1386 1942 1441 Nam
1974 1405 2097 1442 cum

501 1473 712 1548 (ardens
737 1470 1022 1526 elementis
1044 1485 1258 1529 constet
1277 1476 1471 1540 tribus,
1503 1478 1553 1531 id
1593 1489 1675 1533 est
1705 1490 1915 1549 stuppa,
1951 1495 2098 1546 cera,

515 1562 654 1632 igne,
695 1553 1046 1631 personarum
1090 1566 1250 1622 trium
1293 1568 1519 1637 ligni-am
1564 1577 1729 1632 tenet,
1785 1572 1877 1624 sed
1935 1586 2096 1625 unam

514 1652 914 1719 substantiam;
945 1664 998 1710 ct
1029 1656 1169 1710 sicut
1199 1656 1342 1710 nulla
1370 1657 1607 1712 candela:
1638 1658 1845 1714 utilitas
1869 1659 1920 1712 in
1949 1671 2099 1728 stup-

514 1759 596 1814 pa:
621 1754 675 1800 et
709 1761 847 1801 certe
885 1746 1227 1803 confectione
1256 1749 1460 1818 absque
1501 1751 1814 1807 incensione
1843 1753 1975 1814 erit,
2021 1754 2094 1806 ita

2196 559 2447 629 pugnari.
2480 558 2616 612 Esca
2652 573 2887 628 namque
2919 558 3142 623 diaboli,
3165 567 3221 612 ut
3251 557 3466 627 legitur,
3509 560 3676 611 electa
3703 568 3773 612 est

2198 648 2428 721 (llabac.
2478 648 2540 712 ι).
2591 648 2709 715 Quo
2757 648 3092 717 signiﬁcatur
3136 649 3260 717 quia
3298 647 3505 717 peritos
3555 653 3613 701 ct
3655 661 3776 700 sal}-

2196 749 2314 796 ctos
2334 755 2576 810 quosque
2598 739 2832 794 maxime
2861 740 3180 810 impugnans
3204 753 3298 794 eos
3340 747 3531 792 ventre
3561 737 3779 792 malitia

2197 847 2323 888 sute-
2343 833 2535 886 nititur
2564 833 2848 887 devorare.
2886 831 3205 902 llujusmodi
3233 840 3415 885 autem
3443 829 3777 901 impngnatio

2191 925 2395 995 jugiter
2424 925 2852 994 praeoccupanda
2883 934 2968 978 est
2997 923 3229 978 lectione
3257 923 3520 977 librorum
3563 921 3776 974 illorum

2199 1015 2251 1068 in
2283 1014 2483 1082 quibus
2541 1015 2864 1085 detegantur
2914 1012 3132 1067 fraudes
3186 1011 3391 1066 inimici
3438 1011 3780 1080 maximeque

2199 1105 2502 1176 Evangelii,
2535 1105 2622 1161 ubi
2663 1122 2693 1160 ει
2728 1106 2955 1160 Domino
2997 1104 3416 1173 unumquodque
3462 1103 3657 1156 vitium
3700 1100 3778 1153 vel

2187 1197 2378 1262 virtus
2409 1199 2806 1268 prmnuntialur
2835 1213 2956 1269 per.
2988 1197 3292 1266 parabolas.
3347 1196 3695 1264 Quapropter
3716 1208 3778 1247 ex

2198 1291 2507 1361 evangelica
2544 1291 2778 1346 lectione
2801 1290 3270 1346 commonitorium
3291 1290 3452 1342 breve
3478 1287 3570 1341 hic
3600 1285 3781 1341 facere

2200 1380 2338 1442 volo,
2379 1390 2438 1436 ut
2475 1382 2527 1435 in
2559 1389 2807 1452 promptu
2849 1380 3114 1435 habeatur
3150 1394 3270 1448 quae
3310 1376 3601 1448 cujuslibet
3653 1375 3781 1430 vitio

2209 1473 2526 1542 opponenda
2557 1474 2628 1527 sit
2653 1473 2842 1527 lectio-
3127 1521 3129 1523 ,

2271 1562 2405 1616 Cum
2436 1563 2668 1633 igiturin
2701 1564 2882 1618 animo
2921 1563 3164 1619 doctoris
3207 1563 3426 1618 assidua
3471 1561 3677 1617 divina:
3706 1561 3787 1616 in-

2203 1653 2502 1708 Stitutionis
2534 1655 2857 1725 negligentia
2885 1657 3172 1719 sentiatur,
3204 1656 3341 1726 legat
3382 1653 3702 1724 parabolam
3727 1652 3786 1706 ii-

2201 1744 2306 1799 lam
2336 1746 2516 1800 :Exiit
2545 1749 2636 1817 qui
2664 1748 2883 1801 seminat
2900 1748 3156 1802 sentinarc
3171 1764 3344 1800 semen
3363 1763 3517 1800 suum
3561 1745 3782 1816 (Matth.

503 1838 680 1900 etiam
719 1837 789 1891 illi
822 1839 913 1907 qui
945 1839 996 1892 in
1034 1838 1249 1894 Patrem
1297 1851 1351 1894 et
1384 1840 1578 1894 Filium
1609 1841 1838 1896 credens
1861 1841 2096 1911 Spiritus
2131 1840 2169 1898 Β
2202 1853 2322 1901 xttt,
2356 1837 2432 1908 5).
2466 1838 2601 1904 Quia
2631 1839 2683 1892 in
2722 1840 2911 1894 eadem
2935 1839 3051 1908 ipso
3093 1839 3320 1892 Domino
3353 1838 3694 1898 disserente,
3735 1843 3786 1888 et

515 1927 686 1980 sancti
719 1927 896 1998 ignem
921 1929 989 1983 ab
1020 1929 1098 1983 eis
1134 1939 1368 1999 separat,
1417 1931 1489 1985 nil
1525 1933 1767 2000 proderit
1793 1932 2098 2002 huiusmodi

513 2015 550 2069 ﬁ
575 2019 668 2071 Teii.
1487 2009 1492 2013 ’
1543 2003 1557 2023 ²

587 2111 681 2166 llis
710 2112 873 2182 igitur
898 2115 1159 2186 exemplis
1189 2117 1255 2170 de
1293 2125 1482 2172 saneta
1527 2119 1794 2175 Trinitate
1840 2120 2063 2191 prolatis
2083 2163 2097 2186 ,

515 2217 661 2272 qum,
698 2212 757 2257 ut
795 2205 1054 2270 arbitror,
1098 2207 1348 2262 omnibus
1383 2208 1542 2277 plana
1595 2219 1749 2276 sunt,
1803 2211 1914 2280 jam
1943 2213 2101 2282 cupio

517 2292 622 2346 alia
654 2294 900 2363 exempla
927 2296 992 2348 ad
1018 2297 1273 2350 moralem
1309 2314 1544 2353 sensum
1589 2301 1910 2368 pertinentia
1952 2317 2104 2371 spar-

512 2381 617 2434 sim
646 2382 920 2453 colligere.
951 2384 1442 2455 Primoquidemde
1461 2404 1494 2458 p
1515 2391 1732 2444 :raholis
1755 2393 2096 2461 quibusdam,

515 2486 635 2540 quze
664 2473 716 2526 in
745 2473 1042 2532 Evattaelio
1085 2477 1254 2546 ipsius
1283 2478 1495 2533 Domini
1529 2481 1698 2534 nostri
1723 2498 1818 2536 ore
1851 2481 2103 2553 leguntur

514 2563 780 2631 prolata);
814 2581 910 2635 per
932 2567 1031 2622 bas
1060 2569 1267 2623 sciliCet
1296 2570 1522 2625 clericos
1557 2573 1868 2642 specialiter
1915 2576 2104 2630 admo-

513 2669 650 2710 nens
683 2664 742 2710 ut
771 2666 933 2711 tantze
955 2658 1217 2714 doctrina:
1238 2661 1405 2714 verba
1437 2661 1695 2730 legentes,
1720 2663 2102 2721 velaadientes

517 2756 754 2803 mentem
783 2749 1124 2818 aliquatenus
1154 2752 1218 2806 ab
1248 2751 1519 2807 illecebris
1547 2760 1600 2806 et
1629 2754 1838 2822 pompis
1879 2755 2101 2809 saecula-

513 2835 666 2892 ribus
696 2839 995 2892 retrabanl.
1029 2839 1230 2895 Deinde
1263 2857 1391 2896 vero
1417 2857 1483 2896 ex
1523 2843 1689 2896 variis
1719 2844 1879 2898 rebus
1901 2860 2021 2914 qua:
2048 2844 2100 2898 in

515 2925 620 2981 hoc
646 2929 843 2982 saeculo
859 2947 956 2998 per
973 2931 1143 2986 visum
1171 2932 1504 2988 velauditum
1528 2943 1638 2987 tam
1669 2950 1696 2987 a
1730 2935 1904 3000 laicis,
1938 2951 2102 3005 quam

518 3015 733 3095 clericis
767 3020 957 3072 sentiri
984 3030 1245 3089 possunt,
1280 3032 1338 3077 ut
1389 3024 1568 3093 apium
1620 3025 1900 3080 delloratio
1929 3026 1979 3079 in
2005 3042 2130 3079 vau'

517 3107 615 3163 riis
647 3107 810 3173 locis;
839 3119 896 3162 ut
921 3112 1218 3167 itmuensus
1238 3113 1366 3169 solis
1387 3114 1675 3184 splendor;
1716 3125 1774 3170 ut
1796 3127 2022 3171 ornatus
2048 3125 2104 3171 et

2202 1942 2300 1998 per
2339 1929 2440 1981 hoc
2462 1929 2626 1982 etiam
2654 1943 2846 1982 omnes
2891 1928 3144 2010 doctores
3184 1936 3505 1981 camerarum
3547 1925 3782 1994 parabo-

2203 2019 2378 2074 larum
2403 2021 2731 2075 solutionem
2787 2019 3091 2073 instruente
3157 2027 3532 2072 memorantur
3582 2015 3783 2078 omnia,

2201 2131 2431 2185 quorum
2491 2113 2682 2170 effectu
2730 2114 2896 2167 divini
2964 2112 3113 2168 verbi
3180 2111 3510 2179 negligentia
3573 2109 3782 2162 oritur;

2203 2206 2355 2273 Quod
2394 2207 2537 2260 enim
2579 2203 2793 2274 plurimi
2849 2203 3095 2257 homines
3141 2207 3209 2255 ad
3263 2212 3470 2269 tempus
3530 2200 3785 2260 credunt-3

2203 2310 2250 2353 et
2282 2300 2335 2352 in
2364 2308 2594 2367 tempore
2623 2296 2924 2350 tentationis
2950 2295 3211 2358 recedunt,
3242 2295 3483 2365 quodque
3513 2311 3545 2346 α
3589 2292 3784 2346 sollici-

2204 2389 2491 2451 tudinibus,
2537 2399 2583 2441 et
2613 2388 2809 2440 divitiis
2838 2400 2882 2440 ct
2923 2386 3270 2454 voluptatibus
3300 2388 3418 2440 vitm
3441 2386 3607 2455 hujus
3632 2385 3785 2455 suffo-

2203 2487 2394 2532 cantur
2429 2477 2580 2546 (Luc.
2614 2493 2736 2542 xm,
2765 2477 2878 2548 id);
2904 2493 2997 2532 seu
3025 2477 3266 2547 quolibet
3297 2476 3454 2531 modo
3485 2477 3784 2547 impediun-

2205 2578 2312 2633 tur,
2342 2585 2409 2624 nc
2431 2569 2597 2624 divini
2637 2569 2784 2623 verbi
2819 2569 3057 2623 referant
3094 2568 3354 2632 fructum,
3397 2569 3499 2624 hoc
3554 2571 3785 2623 maxime

2203 2673 2269 2712 ex
2300 2658 2387 2734 illa
2419 2657 2744 2727 negligentia
2786 2659 2934 2713 venit
2985 2674 3090 2727 qua
3143 2659 3393 2712 timorem
3435 2673 3785 2729 amoremque

2209 2750 2299 2804 Dei
2329 2759 2652 2820 spernentes
2670 2751 2893 2804 credunt
2915 2766 2974 2804 se
3008 2751 3326 2820 temporalia
3344 2761 3399 2804 et
3421 2759 3626 2804 aeterna
3649 2751 3784 2805 bona

2206 2857 2314 2897 uno
2344 2842 2656 2896 dilectionis
2687 2857 2883 2912 genere
2913 2857 3074 2912 posse
3096 2841 3322 2910 adipisci
3355 2856 3448 2895 seu
3476 2841 3630 2909 quia,
3663 2853 3782 2894 enm

2207 2949 2304 3001 pro
2318 2943 2467 2987 certo
2499 2933 2675 2987 sciant
2707 2932 3060 2987 discernenda
3099 2947 3220 2986 esse
3244 2932 3294 2985 in
3327 2931 3642 2995 dilectione,
3672 2945 3784 3000 pro.

2205 3032 2414 3093 ponunt
2468 3023 2568 3077 sibi
2615 3023 2831 3092 longum
2887 3023 3010 3076 vitze
3051 3021 3334 3091 prtesentis
3363 3021 3605 3090 spatium
3647 3018 3784 3072 divi-

2206 3127 2440 3182 namquc
2473 3113 2749 3182 pietatem,
2781 3127 2899 3180 qum
2925 3112 3134 3165 eunetis
3166 3111 3233 3164 ad
3257 3125 3336 3174 se,
3364 3112 3488 3164 licet
3511 3125 3638 3164 sero
3663 3123 3782 3163 con-

516 3197 859 3268 pulehrztudo
884 3200 1106 3255 factura:
1146 3202 1372 3274 ipsaque
1397 3204 1628 3268 utilitas,
1661 3221 1780 3274 qua)
1815 3207 1867 3260 in
1907 3216 2097 3262 natura
2128 3198 2171 3258 C
2205 3203 2398 3268 versis,
2448 3204 2661 3256 veniam
2702 3202 2973 3271 promittit
3020 3210 3072 3255 et
3127 3201 3226 3254 hac
3278 3201 3644 3269 promissione
3694 3197 3787 3252 ab-

515 3291 751 3346 humana
783 3296 1071 3360 consistit;
1104 3310 1160 3349 ut
1182 3298 1409 3352 facultas
1435 3308 1488 3353 et
1517 3299 1804 3354 diilicultas
1839 3304 2099 3370 cperandi

516 3381 570 3436 ia
607 3382 928 3453 quibusdam
961 3387 1328 3456 temporibus;
1355 3397 1414 3442 ut
1465 3390 1758 3443 necessitas
1803 3392 2100 3459 quotidiani

516 3488 670 3538 esus;
701 3485 757 3529 ut
789 3477 1116 3531 abundantia
1149 3488 1205 3533 et
1234 3479 1456 3548 penuria
1477 3481 1797 3535 substantia:
1826 3483 2099 3537 victualis.

514 3564 593 3619 EI
621 3567 704 3620 his
737 3581 867 3638 ergo
911 3570 1163 3624 omnibus
1195 3571 1362 3626 laicos
1391 3572 1702 3641 specialiter
1727 3570 2102 3627 admonendos

513 3670 636 3712 esse
662 3659 929 3726 decerno;
965 3661 1089 3729 quia
1126 3661 1171 3716 si
1198 3662 1364 3722 semel
1397 3663 1478 3716 eis
1507 3663 1632 3731 quid
1668 3662 1971 3732 significent
2013 3679 2102 3718 re-

515 3759 753 3815 seratur,
780 3759 966 3820 postea
1000 3769 1182 3807 coram
1207 3754 1316 3806 Deo
1357 3753 1556 3807 nullam
1589 3754 1783 3808 habent
1805 3753 2105 3808 excttsatioo

515 3855 639 3894 nem
687 3857 784 3909 pro
842 3843 1144 3912 ignorantia
1206 3843 1546 3907 litterarum;
1599 3847 1723 3896 dum
1760 3844 2004 3912 quotidie
2033 3844 2102 3898 ab

517 3932 603 3986 his
627 3947 747 4000 quae
773 3934 1048 4001 possident
1076 3941 1129 3987 et
1157 3948 1282 3987 cum
1312 3934 1510 4002 quibus
1539 3942 1828 3988 versantur
1850 3933 1914 3987 ad
1937 3932 2104 3988 Crea-

519 4024 652 4077 toris
687 4025 930 4080 notitiam
966 4025 1325 4079 instruantur.

1141 4114 1368 4171 CAPUT
1396 4114 1484 4169 ιν.

521 4221 898 4294 Proponuntur
932 4226 1134 4280 clericis
1188 4227 1406 4280 diversa:
1455 4225 1766 4294 evangelica:
1807 4226 2103 4295 parabolae,

589 4314 813 4366 quarum
853 4297 1192 4351 meditatione
1211 4297 1430 4351 diversis
1457 4313 1637 4350 eorum
1679 4296 1815 4350 vitiis
1843 4298 2106 4352 medicina

591 4377 826 4436 paretur.

593 4477 699 4532 Sed
723 4479 805 4532 his
834 4479 1047 4534 interim
1076 4481 1294 4537 omissis
1315 4482 1380 4535 ad
1418 4480 1649 4536 clericos
1682 4496 1819 4552 quos
1841 4497 1926 4550 pet
1962 4479 2103 4536 Scri-

2204 3301 2438 3357 utcntcs,
2469 3295 2738 3348 credendo
2759 3293 2964 3348 scilicet
2989 3291 3114 3360 quia
3134 3291 3568 3360 quandocunque
3594 3291 3779 3344 volue-

2201 3386 2312 3440 rint
2340 3386 2448 3440 cito
2472 3385 2714 3441 converti
2742 3386 2970 3452 possint,
2991 3382 3143 3452 quasi
3171 3383 3544 3438 conversionis
3574 3392 3783 3450 tempus

2204 3477 2256 3530 in
2286 3485 2554 3546 potestate
2597 3475 2849 3535 habeant,
2885 3474 3098 3527 interim
3135 3484 3246 3528 toto
3278 3473 3396 3527 nisu
3428 3471 3667 3527 terrenis
3694 3485 3781 3524 so-

2202 3566 2476 3620 lummodo
2521 3566 2666 3619 euris
2719 3574 2775 3618 et
2821 3564 3181 3634 voluptatibus
3222 3573 3590 3633 occupantur;
3633 3577 3784 3616 cum-

2202 3672 2308 3725 que
2337 3657 2404 3711 de
2435 3657 2522 3712 die
2546 3658 2597 3710 in
2630 3658 2796 3720 diem,
2837 3657 2903 3710 de
2928 3673 3111 3712 mense
3139 3657 3191 3711 in
3225 3673 3491 3721 mensem,
3556 3656 3625 3710 de
3648 3668 3785 3709 anno

2203 3749 2258 3802 in
2279 3763 2480 3802 annum
2513 3749 2886 3804 conversionis
2909 3758 3121 3817 tempus
3149 3747 3427 3812 differunt,
3452 3755 3548 3801 aut
3576 3745 3665 3799 vix
3694 3744 3784 3798 de-

2206 3853 2350 3891 mum
2379 3847 2789 3903 convertuntur,
2817 3848 2911 3894 aut
2957 3839 3109 3908 quasi
3159 3839 3394 3894 catenati
3426 3854 3454 3891 a
3488 3843 3783 3894 consuetu-

2205 3926 2330 3981 dine
2359 3929 2591 3996 pcssima
2617 3929 2735 3983 sine
2766 3931 3120 3986 conversione
3159 3931 3480 3985 moriuntur.
3539 3930 3678 3985 Nam
3723 3946 3787 3984 ex

2205 4020 2413 4088 peccati
2455 4036 2635 4090 poena,
2669 4037 2829 4090 quam
2857 4023 2907 4075 in
2936 4021 3092 4090 longa
3133 4022 3504 4076 conversionis
3529 4022 3783 4076 dilatione

2205 4119 2542 4177 meruerunt,
2607 4111 2873 4165 videbitur
2923 4113 3002 4166 eis
3055 4111 3382 4181 quandoque
3453 4111 3783 4182 impossibile

2205 4202 2345 4270 quod
2376 4203 2648 4271 quondam
2680 4203 2852 4270 visum
2884 4203 3058 4258 fuerat
3089 4202 3266 4258 facile.
3295 4204 3374 4258 Ad
3401 4204 3780 4273 expellendam

2206 4307 2336 4364 ergo
2371 4303 2477 4348 tarn
2501 4295 2858 4364 periculosam
2896 4306 3114 4366 tamque
3145 4297 3479 4352 tremendam
3510 4298 3782 4366 negligen-

2210 4383 2338 4438 tiam
2363 4385 2497 4438 satis
2517 4383 2692 4452 juvat,
2717 4384 2759 4438 si
2783 4385 3037 4453 parabola
3061 4383 3175 4451 jam
3200 4395 3626 4438 commemorata
3649 4384 3790 4453 ejus~

2209 4491 2313 4544 que
2341 4475 2610 4544 expositio
2636 4477 2833 4544 smpius
2872 4476 3185 4544 intenteque
3226 4475 3477 4547 legatur,
3518 4475 3564 4529 si
3606 4485 3782 4531 tamen

522 4576 737 4638 pturam
765 4572 1162 4626 sanctissimam
1186 4573 1510 4643 evangelicae
1539 4573 1789 4628 lectionis
1830 4574 2101 4628 instruere
2134 4557 2180 4615 ί)
2207 4565 2351 4620 adsit
2376 4567 2538 4620 Silmll
2564 4582 2693 4620 cura
2715 4569 2996 4635 Ol‘ﬂliOQue
3037 4565 3202 4636 iugis,
3242 4575 3300 4619 ιιι
3321 4565 3662 4635 expellam";
3709 4567 3786 4635 ἰν-

521 4660 710 4722 statui,
742 4660 892 4727 prius
915 4663 1285 4719 admonendos
1313 4665 1616 4734 aggredior.
1641 4664 1934 4734 Apostolus
1953 4679 2106 4718 nam-

521 4762 629 4816 que
677 4748 810 4803 dicit
844 4749 1220 4824 :Qun’cunque
1262 4755 1457 4822 scripta
1509 4764 1673 4818 sunt,
1726 4755 1795 4807 ad
1870 4764 2103 4808 nostram

519 4840 812 4896 doctrinam
827 4844 1018 4912 scripta
1046 4861 1163 4899 sum
1190 4844 1362 4915 (Rom.
1391 4861 1480 4910 xv,
1516 4844 1594 4908 4).
1661 4843 1792 4910 Qua:
1845 4844 2101 4898 nimirum

522 4930 686 4984 verba
734 4931 801 4985 ad
853 4946 946 4987 eos
975 4934 1282 5002 specialiter
1307 4937 1598 5004 pertinent,
1653 4936 1744 5005 qui
1801 4937 2102 4990 litterarum

523 5024 768 5078 notitiam
833 5025 1094 5082 habentes
1151 5028 1202 5080 in
1271 5027 1350 5081 eis
1410 5026 1612 5097 iugiter
1659 5041 1951 5096 agnoscere
1981 5041 2105 5094 pos-

519 5125 649 5170 sunt
709 5115 942 5185 qualiter
987 5132 1046 5170 se
1091 5127 1145 5172 et.
1202 5117 1520 5172 commissos
1587 5129 1776 5186 regere
1844 5115 2100 5170 debeant.

2205 4670 2321 4709 sam
2347 4655 2492 4709 enim
2530 4655 2837 4710 divinorum
2869 4657 3160 4728 verborum
3195 4655 3483 4710 lectionem
3510 4663 3567 4708 et
3602 4655 3779 4708 inten-

2207 4747 2408 4800 tionem
2437 4747 2661 4800 nimium
2695 4745 2996 4800 formidans
3017 4745 3261 4801 diabolus
3306 4744 3444 4814 fugit
3473 4759 3505 4798 a
3550 4743 3777 4814 legenti-

2205 4840 2306 4894 bus
2325 4849 2381 4894 et
2403 4841 2788 4895 meditantibus
2811 4840 3014 4910 divina.

2274 4931 2408 4986 ltem
2447 4934 2490 4986 si
2519 4931 2642 5000 quis
2665 4947 2730 4985 ex
2757 4930 3025 5000 superﬂua
3051 4932 3336 4987 tenacitate
3360 4931 3637 5000 nimioque
3664 4947 3787 5002 pre-

2211 5022 2472 5095 tiosarum
2510 5021 2743 5075 vestium
2772 5021 2856 5075 vel
2879 5021 3124 5075 ciborum
3149 5021 3389 5090 appetitu
3431 5021 3682 5076 laborare
3723 5035 3778 5075 se

2208 5114 2462 5176 senserit,
2504 5114 2748 5166 attendat
2777 5098 2980 5183 jugiter
3002 5112 3314 5182 parabolam
3359 5113 3425 5166 de
3448 5111 3637 5177 divite,
3688 5110 3778 5181 qui
