  <div class='ocr_page' id='page_1' title='image "/cluster/home/n/w/nwhite01/storage/ocr_20150623/146/hvd.32044015471832/132.png"; bbox 0 0 3942 5340; ppageno 0'>
   <div class='ocr_carea' id='block_1_1' title="bbox 202 350 296 413">
    <p class='ocr_par' dir='ltr' id='par_1_1' title="bbox 202 350 296 413">
     <span class='ocr_line' id='line_1_1' title="bbox 202 350 296 413; baseline 0 -2"><span class='ocrx_word' id='word_1_1' title='bbox 202 350 296 413; x_wconf 70' lang='lat'><strong>253</strong></span> 
     </span>
    </p>
   </div>
   <div class='ocr_carea' id='block_1_2' title="bbox 1163 336 2433 399">
    <p class='ocr_par' dir='ltr' id='par_1_2' title="bbox 1163 336 2433 399">
     <span class='ocr_line' id='line_1_2' title="bbox 1163 336 2433 399; baseline -0.002 0"><span class='ocrx_word' id='word_1_2' title='bbox 1163 344 1290 399; x_wconf 84' lang='lat' dir='ltr'><strong>LIB.</strong></span> <span class='ocrx_word' id='word_1_3' title='bbox 1333 342 1422 399; x_wconf 85' lang='lat' dir='ltr'><strong>DE</strong></span> <span class='ocrx_word' id='word_1_4' title='bbox 1456 336 1785 397; x_wconf 70' lang='lat' dir='ltr'><strong>ADMONIT.</strong></span> <span class='ocrx_word' id='word_1_5' title='bbox 1822 338 2090 397; x_wconf 73' lang='lat' dir='ltr'><strong>CLENC.</strong></span> <span class='ocrx_word' id='word_1_6' title='bbox 2132 341 2219 399; x_wconf 84' lang='lat' dir='ltr'><strong>ET</strong></span> <span class='ocrx_word' id='word_1_7' title='bbox 2256 341 2433 399; x_wconf 78' lang='lat' dir='ltr'><strong>LMC.</strong></span> 
     </span>
    </p>
   </div>
   <div class='ocr_carea' id='block_1_3' title="bbox 3324 339 3430 397">
    <p class='ocr_par' dir='ltr' id='par_1_3' title="bbox 3324 339 3430 397">
     <span class='ocr_line' id='line_1_3' title="bbox 3324 339 3430 397; baseline -0.038 0"><span class='ocrx_word' id='word_1_8' title='bbox 3324 339 3430 397; x_wconf 73' lang='grc' dir='ltr'><strong>ΞἋ</strong></span> 
     </span>
    </p>
   </div>
   <div class='ocr_carea' id='block_1_4' title="bbox 196 434 3432 532">
    <p class='ocr_par' dir='ltr' id='par_1_4' title="bbox 196 434 3432 532">
     <span class='ocr_line' id='line_1_4' title="bbox 196 434 3432 532; baseline -0.002 -12"><span class='ocrx_word' id='word_1_9' title='bbox 196 434 429 523; x_wconf 31' lang='grc' dir='ltr'><strong>..ιιειιάδῑ</strong></span> <span class='ocrx_word' id='word_1_10' title='bbox 451 459 758 532; x_wconf 86' lang='lat' dir='ltr'><strong>parabolam</strong></span> <span class='ocrx_word' id='word_1_11' title='bbox 785 461 852 515; x_wconf 82' lang='lat' dir='ltr'><strong>de</strong></span> <span class='ocrx_word' id='word_1_12' title='bbox 884 458 975 514; x_wconf 91' lang='lat' dir='ltr'><strong>illo</strong></span> <span class='ocrx_word' id='word_1_13' title='bbox 1005 457 1286 530; x_wconf 85' lang='lat' dir='ltr'><strong>prolatam.</strong></span> <span class='ocrx_word' id='word_1_14' title='bbox 1318 456 1409 527; x_wconf 85' lang='lat' dir='ltr'><strong>qui</strong></span> <span class='ocrx_word' id='word_1_15' title='bbox 1443 455 1512 512; x_wconf 84' lang='lat' dir='ltr'><strong>ab</strong></span> <span class='ocrx_word' id='word_1_16' title='bbox 1552 454 1741 509; x_wconf 78' lang='lat' dir='ltr'><strong>liieru-</strong></span> <span class='ocrx_word' id='word_1_17' title='bbox 1776 452 1828 512; x_wconf 78' lang='grc' dir='ltr'><strong>Δ</strong></span> <span class='ocrx_word' id='word_1_18' title='bbox 1923 450 2186 523; x_wconf 81' lang='lat' dir='ltr'><strong>Superbia</strong></span> <span class='ocrx_word' id='word_1_19' title='bbox 2224 470 2453 525; x_wconf 88' lang='lat' dir='ltr'><strong>quoque.</strong></span> <span class='ocrx_word' id='word_1_20' title='bbox 2496 468 2618 525; x_wconf 68' lang='lat' dir='ltr'><strong>quae</strong></span> <span class='ocrx_word' id='word_1_21' title='bbox 2660 469 2848 510; x_wconf 85' lang='lat' dir='ltr'><strong>omnes</strong></span> <span class='ocrx_word' id='word_1_22' title='bbox 2894 455 3118 511; x_wconf 88' lang='lat' dir='ltr'><strong>virtutes</strong></span> <span class='ocrx_word' id='word_1_23' title='bbox 3153 455 3432 513; x_wconf 78' lang='lat' dir='ltr'><strong>destruere</strong></span> 
     </span>
    </p>
   </div>
   <div class='ocr_carea' id='block_1_5' title="bbox 202 548 1752 613">
    <p class='ocr_par' dir='ltr' id='par_1_5' title="bbox 202 548 1752 613">
     <span class='ocr_line' id='line_1_5' title="bbox 202 548 1752 613; baseline -0.008 0"><span class='ocrx_word' id='word_1_24' title='bbox 202 554 352 613; x_wconf 84' lang='lat' dir='ltr'><strong>salem</strong></span> <span class='ocrx_word' id='word_1_25' title='bbox 383 552 434 606; x_wconf 91' lang='lat' dir='ltr'><strong>in</strong></span> <span class='ocrx_word' id='word_1_26' title='bbox 457 550 671 607; x_wconf 84' lang='lat' dir='ltr'><strong>Jericho</strong></span> <span class='ocrx_word' id='word_1_27' title='bbox 699 550 1030 605; x_wconf 85' lang='lat' dir='ltr'><strong>descendens</strong></span> <span class='ocrx_word' id='word_1_28' title='bbox 1054 549 1240 604; x_wconf 89' lang='lat' dir='ltr'><strong>incidit</strong></span> <span class='ocrx_word' id='word_1_29' title='bbox 1262 549 1316 603; x_wconf 92' lang='lat' dir='ltr'><strong>in</strong></span> <span class='ocrx_word' id='word_1_30' title='bbox 1351 548 1587 604; x_wconf 93' lang='lat' dir='ltr'><strong>latrones</strong></span> <span class='ocrx_word' id='word_1_31' title='bbox 1606 557 1660 602; x_wconf 89' lang='lat' dir='ltr'><strong>et</strong></span> <span class='ocrx_word' id='word_1_32' title='bbox 1683 548 1752 601; x_wconf 89' lang='lat' dir='ltr'><strong>ab</strong></span> 
     </span>
    </p>
   </div>
   <div class='ocr_carea' id='block_1_6' title="bbox 199 640 1753 710">
    <p class='ocr_par' dir='ltr' id='par_1_6' title="bbox 199 640 1753 710">
     <span class='ocr_line' id='line_1_6' title="bbox 199 640 1753 710; baseline -0.005 -9"><span class='ocrx_word' id='word_1_33' title='bbox 199 646 271 702; x_wconf 85' lang='lat' dir='ltr'><strong>eis</strong></span> <span class='ocrx_word' id='word_1_34' title='bbox 316 641 627 697; x_wconf 75' lang='lat' dir='ltr'><strong>vulneratus</strong></span> <span class='ocrx_word' id='word_1_35' title='bbox 680 641 1009 710; x_wconf 85' lang='lat' dir='ltr'><strong>relinquitur</strong></span> <span class='ocrx_word' id='word_1_36' title='bbox 1065 640 1396 705; x_wconf 79' lang='lat' dir='ltr'><strong>semivivus;</strong></span> <span class='ocrx_word' id='word_1_37' title='bbox 1447 654 1681 709; x_wconf 87' lang='lat' dir='ltr'><strong>cumque</strong></span> <span class='ocrx_word' id='word_1_38' title='bbox 1721 654 1753 694; x_wconf 86' lang='lat' dir='ltr'><strong>a</strong></span> 
     </span>
    </p>
   </div>
   <div class='ocr_carea' id='block_1_7' title="bbox 199 729 1754 805">
    <p class='ocr_par' dir='ltr' id='par_1_7' title="bbox 199 729 1754 805">
     <span class='ocr_line' id='line_1_7' title="bbox 199 729 1754 805; baseline -0.004 -16"><span class='ocrx_word' id='word_1_39' title='bbox 199 732 638 805; x_wconf 63' lang='lat' dir='ltr'><strong>prastereuntibus</strong></span> <span class='ocrx_word' id='word_1_40' title='bbox 667 732 989 803; x_wconf 88' lang='lat' dir='ltr'><strong>quibusdam</strong></span> <span class='ocrx_word' id='word_1_41' title='bbox 1026 731 1249 787; x_wconf 86' lang='lat' dir='ltr'><strong>minime</strong></span> <span class='ocrx_word' id='word_1_42' title='bbox 1275 731 1611 796; x_wconf 86' lang='lat' dir='ltr'><strong>visitaretur,</strong></span> <span class='ocrx_word' id='word_1_43' title='bbox 1655 729 1754 785; x_wconf 86' lang='lat' dir='ltr'><strong>Sa-</strong></span> 
     </span>
    </p>
   </div>
   <div class='ocr_carea' id='block_1_8' title="bbox 196 814 1756 894">
    <p class='ocr_par' dir='ltr' id='par_1_8' title="bbox 196 814 1756 894">
     <span class='ocr_line' id='line_1_8' title="bbox 196 814 1756 894; baseline -0.001 -14"><span class='ocrx_word' id='word_1_44' title='bbox 196 814 487 880; x_wconf 83' lang='lat' dir='ltr'><strong>maritanus</strong></span> <span class='ocrx_word' id='word_1_45' title='bbox 508 826 725 894; x_wconf 87' lang='lat' dir='ltr'><strong>quidam</strong></span> <span class='ocrx_word' id='word_1_46' title='bbox 751 826 856 880; x_wconf 84' lang='lat' dir='ltr'><strong>iter</strong></span> <span class='ocrx_word' id='word_1_47' title='bbox 881 824 1090 879; x_wconf 90' lang='lat' dir='ltr'><strong>faciens</strong></span> <span class='ocrx_word' id='word_1_48' title='bbox 1119 826 1358 894; x_wconf 85' lang='lat' dir='ltr'><strong>suscepit</strong></span> <span class='ocrx_word' id='word_1_49' title='bbox 1402 840 1526 880; x_wconf 91' lang='lat' dir='ltr'><strong>eum</strong></span> <span class='ocrx_word' id='word_1_50' title='bbox 1557 839 1756 879; x_wconf 86' lang='lat' dir='ltr'><strong>sanan-</strong></span> 
     </span>
    </p>
   </div>
   <div class='ocr_carea' id='block_1_9' title="bbox 199 914 1753 987">
    <p class='ocr_par' dir='ltr' id='par_1_9' title="bbox 199 914 1753 987">
     <span class='ocr_line' id='line_1_9' title="bbox 199 914 1753 987; baseline 0 -19"><span class='ocrx_word' id='word_1_51' title='bbox 199 916 311 969; x_wconf 90' lang='lat' dir='ltr'><strong>dutn</strong></span> <span class='ocrx_word' id='word_1_52' title='bbox 360 915 757 987; x_wconf 86' lang='lat' dir='ltr'><strong>infundensqne</strong></span> <span class='ocrx_word' id='word_1_53' title='bbox 780 914 955 969; x_wconf 88' lang='lat' dir='ltr'><strong>oleum</strong></span> <span class='ocrx_word' id='word_1_54' title='bbox 986 924 1042 968; x_wconf 81' lang='lat' dir='ltr'><strong>ot</strong></span> <span class='ocrx_word' id='word_1_55' title='bbox 1069 915 1253 969; x_wconf 89' lang='lat' dir='ltr'><strong>vinum</strong></span> <span class='ocrx_word' id='word_1_56' title='bbox 1284 915 1520 973; x_wconf 84' lang='lat' dir='ltr'><strong>reddidit</strong></span> <span class='ocrx_word' id='word_1_57' title='bbox 1562 929 1753 969; x_wconf 88' lang='lat' dir='ltr'><strong>sanum</strong></span> 
     </span>
    </p>
   </div>
   <div class='ocr_carea' id='block_1_10' title="bbox 199 1003 1755 1074">
    <p class='ocr_par' dir='ltr' id='par_1_10' title="bbox 199 1003 1755 1074">
     <span class='ocr_line' id='line_1_10' title="bbox 199 1003 1755 1074; baseline 0.002 -17"><span class='ocrx_word' id='word_1_58' title='bbox 199 1003 335 1074; x_wconf 80' lang='lat' dir='ltr'><strong>(Luc.</strong></span> <span class='ocrx_word' id='word_1_59' title='bbox 363 1020 417 1066; x_wconf 83' lang='lat' dir='ltr'><strong>x,</strong></span> <span class='ocrx_word' id='word_1_60' title='bbox 449 1004 664 1073; x_wconf 78' lang='lat'><strong>50-35).</strong></span> <span class='ocrx_word' id='word_1_61' title='bbox 695 1005 894 1062; x_wconf 87' lang='lat' dir='ltr'><strong>lnfusio</strong></span> <span class='ocrx_word' id='word_1_62' title='bbox 928 1006 1072 1060; x_wconf 87' lang='lat' dir='ltr'><strong>enim</strong></span> <span class='ocrx_word' id='word_1_63' title='bbox 1098 1005 1200 1061; x_wconf 90' lang='lat' dir='ltr'><strong>olei</strong></span> <span class='ocrx_word' id='word_1_64' title='bbox 1246 1015 1301 1060; x_wconf 91' lang='lat' dir='ltr'><strong>et</strong></span> <span class='ocrx_word' id='word_1_65' title='bbox 1348 1006 1457 1060; x_wconf 86' lang='lat' dir='ltr'><strong>viui</strong></span> <span class='ocrx_word' id='word_1_66' title='bbox 1503 1020 1755 1062; x_wconf 88' lang='lat' dir='ltr'><strong>necessa-</strong></span> 
     </span>
    </p>
   </div>
   <div class='ocr_carea' id='block_1_11' title="bbox 201 1097 1751 1169">
    <p class='ocr_par' dir='ltr' id='par_1_11' title="bbox 201 1097 1751 1169">
     <span class='ocr_line' id='line_1_11' title="bbox 201 1097 1751 1169; baseline -0.001 -17"><span class='ocrx_word' id='word_1_67' title='bbox 201 1097 319 1152; x_wconf 85' lang='lat' dir='ltr'><strong>riam</strong></span> <span class='ocrx_word' id='word_1_68' title='bbox 341 1098 561 1168; x_wconf 62' lang='lat' dir='ltr'><strong>pietatis</strong></span> <span class='ocrx_word' id='word_1_69' title='bbox 603 1109 658 1155; x_wconf 90' lang='lat' dir='ltr'><strong>et</strong></span> <span class='ocrx_word' id='word_1_70' title='bbox 686 1100 992 1155; x_wconf 71' lang='lat' dir='ltr'><strong>severitatis</strong></span> <span class='ocrx_word' id='word_1_71' title='bbox 1015 1099 1751 1169; x_wconf 77' lang='lat' dir='ltr'><strong>signiﬁcatcommistionem.</strong></span> 
     </span>
    </p>
   </div>
   <div class='ocr_carea' id='block_1_12' title="bbox 198 1186 1752 1262">
    <p class='ocr_par' dir='ltr' id='par_1_12' title="bbox 198 1186 1752 1262">
     <span class='ocr_line' id='line_1_12' title="bbox 198 1186 1752 1262; baseline -0.001 -16"><span class='ocrx_word' id='word_1_72' title='bbox 198 1186 320 1246; x_wconf 84' lang='lat' dir='ltr'><strong>liinc</strong></span> <span class='ocrx_word' id='word_1_73' title='bbox 346 1203 476 1258; x_wconf 75' lang='lat' dir='ltr'><strong>ergo</strong></span> <span class='ocrx_word' id='word_1_74' title='bbox 502 1191 755 1246; x_wconf 87' lang='lat' dir='ltr'><strong>doctores</strong></span> <span class='ocrx_word' id='word_1_75' title='bbox 800 1192 1037 1247; x_wconf 79' lang='lat' dir='ltr'><strong>universi</strong></span> <span class='ocrx_word' id='word_1_76' title='bbox 1084 1201 1312 1262; x_wconf 89' lang='lat' dir='ltr'><strong>possunt</strong></span> <span class='ocrx_word' id='word_1_77' title='bbox 1355 1193 1491 1249; x_wconf 81' lang='lat' dir='ltr'><strong>satis</strong></span> <span class='ocrx_word' id='word_1_78' title='bbox 1537 1194 1752 1258; x_wconf 80' lang='lat' dir='ltr'><strong>instrui,</strong></span> 
     </span>
    </p>
   </div>
   <div class='ocr_carea' id='block_1_13' title="bbox 198 1282 1754 1352">
    <p class='ocr_par' dir='ltr' id='par_1_13' title="bbox 198 1282 1754 1352">
     <span class='ocr_line' id='line_1_13' title="bbox 198 1282 1754 1352; baseline 0.005 -19"><span class='ocrx_word' id='word_1_79' title='bbox 198 1282 308 1350; x_wconf 89' lang='lat' dir='ltr'><strong>quia</strong></span> <span class='ocrx_word' id='word_1_80' title='bbox 337 1297 436 1336; x_wconf 84' lang='lat' dir='ltr'><strong>nec</strong></span> <span class='ocrx_word' id='word_1_81' title='bbox 472 1284 650 1352; x_wconf 85' lang='lat' dir='ltr'><strong>pietas</strong></span> <span class='ocrx_word' id='word_1_82' title='bbox 679 1285 799 1341; x_wconf 85' lang='lat' dir='ltr'><strong>sine</strong></span> <span class='ocrx_word' id='word_1_83' title='bbox 825 1286 1142 1351; x_wconf 84' lang='lat' dir='ltr'><strong>severitate,</strong></span> <span class='ocrx_word' id='word_1_84' title='bbox 1201 1301 1302 1342; x_wconf 91' lang='lat' dir='ltr'><strong>nec</strong></span> <span class='ocrx_word' id='word_1_85' title='bbox 1321 1287 1586 1342; x_wconf 82' lang='lat' dir='ltr'><strong>severitas</strong></span> <span class='ocrx_word' id='word_1_86' title='bbox 1635 1286 1754 1343; x_wconf 86' lang='lat' dir='ltr'><strong>sine</strong></span> 
     </span>
    </p>
   </div>
   <div class='ocr_carea' id='block_1_14' title="bbox 197 1375 1556 1444">
    <p class='ocr_par' dir='ltr' id='par_1_14' title="bbox 197 1375 1556 1444">
     <span class='ocr_line' id='line_1_14' title="bbox 197 1375 1556 1444; baseline 0.006 -17"><span class='ocrx_word' id='word_1_87' title='bbox 197 1375 377 1443; x_wconf 77' lang='lat' dir='ltr'><strong>pietate</strong></span> <span class='ocrx_word' id='word_1_88' title='bbox 406 1376 460 1430; x_wconf 92' lang='lat' dir='ltr'><strong>in</strong></span> <span class='ocrx_word' id='word_1_89' title='bbox 494 1377 870 1444; x_wconf 82' lang='lat' dir='ltr'><strong>peccatoribus</strong></span> <span class='ocrx_word' id='word_1_90' title='bbox 898 1379 1158 1434; x_wconf 85' lang='lat' dir='ltr'><strong>curandis</strong></span> <span class='ocrx_word' id='word_1_91' title='bbox 1184 1380 1417 1434; x_wconf 90' lang='lat' dir='ltr'><strong>tenenda</strong></span> <span class='ocrx_word' id='word_1_92' title='bbox 1449 1387 1556 1435; x_wconf 89' lang='lat' dir='ltr'><strong>est.</strong></span> 
     </span>
    </p>
   </div>
   <div class='ocr_carea' id='block_1_15' title="bbox 256 1464 1755 1538">
    <p class='ocr_par' dir='ltr' id='par_1_15' title="bbox 256 1464 1755 1538">
     <span class='ocr_line' id='line_1_15' title="bbox 256 1464 1755 1538; baseline 0.007 -21"><span class='ocrx_word' id='word_1_93' title='bbox 256 1464 401 1531; x_wconf 82' lang='lat' dir='ltr'><strong>Quod</strong></span> <span class='ocrx_word' id='word_1_94' title='bbox 428 1481 559 1522; x_wconf 89' lang='lat' dir='ltr'><strong>vero</strong></span> <span class='ocrx_word' id='word_1_95' title='bbox 590 1468 956 1538; x_wconf 83' lang='lat' dir='ltr'><strong>necessarium</strong></span> <span class='ocrx_word' id='word_1_96' title='bbox 992 1470 1064 1524; x_wconf 85' lang='lat' dir='ltr'><strong>sit</strong></span> <span class='ocrx_word' id='word_1_97' title='bbox 1090 1469 1305 1526; x_wconf 91' lang='lat' dir='ltr'><strong>cunctis</strong></span> <span class='ocrx_word' id='word_1_98' title='bbox 1328 1469 1577 1526; x_wconf 78' lang='lat' dir='ltr'><strong>ﬁdelibus</strong></span> <span class='ocrx_word' id='word_1_99' title='bbox 1622 1470 1755 1527; x_wconf 64' lang='lat' dir='ltr'><strong>sub.</strong></span> 
     </span>
    </p>
   </div>
   <div class='ocr_carea' id='block_1_16' title="bbox 197 1558 1752 1635">
    <p class='ocr_par' dir='ltr' id='par_1_16' title="bbox 197 1558 1752 1635">
     <span class='ocr_line' id='line_1_16' title="bbox 197 1558 1752 1635; baseline 0.006 -23"><span class='ocrx_word' id='word_1_100' title='bbox 197 1558 437 1612; x_wconf 84' lang='lat' dir='ltr'><strong>stantiam</strong></span> <span class='ocrx_word' id='word_1_101' title='bbox 497 1566 770 1614; x_wconf 77' lang='lat' dir='ltr'><strong>terrenam</strong></span> <span class='ocrx_word' id='word_1_102' title='bbox 828 1561 1230 1631; x_wconf 79' lang='lat' dir='ltr'><strong>possidentibus</strong></span> <span class='ocrx_word' id='word_1_103' title='bbox 1283 1572 1485 1619; x_wconf 70' lang='lat' dir='ltr'><strong>aeterna</strong></span> <span class='ocrx_word' id='word_1_104' title='bbox 1556 1566 1752 1635; x_wconf 74' lang='lat' dir='ltr'><strong>gaudia</strong></span> 
     </span>
    </p>
   </div>
   <div class='ocr_carea' id='block_1_17' title="bbox 198 1651 1754 1724">
    <p class='ocr_par' dir='ltr' id='par_1_17' title="bbox 198 1651 1754 1724">
     <span class='ocr_line' id='line_1_17' title="bbox 198 1651 1754 1724; baseline 0.005 -19"><span class='ocrx_word' id='word_1_105' title='bbox 198 1651 407 1705; x_wconf 86' lang='lat' dir='ltr'><strong>mercari</strong></span> <span class='ocrx_word' id='word_1_106' title='bbox 437 1660 497 1705; x_wconf 87' lang='lat' dir='ltr'><strong>et</strong></span> <span class='ocrx_word' id='word_1_107' title='bbox 521 1651 808 1721; x_wconf 79' lang='lat' dir='ltr'><strong>exquirere</strong></span> <span class='ocrx_word' id='word_1_108' title='bbox 834 1669 955 1708; x_wconf 91' lang='lat' dir='ltr'><strong>cum</strong></span> <span class='ocrx_word' id='word_1_109' title='bbox 989 1656 1377 1724; x_wconf 83' lang='lat' dir='ltr'><strong>temporalibus</strong></span> <span class='ocrx_word' id='word_1_110' title='bbox 1396 1658 1574 1722; x_wconf 86' lang='lat' dir='ltr'><strong>bonis,</strong></span> <span class='ocrx_word' id='word_1_111' title='bbox 1620 1659 1754 1713; x_wconf 81' lang='lat' dir='ltr'><strong>satis</strong></span> 
     </span>
    </p>
   </div>
   <div class='ocr_carea' id='block_1_18' title="bbox 198 1742 1750 1823">
    <p class='ocr_par' dir='ltr' id='par_1_18' title="bbox 198 1742 1750 1823">
     <span class='ocr_line' id='line_1_18' title="bbox 198 1742 1750 1823; baseline 0.004 -26"><span class='ocrx_word' id='word_1_112' title='bbox 198 1742 457 1803; x_wconf 55' lang='lat' dir='ltr'><strong>indicatur.</strong></span> <span class='ocrx_word' id='word_1_113' title='bbox 516 1760 615 1823; x_wconf 86' lang='lat' dir='ltr'><strong>per</strong></span> <span class='ocrx_word' id='word_1_114' title='bbox 673 1745 987 1815; x_wconf 87' lang='lat' dir='ltr'><strong>parabolam</strong></span> <span class='ocrx_word' id='word_1_115' title='bbox 1044 1747 1245 1802; x_wconf 88' lang='lat' dir='ltr'><strong>illam:</strong></span> <span class='ocrx_word' id='word_1_116' title='bbox 1301 1747 1477 1804; x_wconf 80' lang='lat' dir='ltr'><strong>Homo</strong></span> <span class='ocrx_word' id='word_1_117' title='bbox 1533 1750 1750 1821; x_wconf 81' lang='lat' dir='ltr'><strong>quidam</strong></span> 
     </span>
    </p>
   </div>
   <div class='ocr_carea' id='block_1_19' title="bbox 201 1832 1757 1908">
    <p class='ocr_par' dir='ltr' id='par_1_19' title="bbox 201 1832 1757 1908">
     <span class='ocr_line' id='line_1_19' title="bbox 201 1832 1757 1908; baseline 0.004 -23"><span class='ocrx_word' id='word_1_118' title='bbox 201 1843 299 1885; x_wconf 75' lang='lat' dir='ltr'><strong>erat</strong></span> <span class='ocrx_word' id='word_1_119' title='bbox 350 1832 494 1887; x_wconf 69' lang='lat' dir='ltr'><strong>diros</strong></span> <span class='ocrx_word' id='word_1_120' title='bbox 550 1835 639 1902; x_wconf 87' lang='lat' dir='ltr'><strong>qui</strong></span> <span class='ocrx_word' id='word_1_121' title='bbox 686 1834 908 1888; x_wconf 77' lang='lat' dir='ltr'><strong>habebat</strong></span> <span class='ocrx_word' id='word_1_122' title='bbox 964 1836 1197 1890; x_wconf 70' lang='lat' dir='ltr'><strong>villicum</strong></span> <span class='ocrx_word' id='word_1_123' title='bbox 1248 1835 1400 1908; x_wconf 83' lang='lat' dir='ltr'><strong>(Luc.</strong></span> <span class='ocrx_word' id='word_1_124' title='bbox 1478 1852 1568 1892; x_wconf 85' lang='lat' dir='ltr'><strong>xvt</strong></span> <span class='ocrx_word' id='word_1_125' title='bbox 1599 1878 1614 1901; x_wconf 93' lang='lat'><strong>,</strong></span> <span class='ocrx_word' id='word_1_126' title='bbox 1667 1839 1757 1905; x_wconf 84' lang='lat' dir='ltr'><strong>l),</strong></span> 
     </span>
    </p>
   </div>
   <div class='ocr_carea' id='block_1_20' title="bbox 196 1922 1759 1998">
    <p class='ocr_par' dir='ltr' id='par_1_20' title="bbox 196 1922 1759 1998">
     <span class='ocr_line' id='line_1_20' title="bbox 196 1922 1759 1998; baseline 0.009 -26"><span class='ocrx_word' id='word_1_127' title='bbox 196 1922 304 1989; x_wconf 85' lang='lat' dir='ltr'><strong>quia</strong></span> <span class='ocrx_word' id='word_1_128' title='bbox 349 1922 401 1976; x_wconf 90' lang='lat' dir='ltr'><strong>in</strong></span> <span class='ocrx_word' id='word_1_129' title='bbox 450 1922 558 1977; x_wconf 82' lang='lat' dir='ltr'><strong>fine</strong></span> <span class='ocrx_word' id='word_1_130' title='bbox 616 1924 865 1982; x_wconf 87' lang='lat' dir='ltr'><strong>lectionis</strong></span> <span class='ocrx_word' id='word_1_131' title='bbox 916 1925 1033 1994; x_wconf 85' lang='lat' dir='ltr'><strong>ejus</strong></span> <span class='ocrx_word' id='word_1_132' title='bbox 1099 1942 1197 1982; x_wconf 91' lang='lat' dir='ltr'><strong>cur</strong></span> <span class='ocrx_word' id='word_1_133' title='bbox 1266 1928 1408 1983; x_wconf 85' lang='lat' dir='ltr'><strong>illam</strong></span> <span class='ocrx_word' id='word_1_134' title='bbox 1473 1929 1759 1998; x_wconf 87' lang='lat' dir='ltr'><strong>protulerit</strong></span> 
     </span>
    </p>
   </div>
   <div class='ocr_carea' id='block_1_21' title="bbox 197 2009 1757 2080">
    <p class='ocr_par' dir='ltr' id='par_1_21' title="bbox 197 2009 1757 2080">
     <span class='ocr_line' id='line_1_21' title="bbox 197 2009 1757 2080; baseline 0.006 -15"><span class='ocrx_word' id='word_1_135' title='bbox 197 2009 432 2066; x_wconf 81' lang='lat' dir='ltr'><strong>Dominus</strong></span> <span class='ocrx_word' id='word_1_136' title='bbox 500 2014 827 2080; x_wconf 82' lang='lat' dir='ltr'><strong>manifestat,</strong></span> <span class='ocrx_word' id='word_1_137' title='bbox 898 2018 1125 2075; x_wconf 83' lang='lat' dir='ltr'><strong>dicens:</strong></span> <span class='ocrx_word' id='word_1_138' title='bbox 1174 2016 1359 2073; x_wconf 81' lang='lat' dir='ltr'><strong>Facite</strong></span> <span class='ocrx_word' id='word_1_139' title='bbox 1403 2021 1544 2075; x_wconf 74' lang='lat' dir='ltr'><strong>vobis</strong></span> <span class='ocrx_word' id='word_1_140' title='bbox 1619 2020 1757 2075; x_wconf 85' lang='lat' dir='ltr'><strong>ami-</strong></span> 
     </span>
    </p>
   </div>
   <div class='ocr_carea' id='block_1_22' title="bbox 196 2103 1755 2183">
    <p class='ocr_par' dir='ltr' id='par_1_22' title="bbox 196 2103 1755 2183">
     <span class='ocr_line' id='line_1_22' title="bbox 196 2103 1755 2183; baseline 0.007 -28"><span class='ocrx_word' id='word_1_141' title='bbox 196 2118 269 2155; x_wconf 69' lang='grc' dir='ltr'><strong>ωε</strong></span> <span class='ocrx_word' id='word_1_142' title='bbox 317 2103 380 2156; x_wconf 83' lang='lat' dir='ltr'><strong>de</strong></span> <span class='ocrx_word' id='word_1_143' title='bbox 438 2121 741 2161; x_wconf 82' lang='lat' dir='ltr'><strong>mammona</strong></span> <span class='ocrx_word' id='word_1_144' title='bbox 800 2110 1129 2179; x_wconf 83' lang='lat' dir='ltr'><strong>iniquitatis,</strong></span> <span class='ocrx_word' id='word_1_145' title='bbox 1183 2119 1290 2165; x_wconf 85' lang='lat' dir='ltr'><strong>etc.</strong></span> <span class='ocrx_word' id='word_1_146' title='bbox 1345 2109 1531 2180; x_wconf 64' lang='lat' dir='ltr'><strong>(Mitt,</strong></span> <span class='ocrx_word' id='word_1_147' title='bbox 1581 2111 1657 2183; x_wconf 92' lang='lat'><strong>9).</strong></span> <span class='ocrx_word' id='word_1_148' title='bbox 1696 2110 1755 2166; x_wconf 87' lang='lat' dir='ltr'><strong>ln</strong></span> 
     </span>
    </p>
   </div>
   <div class='ocr_carea' id='block_1_23' title="bbox 91 2196 1760 2272">
    <p class='ocr_par' dir='ltr' id='par_1_23' title="bbox 91 2196 1760 2272">
     <span class='ocr_line' id='line_1_23' title="bbox 91 2196 1760 2272; baseline 0.009 -29"><span class='ocrx_word' id='word_1_149' title='bbox 91 2234 100 2243; x_wconf 89' lang='lat'><em>.</em></span> <span class='ocrx_word' id='word_1_150' title='bbox 196 2207 285 2262; x_wconf 84' lang='lat' dir='ltr'><strong>qua</strong></span> <span class='ocrx_word' id='word_1_151' title='bbox 340 2196 505 2250; x_wconf 82' lang='lat' dir='ltr'><strong>etiam</strong></span> <span class='ocrx_word' id='word_1_152' title='bbox 555 2198 806 2266; x_wconf 87' lang='lat' dir='ltr'><strong>parabola</strong></span> <span class='ocrx_word' id='word_1_153' title='bbox 853 2200 1111 2256; x_wconf 82' lang='lat' dir='ltr'><strong>Dominus</strong></span> <span class='ocrx_word' id='word_1_154' title='bbox 1163 2212 1540 2272; x_wconf 78' lang='lat' dir='ltr'><strong>argumentum</strong></span> <span class='ocrx_word' id='word_1_155' title='bbox 1567 2220 1597 2258; x_wconf 90' lang='lat' dir='ltr'><strong>a</strong></span> <span class='ocrx_word' id='word_1_156' title='bbox 1627 2216 1760 2258; x_wconf 82' lang='lat' dir='ltr'><strong>eon-</strong></span> 
     </span>
    </p>
   </div>
   <div class='ocr_carea' id='block_1_24' title="bbox 198 2288 1756 2360">
    <p class='ocr_par' dir='ltr' id='par_1_24' title="bbox 198 2288 1756 2360">
     <span class='ocr_line' id='line_1_24' title="bbox 198 2288 1756 2360; baseline 0.008 -19"><span class='ocrx_word' id='word_1_157' title='bbox 198 2288 342 2343; x_wconf 85' lang='lat' dir='ltr'><strong>trario</strong></span> <span class='ocrx_word' id='word_1_158' title='bbox 361 2304 585 2351; x_wconf 85' lang='lat' dir='ltr'><strong>sumens</strong></span> <span class='ocrx_word' id='word_1_159' title='bbox 606 2292 673 2346; x_wconf 95' lang='lat' dir='ltr'><strong>de</strong></span> <span class='ocrx_word' id='word_1_160' title='bbox 695 2292 873 2347; x_wconf 90' lang='lat' dir='ltr'><strong>villico</strong></span> <span class='ocrx_word' id='word_1_161' title='bbox 901 2292 1142 2350; x_wconf 86' lang='lat' dir='ltr'><strong>fraudem</strong></span> <span class='ocrx_word' id='word_1_162' title='bbox 1167 2294 1419 2360; x_wconf 77' lang='lat' dir='ltr'><strong>faciente,</strong></span> <span class='ocrx_word' id='word_1_163' title='bbox 1452 2296 1626 2351; x_wconf 87' lang='lat' dir='ltr'><strong>innuit</strong></span> <span class='ocrx_word' id='word_1_164' title='bbox 1656 2312 1756 2353; x_wconf 85' lang='lat' dir='ltr'><strong>no-</strong></span> 
     </span>
    </p>
   </div>
   <div class='ocr_carea' id='block_1_25' title="bbox 196 2376 1757 2458">
    <p class='ocr_par' dir='ltr' id='par_1_25' title="bbox 196 2376 1757 2458">
     <span class='ocr_line' id='line_1_25' title="bbox 196 2376 1757 2458; baseline 0.005 -24"><span class='ocrx_word' id='word_1_165' title='bbox 196 2376 267 2434; x_wconf 79' lang='lat' dir='ltr'><strong>bis</strong></span> <span class='ocrx_word' id='word_1_166' title='bbox 295 2380 412 2447; x_wconf 91' lang='lat' dir='ltr'><strong>quia</strong></span> <span class='ocrx_word' id='word_1_167' title='bbox 448 2390 558 2435; x_wconf 88' lang='lat' dir='ltr'><strong>tam</strong></span> <span class='ocrx_word' id='word_1_168' title='bbox 602 2397 631 2435; x_wconf 90' lang='lat' dir='ltr'><strong>a</strong></span> <span class='ocrx_word' id='word_1_169' title='bbox 682 2385 973 2439; x_wconf 90' lang='lat' dir='ltr'><strong>contrariis</strong></span> <span class='ocrx_word' id='word_1_170' title='bbox 1021 2401 1183 2455; x_wconf 87' lang='lat' dir='ltr'><strong>quam</strong></span> <span class='ocrx_word' id='word_1_171' title='bbox 1232 2402 1263 2440; x_wconf 84' lang='lat' dir='ltr'><strong>a</strong></span> <span class='ocrx_word' id='word_1_172' title='bbox 1303 2387 1757 2458; x_wconf 71' lang='lat' dir='ltr'><strong>consequentibus</strong></span> 
     </span>
    </p>
   </div>
   <div class='ocr_carea' id='block_1_26' title="bbox 197 2469 1756 2548">
    <p class='ocr_par' dir='ltr' id='par_1_26' title="bbox 197 2469 1756 2548">
     <span class='ocr_line' id='line_1_26' title="bbox 197 2469 1756 2548; baseline 0.006 -24"><span class='ocrx_word' id='word_1_173' title='bbox 197 2469 335 2525; x_wconf 84' lang='lat' dir='ltr'><strong>rebus</strong></span> <span class='ocrx_word' id='word_1_174' title='bbox 360 2472 572 2541; x_wconf 87' lang='lat' dir='ltr'><strong>possint</strong></span> <span class='ocrx_word' id='word_1_175' title='bbox 600 2475 844 2543; x_wconf 82' lang='lat' dir='ltr'><strong>exempla</strong></span> <span class='ocrx_word' id='word_1_176' title='bbox 891 2475 1263 2533; x_wconf 76' lang='lat' dir='ltr'><strong>tediﬁeationis</strong></span> <span class='ocrx_word' id='word_1_177' title='bbox 1296 2479 1560 2548; x_wconf 85' lang='lat' dir='ltr'><strong>proponi;</strong></span> <span class='ocrx_word' id='word_1_178' title='bbox 1610 2478 1756 2533; x_wconf 84' lang='lat' dir='ltr'><strong>fraus</strong></span> 
     </span>
    </p>
   </div>
   <div class='ocr_carea' id='block_1_27' title="bbox 195 2563 1756 2627">
    <p class='ocr_par' dir='ltr' id='par_1_27' title="bbox 195 2563 1756 2627">
     <span class='ocr_line' id='line_1_27' title="bbox 195 2563 1756 2627; baseline 0.007 -12"><span class='ocrx_word' id='word_1_179' title='bbox 195 2563 316 2625; x_wconf 83' lang='lat' dir='ltr'><strong>enim</strong></span> <span class='ocrx_word' id='word_1_180' title='bbox 356 2564 539 2619; x_wconf 89' lang='lat' dir='ltr'><strong>omnis</strong></span> <span class='ocrx_word' id='word_1_181' title='bbox 587 2568 857 2621; x_wconf 88' lang='lat' dir='ltr'><strong>contraria</strong></span> <span class='ocrx_word' id='word_1_182' title='bbox 905 2578 990 2623; x_wconf 90' lang='lat' dir='ltr'><strong>est</strong></span> <span class='ocrx_word' id='word_1_183' title='bbox 1022 2568 1342 2624; x_wconf 66' lang='lat' dir='ltr'><strong>Christiana!</strong></span> <span class='ocrx_word' id='word_1_184' title='bbox 1372 2570 1494 2625; x_wconf 85' lang='lat' dir='ltr'><strong>fidei</strong></span> <span class='ocrx_word' id='word_1_185' title='bbox 1533 2580 1586 2625; x_wconf 87' lang='lat' dir='ltr'><strong>et</strong></span> <span class='ocrx_word' id='word_1_186' title='bbox 1635 2571 1756 2627; x_wconf 89' lang='lat' dir='ltr'><strong>ideo</strong></span> 
     </span>
    </p>
   </div>
   <div class='ocr_carea' id='block_1_28' title="bbox 194 2649 1757 2728">
    <p class='ocr_par' dir='ltr' id='par_1_28' title="bbox 194 2649 1757 2728">
     <span class='ocr_line' id='line_1_28' title="bbox 194 2649 1757 2728; baseline 0.006 -23"><span class='ocrx_word' id='word_1_187' title='bbox 194 2649 312 2706; x_wconf 78' lang='lat' dir='ltr'><strong>hanc</strong></span> <span class='ocrx_word' id='word_1_188' title='bbox 336 2650 521 2727; x_wconf 72' lang='lat' dir='ltr'><strong>facere</strong></span> <span class='ocrx_word' id='word_1_189' title='bbox 556 2654 679 2710; x_wconf 84' lang='lat' dir='ltr'><strong>licet</strong></span> <span class='ocrx_word' id='word_1_190' title='bbox 707 2655 859 2712; x_wconf 90' lang='lat' dir='ltr'><strong>nulli.</strong></span> <span class='ocrx_word' id='word_1_191' title='bbox 894 2655 997 2711; x_wconf 87' lang='lat' dir='ltr'><strong>Sed</strong></span> <span class='ocrx_word' id='word_1_192' title='bbox 1031 2667 1210 2715; x_wconf 88' lang='lat' dir='ltr'><strong>tamen</strong></span> <span class='ocrx_word' id='word_1_193' title='bbox 1240 2659 1419 2728; x_wconf 87' lang='lat' dir='ltr'><strong>aliquo</strong></span> <span class='ocrx_word' id='word_1_194' title='bbox 1448 2660 1607 2716; x_wconf 92' lang='lat' dir='ltr'><strong>modo</strong></span> <span class='ocrx_word' id='word_1_195' title='bbox 1637 2676 1757 2728; x_wconf 80' lang='lat' dir='ltr'><strong>pos-</strong></span> 
     </span>
    </p>
   </div>
   <div class='ocr_carea' id='block_1_29' title="bbox 194 2743 1755 2818">
    <p class='ocr_par' dir='ltr' id='par_1_29' title="bbox 194 2743 1755 2818">
     <span class='ocr_line' id='line_1_29' title="bbox 194 2743 1755 2818; baseline 0.006 -25"><span class='ocrx_word' id='word_1_196' title='bbox 194 2753 359 2795; x_wconf 85' lang='lat' dir='ltr'><strong>sumus</strong></span> <span class='ocrx_word' id='word_1_197' title='bbox 390 2743 584 2797; x_wconf 87' lang='lat' dir='ltr'><strong>exinde</strong></span> <span class='ocrx_word' id='word_1_198' title='bbox 630 2744 904 2808; x_wconf 63' lang='lat' dir='ltr'><strong>aedificari,</strong></span> <span class='ocrx_word' id='word_1_199' title='bbox 936 2747 1280 2802; x_wconf 85' lang='lat' dir='ltr'><strong>attendentes</strong></span> <span class='ocrx_word' id='word_1_200' title='bbox 1308 2748 1516 2802; x_wconf 87' lang='lat' dir='ltr'><strong>scilicet</strong></span> <span class='ocrx_word' id='word_1_201' title='bbox 1558 2750 1682 2818; x_wconf 87' lang='lat' dir='ltr'><strong>quia</strong></span> <span class='ocrx_word' id='word_1_202' title='bbox 1708 2749 1755 2804; x_wconf 85' lang='lat' dir='ltr'><strong>si</strong></span> 
     </span>
    </p>
   </div>
   <div class='ocr_carea' id='block_1_30' title="bbox 192 2830 1756 2912">
    <p class='ocr_par' dir='ltr' id='par_1_30' title="bbox 192 2830 1756 2912">
     <span class='ocr_line' id='line_1_30' title="bbox 192 2830 1756 2912; baseline 0.006 -25"><span class='ocrx_word' id='word_1_203' title='bbox 192 2830 361 2901; x_wconf 74' lang='lat' dir='ltr'><strong>aliquis</strong></span> <span class='ocrx_word' id='word_1_204' title='bbox 415 2836 752 2891; x_wconf 71' lang='lat' dir='ltr'><strong>stecularium</strong></span> <span class='ocrx_word' id='word_1_205' title='bbox 803 2853 901 2908; x_wconf 91' lang='lat' dir='ltr'><strong>per</strong></span> <span class='ocrx_word' id='word_1_206' title='bbox 943 2837 1186 2893; x_wconf 86' lang='lat' dir='ltr'><strong>fraudem</strong></span> <span class='ocrx_word' id='word_1_207' title='bbox 1216 2854 1328 2912; x_wconf 70' lang='lat' dir='ltr'><strong>sua:</strong></span> <span class='ocrx_word' id='word_1_208' title='bbox 1365 2841 1582 2896; x_wconf 87' lang='lat' dir='ltr'><strong>utilitati</strong></span> <span class='ocrx_word' id='word_1_209' title='bbox 1627 2857 1756 2912; x_wconf 88' lang='lat' dir='ltr'><strong>pro-</strong></span> 
     </span>
    </p>
   </div>
   <div class='ocr_carea' id='block_1_31' title="bbox 192 2903 1758 3001">
    <p class='ocr_par' dir='ltr' id='par_1_31' title="bbox 192 2903 1758 3001">
     <span class='ocr_line' id='line_1_31' title="bbox 192 2903 1758 3001; baseline 0.006 -24"><span class='ocrx_word' id='word_1_210' title='bbox 192 2922 331 2988; x_wconf 78' lang='lat' dir='ltr'><strong>spicit</strong></span> <span class='ocrx_word' id='word_1_211' title='bbox 372 2924 432 2977; x_wconf 87' lang='lat' dir='ltr'><strong>in</strong></span> <span class='ocrx_word' id='word_1_212' title='bbox 480 2924 743 2991; x_wconf 87' lang='lat' dir='ltr'><strong>futurum,</strong></span> <span class='ocrx_word' id='word_1_213' title='bbox 774 2903 959 2982; x_wconf 77' lang='lat' dir='ltr'><strong>multo</strong></span> <span class='ocrx_word' id='word_1_214' title='bbox 1000 2930 1170 2999; x_wconf 79' lang='lat' dir='ltr'><strong>magis</strong></span> <span class='ocrx_word' id='word_1_215' title='bbox 1214 2903 1313 2985; x_wconf 67' lang='lat' dir='ltr'><strong>rios</strong></span> <span class='ocrx_word' id='word_1_216' title='bbox 1358 2903 1758 3001; x_wconf 44' lang='lat' dir='ltr'><strong>debemus-per</strong></span> 
     </span>
    </p>
   </div>
   <div class='ocr_carea' id='block_1_32' title="bbox 192 3008 1756 3087">
    <p class='ocr_par' dir='ltr' id='par_1_32' title="bbox 192 3008 1756 3087">
     <span class='ocr_line' id='line_1_32' title="bbox 192 3008 1756 3087; baseline 0.01 -26"><span class='ocrx_word' id='word_1_217' title='bbox 192 3008 570 3083; x_wconf 70' lang='lat' dir='ltr'><strong>elemosynam</strong></span> <span class='ocrx_word' id='word_1_218' title='bbox 597 3014 744 3084; x_wconf 80' lang='lat' dir='ltr'><strong>justo</strong></span> <span class='ocrx_word' id='word_1_219' title='bbox 767 3018 1082 3085; x_wconf 85' lang='lat' dir='ltr'><strong>acquisitam</strong></span> <span class='ocrx_word' id='word_1_220' title='bbox 1114 3008 1416 3087; x_wconf 78' lang='lat' dir='ltr'><strong>providere,</strong></span> <span class='ocrx_word' id='word_1_221' title='bbox 1452 3035 1572 3087; x_wconf 79' lang='lat' dir='ltr'><strong>quae</strong></span> <span class='ocrx_word' id='word_1_222' title='bbox 1601 3021 1756 3076; x_wconf 81' lang='lat' dir='ltr'><strong>nobis</strong></span> 
     </span>
    </p>
   </div>
   <div class='ocr_carea' id='block_1_33' title="bbox 192 3095 1825 3180">
    <p class='ocr_par' dir='ltr' id='par_1_33' title="bbox 192 3095 1825 3180">
     <span class='ocr_line' id='line_1_33' title="bbox 192 3095 1825 3180; baseline 0.012 -29"><span class='ocrx_word' id='word_1_223' title='bbox 192 3095 236 3152; x_wconf 83' lang='lat' dir='ltr'><strong>in</strong></span> <span class='ocrx_word' id='word_1_224' title='bbox 263 3100 439 3155; x_wconf 85' lang='lat' dir='ltr'><strong>lutnra</strong></span> <span class='ocrx_word' id='word_1_225' title='bbox 470 3103 580 3158; x_wconf 81' lang='lat' dir='ltr'><strong>vita</strong></span> <span class='ocrx_word' id='word_1_226' title='bbox 608 3107 920 3174; x_wconf 79' lang='lat' dir='ltr'><strong>expediunt.</strong></span> <span class='ocrx_word' id='word_1_227' title='bbox 962 3107 1060 3161; x_wconf 87' lang='lat' dir='ltr'><strong>Cui</strong></span> <span class='ocrx_word' id='word_1_228' title='bbox 1093 3108 1345 3163; x_wconf 87' lang='lat' dir='ltr'><strong>nimirum</strong></span> <span class='ocrx_word' id='word_1_229' title='bbox 1390 3110 1636 3180; x_wconf 84' lang='lat' dir='ltr'><strong>exemplo</strong></span> <span class='ocrx_word' id='word_1_230' title='bbox 1681 3110 1757 3165; x_wconf 83' lang='lat' dir='ltr'><strong>si-</strong></span> <span class='ocrx_word' id='word_1_231' title='bbox 1784 3151 1825 3180; x_wconf 82' lang='grc'><strong>,-.</strong></span> 
     </span>
    </p>
   </div>
   <div class='ocr_carea' id='block_1_34' title="bbox 194 3189 1751 3265">
    <p class='ocr_par' dir='ltr' id='par_1_34' title="bbox 194 3189 1751 3265">
     <span class='ocr_line' id='line_1_34' title="bbox 194 3189 1751 3265; baseline 0.009 -26"><span class='ocrx_word' id='word_1_232' title='bbox 194 3189 301 3243; x_wconf 85' lang='lat' dir='ltr'><strong>mile</strong></span> <span class='ocrx_word' id='word_1_233' title='bbox 344 3193 537 3247; x_wconf 68' lang='grc' dir='ltr'><strong>εδιεεί</strong></span> <span class='ocrx_word' id='word_1_234' title='bbox 585 3195 780 3265; x_wconf 83' lang='lat' dir='ltr'><strong>aliquis</strong></span> <span class='ocrx_word' id='word_1_235' title='bbox 838 3195 1119 3264; x_wconf 72' lang='lat' dir='ltr'><strong>religiosus</strong></span> <span class='ocrx_word' id='word_1_236' title='bbox 1176 3199 1363 3253; x_wconf 80' lang='lat' dir='ltr'><strong>videns</strong></span> <span class='ocrx_word' id='word_1_237' title='bbox 1412 3201 1751 3256; x_wconf 85' lang='lat' dir='ltr'><strong>meretricem</strong></span> 
     </span>
    </p>
   </div>
   <div class='ocr_carea' id='block_1_35' title="bbox 192 3281 1756 3359">
    <p class='ocr_par' dir='ltr' id='par_1_35' title="bbox 192 3281 1756 3359">
     <span class='ocr_line' id='line_1_35' title="bbox 192 3281 1756 3359; baseline 0.01 -29"><span class='ocrx_word' id='word_1_238' title='bbox 192 3281 482 3351; x_wconf 77' lang='lat' dir='ltr'><strong>omnimodo</strong></span> <span class='ocrx_word' id='word_1_239' title='bbox 513 3294 759 3338; x_wconf 85' lang='lat' dir='ltr'><strong>ornatam</strong></span> <span class='ocrx_word' id='word_1_240' title='bbox 791 3288 1125 3341; x_wconf 84' lang='lat' dir='ltr'><strong>amatoribus</strong></span> <span class='ocrx_word' id='word_1_241' title='bbox 1169 3289 1282 3343; x_wconf 90' lang='lat' dir='ltr'><strong>suis</strong></span> <span class='ocrx_word' id='word_1_242' title='bbox 1320 3304 1442 3343; x_wconf 86' lang='lat' dir='ltr'><strong>mox</strong></span> <span class='ocrx_word' id='word_1_243' title='bbox 1476 3299 1647 3359; x_wconf 90' lang='lat' dir='ltr'><strong>optet,</strong></span> <span class='ocrx_word' id='word_1_244' title='bbox 1675 3291 1756 3345; x_wconf 87' lang='lat' dir='ltr'><strong>di-</strong></span> 
     </span>
    </p>
   </div>
   <div class='ocr_carea' id='block_1_36' title="bbox 194 3371 1757 3449">
    <p class='ocr_par' dir='ltr' id='par_1_36' title="bbox 194 3371 1757 3449">
     <span class='ocr_line' id='line_1_36' title="bbox 194 3371 1757 3449; baseline 0.01 -25"><span class='ocrx_word' id='word_1_245' title='bbox 194 3384 336 3427; x_wconf 87' lang='lat' dir='ltr'><strong>cens:</strong></span> <span class='ocrx_word' id='word_1_246' title='bbox 367 3371 583 3428; x_wconf 84' lang='lat' dir='ltr'><strong>Utinam</strong></span> <span class='ocrx_word' id='word_1_247' title='bbox 604 3389 705 3446; x_wconf 80' lang='lat' dir='ltr'><strong>ego</strong></span> <span class='ocrx_word' id='word_1_248' title='bbox 731 3376 803 3431; x_wconf 90' lang='lat' dir='ltr'><strong>ita</strong></span> <span class='ocrx_word' id='word_1_249' title='bbox 832 3379 1103 3434; x_wconf 73' lang='lat' dir='ltr'><strong>studerent</strong></span> <span class='ocrx_word' id='word_1_250' title='bbox 1136 3380 1347 3449; x_wconf 86' lang='lat' dir='ltr'><strong>placere</strong></span> <span class='ocrx_word' id='word_1_251' title='bbox 1377 3380 1593 3437; x_wconf 83' lang='lat' dir='ltr'><strong>Christo</strong></span> <span class='ocrx_word' id='word_1_252' title='bbox 1615 3384 1757 3439; x_wconf 88' lang='lat' dir='ltr'><strong>sicut</strong></span> 
     </span>
    </p>
   </div>
   <div class='ocr_carea' id='block_1_37' title="bbox 194 3460 1765 3545">
    <p class='ocr_par' dir='ltr' id='par_1_37' title="bbox 194 3460 1765 3545">
     <span class='ocr_line' id='line_1_37' title="bbox 194 3460 1765 3545; baseline 0.011 -32"><span class='ocrx_word' id='word_1_253' title='bbox 194 3460 280 3516; x_wconf 86' lang='lat' dir='ltr'><strong>ista</strong></span> <span class='ocrx_word' id='word_1_254' title='bbox 304 3466 563 3520; x_wconf 78' lang='lat' dir='ltr'><strong>meretrix</strong></span> <span class='ocrx_word' id='word_1_255' title='bbox 597 3468 778 3522; x_wconf 91' lang='lat' dir='ltr'><strong>studet</strong></span> <span class='ocrx_word' id='word_1_256' title='bbox 799 3468 1014 3537; x_wconf 83' lang='lat' dir='ltr'><strong>placere</strong></span> <span class='ocrx_word' id='word_1_257' title='bbox 1038 3472 1238 3527; x_wconf 88' lang='lat' dir='ltr'><strong>mundo</strong></span> <span class='ocrx_word' id='word_1_258' title='bbox 1262 3488 1277 3537; x_wconf 89' lang='lat'><strong>;</strong></span> <span class='ocrx_word' id='word_1_259' title='bbox 1305 3473 1386 3527; x_wconf 90' lang='lat' dir='ltr'><strong>vel</strong></span> <span class='ocrx_word' id='word_1_260' title='bbox 1413 3474 1457 3528; x_wconf 90' lang='lat' dir='ltr'><strong>si</strong></span> <span class='ocrx_word' id='word_1_261' title='bbox 1489 3475 1610 3543; x_wconf 87' lang='lat' dir='ltr'><strong>quis</strong></span> <span class='ocrx_word' id='word_1_262' title='bbox 1642 3475 1765 3545; x_wconf 11' lang='lat' dir='ltr'><strong>spi-r</strong></span> 
     </span>
    </p>
   </div>
   <div class='ocr_carea' id='block_1_38' title="bbox 195 3552 1752 3629">
    <p class='ocr_par' dir='ltr' id='par_1_38' title="bbox 195 3552 1752 3629">
     <span class='ocr_line' id='line_1_38' title="bbox 195 3552 1752 3629; baseline 0.012 -25"><span class='ocrx_word' id='word_1_263' title='bbox 195 3552 384 3617; x_wconf 80' lang='lat' dir='ltr'><strong>ritualis</strong></span> <span class='ocrx_word' id='word_1_264' title='bbox 432 3557 625 3612; x_wconf 89' lang='lat' dir='ltr'><strong>doctor</strong></span> <span class='ocrx_word' id='word_1_265' title='bbox 670 3558 965 3628; x_wconf 87' lang='lat' dir='ltr'><strong>discipulos</strong></span> <span class='ocrx_word' id='word_1_266' title='bbox 1014 3577 1142 3617; x_wconf 90' lang='lat' dir='ltr'><strong>suos</strong></span> <span class='ocrx_word' id='word_1_267' title='bbox 1187 3566 1497 3629; x_wconf 88' lang='lat' dir='ltr'><strong>admoneat,</strong></span> <span class='ocrx_word' id='word_1_268' title='bbox 1529 3565 1752 3621; x_wconf 88' lang='lat' dir='ltr'><strong>dicens:</strong></span> 
     </span>
    </p>
   </div>
   <div class='ocr_carea' id='block_1_39' title="bbox 196 3642 1757 3726">
    <p class='ocr_par' dir='ltr' id='par_1_39' title="bbox 196 3642 1757 3726">
     <span class='ocr_line' id='line_1_39' title="bbox 196 3642 1757 3726; baseline 0.007 -25"><span class='ocrx_word' id='word_1_269' title='bbox 196 3642 331 3713; x_wconf 80' lang='lat' dir='ltr'><strong>Sicut</strong></span> <span class='ocrx_word' id='word_1_270' title='bbox 356 3648 505 3702; x_wconf 87' lang='lat' dir='ltr'><strong>multi</strong></span> <span class='ocrx_word' id='word_1_271' title='bbox 535 3650 763 3705; x_wconf 90' lang='lat' dir='ltr'><strong>studiosi</strong></span> <span class='ocrx_word' id='word_1_272' title='bbox 795 3661 921 3707; x_wconf 90' lang='lat' dir='ltr'><strong>sunt</strong></span> <span class='ocrx_word' id='word_1_273' title='bbox 947 3653 1013 3707; x_wconf 86' lang='lat' dir='ltr'><strong>ad</strong></span> <span class='ocrx_word' id='word_1_274' title='bbox 1040 3653 1387 3711; x_wconf 84' lang='lat' dir='ltr'><strong>obtinendam</strong></span> <span class='ocrx_word' id='word_1_275' title='bbox 1417 3658 1757 3726; x_wconf 88' lang='lat' dir='ltr'><strong>prudentiam</strong></span> 
     </span>
    </p>
   </div>
   <div class='ocr_carea' id='block_1_40' title="bbox 196 3728 1765 3816">
    <p class='ocr_par' dir='ltr' id='par_1_40' title="bbox 196 3728 1765 3816">
     <span class='ocr_line' id='line_1_40' title="bbox 196 3728 1765 3816; baseline 0.011 -29"><span class='ocrx_word' id='word_1_276' title='bbox 196 3737 376 3803; x_wconf 87' lang='lat' dir='ltr'><strong>carnis,</strong></span> <span class='ocrx_word' id='word_1_277' title='bbox 413 3739 486 3795; x_wconf 87' lang='lat' dir='ltr'><strong>ita</strong></span> <span class='ocrx_word' id='word_1_278' title='bbox 514 3749 575 3805; x_wconf 83' lang='lat' dir='ltr'><strong>et</strong></span> <span class='ocrx_word' id='word_1_279' title='bbox 595 3728 689 3796; x_wconf 85' lang='lat' dir='ltr'><strong>vos</strong></span> <span class='ocrx_word' id='word_1_280' title='bbox 720 3743 933 3799; x_wconf 88' lang='lat' dir='ltr'><strong>studete</strong></span> <span class='ocrx_word' id='word_1_281' title='bbox 964 3751 1022 3797; x_wconf 91' lang='lat' dir='ltr'><strong>ut</strong></span> <span class='ocrx_word' id='word_1_282' title='bbox 1055 3745 1389 3814; x_wconf 85' lang='lat' dir='ltr'><strong>spiritualem</strong></span> <span class='ocrx_word' id='word_1_283' title='bbox 1412 3747 1765 3816; x_wconf 74' lang='lat' dir='ltr'><strong>prudentiam.</strong></span> 
     </span>
    </p>
   </div>
   <div class='ocr_carea' id='block_1_41' title="bbox 196 3827 1759 3909">
    <p class='ocr_par' dir='ltr' id='par_1_41' title="bbox 196 3827 1759 3909">
     <span class='ocr_line' id='line_1_41' title="bbox 196 3827 1759 3909; baseline 0.009 -27"><span class='ocrx_word' id='word_1_284' title='bbox 196 3827 481 3896; x_wconf 79' lang='lat' dir='ltr'><strong>obtineatis,</strong></span> <span class='ocrx_word' id='word_1_285' title='bbox 519 3848 640 3897; x_wconf 79' lang='lat' dir='ltr'><strong>cum</strong></span> <span class='ocrx_word' id='word_1_286' title='bbox 669 3847 921 3902; x_wconf 82' lang='lat' dir='ltr'><strong>perversa</strong></span> <span class='ocrx_word' id='word_1_287' title='bbox 936 3836 1019 3890; x_wconf 76' lang='lat' dir='ltr'><strong>sit</strong></span> <span class='ocrx_word' id='word_1_288' title='bbox 1040 3844 1096 3890; x_wconf 90' lang='lat' dir='ltr'><strong>et</strong></span> <span class='ocrx_word' id='word_1_289' title='bbox 1118 3839 1372 3893; x_wconf 77' lang='lat' dir='ltr'><strong>meretrix</strong></span> <span class='ocrx_word' id='word_1_290' title='bbox 1398 3847 1453 3894; x_wconf 90' lang='lat' dir='ltr'><strong>et</strong></span> <span class='ocrx_word' id='word_1_291' title='bbox 1477 3840 1759 3909; x_wconf 86' lang='lat' dir='ltr'><strong>prudentia</strong></span> 
     </span>
    </p>
   </div>
   <div class='ocr_carea' id='block_1_42' title="bbox 197 3921 1763 4005">
    <p class='ocr_par' dir='ltr' id='par_1_42' title="bbox 197 3921 1763 4005">
     <span class='ocr_line' id='line_1_42' title="bbox 197 3921 1763 4005; baseline 0.012 -34"><span class='ocrx_word' id='word_1_292' title='bbox 197 3921 470 3977; x_wconf 72' lang='lat' dir='ltr'><strong>stccularis.</strong></span> <span class='ocrx_word' id='word_1_293' title='bbox 496 3924 573 3981; x_wconf 73' lang='lat' dir='ltr'><strong>Ex</strong></span> <span class='ocrx_word' id='word_1_294' title='bbox 603 3926 801 3995; x_wconf 88' lang='lat' dir='ltr'><strong>quibus</strong></span> <span class='ocrx_word' id='word_1_295' title='bbox 820 3928 1095 3997; x_wconf 80' lang='lat' dir='ltr'><strong>colligitur</strong></span> <span class='ocrx_word' id='word_1_296' title='bbox 1114 3930 1241 4000; x_wconf 85' lang='lat' dir='ltr'><strong>quia</strong></span> <span class='ocrx_word' id='word_1_297' title='bbox 1267 3932 1498 4001; x_wconf 87' lang='lat' dir='ltr'><strong>pessima</strong></span> <span class='ocrx_word' id='word_1_298' title='bbox 1532 3949 1763 4005; x_wconf 67' lang='lat' dir='ltr'><strong>quaeriue</strong></span> 
     </span>
    </p>
   </div>
   <div class='ocr_carea' id='block_1_43' title="bbox 200 4010 1207 4091">
    <p class='ocr_par' dir='ltr' id='par_1_43' title="bbox 200 4010 1207 4091">
     <span class='ocr_line' id='line_1_43' title="bbox 200 4010 1207 4091; baseline 0.013 -26"><span class='ocrx_word' id='word_1_299' title='bbox 200 4010 254 4065; x_wconf 81' lang='lat' dir='ltr'><strong>ad</strong></span> <span class='ocrx_word' id='word_1_300' title='bbox 287 4013 690 4073; x_wconf 67' lang='lat' dir='ltr'><strong>mdiﬁcatiouem</strong></span> <span class='ocrx_word' id='word_1_301' title='bbox 720 4021 923 4075; x_wconf 85' lang='lat' dir='ltr'><strong>assumi</strong></span> <span class='ocrx_word' id='word_1_302' title='bbox 960 4030 1207 4091; x_wconf 54' lang='lat' dir='ltr'><strong>possunt.</strong></span> 
     </span>
    </p>
   </div>
   <div class='ocr_carea' id='block_1_44' title="bbox 764 4214 1123 4276">
    <p class='ocr_par' dir='ltr' id='par_1_44' title="bbox 764 4214 1123 4276">
     <span class='ocr_line' id='line_1_44' title="bbox 764 4214 1123 4276; baseline -0.003 -2"><span class='ocrx_word' id='word_1_303' title='bbox 764 4249 769 4259; x_wconf 75' lang='grc' dir='ltr'>ι</span> <span class='ocrx_word' id='word_1_304' title='bbox 813 4214 1040 4276; x_wconf 79' lang='lat' dir='ltr'><strong>CAPUT</strong></span> <span class='ocrx_word' id='word_1_305' title='bbox 1067 4219 1123 4274; x_wconf 86' lang='lat' dir='ltr'><strong>V.</strong></span> 
     </span>
    </p>
   </div>
   <div class='ocr_carea' id='block_1_45' title="bbox 197 4346 1762 4427">
    <p class='ocr_par' dir='ltr' id='par_1_45' title="bbox 197 4346 1762 4427">
     <span class='ocr_line' id='line_1_45' title="bbox 197 4346 1762 4427; baseline 0.01 -29"><span class='ocrx_word' id='word_1_306' title='bbox 197 4346 309 4427; x_wconf 57' lang='grc' dir='ltr'><strong>ᾼΙῐίς</strong></span> <span class='ocrx_word' id='word_1_307' title='bbox 344 4353 630 4427; x_wconf 36' lang='lat' dir='ltr'><strong>parabolae;</strong></span> <span class='ocrx_word' id='word_1_308' title='bbox 682 4363 733 4409; x_wconf 80' lang='lat' dir='ltr'><strong>et</strong></span> <span class='ocrx_word' id='word_1_309' title='bbox 777 4354 1089 4427; x_wconf 72' lang='lat' dir='ltr'><strong>documenta</strong></span> <span class='ocrx_word' id='word_1_310' title='bbox 1135 4358 1474 4427; x_wconf 78' lang='lat' dir='ltr'><strong>proferuntur</strong></span> <span class='ocrx_word' id='word_1_311' title='bbox 1512 4377 1577 4415; x_wconf 80' lang='lat' dir='ltr'><strong>ea:</strong></span> <span class='ocrx_word' id='word_1_312' title='bbox 1626 4359 1762 4415; x_wconf 86' lang='lat' dir='ltr'><strong>Novi</strong></span> 
     </span>
    </p>
   </div>
   <div class='ocr_carea' id='block_1_46' title="bbox 214 4418 1762 4499">
    <p class='ocr_par' dir='ltr' id='par_1_46' title="bbox 214 4418 1762 4499">
     <span class='ocr_line' id='line_1_46' title="bbox 214 4418 1762 4499; baseline 0.009 -28"><span class='ocrx_word' id='word_1_313' title='bbox 214 4421 225 4428; x_wconf 78' lang='grc'><strong>’</strong></span> <span class='ocrx_word' id='word_1_314' title='bbox 265 4418 874 4499; x_wconf 68' lang='lat' dir='ltr'><strong>Veterisqiie-Tetnmenti</strong></span> <span class='ocrx_word' id='word_1_315' title='bbox 920 4426 1088 4488; x_wconf 83' lang='lat' dir='ltr'><strong>libris,</strong></span> <span class='ocrx_word' id='word_1_316' title='bbox 1120 4418 1306 4499; x_wconf 65' lang='lat' dir='ltr'><strong>quibus</strong></span> <span class='ocrx_word' id='word_1_317' title='bbox 1345 4429 1518 4482; x_wconf 78' lang='lat' dir='ltr'><strong>clerici</strong></span> <span class='ocrx_word' id='word_1_318' title='bbox 1547 4430 1615 4483; x_wconf 78' lang='lat' dir='ltr'><strong>ad</strong></span> <span class='ocrx_word' id='word_1_319' title='bbox 1639 4448 1762 4499; x_wconf 86' lang='lat' dir='ltr'><strong>per-</strong></span> 
     </span>
    </p>
   </div>
   <div class='ocr_carea' id='block_1_47' title="bbox 215 4494 1601 4561">
    <p class='ocr_par' dir='ltr' id='par_1_47' title="bbox 215 4494 1601 4561">
     <span class='ocr_line' id='line_1_47' title="bbox 215 4494 1601 4561; baseline 0.008 -18"><span class='ocrx_word' id='word_1_320' title='bbox 215 4510 225 4517; x_wconf 89' lang='grc'>·</span> <span class='ocrx_word' id='word_1_321' title='bbox 254 4495 475 4546; x_wconf 69' lang='lat' dir='ltr'><strong>saltenda</strong></span> <span class='ocrx_word' id='word_1_322' title='bbox 500 4494 627 4547; x_wconf 77' lang='lat' dir='ltr'><strong>uitia</strong></span> <span class='ocrx_word' id='word_1_323' title='bbox 649 4504 756 4547; x_wconf 84' lang='lat' dir='ltr'><strong>tum</strong></span> <span class='ocrx_word' id='word_1_324' title='bbox 793 4494 849 4549; x_wconf 86' lang='lat' dir='ltr'><strong>in</strong></span> <span class='ocrx_word' id='word_1_325' title='bbox 877 4511 933 4549; x_wconf 80' lang='lat' dir='ltr'><strong>se</strong></span> <span class='ocrx_word' id='word_1_326' title='bbox 960 4534 974 4561; x_wconf 95' lang='lat'><strong>,</strong></span> <span class='ocrx_word' id='word_1_327' title='bbox 998 4505 1108 4549; x_wconf 82' lang='lat' dir='ltr'><strong>tum</strong></span> <span class='ocrx_word' id='word_1_328' title='bbox 1133 4494 1191 4551; x_wconf 81' lang='lat' dir='ltr'><strong>in</strong></span> <span class='ocrx_word' id='word_1_329' title='bbox 1218 4498 1338 4552; x_wconf 83' lang='lat' dir='ltr'><strong>aliis</strong></span> <span class='ocrx_word' id='word_1_330' title='bbox 1367 4508 1601 4554; x_wconf 81' lang='lat' dir='ltr'><strong>utantur.</strong></span> 
     </span>
    </p>
   </div>
   <div class='ocr_carea' id='block_1_48' title="bbox 255 4645 1756 4724">
    <p class='ocr_par' dir='ltr' id='par_1_48' title="bbox 255 4645 1756 4724">
     <span class='ocr_line' id='line_1_48' title="bbox 255 4645 1756 4724; baseline 0.008 -26"><span class='ocrx_word' id='word_1_331' title='bbox 255 4645 472 4704; x_wconf 80' lang='lat' dir='ltr'><strong>Rursum</strong></span> <span class='ocrx_word' id='word_1_332' title='bbox 512 4666 585 4706; x_wconf 91' lang='lat' dir='ltr'><strong>ne</strong></span> <span class='ocrx_word' id='word_1_333' title='bbox 633 4659 857 4719; x_wconf 83' lang='lat' dir='ltr'><strong>propter</strong></span> <span class='ocrx_word' id='word_1_334' title='bbox 896 4650 1072 4721; x_wconf 88' lang='lat' dir='ltr'><strong>aliqua</strong></span> <span class='ocrx_word' id='word_1_335' title='bbox 1110 4652 1251 4709; x_wconf 86' lang='lat' dir='ltr'><strong>bona</strong></span> <span class='ocrx_word' id='word_1_336' title='bbox 1292 4669 1454 4724; x_wconf 88' lang='lat' dir='ltr'><strong>opera</strong></span> <span class='ocrx_word' id='word_1_337' title='bbox 1508 4655 1756 4710; x_wconf 68' lang='lat' dir='ltr'><strong>humanm</strong></span> 
     </span>
    </p>
   </div>
   <div class='ocr_carea' id='block_1_49' title="bbox 196 4731 1754 4812">
    <p class='ocr_par' dir='ltr' id='par_1_49' title="bbox 196 4731 1754 4812">
     <span class='ocr_line' id='line_1_49' title="bbox 196 4731 1754 4812; baseline 0.008 -24"><span class='ocrx_word' id='word_1_338' title='bbox 196 4731 343 4795; x_wconf 79' lang='lat' dir='ltr'><strong>laudis</strong></span> <span class='ocrx_word' id='word_1_339' title='bbox 377 4741 619 4810; x_wconf 89' lang='lat' dir='ltr'><strong>appetitu</strong></span> <span class='ocrx_word' id='word_1_340' title='bbox 656 4741 923 4811; x_wconf 88' lang='lat' dir='ltr'><strong>impulsus</strong></span> <span class='ocrx_word' id='word_1_341' title='bbox 966 4753 1274 4812; x_wconf 90' lang='lat' dir='ltr'><strong>superetur,</strong></span> <span class='ocrx_word' id='word_1_342' title='bbox 1320 4747 1565 4802; x_wconf 87' lang='lat' dir='ltr'><strong>attendat</strong></span> <span class='ocrx_word' id='word_1_343' title='bbox 1611 4746 1754 4801; x_wconf 89' lang='lat' dir='ltr'><strong>illam</strong></span> 
     </span>
    </p>
   </div>
   <div class='ocr_carea' id='block_1_50' title="bbox 195 4831 1756 4904">
    <p class='ocr_par' dir='ltr' id='par_1_50' title="bbox 195 4831 1756 4904">
     <span class='ocr_line' id='line_1_50' title="bbox 195 4831 1756 4904; baseline 0.01 -25"><span class='ocrx_word' id='word_1_344' title='bbox 195 4831 475 4893; x_wconf 85' lang='lat' dir='ltr'><strong>parabolam</strong></span> <span class='ocrx_word' id='word_1_345' title='bbox 502 4847 517 4884; x_wconf 89' lang='lat'><strong>:</strong></span> <span class='ocrx_word' id='word_1_346' title='bbox 548 4831 730 4888; x_wconf 80' lang='lat' dir='ltr'><strong>Simile</strong></span> <span class='ocrx_word' id='word_1_347' title='bbox 754 4844 830 4888; x_wconf 80' lang='lat' dir='ltr'><strong>est</strong></span> <span class='ocrx_word' id='word_1_348' title='bbox 855 4850 1070 4904; x_wconf 78' lang='lat' dir='ltr'><strong>regnum</strong></span> <span class='ocrx_word' id='word_1_349' title='bbox 1094 4836 1344 4891; x_wconf 70' lang='lat' dir='ltr'><strong>caelorum</strong></span> <span class='ocrx_word' id='word_1_350' title='bbox 1370 4838 1616 4895; x_wconf 81' lang='lat' dir='ltr'><strong>thesauro</strong></span> <span class='ocrx_word' id='word_1_351' title='bbox 1636 4840 1756 4894; x_wconf 80' lang='lat' dir='ltr'><strong>abs-</strong></span> 
     </span>
    </p>
   </div>
   <div class='ocr_carea' id='block_1_51' title="bbox 197 4921 1746 4997">
    <p class='ocr_par' dir='ltr' id='par_1_51' title="bbox 197 4921 1746 4997">
     <span class='ocr_line' id='line_1_51' title="bbox 197 4921 1746 4997; baseline 0.01 -28"><span class='ocrx_word' id='word_1_352' title='bbox 197 4921 374 4974; x_wconf 79' lang='lat' dir='ltr'><strong>condito</strong></span> <span class='ocrx_word' id='word_1_353' title='bbox 418 4924 473 4977; x_wconf 84' lang='lat' dir='ltr'><strong>in</strong></span> <span class='ocrx_word' id='word_1_354' title='bbox 520 4941 670 4995; x_wconf 81' lang='lat' dir='ltr'><strong>agro,</strong></span> <span class='ocrx_word' id='word_1_355' title='bbox 698 4934 816 4982; x_wconf 74' lang='lat' dir='ltr'><strong>etc.‘</strong></span> <span class='ocrx_word' id='word_1_356' title='bbox 851 4924 1070 4996; x_wconf 69' lang='lat' dir='ltr'><strong>(Matth.</strong></span> <span class='ocrx_word' id='word_1_357' title='bbox 1109 4944 1242 4997; x_wconf 78' lang='lat' dir='ltr'><strong>xm,</strong></span> <span class='ocrx_word' id='word_1_358' title='bbox 1278 4928 1391 4996; x_wconf 73' lang='grc' dir='ltr'><strong>Η).</strong></span> <span class='ocrx_word' id='word_1_359' title='bbox 1443 4929 1556 4986; x_wconf 87' lang='lat' dir='ltr'><strong>Nisi</strong></span> <span class='ocrx_word' id='word_1_360' title='bbox 1600 4931 1746 4986; x_wconf 88' lang='lat' dir='ltr'><strong>enim</strong></span> 
     </span>
    </p>
   </div>
   <div class='ocr_carea' id='block_1_52' title="bbox 196 5012 1754 5091">
    <p class='ocr_par' dir='ltr' id='par_1_52' title="bbox 196 5012 1754 5091">
     <span class='ocr_line' id='line_1_52' title="bbox 196 5012 1754 5091; baseline 0.008 -27"><span class='ocrx_word' id='word_1_361' title='bbox 196 5012 311 5067; x_wconf 78' lang='lat' dir='ltr'><strong>actio</strong></span> <span class='ocrx_word' id='word_1_362' title='bbox 338 5014 473 5068; x_wconf 90' lang='lat' dir='ltr'><strong>bona</strong></span> <span class='ocrx_word' id='word_1_363' title='bbox 504 5016 776 5071; x_wconf 88' lang='lat' dir='ltr'><strong>interdum</strong></span> <span class='ocrx_word' id='word_1_364' title='bbox 807 5017 1174 5073; x_wconf 87' lang='lat' dir='ltr'><strong>abscondatur</strong></span> <span class='ocrx_word' id='word_1_365' title='bbox 1203 5035 1233 5074; x_wconf 89' lang='lat' dir='ltr'><strong>a</strong></span> <span class='ocrx_word' id='word_1_366' title='bbox 1262 5020 1511 5091; x_wconf 75' lang='lat' dir='ltr'><strong>malignis</strong></span> <span class='ocrx_word' id='word_1_367' title='bbox 1551 5021 1754 5091; x_wconf 83' lang='lat' dir='ltr'><strong>spiriti-</strong></span> 
     </span>
    </p>
   </div>
   <div class='ocr_carea' id='block_1_53' title="bbox 196 5095 1677 5175">
    <p class='ocr_par' dir='ltr' id='par_1_53' title="bbox 196 5095 1677 5175">
     <span class='ocr_line' id='line_1_53' title="bbox 196 5095 1677 5175; baseline 0.008 -21"><span class='ocrx_word' id='word_1_368' title='bbox 196 5095 294 5165; x_wconf 77' lang='lat' dir='ltr'><strong>luis,</strong></span> <span class='ocrx_word' id='word_1_369' title='bbox 327 5104 467 5159; x_wconf 86' lang='lat' dir='ltr'><strong>velut</strong></span> <span class='ocrx_word' id='word_1_370' title='bbox 494 5122 524 5159; x_wconf 90' lang='lat' dir='ltr'><strong>a</strong></span> <span class='ocrx_word' id='word_1_371' title='bbox 551 5105 859 5163; x_wconf 84' lang='lat' dir='ltr'><strong>latronibus</strong></span> <span class='ocrx_word' id='word_1_372' title='bbox 891 5109 1113 5173; x_wconf 89' lang='lat' dir='ltr'><strong>pecunia</strong></span> <span class='ocrx_word' id='word_1_373' title='bbox 1140 5120 1377 5175; x_wconf 82' lang='lat' dir='ltr'><strong>ostensa,</strong></span> <span class='ocrx_word' id='word_1_374' title='bbox 1414 5114 1677 5168; x_wconf 69' lang='lat' dir='ltr'><strong>aufertur.</strong></span> 
     </span>
    </p>
   </div>
   <div class='ocr_carea' id='block_1_54' title="bbox 251 5191 906 5220">
    <p class='ocr_par' dir='ltr' id='par_1_54' title="bbox 251 5191 906 5220">
     <span class='ocr_line' id='line_1_54' title="bbox 251 5191 906 5220; baseline 0 0"><span class='ocrx_word' id='word_1_375' title='bbox 251 5191 366 5220; x_wconf 47' lang='lat' dir='ltr'><strong>II-”</strong></span> <span class='ocrx_word' id='word_1_376' title='bbox 397 5213 461 5220; x_wconf 68' lang='lat' dir='ltr'><strong>—a-</strong></span> <span class='ocrx_word' id='word_1_377' title='bbox 491 5198 653 5220; x_wconf 58' lang='grc' dir='ltr'><strong>..-α-..-ρ</strong></span> <span class='ocrx_word' id='word_1_378' title='bbox 693 5209 736 5220; x_wconf 57' lang='grc' dir='ltr'><strong>,ι</strong></span> <span class='ocrx_word' id='word_1_379' title='bbox 773 5198 906 5220; x_wconf 48' lang='grc'><strong>2---.-</strong></span> 
     </span>
    </p>
   </div>
   <div class='ocr_carea' id='block_1_55' title="bbox 1857 543 3433 612">
    <p class='ocr_par' dir='ltr' id='par_1_55' title="bbox 1857 543 3433 612">
     <span class='ocr_line' id='line_1_55' title="bbox 1857 543 3433 612; baseline 0.002 -15"><span class='ocrx_word' id='word_1_380' title='bbox 1857 543 2068 605; x_wconf 90' lang='lat' dir='ltr'><strong>nititur,</strong></span> <span class='ocrx_word' id='word_1_381' title='bbox 2107 558 2176 597; x_wconf 82' lang='lat' dir='ltr'><strong>ne</strong></span> <span class='ocrx_word' id='word_1_382' title='bbox 2206 544 2257 597; x_wconf 92' lang='lat' dir='ltr'><strong>in</strong></span> <span class='ocrx_word' id='word_1_383' title='bbox 2282 543 2523 612; x_wconf 86' lang='lat' dir='ltr'><strong>quolibet</strong></span> <span class='ocrx_word' id='word_1_384' title='bbox 2568 544 2899 611; x_wconf 87' lang='lat' dir='ltr'><strong>dominetur,</strong></span> <span class='ocrx_word' id='word_1_385' title='bbox 2941 546 3279 601; x_wconf 71' lang='lat' dir='ltr'><strong>attendendm</strong></span> <span class='ocrx_word' id='word_1_386' title='bbox 3307 556 3433 602; x_wconf 74' lang='lat' dir='ltr'><strong>sunt</strong></span> 
     </span>
    </p>
   </div>
   <div class='ocr_carea' id='block_1_56' title="bbox 1854 634 3429 705">
    <p class='ocr_par' dir='ltr' id='par_1_56' title="bbox 1854 634 3429 705">
     <span class='ocr_line' id='line_1_56' title="bbox 1854 634 3429 705; baseline 0 -14"><span class='ocrx_word' id='word_1_387' title='bbox 1854 634 1962 691; x_wconf 68' lang='lat' dir='ltr'><strong>illa:</strong></span> <span class='ocrx_word' id='word_1_388' title='bbox 2005 635 2122 689; x_wconf 73' lang='lat' dir='ltr'><strong>dua:</strong></span> <span class='ocrx_word' id='word_1_389' title='bbox 2168 634 2569 701; x_wconf 88' lang='lat' dir='ltr'><strong>similitudines,</strong></span> <span class='ocrx_word' id='word_1_390' title='bbox 2617 649 2844 703; x_wconf 89' lang='lat' dir='ltr'><strong>quarum</strong></span> <span class='ocrx_word' id='word_1_391' title='bbox 2893 636 3110 705; x_wconf 88' lang='lat' dir='ltr'><strong>quidem</strong></span> <span class='ocrx_word' id='word_1_392' title='bbox 3158 651 3263 691; x_wconf 87' lang='lat' dir='ltr'><strong>una</strong></span> <span class='ocrx_word' id='word_1_393' title='bbox 3307 644 3429 693; x_wconf 84' lang='lat' dir='ltr'><strong>est:</strong></span> 
     </span>
    </p>
   </div>
   <div class='ocr_carea' id='block_1_57' title="bbox 1854 727 3427 797">
    <p class='ocr_par' dir='ltr' id='par_1_57' title="bbox 1854 727 3427 797">
     <span class='ocr_line' id='line_1_57' title="bbox 1854 727 3427 797; baseline 0 -15"><span class='ocrx_word' id='word_1_394' title='bbox 1854 728 1973 782; x_wconf 86' lang='lat' dir='ltr'><strong>Duo</strong></span> <span class='ocrx_word' id='word_1_395' title='bbox 1997 729 2231 783; x_wconf 70' lang='lat' dir='ltr'><strong>homines</strong></span> <span class='ocrx_word' id='word_1_396' title='bbox 2255 727 2595 785; x_wconf 65' lang='lat' dir='ltr'><strong>ascenderunt</strong></span> <span class='ocrx_word' id='word_1_397' title='bbox 2623 728 2677 780; x_wconf 85' lang='lat' dir='ltr'><strong>in</strong></span> <span class='ocrx_word' id='word_1_398' title='bbox 2698 727 2944 796; x_wconf 78' lang='lat' dir='ltr'><strong>templum</strong></span> <span class='ocrx_word' id='word_1_399' title='bbox 2967 739 3022 782; x_wconf 81' lang='lat' dir='ltr'><strong>ut</strong></span> <span class='ocrx_word' id='word_1_400' title='bbox 3043 739 3257 783; x_wconf 69' lang='lat' dir='ltr'><strong>orarent</strong></span> <span class='ocrx_word' id='word_1_401' title='bbox 3275 728 3427 797; x_wconf 74' lang='lat' dir='ltr'><strong>(Luc.</strong></span> 
     </span>
    </p>
   </div>
   <div class='ocr_carea' id='block_1_58' title="bbox 1856 817 3434 889">
    <p class='ocr_par' dir='ltr' id='par_1_58' title="bbox 1856 817 3434 889">
     <span class='ocr_line' id='line_1_58' title="bbox 1856 817 3434 889; baseline -0.001 -13"><span class='ocrx_word' id='word_1_402' title='bbox 1856 837 2011 886; x_wconf 79' lang='lat' dir='ltr'><strong>xvm,</strong></span> <span class='ocrx_word' id='word_1_403' title='bbox 2044 821 2154 889; x_wconf 73' lang='grc'><strong>10).</strong></span> <span class='ocrx_word' id='word_1_404' title='bbox 2185 819 2371 875; x_wconf 80' lang='lat' dir='ltr'><strong>Altera</strong></span> <span class='ocrx_word' id='word_1_405' title='bbox 2402 834 2531 874; x_wconf 90' lang='lat' dir='ltr'><strong>vero</strong></span> <span class='ocrx_word' id='word_1_406' title='bbox 2555 835 2568 872; x_wconf 91' lang='lat'>:</span> <span class='ocrx_word' id='word_1_407' title='bbox 2591 817 2718 879; x_wconf 78' lang='lat' dir='ltr'><strong>Cum</strong></span> <span class='ocrx_word' id='word_1_408' title='bbox 2764 820 3009 875; x_wconf 64' lang='lat' dir='ltr'><strong>inuitatus</strong></span> <span class='ocrx_word' id='word_1_409' title='bbox 3036 820 3198 889; x_wconf 78' lang='lat' dir='ltr'><strong>fueris</strong></span> <span class='ocrx_word' id='word_1_410' title='bbox 3223 820 3293 874; x_wconf 84' lang='lat' dir='ltr'><strong>ad</strong></span> <span class='ocrx_word' id='word_1_411' title='bbox 3337 838 3434 875; x_wconf 81' lang='lat' dir='ltr'><strong>mt-</strong></span> 
     </span>
    </p>
   </div>
   <div class='ocr_carea' id='block_1_59' title="bbox 1852 912 3434 984">
    <p class='ocr_par' dir='ltr' id='par_1_59' title="bbox 1852 912 3434 984">
     <span class='ocr_line' id='line_1_59' title="bbox 1852 912 3434 984; baseline 0.001 -16"><span class='ocrx_word' id='word_1_412' title='bbox 1852 915 2012 984; x_wconf 80' lang='lat' dir='ltr'><strong>ptias,</strong></span> <span class='ocrx_word' id='word_1_413' title='bbox 2054 914 2289 968; x_wconf 70' lang='lat' dir='ltr'><strong>ret-mni»:</strong></span> <span class='ocrx_word' id='word_1_414' title='bbox 2326 914 2383 967; x_wconf 83' lang='lat' dir='ltr'><strong>in</strong></span> <span class='ocrx_word' id='word_1_415' title='bbox 2416 914 2693 967; x_wconf 72' lang='lat' dir='ltr'><strong>novissimo</strong></span> <span class='ocrx_word' id='word_1_416' title='bbox 2733 912 2845 967; x_wconf 88' lang='lat' dir='ltr'><strong>loco</strong></span> <span class='ocrx_word' id='word_1_417' title='bbox 2873 913 3023 982; x_wconf 77' lang='lat' dir='ltr'><strong>(an.</strong></span> <span class='ocrx_word' id='word_1_418' title='bbox 3066 929 3178 977; x_wconf 74' lang='lat' dir='ltr'><strong>xiv,</strong></span> <span class='ocrx_word' id='word_1_419' title='bbox 3209 914 3319 980; x_wconf 77' lang='grc'><strong>10).</strong></span> <span class='ocrx_word' id='word_1_420' title='bbox 3346 914 3434 969; x_wconf 80' lang='lat' dir='ltr'><strong>Ex</strong></span> 
     </span>
    </p>
   </div>
   <div class='ocr_carea' id='block_1_60' title="bbox 1855 1003 3432 1075">
    <p class='ocr_par' dir='ltr' id='par_1_60' title="bbox 1855 1003 3432 1075">
     <span class='ocr_line' id='line_1_60' title="bbox 1855 1003 3432 1075; baseline -0.001 -15"><span class='ocrx_word' id='word_1_421' title='bbox 1855 1014 2083 1074; x_wconf 87' lang='lat' dir='ltr'><strong>utraque</strong></span> <span class='ocrx_word' id='word_1_422' title='bbox 2108 1020 2237 1075; x_wconf 80' lang='lat' dir='ltr'><strong>ergo</strong></span> <span class='ocrx_word' id='word_1_423' title='bbox 2263 1012 2485 1073; x_wconf 89' lang='lat' dir='ltr'><strong>possunt</strong></span> <span class='ocrx_word' id='word_1_424' title='bbox 2513 1017 2701 1058; x_wconf 89' lang='lat' dir='ltr'><strong>omnes</strong></span> <span class='ocrx_word' id='word_1_425' title='bbox 2743 1003 2954 1057; x_wconf 84' lang='lat' dir='ltr'><strong>edoceri</strong></span> <span class='ocrx_word' id='word_1_426' title='bbox 2990 1013 3191 1070; x_wconf 71' lang='lat' dir='ltr'><strong>quanta</strong></span> <span class='ocrx_word' id='word_1_427' title='bbox 3237 1003 3432 1058; x_wconf 70' lang='lat' dir='ltr'><strong>coniu-</strong></span> 
     </span>
    </p>
   </div>
   <div class='ocr_carea' id='block_1_61' title="bbox 1853 1092 3431 1165">
    <p class='ocr_par' dir='ltr' id='par_1_61' title="bbox 1853 1092 3431 1165">
     <span class='ocr_line' id='line_1_61' title="bbox 1853 1092 3431 1165; baseline 0 -15"><span class='ocrx_word' id='word_1_428' title='bbox 1853 1096 1936 1150; x_wconf 89' lang='lat' dir='ltr'><strong>sio</strong></span> <span class='ocrx_word' id='word_1_429' title='bbox 1962 1095 2045 1151; x_wconf 85' lang='lat' dir='ltr'><strong>vel</strong></span> <span class='ocrx_word' id='word_1_430' title='bbox 2071 1096 2223 1149; x_wconf 89' lang='lat' dir='ltr'><strong>ruina</strong></span> <span class='ocrx_word' id='word_1_431' title='bbox 2249 1095 2557 1165; x_wconf 83' lang='lat' dir='ltr'><strong>superbiam</strong></span> <span class='ocrx_word' id='word_1_432' title='bbox 2584 1092 2759 1149; x_wconf 90' lang='lat' dir='ltr'><strong>soleat</strong></span> <span class='ocrx_word' id='word_1_433' title='bbox 2782 1095 2951 1164; x_wconf 87' lang='lat' dir='ltr'><strong>sequi.</strong></span> <span class='ocrx_word' id='word_1_434' title='bbox 3000 1092 3240 1165; x_wconf 83' lang='lat' dir='ltr'><strong>Utraque</strong></span> <span class='ocrx_word' id='word_1_435' title='bbox 3266 1095 3431 1150; x_wconf 89' lang='lat' dir='ltr'><strong>etiam</strong></span> 
     </span>
    </p>
   </div>
   <div class='ocr_carea' id='block_1_62' title="bbox 1855 1174 3436 1257">
    <p class='ocr_par' dir='ltr' id='par_1_62' title="bbox 1855 1174 3436 1257">
     <span class='ocr_line' id='line_1_62' title="bbox 1855 1174 3436 1257; baseline -0.001 -15"><span class='ocrx_word' id='word_1_436' title='bbox 1855 1203 1962 1242; x_wconf 89' lang='lat' dir='ltr'><strong>una</strong></span> <span class='ocrx_word' id='word_1_437' title='bbox 2001 1184 2299 1257; x_wconf 73' lang='lat' dir='ltr'><strong>eademque</strong></span> <span class='ocrx_word' id='word_1_438' title='bbox 2340 1185 2606 1242; x_wconf 84' lang='lat' dir='ltr'><strong>sententia</strong></span> <span class='ocrx_word' id='word_1_439' title='bbox 2657 1186 3012 1251; x_wconf 89' lang='lat' dir='ltr'><strong>terminatur,</strong></span> <span class='ocrx_word' id='word_1_440' title='bbox 3055 1187 3181 1256; x_wconf 84' lang='lat' dir='ltr'><strong>quia</strong></span> <span class='ocrx_word' id='word_1_441' title='bbox 3231 1174 3436 1242; x_wconf 79' lang='lat' dir='ltr'><strong>scilicet</strong></span> 
     </span>
    </p>
   </div>
   <div class='ocr_carea' id='block_1_63' title="bbox 1853 1277 3436 1348">
    <p class='ocr_par' dir='ltr' id='par_1_63' title="bbox 1853 1277 3436 1348">
     <span class='ocr_line' id='line_1_63' title="bbox 1853 1277 3436 1348; baseline 0 -15"><span class='ocrx_word' id='word_1_442' title='bbox 1853 1279 2031 1334; x_wconf 85' lang='lat' dir='ltr'><strong>omnis</strong></span> <span class='ocrx_word' id='word_1_443' title='bbox 2067 1278 2157 1347; x_wconf 88' lang='lat' dir='ltr'><strong>qui</strong></span> <span class='ocrx_word' id='word_1_444' title='bbox 2205 1293 2266 1333; x_wconf 87' lang='lat' dir='ltr'><strong>se</strong></span> <span class='ocrx_word' id='word_1_445' title='bbox 2300 1278 2503 1333; x_wconf 73' lang='lat' dir='ltr'><strong>exaltat</strong></span> <span class='ocrx_word' id='word_1_446' title='bbox 2532 1277 2925 1342; x_wconf 87' lang='lat' dir='ltr'><strong>bumiliabitur,</strong></span> <span class='ocrx_word' id='word_1_447' title='bbox 2956 1285 3013 1333; x_wconf 91' lang='lat' dir='ltr'><strong>et</strong></span> <span class='ocrx_word' id='word_1_448' title='bbox 3040 1278 3129 1348; x_wconf 89' lang='lat' dir='ltr'><strong>qui</strong></span> <span class='ocrx_word' id='word_1_449' title='bbox 3173 1293 3231 1334; x_wconf 88' lang='lat' dir='ltr'><strong>se</strong></span> <span class='ocrx_word' id='word_1_450' title='bbox 3257 1277 3436 1333; x_wconf 81' lang='lat' dir='ltr'><strong>humi-</strong></span> 
     </span>
    </p>
   </div>
   <div class='ocr_carea' id='block_1_64' title="bbox 1856 1369 2320 1425">
    <p class='ocr_par' dir='ltr' id='par_1_64' title="bbox 1856 1369 2320 1425">
     <span class='ocr_line' id='line_1_64' title="bbox 1856 1369 2320 1425; baseline 0 -1"><span class='ocrx_word' id='word_1_451' title='bbox 1856 1369 1952 1424; x_wconf 84' lang='lat' dir='ltr'><strong>liat</strong></span> <span class='ocrx_word' id='word_1_452' title='bbox 1978 1369 2320 1425; x_wconf 81' lang='lat' dir='ltr'><strong>exaltabitur.</strong></span> 
     </span>
    </p>
   </div>
   <div class='ocr_carea' id='block_1_65' title="bbox 1926 1459 3438 1529">
    <p class='ocr_par' dir='ltr' id='par_1_65' title="bbox 1926 1459 3438 1529">
     <span class='ocr_line' id='line_1_65' title="bbox 1926 1459 3438 1529; baseline 0.001 -15"><span class='ocrx_word' id='word_1_453' title='bbox 1926 1460 2058 1514; x_wconf 86' lang='lat' dir='ltr'><strong>Item</strong></span> <span class='ocrx_word' id='word_1_454' title='bbox 2096 1476 2163 1515; x_wconf 90' lang='lat' dir='ltr'><strong>ne</strong></span> <span class='ocrx_word' id='word_1_455' title='bbox 2194 1460 2470 1516; x_wconf 88' lang='lat' dir='ltr'><strong>concessis</strong></span> <span class='ocrx_word' id='word_1_456' title='bbox 2504 1468 2559 1515; x_wconf 90' lang='lat' dir='ltr'><strong>et</strong></span> <span class='ocrx_word' id='word_1_457' title='bbox 2597 1459 2764 1515; x_wconf 81' lang='lat' dir='ltr'><strong>licitis</strong></span> <span class='ocrx_word' id='word_1_458' title='bbox 2806 1460 2967 1514; x_wconf 83' lang='lat' dir='ltr'><strong>rebus</strong></span> <span class='ocrx_word' id='word_1_459' title='bbox 3008 1460 3438 1529; x_wconf 88' lang='lat' dir='ltr'><strong>intemperanter</strong></span> 
     </span>
    </p>
   </div>
   <div class='ocr_carea' id='block_1_66' title="bbox 1854 1550 3438 1621">
    <p class='ocr_par' dir='ltr' id='par_1_66' title="bbox 1854 1550 3438 1621">
     <span class='ocr_line' id='line_1_66' title="bbox 1854 1550 3438 1621; baseline -0.001 -16"><span class='ocrx_word' id='word_1_460' title='bbox 1854 1559 2095 1616; x_wconf 86' lang='lat' dir='ltr'><strong>utamur,</strong></span> <span class='ocrx_word' id='word_1_461' title='bbox 2124 1567 2219 1607; x_wconf 88' lang='lat' dir='ltr'><strong>seu</strong></span> <span class='ocrx_word' id='word_1_462' title='bbox 2250 1552 2303 1606; x_wconf 92' lang='lat' dir='ltr'><strong>in</strong></span> <span class='ocrx_word' id='word_1_463' title='bbox 2335 1552 2416 1606; x_wconf 89' lang='lat' dir='ltr'><strong>eis</strong></span> <span class='ocrx_word' id='word_1_464' title='bbox 2455 1551 2573 1621; x_wconf 85' lang='lat' dir='ltr'><strong>plus</strong></span> <span class='ocrx_word' id='word_1_465' title='bbox 2603 1566 2764 1621; x_wconf 88' lang='lat' dir='ltr'><strong>quam</strong></span> <span class='ocrx_word' id='word_1_466' title='bbox 2803 1550 2962 1605; x_wconf 89' lang='lat' dir='ltr'><strong>liceat</strong></span> <span class='ocrx_word' id='word_1_467' title='bbox 3005 1550 3322 1610; x_wconf 87' lang='lat' dir='ltr'><strong>iunitamur.</strong></span> <span class='ocrx_word' id='word_1_468' title='bbox 3355 1558 3438 1604; x_wconf 85' lang='lat' dir='ltr'><strong>at-</strong></span> 
     </span>
    </p>
   </div>
   <div class='ocr_carea' id='block_1_67' title="bbox 1859 1640 3438 1711">
    <p class='ocr_par' dir='ltr' id='par_1_67' title="bbox 1859 1640 3438 1711">
     <span class='ocr_line' id='line_1_67' title="bbox 1859 1640 3438 1711; baseline -0.002 -14"><span class='ocrx_word' id='word_1_469' title='bbox 1859 1642 2123 1697; x_wconf 87' lang='lat' dir='ltr'><strong>tendenda</strong></span> <span class='ocrx_word' id='word_1_470' title='bbox 2167 1652 2247 1697; x_wconf 87' lang='lat' dir='ltr'><strong>est</strong></span> <span class='ocrx_word' id='word_1_471' title='bbox 2282 1641 2485 1711; x_wconf 75' lang='lat' dir='ltr'><strong>iugiter</strong></span> <span class='ocrx_word' id='word_1_472' title='bbox 2528 1642 2613 1697; x_wconf 90' lang='lat' dir='ltr'><strong>illa</strong></span> <span class='ocrx_word' id='word_1_473' title='bbox 2661 1642 2916 1711; x_wconf 88' lang='lat' dir='ltr'><strong>parabola</strong></span> <span class='ocrx_word' id='word_1_474' title='bbox 2950 1655 2964 1695; x_wconf 91' lang='lat'><strong>:</strong></span> <span class='ocrx_word' id='word_1_475' title='bbox 3008 1640 3181 1695; x_wconf 86' lang='lat' dir='ltr'><strong>Ilomo</strong></span> <span class='ocrx_word' id='word_1_476' title='bbox 3221 1640 3438 1711; x_wconf 74' lang='lat' dir='ltr'><strong>quidam</strong></span> 
     </span>
    </p>
   </div>
   <div class='ocr_carea' id='block_1_68' title="bbox 1858 1732 3435 1805">
    <p class='ocr_par' dir='ltr' id='par_1_68' title="bbox 1858 1732 3435 1805">
     <span class='ocr_line' id='line_1_68' title="bbox 1858 1732 3435 1805; baseline 0.001 -19"><span class='ocrx_word' id='word_1_477' title='bbox 1858 1732 1977 1801; x_wconf 77' lang='lat' dir='ltr'><strong>fecit</strong></span> <span class='ocrx_word' id='word_1_478' title='bbox 2008 1750 2204 1787; x_wconf 77' lang='lat' dir='ltr'><strong>cwnam</strong></span> <span class='ocrx_word' id='word_1_479' title='bbox 2234 1750 2474 1802; x_wconf 84' lang='lat' dir='ltr'><strong>magnam</strong></span> <span class='ocrx_word' id='word_1_480' title='bbox 2502 1743 2548 1788; x_wconf 79' lang='lat' dir='ltr'><strong>et</strong></span> <span class='ocrx_word' id='word_1_481' title='bbox 2575 1733 2771 1789; x_wconf 75' lang='lat' dir='ltr'><strong>vocavit</strong></span> <span class='ocrx_word' id='word_1_482' title='bbox 2796 1732 2986 1787; x_wconf 86' lang='lat' dir='ltr'><strong>multos</strong></span> <span class='ocrx_word' id='word_1_483' title='bbox 3009 1732 3159 1805; x_wconf 85' lang='lat' dir='ltr'><strong>(Luc.</strong></span> <span class='ocrx_word' id='word_1_484' title='bbox 3188 1748 3302 1796; x_wconf 81' lang='lat' dir='ltr'><strong>xtv,</strong></span> <span class='ocrx_word' id='word_1_485' title='bbox 3324 1732 3435 1802; x_wconf 68' lang='lat'><strong>{6);</strong></span> 
     </span>
    </p>
   </div>
   <div class='ocr_carea' id='block_1_69' title="bbox 1860 1825 3441 1898">
    <p class='ocr_par' dir='ltr' id='par_1_69' title="bbox 1860 1825 3441 1898">
     <span class='ocr_line' id='line_1_69' title="bbox 1860 1825 3441 1898; baseline 0.001 -20"><span class='ocrx_word' id='word_1_486' title='bbox 1860 1826 1988 1894; x_wconf 90' lang='lat' dir='ltr'><strong>quid</strong></span> <span class='ocrx_word' id='word_1_487' title='bbox 2030 1826 2174 1880; x_wconf 88' lang='lat' dir='ltr'><strong>enim</strong></span> <span class='ocrx_word' id='word_1_488' title='bbox 2219 1827 2288 1881; x_wconf 87' lang='lat' dir='ltr'><strong>ibi</strong></span> <span class='ocrx_word' id='word_1_489' title='bbox 2333 1828 2530 1882; x_wconf 88' lang='lat' dir='ltr'><strong>dicitur</strong></span> <span class='ocrx_word' id='word_1_490' title='bbox 2566 1844 2721 1883; x_wconf 79' lang='lat' dir='ltr'><strong>creua</strong></span> <span class='ocrx_word' id='word_1_491' title='bbox 2762 1843 2956 1898; x_wconf 80' lang='lat' dir='ltr'><strong>magna</strong></span> <span class='ocrx_word' id='word_1_492' title='bbox 2992 1827 3135 1882; x_wconf 86' lang='lat' dir='ltr'><strong>facta</strong></span> <span class='ocrx_word' id='word_1_493' title='bbox 3170 1825 3441 1881; x_wconf 87' lang='lat' dir='ltr'><strong>et&#39;vocati</strong></span> 
     </span>
    </p>
   </div>
   <div class='ocr_carea' id='block_1_70' title="bbox 1861 1914 3439 1986">
    <p class='ocr_par' dir='ltr' id='par_1_70' title="bbox 1861 1914 3439 1986">
     <span class='ocr_line' id='line_1_70' title="bbox 1861 1914 3439 1986; baseline 0.001 -17"><span class='ocrx_word' id='word_1_494' title='bbox 1861 1914 2045 1976; x_wconf 90' lang='lat' dir='ltr'><strong>multi,</strong></span> <span class='ocrx_word' id='word_1_495' title='bbox 2095 1915 2191 1970; x_wconf 88' lang='lat' dir='ltr'><strong>sed</strong></span> <span class='ocrx_word' id='word_1_496' title='bbox 2235 1916 2453 1985; x_wconf 86' lang='lat' dir='ltr'><strong>quidam</strong></span> <span class='ocrx_word' id='word_1_497' title='bbox 2503 1926 2726 1986; x_wconf 87' lang='lat' dir='ltr'><strong>propter</strong></span> <span class='ocrx_word' id='word_1_498' title='bbox 2770 1918 2911 1971; x_wconf 73' lang='lat' dir='ltr'><strong>villa:</strong></span> <span class='ocrx_word' id='word_1_499' title='bbox 2951 1925 3179 1985; x_wconf 71' lang='lat' dir='ltr'><strong>emptar,</strong></span> <span class='ocrx_word' id='word_1_500' title='bbox 3219 1915 3439 1984; x_wconf 87' lang='lat' dir='ltr'><strong>quidam</strong></span> 
     </span>
    </p>
   </div>
   <div class='ocr_carea' id='block_1_71' title="bbox 1859 2004 3439 2077">
    <p class='ocr_par' dir='ltr' id='par_1_71' title="bbox 1859 2004 3439 2077">
     <span class='ocr_line' id='line_1_71' title="bbox 1859 2004 3439 2077; baseline 0.001 -19"><span class='ocrx_word' id='word_1_501' title='bbox 1859 2016 2082 2074; x_wconf 85' lang='lat' dir='ltr'><strong>propter</strong></span> <span class='ocrx_word' id='word_1_502' title='bbox 2126 2021 2378 2074; x_wconf 83' lang='lat' dir='ltr'><strong>agrorum</strong></span> <span class='ocrx_word' id='word_1_503' title='bbox 2426 2008 2730 2077; x_wconf 87' lang='lat' dir='ltr'><strong>emptorum</strong></span> <span class='ocrx_word' id='word_1_504' title='bbox 2782 2006 3175 2076; x_wconf 87' lang='lat' dir='ltr'><strong>probationem,</strong></span> <span class='ocrx_word' id='word_1_505' title='bbox 3220 2004 3439 2075; x_wconf 78' lang='lat' dir='ltr'><strong>quidam</strong></span> 
     </span>
    </p>
   </div>
   <div class='ocr_carea' id='block_1_72' title="bbox 1860 2097 3441 2167">
    <p class='ocr_par' dir='ltr' id='par_1_72' title="bbox 1860 2097 3441 2167">
     <span class='ocr_line' id='line_1_72' title="bbox 1860 2097 3441 2167; baseline 0.002 -20"><span class='ocrx_word' id='word_1_506' title='bbox 1860 2109 1990 2148; x_wconf 89' lang='lat' dir='ltr'><strong>vero</strong></span> <span class='ocrx_word' id='word_1_507' title='bbox 2032 2104 2252 2167; x_wconf 88' lang='lat' dir='ltr'><strong>propter</strong></span> <span class='ocrx_word' id='word_1_508' title='bbox 2287 2111 2509 2151; x_wconf 78' lang='lat' dir='ltr'><strong>uxorem</strong></span> <span class='ocrx_word' id='word_1_509' title='bbox 2550 2097 2762 2152; x_wconf 81' lang='lat' dir='ltr'><strong>noviter</strong></span> <span class='ocrx_word' id='word_1_510' title='bbox 2791 2098 3007 2152; x_wconf 87' lang='lat' dir='ltr'><strong>ductam</strong></span> <span class='ocrx_word' id='word_1_511' title='bbox 3038 2112 3096 2152; x_wconf 89' lang='lat' dir='ltr'><strong>se</strong></span> <span class='ocrx_word' id='word_1_512' title='bbox 3119 2102 3441 2151; x_wconf 80' lang='lat' dir='ltr'><strong>excusantes</strong></span> 
     </span>
    </p>
   </div>
   <div class='ocr_carea' id='block_1_73' title="bbox 1860 2184 3441 2256">
    <p class='ocr_par' dir='ltr' id='par_1_73' title="bbox 1860 2184 3441 2256">
     <span class='ocr_line' id='line_1_73' title="bbox 1860 2184 3441 2256; baseline -0.001 -18"><span class='ocrx_word' id='word_1_513' title='bbox 1860 2186 2046 2240; x_wconf 88' lang='lat' dir='ltr'><strong>venire</strong></span> <span class='ocrx_word' id='word_1_514' title='bbox 2074 2186 2363 2240; x_wconf 89' lang='lat' dir='ltr'><strong>noluerunt</strong></span> <span class='ocrx_word' id='word_1_515' title='bbox 2395 2187 2585 2255; x_wconf 82' lang='lat' dir='ltr'><strong>(Ibid.,</strong></span> <span class='ocrx_word' id='word_1_516' title='bbox 2616 2186 2823 2256; x_wconf 69' lang='lat'><strong>18-20),</strong></span> <span class='ocrx_word' id='word_1_517' title='bbox 2850 2185 3120 2253; x_wconf 76' lang='lat' dir='ltr'><strong>significat</strong></span> <span class='ocrx_word' id='word_1_518' title='bbox 3148 2184 3441 2239; x_wconf 75' lang='lat' dir='ltr'><strong>maximam</strong></span> 
     </span>
    </p>
   </div>
   <div class='ocr_carea' id='block_1_74' title="bbox 1860 2276 3441 2348">
    <p class='ocr_par' dir='ltr' id='par_1_74' title="bbox 1860 2276 3441 2348">
     <span class='ocr_line' id='line_1_74' title="bbox 1860 2276 3441 2348; baseline -0.001 -17"><span class='ocrx_word' id='word_1_519' title='bbox 1860 2277 2080 2346; x_wconf 91' lang='lat' dir='ltr'><strong>quidem</strong></span> <span class='ocrx_word' id='word_1_520' title='bbox 2119 2277 2514 2333; x_wconf 88' lang='lat' dir='ltr'><strong>multitudinem</strong></span> <span class='ocrx_word' id='word_1_521' title='bbox 2556 2278 2792 2333; x_wconf 81' lang='lat' dir='ltr'><strong>ﬁdelium</strong></span> <span class='ocrx_word' id='word_1_522' title='bbox 2822 2279 2890 2333; x_wconf 86' lang='lat' dir='ltr'><strong>ad</strong></span> <span class='ocrx_word' id='word_1_523' title='bbox 2921 2294 3152 2348; x_wconf 85' lang='lat' dir='ltr'><strong>superna</strong></span> <span class='ocrx_word' id='word_1_524' title='bbox 3188 2276 3379 2348; x_wconf 81' lang='lat' dir='ltr'><strong>gaudia</strong></span> <span class='ocrx_word' id='word_1_525' title='bbox 3408 2291 3441 2330; x_wconf 83' lang='lat' dir='ltr'><strong>a</strong></span> 
     </span>
    </p>
   </div>
   <div class='ocr_carea' id='block_1_75' title="bbox 1862 2368 3441 2438">
    <p class='ocr_par' dir='ltr' id='par_1_75' title="bbox 1862 2368 3441 2438">
     <span class='ocr_line' id='line_1_75' title="bbox 1862 2368 3441 2438; baseline -0.001 -15"><span class='ocrx_word' id='word_1_526' title='bbox 1862 2369 2090 2423; x_wconf 91' lang='lat' dir='ltr'><strong>Domino</strong></span> <span class='ocrx_word' id='word_1_527' title='bbox 2118 2369 2422 2432; x_wconf 90' lang='lat' dir='ltr'><strong>invitatam,</strong></span> <span class='ocrx_word' id='word_1_528' title='bbox 2452 2369 2545 2423; x_wconf 87' lang='lat' dir='ltr'><strong>sed</strong></span> <span class='ocrx_word' id='word_1_529' title='bbox 2588 2371 2714 2423; x_wconf 90' lang='lat' dir='ltr'><strong>dum</strong></span> <span class='ocrx_word' id='word_1_530' title='bbox 2745 2369 2960 2438; x_wconf 87' lang='lat' dir='ltr'><strong>plurimi</strong></span> <span class='ocrx_word' id='word_1_531' title='bbox 3003 2368 3182 2424; x_wconf 75' lang='lat' dir='ltr'><strong>nimia:</strong></span> <span class='ocrx_word' id='word_1_532' title='bbox 3221 2381 3441 2436; x_wconf 87' lang='lat' dir='ltr'><strong>posses-</strong></span> 
     </span>
    </p>
   </div>
   <div class='ocr_carea' id='block_1_76' title="bbox 1860 2458 3441 2522">
    <p class='ocr_par' dir='ltr' id='par_1_76' title="bbox 1860 2458 3441 2522">
     <span class='ocr_line' id='line_1_76' title="bbox 1860 2458 3441 2522; baseline -0.002 -9"><span class='ocrx_word' id='word_1_533' title='bbox 1860 2459 2072 2513; x_wconf 89' lang='lat' dir='ltr'><strong>sionum</strong></span> <span class='ocrx_word' id='word_1_534' title='bbox 2113 2460 2527 2515; x_wconf 87' lang='lat' dir='ltr'><strong>obtinemlarum</strong></span> <span class='ocrx_word' id='word_1_535' title='bbox 2559 2459 2862 2522; x_wconf 85' lang='lat' dir='ltr'><strong>ambitioni,</strong></span> <span class='ocrx_word' id='word_1_536' title='bbox 2892 2458 3043 2513; x_wconf 88' lang='lat' dir='ltr'><strong>multi</strong></span> <span class='ocrx_word' id='word_1_537' title='bbox 3090 2466 3267 2512; x_wconf 86' lang='lat' dir='ltr'><strong>autem</strong></span> <span class='ocrx_word' id='word_1_538' title='bbox 3305 2472 3441 2512; x_wconf 82' lang='lat' dir='ltr'><strong>con-</strong></span> 
     </span>
    </p>
   </div>
   <div class='ocr_carea' id='block_1_77' title="bbox 1852 2547 3441 2622">
    <p class='ocr_par' dir='ltr' id='par_1_77' title="bbox 1852 2547 3441 2622">
     <span class='ocr_line' id='line_1_77' title="bbox 1852 2547 3441 2622; baseline 0 -18"><span class='ocrx_word' id='word_1_539' title='bbox 1852 2549 2005 2619; x_wconf 64' lang='lat' dir='ltr'><strong>fugio</strong></span> <span class='ocrx_word' id='word_1_540' title='bbox 2034 2551 2183 2605; x_wconf 89' lang='lat' dir='ltr'><strong>licito</strong></span> <span class='ocrx_word' id='word_1_541' title='bbox 2223 2552 2650 2622; x_wconf 88' lang='lat' dir='ltr'><strong>intemperanter</strong></span> <span class='ocrx_word' id='word_1_542' title='bbox 2689 2547 2851 2606; x_wconf 84' lang='lat' dir='ltr'><strong>dediti</strong></span> <span class='ocrx_word' id='word_1_543' title='bbox 2886 2551 3256 2614; x_wconf 89' lang='lat' dir='ltr'><strong>inveniuntur,</strong></span> <span class='ocrx_word' id='word_1_544' title='bbox 3281 2548 3441 2620; x_wconf 87' lang='lat' dir='ltr'><strong>pauci</strong></span> 
     </span>
    </p>
   </div>
   <div class='ocr_carea' id='block_1_78' title="bbox 1859 2627 3445 2712">
    <p class='ocr_par' dir='ltr' id='par_1_78' title="bbox 1859 2627 3445 2712">
     <span class='ocr_line' id='line_1_78' title="bbox 1859 2627 3445 2712; baseline 0.001 -15"><span class='ocrx_word' id='word_1_545' title='bbox 1859 2650 1986 2697; x_wconf 89' lang='lat' dir='ltr'><strong>sunt</strong></span> <span class='ocrx_word' id='word_1_546' title='bbox 2021 2641 2111 2711; x_wconf 86' lang='lat' dir='ltr'><strong>qui</strong></span> <span class='ocrx_word' id='word_1_547' title='bbox 2148 2643 2415 2697; x_wconf 86' lang='lat' dir='ltr'><strong>voeationi</strong></span> <span class='ocrx_word' id='word_1_548' title='bbox 2451 2643 2648 2696; x_wconf 74' lang='lat' dir='ltr'><strong>divina:</strong></span> <span class='ocrx_word' id='word_1_549' title='bbox 2684 2642 2999 2697; x_wconf 81' lang='lat' dir='ltr'><strong>obedientes</strong></span> <span class='ocrx_word' id='word_1_550' title='bbox 3035 2642 3101 2697; x_wconf 87' lang='lat' dir='ltr'><strong>ad</strong></span> <span class='ocrx_word' id='word_1_551' title='bbox 3141 2658 3304 2712; x_wconf 75' lang='lat' dir='ltr'><strong>regna</strong></span> <span class='ocrx_word' id='word_1_552' title='bbox 3331 2627 3445 2698; x_wconf 58' lang='lat' dir='ltr'><strong>cat-</strong></span> 
     </span>
    </p>
   </div>
   <div class='ocr_carea' id='block_1_79' title="bbox 1860 2729 3443 2800">
    <p class='ocr_par' dir='ltr' id='par_1_79' title="bbox 1860 2729 3443 2800">
     <span class='ocr_line' id='line_1_79' title="bbox 1860 2729 3443 2800; baseline -0.001 -14"><span class='ocrx_word' id='word_1_553' title='bbox 1860 2729 2034 2786; x_wconf 90' lang='lat' dir='ltr'><strong>lorum</strong></span> <span class='ocrx_word' id='word_1_554' title='bbox 2083 2730 2423 2800; x_wconf 87' lang='lat' dir='ltr'><strong>perveniunt.</strong></span> <span class='ocrx_word' id='word_1_555' title='bbox 2459 2732 2946 2785; x_wconf 80' lang='lat' dir='ltr'><strong>Verumtamen-eo</strong></span> <span class='ocrx_word' id='word_1_556' title='bbox 2989 2730 3109 2800; x_wconf 87' lang='lat' dir='ltr'><strong>plus</strong></span> <span class='ocrx_word' id='word_1_557' title='bbox 3155 2732 3443 2787; x_wconf 86' lang='lat' dir='ltr'><strong>metuenda</strong></span> 
     </span>
    </p>
   </div>
   <div class='ocr_carea' id='block_1_80' title="bbox 1861 2814 3444 2891">
    <p class='ocr_par' dir='ltr' id='par_1_80' title="bbox 1861 2814 3444 2891">
     <span class='ocr_line' id='line_1_80' title="bbox 1861 2814 3444 2891; baseline 0.001 -14"><span class='ocrx_word' id='word_1_558' title='bbox 1861 2830 1946 2877; x_wconf 90' lang='lat' dir='ltr'><strong>est</strong></span> <span class='ocrx_word' id='word_1_559' title='bbox 1988 2819 2147 2889; x_wconf 81' lang='lat' dir='ltr'><strong>hujus</strong></span> <span class='ocrx_word' id='word_1_560' title='bbox 2188 2820 2457 2890; x_wconf 70' lang='lat' dir='ltr'><strong>parabolae</strong></span> <span class='ocrx_word' id='word_1_561' title='bbox 2499 2822 2769 2876; x_wconf 82' lang='lat' dir='ltr'><strong>sententia</strong></span> <span class='ocrx_word' id='word_1_562' title='bbox 2796 2836 2918 2891; x_wconf 84' lang='lat' dir='ltr'><strong>quo</strong></span> <span class='ocrx_word' id='word_1_563' title='bbox 2964 2822 3141 2876; x_wconf 89' lang='lat' dir='ltr'><strong>minus</strong></span> <span class='ocrx_word' id='word_1_564' title='bbox 3185 2837 3212 2875; x_wconf 89' lang='lat' dir='ltr'><strong>a</strong></span> <span class='ocrx_word' id='word_1_565' title='bbox 3257 2814 3444 2879; x_wconf 81' lang='lat' dir='ltr'><strong>multis</strong></span> 
     </span>
    </p>
   </div>
   <div class='ocr_carea' id='block_1_81' title="bbox 1864 2909 3441 2981">
    <p class='ocr_par' dir='ltr' id='par_1_81' title="bbox 1864 2909 3441 2981">
     <span class='ocr_line' id='line_1_81' title="bbox 1864 2909 3441 2981; baseline 0.001 -17"><span class='ocrx_word' id='word_1_566' title='bbox 1864 2911 2105 2973; x_wconf 84' lang='lat' dir='ltr'><strong>timetur,</strong></span> <span class='ocrx_word' id='word_1_567' title='bbox 2129 2910 2221 2979; x_wconf 91' lang='lat' dir='ltr'><strong>qui</strong></span> <span class='ocrx_word' id='word_1_568' title='bbox 2249 2909 2490 2977; x_wconf 89' lang='lat' dir='ltr'><strong>quotidie</strong></span> <span class='ocrx_word' id='word_1_569' title='bbox 2519 2924 2623 2973; x_wconf 82' lang='lat' dir='ltr'><strong>non</strong></span> <span class='ocrx_word' id='word_1_570' title='bbox 2653 2910 2826 2964; x_wconf 88' lang='lat' dir='ltr'><strong>solum</strong></span> <span class='ocrx_word' id='word_1_571' title='bbox 2850 2911 2921 2965; x_wconf 91' lang='lat' dir='ltr'><strong>ob</strong></span> <span class='ocrx_word' id='word_1_572' title='bbox 2942 2909 3167 2981; x_wconf 80' lang='lat' dir='ltr'><strong>nitniam</strong></span> <span class='ocrx_word' id='word_1_573' title='bbox 3192 2910 3441 2966; x_wconf 82' lang='lat' dir='ltr'><strong>villarum</strong></span> 
     </span>
    </p>
   </div>
   <div class='ocr_carea' id='block_1_82' title="bbox 1862 3000 3445 3071">
    <p class='ocr_par' dir='ltr' id='par_1_82' title="bbox 1862 3000 3445 3071">
     <span class='ocr_line' id='line_1_82' title="bbox 1862 3000 3445 3071; baseline 0.002 -17"><span class='ocrx_word' id='word_1_574' title='bbox 1862 3009 1915 3063; x_wconf 84' lang='lat' dir='ltr'><strong>et</strong></span> <span class='ocrx_word' id='word_1_575' title='bbox 1954 3016 2207 3071; x_wconf 78' lang='lat' dir='ltr'><strong>agrorum</strong></span> <span class='ocrx_word' id='word_1_576' title='bbox 2254 3000 2437 3071; x_wconf 24' lang='lat' dir='ltr'><strong>pretio.</strong></span> <span class='ocrx_word' id='word_1_577' title='bbox 2470 3001 2740 3069; x_wconf 81' lang='lat' dir='ltr'><strong>condigne</strong></span> <span class='ocrx_word' id='word_1_578' title='bbox 2782 3001 3236 3070; x_wconf 84' lang='lat' dir='ltr'><strong>acquirendorum</strong></span> <span class='ocrx_word' id='word_1_579' title='bbox 3272 3001 3445 3057; x_wconf 86' lang='lat' dir='ltr'><strong>ambi-</strong></span> 
     </span>
    </p>
   </div>
   <div class='ocr_carea' id='block_1_83' title="bbox 1865 3093 3442 3162">
    <p class='ocr_par' dir='ltr' id='par_1_83' title="bbox 1865 3093 3442 3162">
     <span class='ocr_line' id='line_1_83' title="bbox 1865 3093 3442 3162; baseline 0.001 -15"><span class='ocrx_word' id='word_1_580' title='bbox 1865 3094 2084 3157; x_wconf 87' lang='lat' dir='ltr'><strong>tionem,</strong></span> <span class='ocrx_word' id='word_1_581' title='bbox 2114 3102 2186 3148; x_wconf 74' lang='lat' dir='ltr'><strong>et”</strong></span> <span class='ocrx_word' id='word_1_582' title='bbox 2215 3102 2438 3162; x_wconf 87' lang='lat' dir='ltr'><strong>propter</strong></span> <span class='ocrx_word' id='word_1_583' title='bbox 2481 3093 2896 3161; x_wconf 83' lang='lat' dir='ltr'><strong>intemperattun</strong></span> <span class='ocrx_word' id='word_1_584' title='bbox 2944 3094 3132 3149; x_wconf 81' lang='lat' dir='ltr'><strong>uxoris</strong></span> <span class='ocrx_word' id='word_1_585' title='bbox 3179 3110 3442 3158; x_wconf 81' lang='lat' dir='ltr'><strong>amorem,</strong></span> 
     </span>
    </p>
   </div>
   <div class='ocr_carea' id='block_1_84' title="bbox 1861 3182 3446 3252">
    <p class='ocr_par' dir='ltr' id='par_1_84' title="bbox 1861 3182 3446 3252">
     <span class='ocr_line' id='line_1_84' title="bbox 1861 3182 3446 3252; baseline -0.001 -14"><span class='ocrx_word' id='word_1_586' title='bbox 1861 3184 1953 3240; x_wconf 91' lang='lat' dir='ltr'><strong>scd</strong></span> <span class='ocrx_word' id='word_1_587' title='bbox 2000 3185 2186 3246; x_wconf 88' lang='lat' dir='ltr'><strong>etiam,</strong></span> <span class='ocrx_word' id='word_1_588' title='bbox 2219 3182 2361 3252; x_wconf 86' lang='lat' dir='ltr'><strong>quod</strong></span> <span class='ocrx_word' id='word_1_589' title='bbox 2412 3182 2583 3251; x_wconf 84' lang='lat' dir='ltr'><strong>multo</strong></span> <span class='ocrx_word' id='word_1_590' title='bbox 2626 3183 2856 3250; x_wconf 86' lang='lat' dir='ltr'><strong>nequius</strong></span> <span class='ocrx_word' id='word_1_591' title='bbox 2897 3192 3002 3245; x_wconf 79' lang='lat' dir='ltr'><strong>est,</strong></span> <span class='ocrx_word' id='word_1_592' title='bbox 3032 3182 3102 3236; x_wconf 90' lang='lat' dir='ltr'><strong>ob</strong></span> <span class='ocrx_word' id='word_1_593' title='bbox 3149 3197 3242 3236; x_wconf 89' lang='lat' dir='ltr'><strong>eos</strong></span> <span class='ocrx_word' id='word_1_594' title='bbox 3286 3196 3446 3252; x_wconf 74' lang='lat' dir='ltr'><strong>agros</strong></span> 
     </span>
    </p>
   </div>
   <div class='ocr_carea' id='block_1_85' title="bbox 1859 3273 3445 3346">
    <p class='ocr_par' dir='ltr' id='par_1_85' title="bbox 1859 3273 3445 3346">
     <span class='ocr_line' id='line_1_85' title="bbox 1859 3273 3445 3346; baseline 0.001 -19"><span class='ocrx_word' id='word_1_595' title='bbox 1859 3291 1998 3346; x_wconf 89' lang='lat' dir='ltr'><strong>quos</strong></span> <span class='ocrx_word' id='word_1_596' title='bbox 2041 3274 2231 3329; x_wconf 85' lang='lat' dir='ltr'><strong>fraude</strong></span> <span class='ocrx_word' id='word_1_597' title='bbox 2273 3274 2449 3344; x_wconf 83' lang='lat' dir='ltr'><strong>aliqua</strong></span> <span class='ocrx_word' id='word_1_598' title='bbox 2494 3274 2777 3343; x_wconf 80' lang='lat' dir='ltr'><strong>acquirere</strong></span> <span class='ocrx_word' id='word_1_599' title='bbox 2806 3286 2860 3328; x_wconf 88' lang='lat' dir='ltr'><strong>et</strong></span> <span class='ocrx_word' id='word_1_600' title='bbox 2888 3273 3105 3328; x_wconf 88' lang='lat' dir='ltr'><strong>auferre</strong></span> <span class='ocrx_word' id='word_1_601' title='bbox 3131 3274 3445 3330; x_wconf 39' lang='lat' dir='ltr'><strong>student&#39;de</strong></span> 
     </span>
    </p>
   </div>
   <div class='ocr_carea' id='block_1_86' title="bbox 1860 3365 3445 3435">
    <p class='ocr_par' dir='ltr' id='par_1_86' title="bbox 1860 3365 3445 3435">
     <span class='ocr_line' id='line_1_86' title="bbox 1860 3365 3445 3435; baseline -0.003 -12"><span class='ocrx_word' id='word_1_602' title='bbox 1860 3367 1995 3423; x_wconf 90' lang='lat' dir='ltr'><strong>locis</strong></span> <span class='ocrx_word' id='word_1_603' title='bbox 2034 3365 2240 3421; x_wconf 88' lang='lat' dir='ltr'><strong>sanctis</strong></span> <span class='ocrx_word' id='word_1_604' title='bbox 2278 3381 2374 3421; x_wconf 90' lang='lat' dir='ltr'><strong>seu</strong></span> <span class='ocrx_word' id='word_1_605' title='bbox 2418 3365 2746 3435; x_wconf 82' lang='lat' dir='ltr'><strong>pauperibus</strong></span> <span class='ocrx_word' id='word_1_606' title='bbox 2786 3372 2842 3419; x_wconf 92' lang='lat' dir='ltr'><strong>et</strong></span> <span class='ocrx_word' id='word_1_607' title='bbox 2885 3375 3107 3435; x_wconf 83' lang='lat' dir='ltr'><strong>prepter</strong></span> <span class='ocrx_word' id='word_1_608' title='bbox 3141 3365 3445 3420; x_wconf 77' lang='lat' dir='ltr'><strong>meretricis</strong></span> 
     </span>
    </p>
   </div>
   <div class='ocr_carea' id='block_1_87' title="bbox 1861 3457 3446 3522">
    <p class='ocr_par' dir='ltr' id='par_1_87' title="bbox 1861 3457 3446 3522">
     <span class='ocr_line' id='line_1_87' title="bbox 1861 3457 3446 3522; baseline -0.001 -9"><span class='ocrx_word' id='word_1_609' title='bbox 1861 3458 2263 3522; x_wconf 90' lang='lat' dir='ltr'><strong>inductionem,</strong></span> <span class='ocrx_word' id='word_1_610' title='bbox 2314 3470 2374 3511; x_wconf 89' lang='lat' dir='ltr'><strong>se</strong></span> <span class='ocrx_word' id='word_1_611' title='bbox 2421 3466 2690 3513; x_wconf 87' lang='lat' dir='ltr'><strong>conantur</strong></span> <span class='ocrx_word' id='word_1_612' title='bbox 2750 3471 3015 3512; x_wconf 79' lang='lat' dir='ltr'><strong>excusare</strong></span> <span class='ocrx_word' id='word_1_613' title='bbox 3069 3473 3098 3510; x_wconf 91' lang='lat' dir='ltr'><strong>a</strong></span> <span class='ocrx_word' id='word_1_614' title='bbox 3162 3457 3446 3512; x_wconf 86' lang='lat' dir='ltr'><strong>vocatione</strong></span> 
     </span>
    </p>
   </div>
   <div class='ocr_carea' id='block_1_88' title="bbox 1861 3544 3446 3615">
    <p class='ocr_par' dir='ltr' id='par_1_88' title="bbox 1861 3544 3446 3615">
     <span class='ocr_line' id='line_1_88' title="bbox 1861 3544 3446 3615; baseline -0.001 -13"><span class='ocrx_word' id='word_1_615' title='bbox 1861 3547 2063 3602; x_wconf 88' lang='lat' dir='ltr'><strong>divina.</strong></span> <span class='ocrx_word' id='word_1_616' title='bbox 2091 3544 2146 3599; x_wconf 90' lang='lat' dir='ltr'><strong>Si</strong></span> <span class='ocrx_word' id='word_1_617' title='bbox 2178 3546 2324 3601; x_wconf 89' lang='lat' dir='ltr'><strong>enim</strong></span> <span class='ocrx_word' id='word_1_618' title='bbox 2370 3545 2425 3599; x_wconf 91' lang='lat' dir='ltr'><strong>bi</strong></span> <span class='ocrx_word' id='word_1_619' title='bbox 2468 3545 2560 3614; x_wconf 85' lang='lat' dir='ltr'><strong>qui</strong></span> <span class='ocrx_word' id='word_1_620' title='bbox 2607 3546 2769 3601; x_wconf 87' lang='lat' dir='ltr'><strong>rebus</strong></span> <span class='ocrx_word' id='word_1_621' title='bbox 2807 3544 2955 3612; x_wconf 89' lang='lat' dir='ltr'><strong>juste</strong></span> <span class='ocrx_word' id='word_1_622' title='bbox 2995 3546 3279 3615; x_wconf 83' lang='lat' dir='ltr'><strong>acquisitis</strong></span> <span class='ocrx_word' id='word_1_623' title='bbox 3317 3557 3369 3601; x_wconf 92' lang='lat' dir='ltr'><strong>et</strong></span> <span class='ocrx_word' id='word_1_624' title='bbox 3412 3562 3446 3601; x_wconf 88' lang='lat' dir='ltr'><strong>a</strong></span> 
     </span>
    </p>
   </div>
   <div class='ocr_carea' id='block_1_89' title="bbox 1860 3639 3447 3712">
    <p class='ocr_par' dir='ltr' id='par_1_89' title="bbox 1860 3639 3447 3712">
     <span class='ocr_line' id='line_1_89' title="bbox 1860 3639 3447 3712; baseline -0.001 -17"><span class='ocrx_word' id='word_1_625' title='bbox 1860 3640 1975 3696; x_wconf 89' lang='lat' dir='ltr'><strong>Deo</strong></span> <span class='ocrx_word' id='word_1_626' title='bbox 2012 3639 2286 3695; x_wconf 87' lang='lat' dir='ltr'><strong>concessis</strong></span> <span class='ocrx_word' id='word_1_627' title='bbox 2324 3639 2758 3707; x_wconf 88' lang='lat' dir='ltr'><strong>intemperanter</strong></span> <span class='ocrx_word' id='word_1_628' title='bbox 2800 3648 3028 3695; x_wconf 89' lang='lat' dir='ltr'><strong>utuntur</strong></span> <span class='ocrx_word' id='word_1_629' title='bbox 3066 3656 3095 3696; x_wconf 91' lang='lat' dir='ltr'><strong>a</strong></span> <span class='ocrx_word' id='word_1_630' title='bbox 3138 3655 3305 3712; x_wconf 76' lang='lat' dir='ltr'><strong>regno</strong></span> <span class='ocrx_word' id='word_1_631' title='bbox 3334 3653 3447 3695; x_wconf 75' lang='lat' dir='ltr'><strong>cm-</strong></span> 
     </span>
    </p>
   </div>
   <div class='ocr_carea' id='block_1_90' title="bbox 1861 3730 3441 3801">
    <p class='ocr_par' dir='ltr' id='par_1_90' title="bbox 1861 3730 3441 3801">
     <span class='ocr_line' id='line_1_90' title="bbox 1861 3730 3441 3801; baseline -0.001 -14"><span class='ocrx_word' id='word_1_632' title='bbox 1861 3732 1985 3789; x_wconf 87' lang='lat' dir='ltr'><strong>lesti</strong></span> <span class='ocrx_word' id='word_1_633' title='bbox 2026 3732 2410 3795; x_wconf 84' lang='lat' dir='ltr'><strong>excluduntur,</strong></span> <span class='ocrx_word' id='word_1_634' title='bbox 2439 3730 2566 3800; x_wconf 90' lang='lat' dir='ltr'><strong>quid</strong></span> <span class='ocrx_word' id='word_1_635' title='bbox 2607 3731 2937 3787; x_wconf 87' lang='lat' dir='ltr'><strong>credendum</strong></span> <span class='ocrx_word' id='word_1_636' title='bbox 2980 3730 3065 3787; x_wconf 83' lang='lat' dir='ltr'><strong>est</strong></span> <span class='ocrx_word' id='word_1_637' title='bbox 3107 3733 3173 3786; x_wconf 88' lang='lat' dir='ltr'><strong>de</strong></span> <span class='ocrx_word' id='word_1_638' title='bbox 3210 3731 3313 3786; x_wconf 89' lang='lat' dir='ltr'><strong>illis</strong></span> <span class='ocrx_word' id='word_1_639' title='bbox 3348 3730 3441 3801; x_wconf 82' lang='lat' dir='ltr'><strong>qui</strong></span> 
     </span>
    </p>
   </div>
   <div class='ocr_carea' id='block_1_91' title="bbox 1860 3820 3446 3897">
    <p class='ocr_par' dir='ltr' id='par_1_91' title="bbox 1860 3820 3446 3897">
     <span class='ocr_line' id='line_1_91' title="bbox 1860 3820 3446 3897; baseline -0.003 -17"><span class='ocrx_word' id='word_1_640' title='bbox 1860 3841 1965 3897; x_wconf 87' lang='lat' dir='ltr'><strong>per</strong></span> <span class='ocrx_word' id='word_1_641' title='bbox 2004 3824 2114 3879; x_wconf 87' lang='lat' dir='ltr'><strong>vim</strong></span> <span class='ocrx_word' id='word_1_642' title='bbox 2165 3832 2222 3878; x_wconf 91' lang='lat' dir='ltr'><strong>et</strong></span> <span class='ocrx_word' id='word_1_643' title='bbox 2266 3821 2512 3877; x_wconf 85' lang='lat' dir='ltr'><strong>fraudem</strong></span> <span class='ocrx_word' id='word_1_644' title='bbox 2559 3820 2792 3891; x_wconf 89' lang='lat' dir='ltr'><strong>aliquam</strong></span> <span class='ocrx_word' id='word_1_645' title='bbox 2842 3822 3018 3877; x_wconf 89' lang='lat' dir='ltr'><strong>aliena</strong></span> <span class='ocrx_word' id='word_1_646' title='bbox 3068 3821 3446 3892; x_wconf 40' lang='lat' dir='ltr'><strong>rapientesiet</strong></span> 
     </span>
    </p>
   </div>
   <div class='ocr_carea' id='block_1_92' title="bbox 1862 3912 3442 3985">
    <p class='ocr_par' dir='ltr' id='par_1_92' title="bbox 1862 3912 3442 3985">
     <span class='ocr_line' id='line_1_92' title="bbox 1862 3912 3442 3985; baseline -0.003 -12"><span class='ocrx_word' id='word_1_647' title='bbox 1862 3914 2244 3973; x_wconf 84' lang='lat' dir='ltr'><strong>meretricibus</strong></span> <span class='ocrx_word' id='word_1_648' title='bbox 2282 3930 2342 3969; x_wconf 89' lang='lat' dir='ltr'><strong>se</strong></span> <span class='ocrx_word' id='word_1_649' title='bbox 2371 3913 2662 3985; x_wconf 82' lang='lat' dir='ltr'><strong>jungenles</strong></span> <span class='ocrx_word' id='word_1_650' title='bbox 2703 3914 2758 3969; x_wconf 92' lang='lat' dir='ltr'><strong>in</strong></span> <span class='ocrx_word' id='word_1_651' title='bbox 2811 3914 2897 3970; x_wconf 91' lang='lat' dir='ltr'><strong>his</strong></span> <span class='ocrx_word' id='word_1_652' title='bbox 2942 3930 3114 3985; x_wconf 89' lang='lat' dir='ltr'><strong>usque</strong></span> <span class='ocrx_word' id='word_1_653' title='bbox 3160 3916 3228 3969; x_wconf 89' lang='lat' dir='ltr'><strong>ad</strong></span> <span class='ocrx_word' id='word_1_654' title='bbox 3279 3912 3442 3968; x_wconf 81' lang='lat' dir='ltr'><strong>linem</strong></span> 
     </span>
    </p>
   </div>
   <div class='ocr_carea' id='block_1_93' title="bbox 1863 4003 3442 4079">
    <p class='ocr_par' dir='ltr' id='par_1_93' title="bbox 1863 4003 3442 4079">
     <span class='ocr_line' id='line_1_93' title="bbox 1863 4003 3442 4079; baseline -0.004 -15"><span class='ocrx_word' id='word_1_655' title='bbox 1863 4010 1988 4064; x_wconf 69' lang='lat' dir='ltr'><strong>vita:</strong></span> <span class='ocrx_word' id='word_1_656' title='bbox 2017 4007 2402 4079; x_wconf 84' lang='lat' dir='ltr'><strong>perseverant?</strong></span> <span class='ocrx_word' id='word_1_657' title='bbox 2450 4005 2585 4061; x_wconf 87' lang='lat' dir='ltr'><strong>Hinc</strong></span> <span class='ocrx_word' id='word_1_658' title='bbox 2626 4006 2813 4060; x_wconf 77' lang='lat' dir='ltr'><strong>credat</strong></span> <span class='ocrx_word' id='word_1_659' title='bbox 2850 4004 3079 4076; x_wconf 88' lang='lat' dir='ltr'><strong>quisque</strong></span> <span class='ocrx_word' id='word_1_660' title='bbox 3111 4005 3252 4074; x_wconf 90' lang='lat' dir='ltr'><strong>quod</strong></span> <span class='ocrx_word' id='word_1_661' title='bbox 3282 4003 3442 4068; x_wconf 82' lang='lat' dir='ltr'><strong>velit;</strong></span> 
     </span>
    </p>
   </div>
   <div class='ocr_carea' id='block_1_94' title="bbox 1865 4095 3444 4173">
    <p class='ocr_par' dir='ltr' id='par_1_94' title="bbox 1865 4095 3444 4173">
     <span class='ocr_line' id='line_1_94' title="bbox 1865 4095 3444 4173; baseline -0.005 -15"><span class='ocrx_word' id='word_1_662' title='bbox 1865 4114 1965 4173; x_wconf 79' lang='lat' dir='ltr'><strong>ego</strong></span> <span class='ocrx_word' id='word_1_663' title='bbox 2007 4100 2172 4156; x_wconf 89' lang='lat' dir='ltr'><strong>credo</strong></span> <span class='ocrx_word' id='word_1_664' title='bbox 2218 4099 2343 4167; x_wconf 90' lang='lat' dir='ltr'><strong>quia</strong></span> <span class='ocrx_word' id='word_1_665' title='bbox 2387 4098 2581 4153; x_wconf 70' lang='lat' dir='ltr'><strong>coalum</strong></span> <span class='ocrx_word' id='word_1_666' title='bbox 2630 4106 2683 4152; x_wconf 90' lang='lat' dir='ltr'><strong>et</strong></span> <span class='ocrx_word' id='word_1_667' title='bbox 2732 4107 2873 4153; x_wconf 91' lang='lat' dir='ltr'><strong>terra</strong></span> <span class='ocrx_word' id='word_1_668' title='bbox 2925 4096 3251 4158; x_wconf 85' lang='lat' dir='ltr'><strong>transibunt,</strong></span> <span class='ocrx_word' id='word_1_669' title='bbox 3281 4095 3444 4151; x_wconf 89' lang='lat' dir='ltr'><strong>verba</strong></span> 
     </span>
    </p>
   </div>
   <div class='ocr_carea' id='block_1_95' title="bbox 1865 4187 3441 4258">
    <p class='ocr_par' dir='ltr' id='par_1_95' title="bbox 1865 4187 3441 4258">
     <span class='ocr_line' id='line_1_95' title="bbox 1865 4187 3441 4258; baseline -0.004 -10"><span class='ocrx_word' id='word_1_670' title='bbox 1865 4203 2047 4249; x_wconf 86' lang='lat' dir='ltr'><strong>autem</strong></span> <span class='ocrx_word' id='word_1_671' title='bbox 2096 4192 2295 4248; x_wconf 86' lang='lat' dir='ltr'><strong>divina</strong></span> <span class='ocrx_word' id='word_1_672' title='bbox 2327 4207 2431 4245; x_wconf 86' lang='lat' dir='ltr'><strong>non</strong></span> <span class='ocrx_word' id='word_1_673' title='bbox 2479 4191 2786 4245; x_wconf 87' lang='lat' dir='ltr'><strong>transilnmt</strong></span> <span class='ocrx_word' id='word_1_674' title='bbox 2816 4187 3009 4258; x_wconf 78' lang='lat' dir='ltr'><strong>(Marc.</strong></span> <span class='ocrx_word' id='word_1_675' title='bbox 3044 4203 3162 4250; x_wconf 82' lang='lat' dir='ltr'><strong>xm.</strong></span> <span class='ocrx_word' id='word_1_676' title='bbox 3196 4187 3308 4258; x_wconf 78' lang='lat' dir='ltr'><strong>5i),</strong></span> <span class='ocrx_word' id='word_1_677' title='bbox 3340 4188 3441 4242; x_wconf 87' lang='lat' dir='ltr'><strong>nisi</strong></span> 
     </span>
    </p>
   </div>
   <div class='ocr_carea' id='block_1_96' title="bbox 1864 4280 3443 4354">
    <p class='ocr_par' dir='ltr' id='par_1_96' title="bbox 1864 4280 3443 4354">
     <span class='ocr_line' id='line_1_96' title="bbox 1864 4280 3443 4354; baseline -0.004 -13"><span class='ocrx_word' id='word_1_678' title='bbox 1864 4294 1925 4341; x_wconf 89' lang='lat' dir='ltr'><strong>ut</strong></span> <span class='ocrx_word' id='word_1_679' title='bbox 1952 4285 2279 4354; x_wconf 83' lang='lat' dir='ltr'><strong>impleantur</strong></span> <span class='ocrx_word' id='word_1_680' title='bbox 2308 4284 2449 4338; x_wconf 83' lang='lat' dir='ltr'><strong>sicut</strong></span> <span class='ocrx_word' id='word_1_681' title='bbox 2473 4283 2727 4352; x_wconf 68' lang='lat' dir='ltr'><strong>praedicta</strong></span> <span class='ocrx_word' id='word_1_682' title='bbox 2756 4289 2902 4336; x_wconf 85' lang='lat' dir='ltr'><strong>sunt.</strong></span> <span class='ocrx_word' id='word_1_683' title='bbox 2935 4280 3058 4336; x_wconf 66' lang='lat' dir='ltr'><strong>Haec</strong></span> <span class='ocrx_word' id='word_1_684' title='bbox 3088 4281 3252 4349; x_wconf 74' lang='lat' dir='ltr'><strong>igitur</strong></span> <span class='ocrx_word' id='word_1_685' title='bbox 3271 4296 3443 4350; x_wconf 85' lang='lat' dir='ltr'><strong>pauca</strong></span> 
     </span>
    </p>
   </div>
   <div class='ocr_carea' id='block_1_97' title="bbox 1864 4373 3443 4433">
    <p class='ocr_par' dir='ltr' id='par_1_97' title="bbox 1864 4373 3443 4433">
     <span class='ocr_line' id='line_1_97' title="bbox 1864 4373 3443 4433; baseline -0.004 0"><span class='ocrx_word' id='word_1_686' title='bbox 1864 4377 2262 4433; x_wconf 79' lang='lat' dir='ltr'><strong>exhortationis</strong></span> <span class='ocrx_word' id='word_1_687' title='bbox 2304 4376 2466 4430; x_wconf 88' lang='lat' dir='ltr'><strong>verba</strong></span> <span class='ocrx_word' id='word_1_688' title='bbox 2511 4375 2577 4429; x_wconf 90' lang='lat' dir='ltr'><strong>ad</strong></span> <span class='ocrx_word' id='word_1_689' title='bbox 2618 4374 2824 4430; x_wconf 85' lang='lat' dir='ltr'><strong>clerum</strong></span> <span class='ocrx_word' id='word_1_690' title='bbox 2867 4373 3010 4428; x_wconf 86' lang='lat' dir='ltr'><strong>dicta</strong></span> <span class='ocrx_word' id='word_1_691' title='bbox 3055 4374 3173 4428; x_wconf 90' lang='lat' dir='ltr'><strong>ideo</strong></span> <span class='ocrx_word' id='word_1_692' title='bbox 3207 4387 3273 4427; x_wconf 85' lang='lat' dir='ltr'><strong>ex</strong></span> <span class='ocrx_word' id='word_1_693' title='bbox 3317 4387 3443 4427; x_wconf 81' lang='lat' dir='ltr'><strong>san—</strong></span> 
     </span>
    </p>
   </div>
   <div class='ocr_carea' id='block_1_98' title="bbox 1788 4462 3441 4561">
    <p class='ocr_par' dir='ltr' id='par_1_98' title="bbox 1788 4462 3441 4561">
     <span class='ocr_line' id='line_1_98' title="bbox 1788 4462 3441 4561; baseline -0.002 -38"><span class='ocrx_word' id='word_1_694' title='bbox 1788 4498 1841 4561; x_wconf 74' lang='lat' dir='ltr'><strong>D</strong></span> <span class='ocrx_word' id='word_1_695' title='bbox 1864 4469 2108 4523; x_wconf 80' lang='lat' dir='ltr'><strong>ctissime</strong></span> <span class='ocrx_word' id='word_1_696' title='bbox 2135 4466 2543 4536; x_wconf 78' lang='lat' dir='ltr'><strong>Evangeliormn</strong></span> <span class='ocrx_word' id='word_1_697' title='bbox 2592 4463 2731 4519; x_wconf 88' lang='lat' dir='ltr'><strong>libro</strong></span> <span class='ocrx_word' id='word_1_698' title='bbox 2769 4462 3014 4534; x_wconf 86' lang='lat' dir='ltr'><strong>proferre</strong></span> <span class='ocrx_word' id='word_1_699' title='bbox 3057 4464 3276 4529; x_wconf 75' lang='lat' dir='ltr'><strong>curavi,</strong></span> <span class='ocrx_word' id='word_1_700' title='bbox 3313 4462 3441 4535; x_wconf 86' lang='lat' dir='ltr'><strong>quia</strong></span> 
     </span>
    </p>
   </div>
   <div class='ocr_carea' id='block_1_99' title="bbox 1865 4557 3439 4626">
    <p class='ocr_par' dir='ltr' id='par_1_99' title="bbox 1865 4557 3439 4626">
     <span class='ocr_line' id='line_1_99' title="bbox 1865 4557 3439 4626; baseline -0.003 -10"><span class='ocrx_word' id='word_1_701' title='bbox 1865 4561 1988 4616; x_wconf 83' lang='lat' dir='ltr'><strong>talis</strong></span> <span class='ocrx_word' id='word_1_702' title='bbox 2032 4560 2171 4614; x_wconf 89' lang='lat' dir='ltr'><strong>liber</strong></span> <span class='ocrx_word' id='word_1_703' title='bbox 2222 4557 2437 4613; x_wconf 86' lang='lat' dir='ltr'><strong>clericis</strong></span> <span class='ocrx_word' id='word_1_704' title='bbox 2470 4571 2626 4626; x_wconf 88' lang='lat' dir='ltr'><strong>pene</strong></span> <span class='ocrx_word' id='word_1_705' title='bbox 2668 4558 2921 4611; x_wconf 86' lang='lat' dir='ltr'><strong>omnibus</strong></span> <span class='ocrx_word' id='word_1_706' title='bbox 2967 4557 3286 4612; x_wconf 87' lang='lat' dir='ltr'><strong>notissimus</strong></span> <span class='ocrx_word' id='word_1_707' title='bbox 3334 4566 3439 4623; x_wconf 90' lang='lat' dir='ltr'><strong>est,</strong></span> 
     </span>
    </p>
   </div>
   <div class='ocr_carea' id='block_1_100' title="bbox 1863 4649 3179 4723">
    <p class='ocr_par' dir='ltr' id='par_1_100' title="bbox 1863 4649 3179 4723">
     <span class='ocr_line' id='line_1_100' title="bbox 1863 4649 3179 4723; baseline -0.005 -15"><span class='ocrx_word' id='word_1_708' title='bbox 1863 4661 2045 4723; x_wconf 87' lang='lat' dir='ltr'><strong>utpote</strong></span> <span class='ocrx_word' id='word_1_709' title='bbox 2074 4651 2166 4721; x_wconf 86' lang='lat' dir='ltr'><strong>qui</strong></span> <span class='ocrx_word' id='word_1_710' title='bbox 2197 4651 2396 4719; x_wconf 57' lang='lat' dir='ltr'><strong>saepius</strong></span> <span class='ocrx_word' id='word_1_711' title='bbox 2425 4650 2620 4721; x_wconf 73' lang='lat' dir='ltr'><strong>legitur</strong></span> <span class='ocrx_word' id='word_1_712' title='bbox 2651 4657 2707 4703; x_wconf 87' lang='lat' dir='ltr'><strong>et</strong></span> <span class='ocrx_word' id='word_1_713' title='bbox 2740 4649 2960 4703; x_wconf 82' lang='lat' dir='ltr'><strong>auditur</strong></span> <span class='ocrx_word' id='word_1_714' title='bbox 2984 4649 3053 4703; x_wconf 86' lang='lat' dir='ltr'><strong>ab</strong></span> <span class='ocrx_word' id='word_1_715' title='bbox 3080 4650 3179 4704; x_wconf 84' lang='lat' dir='ltr'><strong>eis.</strong></span> 
     </span>
    </p>
   </div>
   <div class='ocr_carea' id='block_1_101' title="bbox 1880 4742 3440 4812">
    <p class='ocr_par' dir='ltr' id='par_1_101' title="bbox 1880 4742 3440 4812">
     <span class='ocr_line' id='line_1_101' title="bbox 1880 4742 3440 4812; baseline -0.003 -13"><span class='ocrx_word' id='word_1_716' title='bbox 1880 4744 2165 4799; x_wconf 76' lang='lat' dir='ltr'><strong>~Possunt</strong></span> <span class='ocrx_word' id='word_1_717' title='bbox 2223 4744 2388 4799; x_wconf 85' lang='lat' dir='ltr'><strong>etiam</strong></span> <span class='ocrx_word' id='word_1_718' title='bbox 2442 4744 2671 4799; x_wconf 84' lang='lat' dir='ltr'><strong>studiosi</strong></span> <span class='ocrx_word' id='word_1_719' title='bbox 2724 4742 2951 4812; x_wconf 90' lang='lat' dir='ltr'><strong>quilibet</strong></span> <span class='ocrx_word' id='word_1_720' title='bbox 2996 4742 3319 4796; x_wconf 87' lang='lat' dir='ltr'><strong>clericorum</strong></span> <span class='ocrx_word' id='word_1_721' title='bbox 3375 4757 3440 4796; x_wconf 84' lang='lat' dir='ltr'><strong>ex</strong></span> 
     </span>
    </p>
   </div>
   <div class='ocr_carea' id='block_1_102' title="bbox 1857 4832 3442 4906">
    <p class='ocr_par' dir='ltr' id='par_1_102' title="bbox 1857 4832 3442 4906">
     <span class='ocr_line' id='line_1_102' title="bbox 1857 4832 3442 4906; baseline -0.004 -14"><span class='ocrx_word' id='word_1_722' title='bbox 1857 4838 2008 4892; x_wconf 88' lang='lat' dir='ltr'><strong>varia</strong></span> <span class='ocrx_word' id='word_1_723' title='bbox 2046 4835 2318 4906; x_wconf 81' lang='lat' dir='ltr'><strong>scriptura</strong></span> <span class='ocrx_word' id='word_1_724' title='bbox 2355 4844 2462 4889; x_wconf 81' lang='lat' dir='ltr'><strong>tam</strong></span> <span class='ocrx_word' id='word_1_725' title='bbox 2497 4836 2712 4893; x_wconf 85' lang='lat' dir='ltr'><strong>Veteris</strong></span> <span class='ocrx_word' id='word_1_726' title='bbox 2750 4850 2911 4905; x_wconf 89' lang='lat' dir='ltr'><strong>quam</strong></span> <span class='ocrx_word' id='word_1_727' title='bbox 2943 4832 3078 4889; x_wconf 82' lang='lat' dir='ltr'><strong>Novi</strong></span> <span class='ocrx_word' id='word_1_728' title='bbox 3110 4832 3442 4887; x_wconf 80' lang='lat' dir='ltr'><strong>Testamenti</strong></span> 
     </span>
    </p>
   </div>
   <div class='ocr_carea' id='block_1_103' title="bbox 1858 4923 3443 4990">
    <p class='ocr_par' dir='ltr' id='par_1_103' title="bbox 1858 4923 3443 4990">
     <span class='ocr_line' id='line_1_103' title="bbox 1858 4923 3443 4990; baseline -0.008 -5"><span class='ocrx_word' id='word_1_729' title='bbox 1858 4930 1994 4986; x_wconf 87' lang='lat' dir='ltr'><strong>satis</strong></span> <span class='ocrx_word' id='word_1_730' title='bbox 2024 4927 2241 4990; x_wconf 89' lang='lat' dir='ltr'><strong>instrui,</strong></span> <span class='ocrx_word' id='word_1_731' title='bbox 2264 4936 2322 4981; x_wconf 90' lang='lat' dir='ltr'><strong>et</strong></span> <span class='ocrx_word' id='word_1_732' title='bbox 2363 4943 2472 4982; x_wconf 89' lang='lat' dir='ltr'><strong>non</strong></span> <span class='ocrx_word' id='word_1_733' title='bbox 2520 4927 2694 4982; x_wconf 89' lang='lat' dir='ltr'><strong>solum</strong></span> <span class='ocrx_word' id='word_1_734' title='bbox 2741 4940 2810 4980; x_wconf 77' lang='lat' dir='ltr'><strong>ex</strong></span> <span class='ocrx_word' id='word_1_735' title='bbox 2851 4923 3010 4979; x_wconf 92' lang='lat' dir='ltr'><strong>bonis</strong></span> <span class='ocrx_word' id='word_1_736' title='bbox 3050 4924 3142 4978; x_wconf 86' lang='lat' dir='ltr'><strong>sed</strong></span> <span class='ocrx_word' id='word_1_737' title='bbox 3182 4923 3346 4975; x_wconf 90' lang='lat' dir='ltr'><strong>etiam</strong></span> <span class='ocrx_word' id='word_1_738' title='bbox 3376 4937 3443 4974; x_wconf 78' lang='lat' dir='ltr'><strong>ex</strong></span> 
     </span>
    </p>
   </div>
   <div class='ocr_carea' id='block_1_104' title="bbox 1860 5010 3444 5074">
    <p class='ocr_par' dir='ltr' id='par_1_104' title="bbox 1860 5010 3444 5074">
     <span class='ocr_line' id='line_1_104' title="bbox 1860 5010 3444 5074; baseline -0.008 0"><span class='ocrx_word' id='word_1_739' title='bbox 1860 5018 2021 5074; x_wconf 87' lang='lat' dir='ltr'><strong>malis</strong></span> <span class='ocrx_word' id='word_1_740' title='bbox 2060 5016 2338 5073; x_wconf 71' lang='lat' dir='ltr'><strong>aediﬁcari.</strong></span> <span class='ocrx_word' id='word_1_741' title='bbox 2372 5015 2428 5070; x_wconf 89' lang='lat' dir='ltr'><strong>Si</strong></span> <span class='ocrx_word' id='word_1_742' title='bbox 2458 5016 2604 5071; x_wconf 90' lang='lat' dir='ltr'><strong>enim</strong></span> <span class='ocrx_word' id='word_1_743' title='bbox 2635 5015 2922 5074; x_wconf 88' lang='lat' dir='ltr'><strong>attendere</strong></span> <span class='ocrx_word' id='word_1_744' title='bbox 2960 5010 3272 5070; x_wconf 89' lang='lat' dir='ltr'><strong>stndnerint</strong></span> <span class='ocrx_word' id='word_1_745' title='bbox 3311 5010 3444 5065; x_wconf 86' lang='lat' dir='ltr'><strong>Abel</strong></span> 
     </span>
    </p>
   </div>
   <div class='ocr_carea' id='block_1_105' title="bbox 1850 5100 3444 5179">
    <p class='ocr_par' dir='ltr' id='par_1_105' title="bbox 1850 5100 3444 5179">
     <span class='ocr_line' id='line_1_105' title="bbox 1850 5100 3444 5179; baseline -0.008 -18"><span class='ocrx_word' id='word_1_746' title='bbox 1850 5109 2156 5179; x_wconf 88' lang='lat' dir='ltr'><strong>justitiam,</strong></span> <span class='ocrx_word' id='word_1_747' title='bbox 2201 5106 2302 5165; x_wconf 82' lang='lat' dir='ltr'><strong>Joh</strong></span> <span class='ocrx_word' id='word_1_748' title='bbox 2362 5111 2715 5177; x_wconf 80' lang='lat' dir='ltr'><strong>patientiam,</strong></span> <span class='ocrx_word' id='word_1_749' title='bbox 2760 5104 3125 5161; x_wconf 88' lang='lat' dir='ltr'><strong>venerandam</strong></span> <span class='ocrx_word' id='word_1_750' title='bbox 3174 5100 3444 5164; x_wconf 66' lang='lat' dir='ltr'><strong>Abrahae,</strong></span> 
     </span>
    </p>
   </div>
   <div class='ocr_carea' id='block_1_106' title="bbox 2088 5188 3420 5220">
    <p class='ocr_par' dir='ltr' id='par_1_106' title="bbox 2088 5188 3420 5220">
     <span class='ocr_line' id='line_1_106' title="bbox 2088 5188 3420 5220; baseline 0 0"><span class='ocrx_word' id='word_1_751' title='bbox 2088 5209 2101 5220; x_wconf 74' lang='grc' dir='ltr'>ι</span> <span class='ocrx_word' id='word_1_752' title='bbox 2156 5198 2309 5220; x_wconf 80' lang='lat' dir='ltr'><strong>l---l.</strong></span> <span class='ocrx_word' id='word_1_753' title='bbox 2363 5198 2663 5220; x_wconf 57' lang='lat' dir='ltr'><strong>l----,-J!-.--</strong></span> <span class='ocrx_word' id='word_1_754' title='bbox 2694 5212 2799 5220; x_wconf 33' lang='grc' dir='ltr'><strong>κ-..</strong></span> <span class='ocrx_word' id='word_1_755' title='bbox 2847 5210 2873 5220; x_wconf 64' lang='grc' dir='ltr'><strong>ρ</strong></span> <span class='ocrx_word' id='word_1_756' title='bbox 2919 5196 3028 5220; x_wconf 52' lang='lat' dir='ltr'><strong>nx-</strong></span> <span class='ocrx_word' id='word_1_757' title='bbox 3081 5190 3180 5220; x_wconf 68' lang='grc' dir='ltr'>..21ιὲ</span> <span class='ocrx_word' id='word_1_758' title='bbox 3227 5188 3420 5220; x_wconf 64' lang='grc' dir='ltr'><strong>ΓΊΛΙειηι</strong></span> 
     </span>
    </p>
   </div>
  </div>
