3942 5340
471 343 576 400 255

1483 342 1792 402 OI‘HLONI
1829 347 2134 406 MONACIII
2170 353 2227 407 S.
2268 353 2686 409 EMMERAMMI

3404 231 3448 252 ﬁ.

3615 337 3718 415 ass

473 454 742 524 replicare
771 454 1061 522 voluerint,
1092 465 1348 525 quantam
1382 457 1645 514 malitiam
1676 460 1808 514 Cain
1848 462 1900 516 in
1941 461 2045 516 fra-
2073 466 2120 524 Α
2149 465 2277 520 dere
2318 476 2575 535 quantum
2619 465 2951 535 permittitur
2989 440 3267 521 obstaculo
3311 475 3471 522 terra:
3507 467 3592 524 vel
3627 471 3721 524 ali-

473 555 613 600 trem
649 560 805 599 suum
849 546 1051 616 egerit,
1098 561 1195 616 pro
1238 547 1434 615 quibus
1479 550 1715 618 peccatis
1756 551 2046 606 Sodomita;

473 636 720 692 subversi
770 637 907 700 sint,
957 635 1191 705 qualiter
1233 637 1752 706 Nabuchodonosor,
1800 643 2046 698 llolol'er-

474 727 667 795 nisque
723 727 968 796 superbia
1019 729 1250 784 contrita
1295 731 1397 794 sit,
1446 747 1607 802 quam
1658 735 1823 788 variis
1877 736 2048 791 modis

474 828 874 870 murmurantes
919 816 1011 870 lilii
1053 817 1217 872 Israel
1263 819 1446 875 alllicti
1479 823 1609 887 sint,
1637 823 1765 893 quid
1813 824 1927 879 llcli
1963 842 2050 881 sa-

471 905 710 975 cerdotis
741 907 834 959 lilii
873 917 1160 976 peccantes
1203 911 1553 980 pertulerint,
1587 913 1854 982 quomodo
1897 913 2050 970 Salo—

471 1013 596 1052 mon
635 998 1071 1068 sapientissimus
1112 1003 1390 1068 ceciderit,
1420 1015 1789 1074 quantamque
1835 1006 2045 1060 ruinam

470 1088 706 1144 Absalon
739 1099 793 1144 et
824 1091 931 1145 duo
955 1091 1164 1161 judiccs
1201 1104 1393 1149 contra
1435 1094 1738 1150 Susannam
1780 1098 2050 1152 insanien-

475 1187 553 1232 tes
594 1180 914 1243 meruerint,
943 1197 1104 1256 quam
1145 1182 1346 1238 frustra
1383 1184 1609 1240 Herodis
1648 1195 1703 1239 et
1743 1186 2047 1240 Judaeorum

472 1269 626 1326 dolus
657 1271 709 1325 in
741 1272 1020 1348 Christum
1052 1274 1355 1339 insanierit,
1385 1286 1584 1346 quanta
1626 1278 1828 1332 malitia
1861 1279 2047 1336 Simon

473 1363 657 1434 Magns
719 1367 1024 1420 obcaecatus
1087 1368 1327 1436 perierit.
1375 1368 1511 1435 Quid
1560 1369 1705 1424 aliud
1749 1386 1848 1440 per
1899 1380 2050 1426 tanta

472 1454 612 1508 mala
643 1454 904 1520 innuitur,
934 1446 1037 1511 nisi
1070 1466 1126 1510 ut
1153 1459 1435 1512 audientes
1465 1460 1686 1514 timeant
1713 1468 1767 1514 et
1801 1461 2050 1516 timentes

473 1554 702 1599 caveant
746 1560 813 1599 ne
847 1546 898 1600 in
930 1547 1125 1601 similia
1165 1548 1394 1602 cadant?
1431 1549 1652 1603 Plurimi
1686 1566 1918 1621 namque
1946 1551 2050 1606 nisi

473 1634 670 1689 timore
699 1636 1170 1706 compellerentur,
1206 1639 1351 1693 nullo
1382 1641 1540 1695 modo
1569 1641 1634 1694 ad
1667 1641 1892 1696 salutem
1937 1651 2050 1696 tra-

476 1725 756 1781 herentnr.
797 1727 952 1782 Patet
982 1729 1143 1798 igitur
1171 1731 1293 1800 quia
1326 1742 1433 1785 tam
1465 1747 1562 1802 per
1592 1733 1733 1787 mala
1766 1749 1926 1804 quam
1957 1749 2053 1804 per

2148 556 2301 624 cujus
2348 557 2458 621 rei;
2508 555 2781 610 Creatoris
2827 571 2956 610 vero
2995 557 3248 626 splendor
3289 566 3372 612 est
3419 558 3720 629 incompre-

2148 645 2431 700 hensibilis
2476 655 2530 700 et
2577 646 2863 701 invisibilis
2912 647 3029 715 ejus
3086 647 3344 712 intuitus,
3387 663 3495 717 quo
3543 652 3723 704 omnia

2145 738 2441 806 prmterita,
2482 737 2766 807 praesentia
2815 744 2869 791 et
2915 737 3090 791 futura
3133 755 3455 808 omnemque
3514 751 3725 795 creatu-

2147 843 2264 882 ram
2296 829 2454 883 simul
2487 827 2645 897 quasi
2676 844 2784 883 uno
2826 831 2932 883 ictu
2973 831 3112 884 oeuli
3153 832 3584 901 comprehendit,
3619 848 3724 901 quo

2149 919 2312 974 etiam
2356 921 2560 988 respicit
2595 936 2748 988 super
2785 920 2924 987 ﬁlios
2962 921 3229 974 hominum
3270 930 3325 974 ut
3369 921 3540 974 rideat
3569 921 3616 974 si
3651 933 3725 976 est

2149 1007 2440 1077 intelligens
2481 1018 2572 1062 aut
2613 1011 2876 1079 requirens
2917 1008 3081 1062 Deum
3127 1006 3298 1080 (Psal.
3332 1026 3460 1074 xm,
3506 1009 3586 1081 2).
3625 1010 3726 1078 Qui

2150 1100 2360 1156 scilicet
2401 1099 2655 1169 splendor
2697 1115 2804 1154 non
2842 1101 2942 1154 nisi
2983 1109 3095 1154 toto
3124 1099 3306 1154 cordis
3344 1102 3540 1154 allec-tu
3583 1101 3728 1155 credi

2150 1191 2234 1245 vel
2277 1191 2490 1260 agnosci
2539 1199 2739 1261 potest,
2775 1189 2997 1260 ejusque
3043 1205 3213 1260 capax
3261 1192 3366 1244 erit
3414 1199 3624 1260 quanto
3675 1192 3728 1245 in

2151 1285 2258 1340 ﬁde
2297 1293 2351 1340 et
2393 1283 2677 1338 dilectione
2706 1283 2798 1338 Dei
2848 1281 3154 1353 profecerit,
3191 1283 3465 1352 ipsiusque
3502 1282 3731 1352 justitite

2151 1378 2354 1434 esuriet
2399 1387 2561 1446 atque
2612 1376 2731 1430 sitis
2775 1392 2898 1430 eum
2948 1375 3278 1430 accenderit.
3327 1373 3484 1428 Unde
3533 1375 3602 1428 de
3647 1374 3738 1430 his.

2151 1469 2325 1525 tribus
2352 1467 2405 1521 in
2438 1466 2725 1537 Evangelio
2756 1467 3010 1520 Dominus
3037 1466 3203 1528 dicit;
3237 1465 3303 1518 de
3334 1463 3436 1518 llde
3464 1465 3682 1533 quidem
3712 1482 3725 1517 :

2155 1559 2367 1624 Omnia,
2401 1558 2594 1628 inquit,
2615 1558 2884 1628 possibilia
2911 1569 3029 1611 sunt
3057 1557 3282 1611 credenti
3305 1555 3498 1626 (Marc.
3517 1573 3595 1616 Ix.
3617 1555 3730 1620 2‘2);

2155 1654 2220 1708 de
2244 1652 2531 1708 dilectione
2561 1660 2739 1703 autem
2767 1667 2780 1703 :
2815 1649 2916 1714 Qui
2942 1648 3110 1719 diligit
3141 1665 3220 1702 me
3247 1649 3496 1715 diligetur
3515 1665 3546 1700 a
3574 1645 3734 1700 Patre

2155 1756 2288 1806 meo,
2326 1750 2371 1794 et
2407 1756 2498 1810 ego
2540 1737 2758 1808 diligam
2803 1753 2918 1790 eum
2960 1746 3008 1790 et
3051 1735 3396 1805 manifestaba
3445 1737 3493 1789 ei
3529 1752 3615 1790 me
3657 1737 3736 1804 ip-

474 1817 613 1872 bona
663 1819 916 1875 aediﬁcari
967 1837 1285 1890 possumus,
1333 1823 1378 1876 si
1426 1837 1488 1876 ea
1539 1823 1611 1876 ita
1652 1833 1711 1877 ut
1754 1839 1784 1878 a
1825 1824 2052 1879 Domino

2165 1849 2272 1887 sum
2301 1829 2486 1902 (Jama.
2518 1845 2628 1892 Juv,
2657 1827 2750 1898 2t)
2775 1843 2789 1891 ;
2838 1828 2903 1880 de
2929 1827 3107 1881 esurie
3155 1841 3284 1882 vero
3313 1841 3376 1880 ac
3420 1825 3508 1878 siti
3541 1842 3556 1879 :
3586 1823 3737 1878 Beati

474 1909 792 1964 ordinantur
831 1927 1136 1979 pensamus.
1183 1911 1318 1966 Nam
1364 1923 1422 1966 nt
1458 1913 1626 1968 Deum
1668 1930 1928 1977 amemus,
1960 1931 2056 1985 per

475 1995 615 2051 bona
665 1999 958 2065 trahimur;
1009 2001 1102 2055 sed
1149 2010 1207 2055 ut
1253 2016 1374 2056 eum
1421 2003 1731 2070 timeamus,
1774 2021 1870 2074 per
1915 2005 2055 2060 tnala

477 2088 655 2158 aliqua
698 2091 1091 2160 compellimur.
1141 2092 1313 2158 Unde,
1345 2109 1548 2163 quaaso,
1583 2105 1643 2150 ut
1685 2111 1748 2150 ea
1786 2112 1904 2166 qua:
1942 2099 2055 2167 jam

476 2182 698 2251 protuli,
729 2193 781 2238 et
829 2184 934 2238 alia
976 2185 1062 2240 his
1103 2186 1298 2240 similia
1349 2187 1400 2241 in
1445 2187 1600 2242 libris
1647 2190 1816 2244 sacris
1855 2190 2056 2259 scripta

477 2271 778 2327 intentione
837 2289 1049 2329 summa
1114 2275 1360 2346 legantur
1421 2286 1475 2331 et
1540 2293 1659 2346 quae
1721 2276 1876 2333 nobis
1935 2288 2059 2332 sunt

478 2361 724 2416 facienda
797 2380 862 2419 ex
935 2379 1122 2420 eorum
1187 2365 1416 2422 lectione
1484 2367 1820 2437 aliquatenus
1887 2367 2057 2438 inspi-

481 2452 716 2507 ciantur.

1080 2544 1306 2601 CAPUT
1349 2545 1436 2600 Vl.

479 2632 749 2688 Docentur
789 2635 965 2690 clerici
999 2651 1116 2706 qua
1153 2636 1303 2691 lairis
1341 2638 1647 2707 pra'dicent,
1676 2647 1730 2691 ut
1760 2639 1902 2708 frugi
1935 2639 2056 2694 sint.

554 2723 756 2780 Deinde
805 2725 1102 2782 exhortans
1149 2735 1205 2780 et
1258 2727 1458 2794 laicus,
1506 2745 1612 2783 non
1659 2745 1752 2784 eos
1806 2730 1871 2783 ad
1921 2730 2062 2785 illius

483 2813 781 2884 Scriptura:
825 2815 1135 2882 lectionem,
1162 2817 1290 2887 quia
1333 2818 1438 2874 illis
1483 2829 1663 2889 ignota
1693 2829 1796 2884 est,
1832 2821 2059 2886 adduco,

485 2903 582 2957 sed
631 2912 690 2957 ut
729 2919 760 2956 a
793 2903 1022 2960 clericis
1066 2907 1312 2976 quaedam
1351 2923 1451 2978 pro
1486 2908 1818 2978 quotidianis
1846 2911 2061 2980 experi-

485 2992 686 3046 mentis
734 2994 966 3063 cognittc
1017 2995 1401 3053 similitudines
1451 2998 1762 3068 aperiantur
1813 3000 2061 3056 obsecro.

487 3082 712 3138 Dicatur
753 3085 933 3154 itaque
969 3087 1048 3142 eis
1086 3103 1155 3142 ne
1199 3103 1297 3157 pro
1329 3103 1394 3142 eo
1423 3091 1566 3158 quod
1599 3089 1806 3146 litteras
1842 3091 2060 3146 nescitis

2154 1924 2243 1994 qui
2271 1922 2506 1976 esuriunt
2531 1929 2578 1974 et
2605 1920 2787 1973 sitiunt
2804 1918 3090 1988 justitiam,
3126 1916 3372 1976 quoniam
3401 1915 3503 1985 ipsi
3526 1925 3737 1968 satura-

2157 2015 2351 2068 buntnr
2379 2011 2597 2084 (Matth.
2635 2027 2686 2073 v,
2716 2010 2794 2079 6).

2233 2103 2366 2156 lluic
2409 2101 2571 2155 etiam
2613 2099 2787 2154 simile
2816 2098 2942 2168 quid
2978 2096 3306 2166 quotidianis
3349 2093 3753 2164 experimentis.

2157 2192 2410 2262 colligere
2445 2190 2690 2260 potestis.
2723 2188 2854 2256 Quis
2885 2189 3027 2241 enim
3074 2186 3307 2256 agricola
3350 2185 3738 2254 agriculturam

2159 2287 2431 2345 exerceat,
2475 2280 2576 2334 nisi
2626 2279 2968 2339 aliquatenus
3018 2275 3419 2344 profectuosum
3475 2272 3580 2326 sibi
3624 2271 3741 2324 fore

2161 2382 2343 2443 speret
2391 2380 2446 2426 et
2496 2370 2718 2426 credat?
2769 2377 2862 2423 aut
2910 2368 3181 2436 quomodo
3232 2365 3446 2436 aliquod
3503 2362 3741 2417 studium

2158 2471 2340 2532 potest
2367 2461 2631 2526 exerceri,
2659 2459 2763 2514 nisi
2808 2459 3033 2527 coeperit
3078 2456 3289 2510 amari?
3334 2464 3422 2508 aut
3457 2453 3583 2523 quis
3622 2452 3742 2505 sine

2162 2555 2319 2609 taedio
2355 2554 2529 2622 ipsum
2567 2553 2767 2605 victum
2800 2549 3137 2618 corporalem
3189 2548 3402 2601 cunctis
3437 2543 3746 2599 viventibus

2161 2646 2524 2701 necessarium
2571 2644 2850 2713 percipere
2895 2640 3058 2706 valet,
3092 2640 3198 2694 nisi
3247 2638 3424 2707 aliqua
3464 2635 3649 2691 csurie
3678 2649 3743 2687 ac

2162 2737 2252 2793 siti
2281 2736 2348 2790 ad
2377 2737 2479 2790 hoc
2506 2735 2779 2790 incitetur.
2811 2733 2917 2788 Sed
2948 2747 3048 2786 nec
3079 2732 3194 2800 ipse
3223 2744 3444 2788 somnus
3485 2728 3590 2784 nisi
3620 2741 3746 2780 cum

2163 2827 2556 2883 delectamento
2598 2826 2777 2898 aliquo
2803 2823 3117 2894 percipitur.
3162 2821 3297 2877 Cum
3327 2833 3456 2891 ergo
3485 2819 3602 2883 lucc
3629 2831 3746 2873 om-

2161 2920 2252 2974 nia
2282 2920 2354 2973 ita
2384 2917 2738 2987 corporaliter
2758 2930 2878 2970 esse
2904 2914 3111 2978 sciatis,
3142 2913 3312 2983 petite
3341 2911 3530 2974 intima
3561 2910 3743 2962 inten-

2165 3015 2309 3068 tione
2346 3025 2374 3064 a
2410 3009 2636 3068 Domino
2663 3016 2722 3061 ut
2761 3021 2825 3060 ea
2871 3004 3226 3076 spiritualiter
3257 3001 3455 3056 imitari
3488 2999 3738 3052 valeatis.

2165 3105 2348 3161 Primo
2372 3101 2590 3171 quidem
2622 3109 2681 3153 ut
2727 3099 2778 3151 in
2808 3110 2931 3152 eum
2976 3104 3124 3150 recte
3159 3093 3418 3158 credatis;
3453 3090 3652 3148 deinde
3689 3098 3759 3143 ut,

486 3178 895 3232 θκουδίηίοηθιη
940 3179 1174 3250 aliquam
1214 3195 1399 3234 00mm
1445 3181 1553 3235 Deo
1578 3173 1674 3236 V05
1712 3182 1912 3238 habere
1947 3199 2063 3238 σε·
2089 3155 2134 3216 C
2163 3209 2286 3248 eum
2326 3155 2435 3247 tela
2476 3191 2675 3244 virtute
2706 3195 2813 3242 tota
2848 3194 3028 3240 mente
3065 3183 3332 3255 diligatis;
3375 3190 3657 3250 postremo
3686 3189 3746 3232 ut

490 3266 653 3330 datis,
686 3266 999 3323 intimamus
1028 3269 1180 3324 vobis
1208 3273 1472 3339 qutcdam,
1504 3272 1557 3326 in
1597 3272 1790 3340 quibus
1824 3272 1967 3328 velut
2007 3275 2061 3328 in
2155 3284 2357 3354 iugiter
2395 3280 2622 3336 teneatis
2657 3278 2892 3333 esuriem
2932 3285 2986 3330 et
3026 3276 3170 3330 sitim
3207 3273 3374 3328 divini
3401 3263 3602 3335 Verbi.
3633 3272 3752 3325 sine

489 3355 643 3412 l'hris
698 3357 940 3427 quotidie
990 3359 1216 3431 legendo
1275 3375 1571 3431 agnoscere
1623 3363 1882 3431 potestis,
1936 3363 2063 3433 quid

2165 3389 2270 3445 qua
2301 3388 2459 3429 nemo
2483 3371 2646 3425 ullam
2665 3368 2935 3437 justitiam
2965 3376 3146 3437 potest
3173 3380 3392 3428 amare;
3429 3364 3521 3433 qui
3565 3373 3763 3426 autem

490 3461 651 3518 agere
681 3447 944 3506 debeatis.
989 3449 1136 3507 Sicut
1184 3451 1350 3524 igitur
1393 3467 1523 3521 apes
1565 3452 1618 3504 in
1650 3452 1817 3506 variis
1849 3452 1982 3508 locis
2012 3462 2063 3508 et

2165 3482 2273 3521 non
2308 3471 2456 3518 amat
2481 3460 2748 3529 justitiam
2792 3459 2988 3512 animae
3035 3455 3179 3510 illius
3220 3453 3364 3509 salus
3403 3453 3747 3522 desperatur,

490 3539 545 3596 in
588 3541 752 3596 variis
787 3541 1010 3599 ﬂoribus
1047 3545 1223 3601 mellis
1259 3546 1522 3617 liquorem
1567 3545 1823 3618 colligere
1856 3546 2063 3611 solent,

491 3635 566 3688 ita
597 3645 652 3690 et
680 3651 776 3692 vos
804 3637 1057 3708 colligere
1086 3641 1295 3696 debetis
1325 3639 1611 3708 cujuslibet
1641 3639 1853 3696 virtutis
1883 3639 2068 3696 dulce-

495 3725 696 3782 dinem.
742 3729 824 3783 Ab
860 3729 963 3786 alio
1009 3732 1153 3786 enim
1201 3732 1500 3802 colligenda
1545 3740 1630 3788 est
1675 3732 1970 3799 humilitas,
2002 3733 2070 3787 ab

496 3816 604 3870 alio
629 3819 890 3884 charitas,
917 3822 984 3876 ab
1005 3821 1110 3874 alio
1144 3821 1294 3886 ﬁdes,
1321 3823 1389 3876 ab
1418 3821 1525 3876 alio
1553 3822 1836 3891 patientia,
1868 3823 1936 3876 ab
1963 3822 2072 3877 alio

497 3906 742 3976 largitas,
767 3910 834 3962 ab
873 3910 980 3963 alio
1019 3910 1262 3974 castitas,
1291 3909 1359 3964 ab
1400 3910 1505 3964 alio
1541 3911 1818 3976 discretio,
1855 3913 1924 3967 ab
1964 3912 2072 3969 alio

497 3998 961 4070 cleemosynarum
1002 4001 1180 4056 studia
1225 4016 1628 4072 pauperumque
1672 4018 1822 4068 cura,
1854 4003 1923 4058 ab
1966 4003 2073 4058 alio

499 4089 602 4144 alia
629 4090 880 4158 qutelibet
907 4091 1097 4147 virtus.
1139 4091 1268 4158 Qua:
1311 4092 1516 4148 scilicet
1559 4094 1812 4157 virtutes,
1840 4093 1965 4147 dum
1995 4093 2076 4147 sic

500 4180 741 4236 collectae
789 4182 840 4237 in
885 4184 1044 4239 unius
1088 4184 1324 4240 hominis
1371 4192 1603 4238 mentem
1646 4184 1887 4248 veniunt,
1921 4182 2074 4253 quasi

500 4272 556 4326 in
585 4288 751 4328 unum
777 4272 1076 4329 alvearium
1101 4289 1170 4329 ex
1195 4274 1361 4329 variis
1387 4271 1611 4330 ﬂoribus
1633 4283 1888 4342 excerpta
1919 4272 2076 4328 mella

502 4374 893 4435 congeruntur.

572 4454 690 4510 Non
741 4457 915 4512 solum
963 4469 1144 4514 autem
1189 4474 1258 4514 ex
1306 4459 1657 4524 hominibus,
1701 4457 1796 4514 sed
1842 4458 2006 4513 etiam
2047 4472 2078 4511 a

504 4545 834 4618 quibuslibet
876 4550 1164 4615 creaturis,
1200 4565 1338 4619 quas
1378 4549 1620 4619 quotidie
1653 4548 1736 4603 vel
1775 4548 1970 4603 videtis
1995 4545 2081 4602 vel

505 4637 728 4703 auditis,
754 4648 808 4692 et
837 4639 902 4694 de
931 4640 1096 4695 rebus
1123 4655 1260 4709 quas
1292 4640 1472 4710 aliquo
1490 4640 1650 4695 modo
1678 4639 1895 4694 sentitis
1919 4637 2080 4694 mella

507 4732 768 4788 virtutum
807 4733 1062 4805 colligere
1087 4733 1320 4792 debetis.
1351 4733 1484 4787 Nam
1513 4733 1697 4797 tidem,
1729 4748 1849 4802 qua:
1889 4731 2081 4785 funda-

507 4833 749 4878 mentum
780 4833 864 4881 est
892 4827 1152 4882 virtutum
1197 4827 1463 4891 omnium,
1504 4827 1680 4895 primo
1727 4825 1982 4896 colligere
2025 4833 2082 4880 et

508 4930 710 4986 ponere
738 4916 945 4972 debetis
971 4917 1022 4971 iu
1050 4918 1348 4974 alvearium
1377 4919 1557 4973 cordis
1582 4919 1770 4983 vestri,
1797 4917 2084 4973 credentes

509 5005 718 5061 scilicet
743 5007 911 5062 Deum
939 5009 1361 5079 omnipotentem
1391 5010 1588 5079 ubique
1614 5023 1733 5063 esse
1759 5015 2080 5077 praesentem

510 5105 567 5152 et
594 5098 857 5163 omnium,
889 5114 1008 5168 qua:
1049 5116 1079 5154 a
1122 5100 1277 5155 nobis
1316 5109 1576 5170 geruntur
1615 5099 1698 5155 vel
1740 5100 1903 5152 etiam
1938 5099 2084 5165 cogi-

511 5196 716 5254 tantur,
751 5190 1130 5260 inspectorem.
1168 5189 1320 5245 lianc
1362 5199 1544 5244 autem
1585 5190 1742 5244 fidem
1786 5189 1889 5242 hoc
1927 5187 2086 5241 modo

511 5279 773 5320 Dnllich-A
817 5280 1025 5320 dulmIie
1067 5299 1080 5311 ο
1124 5282 1389 5320 nllnmiilp
1436 5281 1600 5320 icitur
1647 5281 1700 5320 in
1748 5277 1945 5320 eniam-
1994 5276 2083 5320 mli

2167 3557 2311 3611 sicut
2359 3554 2522 3607 etiam
2568 3547 2813 3618 corporis
2857 3545 2974 3615 ejus
3025 3543 3169 3598 salus
3215 3543 3303 3612 qui
3352 3540 3456 3596 cibi
3511 3539 3752 3594 carnalis

2168 3648 2442 3708 fastidium
2470 3645 2695 3718 patitur.
2739 3641 2872 3694 Nam
2910 3639 2976 3692 de
3017 3646 3248 3707 utroque
3287 3632 3554 3704 spirituali
3599 3632 3752 3686 vide-

2169 3743 2294 3798 licet
2332 3749 2388 3794 et
2425 3733 2691 3806 corporali
2729 3733 2849 3788 cibo
2889 3729 3148 3784 Dominus
3189 3726 3320 3781 dicit
3355 3742 3368 3777 :
3399 3723 3522 3777 Non
3554 3722 3612 3774 in
3641 3720 3754 3774 solo

2167 3846 2301 3902 pane
2329 3828 2448 3883 uiuit
2477 3829 2653 3890 homo,
2679 3824 2768 3878 sed
2808 3822 2862 3875 in
2892 3819 3035 3875 omni
3064 3817 3230 3881 verba,
3257 3815 3395 3886 quod
3425 3811 3662 3902 procedit
3691 3811 3767 3864 de.

2170 3937 2260 3975 ore
2291 3919 2387 3972 Dei
2416 3915 2632 3988 (Matth.
2662 3929 2738 3978 tv,
2767 3911 2844 3981 4).
2893 3909 2952 3964 Si
2999 3909 3161 3978 igitur
3195 3907 3473 3961 imitantes
3512 3901 3754 3955 esuriem

2171 4013 2426 4079 sitimque
2470 4005 2829 4076 corporalem,
2857 3999 3190 4072 spiritualem
3235 4011 3453 4068 quoque
3493 3994 3754 4049 obtinue-

2173 4103 2319 4168 ritis,
2351 4114 2628 4169 nunquam
2683 4112 2715 4150 a
2770 4097 2906 4148 bona
2960 4091 3237 4146 voluntate
3284 4087 3567 4150 vacabitis,
3605 4084 3752 4140 colli-

2174 4203 2363 4265 gentes
2411 4191 2582 4246 instar
2640 4188 2823 4256 apium
2878 4184 3116 4253 undique
3167 4179 3394 4249 alicujus
3442 4178 3663 4233 virtutis
3702 4184 3758 4232 et

2176 4284 2454 4356 sapientiae
2497 4281 2601 4336 mel
2635 4280 2774 4335 sicut
2805 4285 2858 4332 et
2886 4276 2952 4331 de
2984 4276 3252 4330 immenso
3283 4271 3412 4326 solis
3444 4269 3754 4338 splendore,

2177 4355 2381 4443 dequo
2422 4370 2638 4427 interim
2684 4367 3021 4436 disputantes
3067 4362 3261 4418 divina:
3303 4358 3609 4429 praesentia
3659 4355 3768 4412 im-'

2182 4463 2524 4520 mensitatem
2566 4457 2922 4527 colligendam
2963 4467 3085 4509 esse
3129 4451 3385 4506 diximus.
3427 4447 3572 4516 Ergo
3618 4460 3756 4515 quo-

2185 4558 2502 4624 tiescunque
2544 4550 2792 4607 eumdem
2833 4546 2964 4602 solis
3003 4542 3341 4614 splendorem
3382 4546 3490 4591 tam
3531 4537 3762 4590 immen-

2180 4668 2301 4708 sum
2350 4646 2716 4719 inspexeritis,
2744 4657 2872 4698 mox
2921 4638 3327 4695 reminiscentes
3371 4631 3570 4686 divina:
3617 4642 3758 4698 pm-

2182 4746 2369 4804 sentiae
2428 4751 2484 4798 et
2535 4737 2777 4795 scientia:
2828 4741 2943 4789 toto
2999 4729 3197 4785 mentis
3256 4727 3448 4781 all'ectu
3512 4722 3762 4775 invocato

2181 4838 2490 4899 Dominum,
2519 4843 2580 4886 ut
2609 4829 2825 4899 aliquod
2852 4827 3031 4880 lumen
3062 4819 3314 4877 cordibus
3342 4815 3542 4870 vestris
3583 4809 3757 4867 iul'uno

2192 4932 2321 4986 dere
2367 4927 2637 4996 dignetur.
2684 4919 2780 4974 llis
2824 4918 2990 4988 igitur
3031 4913 3193 4968 dictis
3227 4911 3294 4964 de
3333 4907 3467 4968 sole,
3497 4905 3592 4975 qui
3637 4902 3761 4996 licet

2188 5036 2327 5077 unus
2357 4993 2454 5074 llos
2492 5017 2757 5078 videatur,
2785 5013 3057 5066 variarum
3089 5017 3268 5062 tamen
3297 5003 3564 5057 virtutum
3603 4993 3756 5051 mella

2183 5114 2306 5166 inde
2355 5106 2657 5179 colligenda
2709 5119 2831 5159 esse
2871 5103 2983 5173 jam
3033 5097 3274 5153 audistis.
3322 5092 3522 5147 Audite
3570 5089 3754 5179 etiam,

2183 5201 2417 5272 qualiter
2455 5176 2683 5272 aliunde
2728 5193 2917 5248 eadem
2965 5189 3126 5244 mella
3175 5176 3754 5272 delloraredebeatis;

2455 5268 2546 5320 ξς...
2594 5298 2830 5320 nun-mm
2885 5281 3076 5320 (locum!
3124 5277 3212 5320 illa
3252 5281 3426 5320 ιιι-διεδ.
3461 5270 3540 5320 illi
3580 5268 3752 5320 ﬂoros.

2185 5306 2360 5320 .\-\I¢IIA
2405 5289 2546 5320 hn:'\l
