3942 5340
203 380 299 438 257

771 485 996 544 CAPUT
1056 487 1163 542 \‘ll.

206 606 312 671 Qua
342 603 545 671 ratione
574 599 696 653 laici
733 616 764 652 a
794 601 995 654 clericis
1029 617 1092 655 ea:
1124 601 1349 654 universi
1385 601 1542 670 hujus
1571 609 1760 652 ornatu

398 671 470 724 ad
508 669 767 723 Creatoris
808 683 1038 723 amorem
1076 672 1391 740 provocandi
1419 669 1547 724 sint.

262 763 535 818 Attendite
571 776 703 831 ergo
739 775 882 816 nunc
919 762 1248 830 generaliter
1280 762 1333 816 in
1363 762 1528 816 totius
1572 761 1758 815 mundi

200 864 435 907 oruaunn
487 849 756 921 quomodo
817 850 996 903 omnia
1052 851 1282 906 invicem
1339 851 1663 904 conveniant
1707 858 1762 906 et

201 953 581 1013 temperentur,
612 941 782 994 calida
814 940 1020 994 scilicet
1056 939 1286 1011 frigidis,
1330 939 1518 1009 frigida
1549 938 1757 1001 calidis,

201 1046 425 1104 tempora
467 1034 664 1087 diurna
709 1032 1008 1096 nocturnis,
1054 1032 1238 1086 aestiva
1287 1030 1625 1085 hiemalibus.
1661 1029 1761 1083 De-

200 1121 312 1174 hinc
338 1117 646 1187 specialiter
675 1117 726 1170 in
751 1115 960 1186 singula
991 1131 1238 1185 quaeque,
1272 1117 1373 1170 hoc
1399 1123 1483 1170 est
1523 1116 1574 1168 in
1599 1131 1761 1168 orna-

199 1220 296 1265 tum
322 1209 443 1263 caeli
468 1218 526 1261 et
559 1218 734 1262 terrae.
757 1207 891 1262 Coeli
915 1209 1131 1276 quidem
1164 1223 1260 1276 per
1285 1209 1475 1270 solem,
1502 1216 1555 1260 et
1578 1207 1759 1260 lunam

195 1300 480 1364 etslcllas;
531 1308 691 1352 terra;
733 1313 863 1353 vero
893 1313 989 1367 per
1019 1298 1198 1352 varios
1237 1296 1397 1352 ﬂores
1439 1312 1681 1351 amoenos
1705 1305 1761 1350 et

197 1389 398 1452 herbas,
419 1398 588 1456 atque
616 1387 839 1441 arbores
858 1396 916 1440 et
936 1386 1166 1451 fructus,
1197 1387 1340 1440 unde
1366 1401 1535 1456 genus
1566 1386 1758 1439 burna-

196 1492 309 1532 num
339 1476 600 1532 alimenta
634 1477 878 1546 suscipit,
916 1476 1371 1546 pulchritudinem
1397 1490 1610 1544 quoque.
1633 1490 1758 1544 pre-

196 1567 438 1624 tiosorum
495 1567 759 1636 lapidum,
819 1569 1058 1636 picturas
1093 1568 1273 1622 varias
1325 1576 1434 1621 tam
1482 1567 1534 1620 in
1583 1567 1759 1636 palliis

193 1673 338 1728 quam
367 1659 419 1712 in
451 1659 670 1713 ctnteris
719 1658 973 1726 pretiosis
1021 1659 1216 1728 pannis
1244 1657 1636 1712 delectabiliter
1680 1657 1762 1710 iu-

196 1759 354 1804 textas
391 1748 944 1818 variosquecolores,
986 1748 1183 1817 quibus
1213 1749 1596 1812 conficiuntur,
1639 1747 1760 1802 dul-

1137 374 1262 428 ιω.
1306 373 1395 429 ωε
1425 368 1752 428 Αωίοκιτ,
1795 367 2062 428 ειειιιο.
2108 374 2194 430 ΕΤ
2233 376 2406 431 LAIC.

3327 380 3431 434 ’58

1785 487 1834 542 Δ
1863 492 2020 552 plura
2049 487 2252 541 indicat
2277 499 2479 557 quanta
2502 502 2700 543 corona
2729 503 2826 560 per
2858 492 3170 548 tentatiouis
3195 508 3428 564 pugnam

1863 577 2143 645 proveniat
2164 580 2347 634 dicens
2372 599 2385 634 :
2414 581 2610 635 Beatus
2636 583 2717 634 uir
2735 583 2824 650 qui
2845 582 3027 650 suﬂ'ert
3069 586 3432 648 tentationem,

1861 668 2108 736 quoniam
2155 684 2272 722 cum
2300 670 2547 738 probatus
2595 669 2750 738 fuerit
2779 670 2992 738 accipiet
3028 687 3272 726 coronam
3313 673 3433 728 vita:

1862 757 2006 830 (Jac.
2032 775 2079 824 t,
2125 759 2231 830 12).
2268 759 2324 814 Si
2360 761 2520 830 igitur
2549 762 2662 816 htec
2691 763 2819 826 duo,
2865 777 2984 831 quin
3024 763 3139 831 jam
3173 764 3429 831 diximus,

1860 852 1927 906 de
1956 852 2355 921 pulchritudine
2402 853 2772 923 temporalium
2825 853 3218 924 visiblliumque
3251 871 3432 911 rerum

1861 940 2229 1012 intelligenda,
2281 943 2514 1013 qualiter
2566 943 2774 999 scilicet
2803 961 2899 1014 per
2936 963 3054 1000 eam
3085 948 3430 1003 considerare

1859 1031 2150 1088 debeamus
2177 1042 2499 1088 aeternorum
2523 1034 2782 1089 honorum
2827 1036 3137 1104 qualitatem
3179 1037 3430 1106 quodque

1860 1137 1960 1192 per
2019 1126 2265 1179 eamdem
2322 1125 2562 1180 tentandi
2635 1125 2803 1179 simus
2857 1135 3032 1180 utrum
3095 1129 3260 1182 Deum
3310 1130 3429 1197 plus

1859 1226 2020 1280 quam
2051 1213 2290 1282 speciosa
2328 1229 2554 1284 quaeque
2604 1214 2843 1268 carnalia
2899 1215 3202 1284 diligamus,
3244 1218 3314 1282 si,
3348 1219 3430 1272 inv

1858 1321 2042 1377 quam,
2066 1307 2179 1361 haec
2207 1316 2434 1376 utraque
2468 1307 2654 1361 sedulo
2686 1307 2919 1362 recolitis
2946 1317 3000 1361 et
3030 1310 3287 1370 tractatis,
3315 1327 3430 1364 ma-

1859 1413 2019 1468 gnam
2061 1400 2333 1452 variarum
2367 1401 2621 1454 virtutum
2666 1402 3001 1455 dulcedinem
3057 1402 3202 1456 omni
3232 1418 3427 1474 corpu-

1857 1490 1958 1545 rali
1998 1491 2156 1545 melle
2200 1491 2502 1546 suaviorem
2534 1491 2786 1561 colligere
2809 1493 3075 1562 poteritis.

2458 1601 2682 1658 CAPUT
2723 1601 2851 1656 Vill.

1858 1692 2088 1746 Docendt
2131 1711 2162 1746 α
2188 1693 2387 1746 clericis
2434 1692 2575 1758 laici,
2609 1694 2744 1744 unde
2781 1695 2924 1761 origo
2957 1698 3348 1761 adversitatum,
3380 1706 3432 1751 et

1928 1765 2188 1844 quomodo
2230 1763 2369 1844 Deus
2417 1768 2512 1814 Ima
2562 1763 2796 1816 accidere
2841 1764 3106 1831 permittat
3161 1768 3215 1820 in
3261 1768 3430 1820 homi-

194 1851 298 1890 cem
367 1837 700 1892 cantilenam
775 1839 1103 1893 chordarum
1175 1848 1336 1908 atque
1387 1854 1754 1909 organorum,
1791 1829 1832 1889 Β
1928 1829 2009 1886 nis
2061 1834 2414 1898 commodum,
2462 1841 2567 1887 etc.

194 1929 404 1982 nitorem
431 1931 554 1984 auri
585 1940 641 1983 et
672 1932 905 2000 argenti,
933 1933 1223 2000 caaterique
1250 1931 1480 1996 metalli,
1514 1945 1757 1986 διιωιιοδ

193 2014 431 2072 decursus
459 2033 753 2088 aquarum,
789 2020 882 2089 qui
927 2021 1221 2074 necessarii
1250 2029 1378 2074 sunt
1410 2030 1518 2074 tam
1556 2020 1622 2073 ad
1662 2035 1754 2074 na-

192 2119 272 2160 ves
297 2106 618 2160 deferendas
642 2121 804 2175 quam
839 2107 906 2161 ad
929 2107 1098 2161 molas
1128 2108 1533 2178 prteparandas,
1559 2109 1756 2161 tniram

194 2204 475 2248 aromatum
528 2193 913 2265 ﬂagrantiam,
976 2207 1251 2265 postrequ
1306 2197 1469 2252 etiam
1531 2197 1756 2252 decoros

195 2285 444 2338 hominum
476 2285 839 2354 quorumdam
882 2286 1079 2340 vultus.
1119 2287 1362 2356 Cumque
1411 2287 1523 2342 haec
1573 2288 1755 2340 omnia

194 2378 313 2431 tuiro
350 2378 587 2447 quodam
627 2387 682 2431 et
732 2378 986 2432 ineffabili
1027 2388 1221 2434 ornatu
1268 2379 1563 2448 composita
1606 2388 1757 2434 exte-

194 2469 289 2524 rius
310 2471 719 2540 perspexeritis,
741 2472 1004 2526 attendite
1023 2472 1186 2525 etiam
1215 2481 1472 2542 quantum
1500 2481 1752 2527 ornatum

193 2565 414 2632 interius,
464 2567 519 2622 id
565 2575 650 2621 est
694 2566 1053 2636 spiritualiter
1097 2576 1376 2637 perspecta
1423 2566 1654 2621 habeant
1700 2575 1756 2620 et

193 2659 302 2728 quid
323 2674 418 2714 nos
447 2674 550 2728 per
579 2658 1029 2728 significationem
1057 2660 1406 2713 admoneant.
1433 2657 1754 2729 Significant

193 2749 316 2802 enim
353 2749 630 2818 praecipua
677 2748 948 2818 quzedam,
994 2748 1135 2802 unde
1162 2763 1260 2803 vos
1289 2762 1497 2818 magna;
1542 2747 1755 2803 virtutis

193 2848 240 2891 et
270 2840 545 2908 sapientia:
572 2839 731 2896 mella
774 2840 1027 2911 colligere
1052 2842 1266 2897 valetis.
1307 2842 1548 2912 Denique
1575 2843 1753 2897 omnis

192 2941 390 2984 ornatus
436 2941 493 2984 et
550 2931 898 3001 pulchritudo
950 2941 1236 2997 creaturae,
1268 2948 1388 3002 quae
1420 2933 1473 2987 in
1500 2933 1752 3002 praesenti

194 3019 285 3073 vita
309 3022 456 3076 nobis
485 3020 807 3086 famulatur,
837 3023 938 3077 hoc
981 3039 1079 3078 nos
1125 3024 1366 3086 instruit,
1396 3025 1485 3079 hic
1527 3040 1625 3078 nos
1651 3024 1750 3077 ad-

195 3120 353 3164 monet
388 3122 445 3166 ut
485 3114 858 3179 attendamus,
889 3114 1011 3182 quia
1050 3114 1096 3169 si
1129 3115 1443 3183 temporalia
1471 3115 1608 3171 bona
1642 3124 1748 3168 tam

1925 1943 2008 1996 Ad
2043 1945 2158 1997 haec
2191 1943 2353 1996 etiam
2403 1943 2682 1997 sciendum
2723 1951 2775 1997 ct
2804 1959 2904 2014 pro
2961 1945 3226 2015 spirituali
3273 1947 3430 2002 melle

1856 2034 2151 2089 invascula
2204 2035 2446 2088 cordium
2501 2045 2800 2089 vestrorum
2853 2038 3248 2092 recondendum
3298 2041 3428 2108 quia

1856 2143 2189 2198 quaecunque
2220 2128 2271 2181 in
2296 2128 2564 2182 creaturis
2613 2128 2914 2182 adversitas
2963 2129 3045 2182 vel
3092 2131 3144 2184 in
3182 2131 3292 2200 ipsa
3325 2131 3427 2184 hu-

1855 2233 2013 2271 mana
2047 2226 2234 2270 natura
2273 2218 2500 2270 habetur
2551 2217 2748 2279 vilitas,
2781 2233 2846 2272 ex
2895 2219 3169 2272 hominum
3222 2222 3426 2289 primo-

1856 2323 1974 2361 rum
2024 2308 2466 2377 praevaricatione
2515 2309 2726 2362 accidit.
2794 2309 3086 2378 Postquam
3144 2312 3286 2365 enim
3351 2313 3427 2367 illi

1854 2408 2180 2469 praeceptum
2219 2398 2458 2452 divinum
2512 2408 2975 2468 contempserunt,
3024 2415 3145 2454 mox
3179 2413 3232 2454 ct
3263 2402 3312 2453 in
3343 2416 3429 2454 se-

1857 2489 2100 2558 metipsis
2123 2498 2177 2542 et
2206 2487 2258 2541 in
2284 2487 2431 2541 omni
2481 2496 2730 2542 creatura
2787 2487 3000 2543 sibimet
3029 2490 3298 2542 contraria
3330 2490 3426 2542 ha-

1854 2565 1982 2623 bere
2040 2576 2386 2631 meruerunt;
2425 2567 2478 2621 in
2531 2567 2837 2636 semetipsis
2869 2568 3106 2636 quidem,
3158 2568 3282 2638 quia
3335 2568 3424 2621 illa

1854 2656 2232 2712 honestissima
2266 2657 2432 2712 beatae
2474 2657 2894 2712 immortalitatis
2923 2657 3113 2727 gloria,
3153 2658 3204 2712 in
3236 2673 3340 2726 qua
3369 2668 3424 2713 et

1856 2749 1956 2818 ipsi
1972 2749 2174 2804 conditi
2202 2757 2328 2805 sunt
2357 2757 2413 2804 et
2447 2763 2611 2818 quam
2654 2763 2841 2804 onmes
2891 2749 3047 2804 electi
3103 2750 3426 2818 quandoque

1855 2841 2123 2910 recepturi
2154 2850 2300 2903 sunt,
2327 2841 2498 2904 exuti,
2529 2840 2811 2894 inhonesta
2833 2839 3079 2909 qutudam
3109 2843 3425 2895 verecundae

1853 2932 2031 2986 Carnis
2060 2931 2255 2986 indicia
2283 2932 2335 2986 iu
2359 2946 2417 2986 se
2445 2939 2751 2996 senserunt,
2779 2931 2920 2986 unde
2942 2940 2996 2985 et
3023 2933 3193 2986 nudos
3221 2947 3277 2985 se
3303 2946 3424 2985 esse

1853 3022 2186 3075 erubueruut
2216 3020 2368 3091 (Gen.
2403 3021 2506 3090 tu),
2556 3022 2609 3075 in
2638 3021 2908 3076 creaturis
2944 3037 3071 3076 vero
3097 3032 3171 3077 tot
3198 3023 3423 3076 adversa

1854 3119 1985 3179 quot
2010 3110 2140 3179 ipsa:
2193 3119 2321 3164 sunt
2373 3123 2657 3165 creatura.
2721 3109 2874 3163 Nulla
2912 3111 3106 3180 quippe
3159 3112 3428 3165 invenitur

193 3203 500 3258 delectabilis
549 3206 668 3260 visu
696 3206 780 3260 vel
810 3207 996 3260 auditu
1036 3207 1360 3268 consistunt,
1393 3207 1560 3261 multo
1601 3208 1748 3262 dele-
1773 3193 1823 3255 (Ξ
1853 3210 2098 3253 creatura
2128 3215 2246 3268 qua:
2283 3201 2525 3268 peccanti
2581 3200 2784 3254 homini
2833 3215 2930 3268 per
2967 3201 3141 3268 aliqua
3194 3209 3428 3269 nequeat

193 3282 443 3348 stabiliora
473 3303 530 3348 et
582 3294 889 3364 pulchriora
918 3304 975 3349 et
1019 3305 1222 3352 aeterna
1263 3313 1382 3352 esse
1429 3298 1745 3366 probantur.

250 3382 332 3436 Est
357 3393 408 3438 et
441 3384 593 3438 aliud
624 3385 767 3453 quod
808 3385 864 3438 in
911 3387 1287 3454 temporalium
1321 3388 1584 3442 bonorum
1627 3388 1749 3458 pul-

193 3472 468 3528 chritudine
485 3476 754 3529 debemus
782 3477 1094 3543 advertere;
1123 3479 1374 3546 quoniam
1405 3481 1550 3533 enim
1574 3482 1752 3535 orun’s

194 3562 332 3617 homo
357 3565 669 3633 probandus
697 3573 783 3619 est
815 3567 869 3620 in
899 3567 1002 3621 hac
1023 3567 1131 3620 vita
1160 3577 1341 3624 utrum
1374 3568 1538 3623 Deum
1582 3571 1752 3641 magis

192 3652 353 3724 diligat
374 3671 542 3725 quam
584 3667 891 3712 creaturam
923 3658 1197 3724 decoram,
1227 3659 1312 3714 vel
1338 3669 1539 3714 aeterna
1573 3663 1753 3730 potius

193 3756 329 3811 quam
357 3747 682 3816 temporalia
725 3747 885 3810 bona.
933 3751 1227 3818 opponitur
1253 3753 1302 3805 ei
1345 3752 1548 3822 jugiter
1573 3754 1751 3822 aliqua

194 3834 373 3900 species
421 3836 624 3892 decora
671 3845 728 3891 et
777 3838 1113 3894 delectabilis
1160 3841 1245 3894 vel
1298 3843 1618 3907 mulierum,
1666 3843 1752 3897 vel

193 3926 416 3992 vestium,
445 3929 534 3984 vel
572 3929 932 3993 metallorum,
979 3947 1073 3986 seu
1113 3933 1339 3986 aliarum
1375 3949 1578 3999 rerum,
1611 3944 1670 3988 ut
1700 3937 1752 3990 in

195 4014 258 4068 eis
283 4023 508 4073 tentatus
538 4021 970 4089 experimentum
1002 4023 1083 4076 sui
1117 4023 1294 4091 capiat
1341 4025 1575 4092 qualiter
1604 4025 1751 4079 scili-

196 4111 266 4156 cet
319 4104 480 4160 Deum
537 4107 725 4162 timeat
773 4117 830 4162 et
872 4109 1080 4178 diligat.
1127 4109 1295 4164 Nemo
1346 4113 1543 4182 quippe
1571 4122 1755 4167 certus

196 4205 293 4246 esse
319 4195 454 4248 valet
493 4197 674 4266 qualis
717 4198 812 4263 sit,
867 4200 976 4253 nisi
1013 4200 1065 4253 in
1107 4200 1413 4268 huiusmodi
1455 4205 1750 4260 tentatione

195 4284 420 4349 probatus
448 4286 636 4343 fuerit.
660 4288 828 4358 Cujus
859 4291 1116 4344 nimirum
1147 4293 1222 4346 rei
1245 4295 1552 4363 exemplum
1581 4296 1755 4350 notis-

198 4372 365 4453 simum
416 4377 470 4432 in
537 4394 866 4449 unoquoque
921 4381 1090 4436 milite
1153 4384 1378 4452 potestis
1441 4400 1751 4455 agnoscere.

200 4458 356 4519 llilitis
397 4483 630 4536 namque
677 4468 966 4536 cujuslibet
1014 4472 1206 4540 peritia
1255 4481 1309 4526 et
1356 4472 1612 4528 fortitudo
1643 4490 1749 4529 non

1853 3293 2116 3346 obsistere
2158 3293 2404 3346 adversa.
2457 3292 2561 3346 Sed
2611 3293 2725 3346 hinc
2763 3293 2941 3346 omnia
2997 3292 3138 3346 Deus
3189 3295 3428 3362 omnipo-

1854 3390 1977 3436 tens
2031 3383 2084 3436 in
2127 3383 2363 3450 aliquam
2422 3383 2707 3436 utilitatem
2785 3383 3082 3447 convertit;
3139 3393 3232 3436 aut
3279 3385 3426 3439 enim

1852 3472 2083 3540 castigat
2109 3487 2205 3540 per
2254 3473 2366 3525 lucc
2414 3473 2677 3537 homines,
2731 3482 2790 3524 ut
2824 3488 2854 3525 a
2909 3474 3269 3541 pravitatibus
3313 3476 3426 3528 suis

1852 3573 2256 3625 convertantur,
2307 3562 2448 3615 sicut
2487 3577 2627 3630 saepe
2675 3563 2851 3631 agitur
2889 3578 2985 3630 per
3040 3565 3181 3616 acris
3228 3565 3425 3617 intem-

1852 3656 2076 3726 periem,
2125 3669 2222 3724 per
2266 3653 2626 3724 pestilentiam
2667 3665 2724 3708 et
2775 3653 2991 3719 famem,
3047 3670 3146 3709 nec
3193 3671 3298 3709 non
3332 3670 3429 3724 per

1853 3747 1972 3800 alia.
2000 3745 2248 3816 ﬂagella;
2275 3754 2369 3798 aut
2397 3745 2449 3799 in
2501 3746 2585 3800 his
2623 3746 2964 3801 occasionem
3004 3747 3095 3800 dat
3138 3747 3427 3815 unicuique

1853 3845 1909 3892 ut
1942 3836 2144 3890 habeat
2185 3837 2330 3891 unde
2358 3835 2590 3904 qualitas
2643 3835 2759 3904 ejus
2805 3837 3085 3907 probatur,
3110 3839 3250 3891 sicut
3287 3851 3428 3906 sape

1852 3927 2116 3992 contingit
2151 3941 2246 3995 per
2281 3927 2397 3990 bos,
2449 3927 2540 3996 qui
2581 3927 2782 3982 divitiis
2821 3937 2874 3982 et
2915 3929 3160 3997 potentia
3198 3929 3430 3982 abutun-

1857 4027 1963 4078 tur,
2007 4032 2102 4070 seu
2141 4017 2192 4070 in
2235 4017 2592 4085 quarumdam
2651 4019 2944 4072 bestiarum
2992 4017 3274 4074 ferocitate
3331 4020 3425 4074 de-

1855 4113 2122 4160 monstrat
2168 4105 2364 4160 diaboli
2420 4105 2716 4171 malitiam,
2775 4116 2837 4160 ut
2878 4121 2931 4160 tn
2975 4106 3130 4161 leone
3172 4117 3225 4161 et
3274 4108 3418 4178 lupo.

1851 4196 2040 4251 Nonne
2082 4196 2136 4250 in
2176 4197 2388 4251 cunctis
2433 4198 2847 4253 adversitatibus
2879 4199 2991 4267 jam
3032 4213 3438 4253 commemora-'

1853 4289 1922 4344 tis
1959 4287 2164 4342 utilitas
2194 4304 2384 4359 magna
2413 4288 2685 4342 habetur?
2731 4289 2980 4358 Nunquid
3011 4289 3144 4342 utile
3179 4305 3284 4344 non
3314 4292 3423 4346 erit

1852 4380 1994 4449 quod
2036 4378 2262 4433 latentes
2301 4379 2554 4434 Ecclesite
2609 4380 2792 4433 hostes
2843 4379 2962 4432 ideo
3001 4389 3218 4447 accepta
3271 4389 3422 4449 pote-

1856 4478 2001 4524 state
2049 4471 2438 4539 permittuntur
2481 4471 2747 4524 dominari
2785 4479 2843 4523 ut
2896 4479 2952 4524 et
3010 4471 3112 4524 hoc
3169 4481 3426 4540 appareat

199 4556 477 4620 agnoscitur
512 4557 613 4612 nisi
663 4558 718 4614 iu
745 4557 903 4616 bello.
961 4560 1034 4614 lbi
1075 4561 1220 4615 enim
1271 4562 1317 4615 si
1367 4565 1546 4617 omnia
1595 4575 1752 4619 caute
1784 4545 2041 4637 unalcs
2082 4566 2181 4635 ipsi
2247 4567 2356 4620 sint
2403 4577 2458 4620 et
2503 4564 2639 4619 alios
2682 4566 3057 4634 persecutione
3108 4579 3225 4630 sua,
3281 4563 3423 4619 velut

203 4647 364 4710 egerit,
409 4663 466 4701 se
490 4649 667 4717 ipsum
700 4649 970 4714 muniens,
993 4651 1337 4706 adversarios
1358 4667 1488 4707 vero
1514 4654 1749 4722 candens,

204 4740 310 4789 tunc
333 4737 542 4792 demum
571 4741 766 4796 merito
790 4741 1043 4796 laudatur
1079 4741 1342 4812 fortisque
1373 4743 1529 4799 miles
1561 4747 1754 4814 prardi-

204 4833 348 4878 catur.
398 4827 602 4886 Bellum
649 4845 865 4900 quoque
911 4847 1017 4886 non
1071 4833 1367 4902 incongrue
1393 4847 1621 4890 vocatur
1664 4837 1752 4892 ille

205 4914 451 4972 cotiﬂictus
491 4935 651 4982 quem
681 4919 886 4992 jugiter
915 4937 1075 4990 agere
1109 4925 1370 4979 debemus
1395 4937 1582 4980 contra
1626 4928 1746 4981 dia-

207 5002 358 5062 bolum
395 5011 583 5066 salulis
629 5025 828 5068 nostrae
860 5013 1122 5068 invidum.
1159 5016 1277 5086 Ipse
1302 5019 1447 5073 enim
1482 5035 1587 5074 non
1623 5034 1744 5075 ces-

209 5107 276 5149 sat
297 5115 384 5156 nos
405 5104 468 5156 ad
494 5105 594 5158 hoe
635 5105 835 5160 inicere
883 5109 1138 5161 tentando
1167 5118 1226 5164 ut
1262 5111 1576 5180 temporalia
1606 5115 1743 5167 bona

211 5191 355 5257 magis
379 5208 535 5260 quam
563 5207 760 5250 aeterna
806 5195 1110 5264 diligamus,
1133 5208 1188 5253 et
1229 5210 1288 5254 ut
1324 5217 1472 5272 spem
1506 5217 1744 5260 nostram

213 5276 254 5316 in
297 5285 496 5316 nihl-snio

555 5288 891 5316 bal-nas\-||Au'n
955 5287 1110 5316 ἰδ’-..Α
1158 5307 1418 5316 κλμ-μ-.-
1484 5293 1530 5316 ὀ
1549 5312 1560 5316 -

1857 4675 2049 4713 aurum
2104 4659 2155 4712 in
2199 4658 2450 4722 fornace,
2513 4659 2772 4727 probatos
2819 4659 3110 4713 efficiant?
3174 4659 3422 4728 Nunquid

1853 4748 1983 4804 utile
2017 4763 2121 4803 non
2147 4748 2411 4817 eritquod
2447 4748 2618 4804 hostis
2651 4749 2931 4803 invisibilis
2958 4747 3211 4802 ferocitas
3232 4757 3288 4802 et
3311 4763 3424 4801 ma-

1859 4843 1974 4898 litia
2015 4857 2116 4912 per
2171 4841 2382 4910 aliquas
2438 4842 2644 4897 bestias
2700 4842 2910 4896 feroces
2964 4841 3366 4894 demonstratur
3399 4839 3425 4891 ?

1851 4933 1992 4988 sicut
2031 4933 2176 4986 enim
2213 4931 2297 4986 leo
2333 4939 2388 4986 et
2421 4930 2576 5000 lupus
2607 4931 2893 4986 visibiliter
2942 4930 3268 4984 insidiantur
3310 4929 3428 4980 ani-

1849 5021 2072 5076 tnalium
2109 5023 2384 5091 gregibus,
2420 5021 2493 5074 ita
2517 5031 2571 5074 et
2617 5020 2856 5076 diabolus
2893 5035 3129 5087 qurerens
3153 5032 3306 5086 quem
3332 5016 3427 5067 dc-

1849 5123 1993 5165 ooret
2035 5112 2086 5182 (I
2138 5109 2284 5165 Petr.
2328 5127 2380 5177 v,
2416 5112 2471 5181 8)
2493 5120 2549 5164 et
2590 5115 2660 5168 ad
2698 5109 3052 5182 perditionem
3109 5105 3306 5167 trahat,
3349 5104 3428 5154 in-

1853 5203 2136 5256 visibiliter
2167 5203 2450 5256 insidiatur
2492 5205 2706 5258 cunctis
2763 5199 3027 5253 fidelibus.
3069 5196 3133 5248 Et
3161 5193 3428 5259 quomodo

3351 5278 3359 5288 Ι

2674 5294 2796 5314 lla-..
2837 5287 3090 5314 ,κλιξοῗκηι
3125 5278 3315 5312 ,Ιῖηιηιῖ
3351 5294 3400 5312 III

2166 5293 2304 5314 2L---
2350 5293 2540 5314 ..-μειειῖ
