3942 5340
470 371 578 428 259

1395 363 1471 420 O'l
1488 360 1692 418 llLONl
1731 356 2037 414 MONACHI
2078 354 2139 412 S.
2180 351 2601 408 EMMTRAMMI

3615 345 3722 403 ξω

473 500 629 556 spera
673 490 862 537 cuncta
897 494 997 549 pro
1026 477 1251 546 alicujus
1276 475 1526 529 utilitatis
1553 472 1638 528 vel
1678 469 1892 540 Ρῑθιίιιίε
1936 467 2044 522 dis-
2073 469 2118 526 Α
2146 471 2229 517 εει
2255 461 2396 531 (1ηοι1
2428 459 2508 514 τοι
2537 468 2800 528 ἱδπθηεεε
2833 458 3036 556 ﬁlim-09
3082 469 3306 556 Ρεεεξξξθ
3347 455 3594 556 Ρθξιξιίείί
3639 455 3726 556 ξεί

473 577 742 647 positione
802 572 1044 628 decernit
1108 571 1223 623 ﬁeri
1289 570 1342 622 in
1415 568 1637 622 mundo.
1701 565 2048 631 Qmecunque

475 687 605 726 vero
635 669 818 724 vilitas
869 667 1114 720 humana:
1161 673 1368 716 natura:
1413 677 1476 715 ex
1519 660 1831 730 parentibus
1861 653 2049 725 primis

479 763 693 822 accidit,
750 762 800 813 in
853 767 1056 812 tantum
1092 755 1292 810 bonum
1341 769 1496 807 versa
1547 761 1628 805 cst
1656 769 1684 803 a
1729 749 1954 802 Domino
1995 753 2050 797 ut

477 853 652 906 omnis
675 852 934 922 superbia:
965 849 1206 906 morbus,
1237 847 1327 913 qui
1381 843 1692 899 hominibus
1738 842 1909 894 instar
1954 855 2049 892 an-

481 940 666 1011 gelica:
695 951 901 994 natura:
929 947 1104 1010 posset
1137 936 1292 998 oriri,
1323 950 1386 988 ex
1429 935 1531 988 hac
1581 933 2047 1000 comprimeretur.

475 1033 712 1101 Denique
739 1049 872 1102 opus
900 1047 1060 1086 omne
1101 1028 1405 1099 princedens
1435 1025 1670 1079 insinuat
1717 1023 1906 1076 factori
1954 1036 2050 1075 szio

480 1138 586 1192 quo
626 1125 782 1176 modo
819 1122 996 1175 facere
1021 1119 1212 1174 debeat
1239 1131 1487 1185 sequens.
1532 1114 1622 1168 Sic
1647 1123 1701 1167 et
1735 1113 1842 1167 Dco
1871 1111 2050 1164 omni-

476 1214 683 1282 potenti
739 1211 994 1280 angelicae
1041 1208 1318 1278 dignitatis
1376 1206 1604 1267 factura,
1655 1217 1718 1256 ex
1775 1210 1926 1270 parte
1958 1213 2053 1268 per

485 1301 794 1368 superbiam
845 1300 990 1367 lapsa
1036 1307 1089 1350 ct
1128 1311 1222 1365 per
1253 1296 1356 1348 hoc
1404 1293 1557 1363 quasi
1609 1292 1875 1360 quoddam
1906 1288 2049 1359 ﬁguli

477 1381 572 1446 vas
619 1393 669 1445 itt
714 1400 908 1444 terram
965 1390 1162 1442 cadens
1223 1386 1415 1448 fracta,
1461 1384 1696 1440 ostendit
1735 1383 1842 1436 alio
1895 1382 2052 1435 modo

477 1479 619 1533 aliud
662 1496 754 1534 vas
790 1495 910 1533 esse
943 1479 1266 1546 (ingeminat,
1305 1492 1410 1530 non
1461 1475 1613 1543 quasi
1646 1473 1834 1543 ignaro
1889 1483 2050 1526 tanta:

475 1569 748 1632 fracturie,
787 1571 879 1623 sed
905 1579 959 1622 ut
988 1569 1142 1621 nobis
1172 1576 1293 1621 nota
1347 1566 1536 1620 ﬁerent
1562 1579 1680 1633 qua:
1723 1563 1864 1616 facta
1895 1572 2046 1626 sunt;

479 1661 592 1730 ipse
614 1661 810 1730 quippe
838 1674 1176 1729 pramoscens
1212 1658 1413 1721 omnia,
1467 1665 1752 1724 antequam
1791 1653 1942 1717 ﬁant,
1971 1653 2054 1722 in:

476 1753 654 1808 sinuat
682 1752 834 1806 nobis
875 1767 940 1805 ex
989 1749 1417 1820 prmcedentibus
1461 1747 1694 1818 qualiter
1723 1744 1899 1799 fu‘tura
1928 1761 2052 1814 pett-

2153 568 2252 606 nos
2282 567 2378 620 per
2422 566 2608 606 eorttm
2639 548 3134 619 prievaricationem
3175 547 3380 601 vilitate
3402 547 3582 616 aliqua
3618 546 3728 601 cir-

2153 641 2428 696 emndedit
2456 680 2470 702 ,
2502 639 2604 693 hoc
2649 648 2817 692 totum
2861 653 2956 708 pro
2985 636 3176 691 salutis
3201 646 3400 691 nostra:
3446 651 3612 690 causa
3650 635 3728 689 fe-

2152 733 2292 787 cisse
2313 733 2614 787 credendus
2640 740 2742 785 cst.
2775 731 2840 784 Et
2865 730 2987 783 licet
3012 729 3062 783 in
3097 731 3196 782 hoc
3229 729 3420 782 divitum
3445 728 3730 797 sapientia:

2151 815 2491 892 profunditas
2540 831 2773 890 nequeat
2801 821 3011 889 penitus
3041 820 3374 889 investigari,
3429 820 3726 889 quaerenda

2152 921 2280 966 sunt
2304 920 2481 966 tamen
2510 911 2688 981 aliqua
2717 910 3007 964 visibilium
3034 925 3212 964 rerum
3239 921 3583 980 argumenta,
3608 910 3727 979 qui.

2153 1005 2251 1058 bus
2279 1004 2454 1057 cidem
2486 1004 2676 1056 divinae
2721 1003 2996 1070 sapientia:
3040 1002 3343 1056 intellectus
3397 1010 3586 1056 noster
3631 1002 3732 1056 do.

2153 1103 2341 1146 ceator
2371 1093 2739 1156 concordare,
2773 1093 2914 1146 unde
2957 1100 3012 1144 et
3045 1107 3129 1156 ea,
3163 1107 3284 1160 qua:
3329 1091 3444 1158 jam
3490 1092 3728 1145 diximus

2151 1185 2218 1238 de
2243 1183 2504 1238 vilissimo
2531 1197 2725 1249 genere
2741 1183 3009 1247 medendi,
3027 1183 3077 1235 in
3101 1193 3474 1250 argumentum
3502 1184 3733 1250 sumpsi-

2152 1289 2273 1328 mus
2303 1273 2458 1341 hujus
2489 1275 2586 1328 rei.
2623 1274 2678 1327 Si
2721 1288 2850 1342 ergo
2877 1288 2942 1326 ex
2988 1274 3251 1327 medicina
3285 1272 3373 1325 vili
3420 1281 3598 1341 potest
3641 1287 3731 1326 ac-

2153 1364 2294 1432 quiri
2329 1365 2434 1417 ulla
2458 1364 2663 1418 sanitas
2694 1365 3010 1434 corporalis,
3043 1364 3306 1418 credenda
3342 1373 3423 1416 est
3446 1363 3611 1417 etiam
3633 1379 3730 1416 eoa-

2152 1458 2273 1510 dem
2308 1458 2465 1510 modo
2479 1457 2764 1524 provenire
2785 1459 2990 1510 sanitas
3017 1456 3332 1526 spiritualis.
3359 1457 3549 1510 Omnis
3581 1471 3731 1509 nam-

2151 1561 2255 1614 que
2301 1547 2463 1600 decor
2491 1548 2724 1601 carnalis
2770 1546 2928 1600 facile
2958 1549 3192 1601 humana
3238 1549 3398 1601 corda
3449 1547 3621 1600 allicit
3662 1548 3731 1600 ad

2151 1639 2460 1703 elationem,
2487 1640 2579 1694 sed
2610 1640 2788 1693 vilitas
2811 1641 3057 1707 reprimit
3085 1640 3151 1693 ad
3183 1639 3562 1693 humilitatem.
3589 1639 3733 1693 ldec-

2154 1747 2258 1800 que
2281 1732 2481 1801 placuit
2515 1734 2624 1786 Dco
2645 1741 2702 1786 ut
2735 1734 3004 1786 hominem
3024 1734 3114 1801 qui
3145 1733 3196 1785 in
3222 1733 3514 1786 maximum
3543 1747 3733 1801 super-

476 1858 600 1898 sare
649 1842 942 1897 debeamus
979 1850 1348 1910 quantumque
1393 1852 1617 1892 necesse
1666 1846 1810 1891 esset
1851 1836 2049 1890 mutari

2160 1821 2258 1874 bitc
2290 1821 2605 1891 languorem
2635 1837 2700 1874 ex
2726 1823 3052 1876 conditionis
3078 1837 3188 1876 suae
3237 1823 3433 1875 decore
3473 1822 3728 1888 incurrit,

477 1935 781 2006 sequentia,
814 1950 934 1989 cum
968 1934 1204 2004 perirent
1233 1932 1428 2001 prima.
1477 1928 1629 1995 Quod
1658 1927 1804 1982 enim
1833 1927 1916 1982 vel
1956 1942 2054 1981 an-

475 2024 621 2096 gelos
647 2025 927 2094 quosdam,
953 2022 1033 2076 vel
1059 2021 1301 2075 homines
1330 2019 1529 2088 primos
1569 2018 1762 2072 cadere
1787 2016 2050 2085 permisit,

479 2115 546 2169 ad
575 2113 839 2168 cautelam
877 2113 1044 2166 nostri
1080 2111 1225 2174 fecit,
1277 2121 1333 2164 ut
1364 2126 1460 2178 per
1507 2110 1611 2164 hoc
1660 2123 1758 2162 nos
1803 2109 2051 2163 instructi

477 2206 607 2260 nihil
638 2207 703 2260 de
726 2206 880 2260 nobis
911 2218 1316 2273 praesumamus.

393 2284 402 2288 ’
548 2295 698 2349 Fecit
722 2311 851 2364 ergo
881 2295 1020 2349 Deus
1052 2295 1102 2348 in
1136 2294 1352 2348 homine
1395 2293 1545 2363 lapso
1570 2293 1708 2348 sicut
1737 2293 1930 2363 aliquis
1961 2309 2054 2363 pe-

476 2383 766 2439 ritissimus
796 2385 1033 2439 medicus
1055 2383 1232 2438 facere
1259 2383 1392 2438 solet
1422 2384 1473 2436 in
1505 2383 1722 2437 homine
1745 2394 1965 2453 aegroto.
1993 2381 2050 2436 Si

478 2475 624 2530 enim
674 2475 952 2546 languoris
1005 2475 1122 2543 ejus
1166 2475 1482 2544 qualitatem
1536 2489 1832 2541 agnoscens
1875 2483 2057 2541 sperat

476 2582 597 2621 cum
635 2582 789 2636 posse
825 2569 1029 2630 sanari,
1059 2566 1283 2634 suscipit
1311 2581 1432 2619 eum
1462 2565 1781 2618 sanandum.
1826 2564 1978 2617 Tunc
2006 2564 2052 2616 si

476 2657 765 2712 iulirmitas
792 2657 978 2728 exigit,
1007 2657 1232 2726 imponit
1254 2656 1302 2710 ci
1332 2655 1645 2724 emplastra,
1671 2655 1892 2708 materia
1920 2671 2053 2724 qua-

475 2745 598 2799 dam
623 2747 878 2800 vilissima
908 2747 1172 2799 interdum
1203 2743 1469 2809 confecta,
1497 2744 1630 2798 adeo
1661 2753 1718 2797 ιιι
1740 2743 2054 2797 animalium

477 2836 562 2891 vel
601 2836 780 2889 avium
806 2845 1046 2889 stercore
1071 2834 1417 2899 misceantur,
1450 2835 1705 2888 carnibus
1729 2850 1942 2904 quoque
1968 2851 2058 2889 ca-

482 2943 632 2990 nmn,
665 2927 749 2978 vel
795 2925 1092 2989 vulturum,
1117 2940 1208 2979 seu
1255 2926 1582 2993 serpentium
1616 2936 1862 2997 agantur.
1913 2926 2070 2981 PrIB-'

483 3016 630 3059 terea
676 3006 720 3058 si
754 3020 892 3074 opus
935 3016 1038 3068 est,
1068 3005 1400 3059 adustionem
1429 3005 1669 3060 medicus
1713 3007 1882 3061 addit.
1929 3007 2058 3062 Tale

483 3103 664 3146 autem
717 3095 1050 3149 medicamen
1099 3095 1347 3163 quamvis
1381 3096 1448 3149 ad
1500 3095 1792 3148 sanitatem
1849 3097 2049 3162 carnis,

482 3185 621 3237 sicut
661 3185 750 3252 qui
775 3185 980 3254 experti
1009 3194 1134 3239 sunt
1172 3194 1456 3250 testantur,
1488 3185 1830 3239 utilissimum
1858 3188 2055 3241 sentia-
2083 3169 2129 3232 σι

485 3285 594 3337 tur,
622 3290 781 3329 causa
815 3286 989 3328 tanton
1017 3273 1206 3349 fetoris
1231 3283 1287 3328 et
1315 3275 1535 3330 vilitatis
1567 3290 1680 3329 sua:
1729 3277 2054 3344 contegitur.

484 3365 602 3431 Quo
635 3366 796 3418 etiam
828 3379 924 3418 nos
978 3363 1202 3434 mystice
1242 3364 1562 3418 instruimur
1590 3374 1646 3417 ut
1684 3380 1898 3419 omnem
1945 3365 2061 3418 vill-

487 3466 671 3524 tatem,
700 3471 804 3526 qua
846 3456 1164 3510 circumdati
1189 3471 1398 3518 sumus,
1442 3455 1693 3509 similiter
1712 3465 2060 3526 contegamus

483 3549 607 3620 quia
655 3564 760 3603 non
788 3547 965 3602 omnia
1004 3546 1151 3602 utilia
1194 3554 1443 3601 constant
1474 3547 1720 3600 honesta.
1758 3545 2060 3615 Utrumque

484 3642 646 3710 igitur
681 3641 1014 3695 medicamen
1064 3636 1364 3705 corporale,
1421 3635 1699 3703 emplastri
1731 3635 1984 3689 videlicet
2004 3645 2060 3690 et

483 3732 786 3786 adustionts
834 3727 1082 3796 quamvis
1129 3727 1445 3780 vilissimum
1491 3726 1755 3787 videatur,
1804 3738 2059 3790 maguum

487 3835 664 3878 tamen
697 3822 748 3874 iu
768 3836 825 3875 se
856 3821 1016 3874 habet
1040 3829 1412 3885 argumentum
1429 3817 1729 3886 Spiritualis
1757 3816 2059 3879 mediciute,

487 3914 627 3966 unde
659 3909 964 3964 necessaria
991 3909 1255 3962 imitando
1289 3907 1609 3960 moralitatis
1631 3907 1785 3961 mella
1811 3907 2062 3974 colligere

489 4002 744 4073 potestis;
802 3999 932 4052 nihil
963 3998 1128 4060 enim,
1175 4006 1230 4049 ut
1273 3997 1350 4050 ait
1381 3996 1686 4066 Scriptura,
1718 3998 1771 4048 in
1823 3997 1976 4049 terris
2001 3997 2060 4063 ﬁt

489 4093 602 4148 sine
652 4107 814 4143 causa
851 4088 971 4158 (Job
998 4102 1050 4152 v,
1081 4087 1168 4155 b),
1213 4095 1268 4140 et
1301 4101 1421 4154 quae
1462 4085 1782 4139 naturaliter
1815 4086 2064 4139 videntur

491 4183 637 4247 vilia,
665 4189 920 4236 constant
940 4197 1004 4234 ex
1029 4177 1422 4249 signiﬁcatione
1452 4179 1706 4246 pretiosa.
1742 4176 1875 4230 Nam
1899 4178 1942 4232 si
1969 4191 2064 4247 per

491 4274 765 4329 sordidum
804 4272 885 4326 vel
918 4271 1144 4326 fetidum
1169 4269 1502 4326 medicamen
1525 4283 1754 4336 corpora
1781 4277 2060 4333 sanantur,

494 4380 596 4420 nec
649 4363 882 4434 qualitas
911 4361 1308 4425 medicaminis,
1336 4362 1429 4415 sed
1467 4359 1674 4413 sanitas
1717 4359 1910 4414 exinde
1939 4375 2063 4428 pro-

493 4457 688 4512 cedens
718 4466 995 4524 pensatur,
1023 4470 1121 4508 cur
1150 4455 1346 4508 mirum
1379 4453 1463 4508 vel
1500 4453 1850 4524 incongruum
1882 4453 2063 4507 videa-

493 4557 604 4608 tur,
644 4547 690 4600 si
720 4545 860 4600 Dens
902 4545 1262 4615 omnipotens,
1287 4545 1544 4614 prtescius
1581 4545 1821 4599 omnium
1854 4543 2067 4599 futuro-

494 4651 638 4697 rum,
667 4634 906 4688 medicus
926 4643 979 4687 et
1002 4635 1243 4686 salvator
1265 4633 1504 4686 omnium
1539 4633 1589 4686 in
1621 4648 1678 4686 se
1704 4634 2061 4698 credentium,

495 4724 674 4780 simile
719 4723 924 4792 aliquid
979 4723 1033 4776 in
1073 4722 1292 4792 aegrotis
1341 4723 1623 4776 animabus
1681 4722 1826 4786 fecit,
1867 4737 2066 4776 saltans

494 4834 590 4872 eas
631 4817 712 4872 vel
755 4816 933 4886 potius
990 4815 1326 4884 praeveniens
1375 4829 1560 4868 earum
1613 4813 1947 4882 languorem,
2008 4821 2067 4867 ut

495 4909 713 4978 quidam
759 4906 1030 4976 sapientes
1079 4904 1274 4960 medici
1329 4913 1496 4971 agunt
1545 4920 1665 4958 cum
1705 4905 2067 4974 aliquoigno-

496 5003 587 5056 bili
635 4999 916 5055 antidoto?
965 4998 1117 5065 Quod
1175 5006 1353 5051 tamen
1398 5012 1496 5052 nos
1547 4997 1702 5051 decet
1754 5007 2064 5067 contegere,

495 5093 634 5147 sicut
677 5100 732 5145 ct
773 5090 930 5160 primi
990 5097 1245 5157 parentes
1288 5087 1541 5155 leguntur
1582 5085 1799 5148 fecisse,
1848 5088 2067 5154 quando

496 5197 555 5238 se
584 5183 754 5236 nttdos
806 5195 926 5233 csse
957 5181 1325 5242 erubucrunt;
1380 5193 1448 5231 ue
1490 5177 1646 5231 nobis
1675 5177 2063 5239 confusionem,

497 5271 579 5325 vel
615 5271 881 5327 conditori
928 5279 1132 5333 nostro,
1171 5269 1258 5337 qui
1291 5284 1387 5337 per
1444 5268 1751 5337 hojusmodi
1811 5268 2068 5322 vilitatem

2154 1911 2403 1980 imposita
2435 1912 2533 1965 sibi
2565 1926 2728 1966 causa
2757 1912 2980 1966 remedii
3025 1912 3202 1979 aliqua
3236 1911 3442 1966 vilitate
3467 1913 3732 1980 perduce-

2154 2009 2237 2055 ret
2267 2001 2332 2054 ad
2385 2003 2705 2057 humilitatis
2759 2004 3068 2058 sanitatem.
3097 2004 3317 2058 Sanitas
3346 2005 3544 2074 quippe
3576 2004 3734 2071 spiri-

2157 2094 2317 2148 tualis
2351 2111 2454 2149 non
2494 2097 2598 2149 nisi
2631 2097 2869 2151 remedio
2907 2098 3208 2166 acquiritur
3247 2097 3597 2161 humilitatis;
3630 2097 3732 2150 hu-

2155 2183 2352 2237 tnilitas
2389 2194 2566 2238 autem
2593 2185 2824 2238 humana
2854 2201 2956 2238 non
2979 2186 3252 2240 obtinetnr
3280 2186 3379 2238 nisi
3403 2185 3735 2240 contritione

2154 2272 2353 2340 aliqua.
2380 2273 2456 2326 Ex
2486 2275 2684 2342 quibus
2709 2275 2958 2328 omnibus
2983 2275 3406 2344 apertepoteslis
3432 2275 3733 2344 intelligere

2153 2363 2301 2430 quia,
2327 2373 2383 2416 ut
2422 2365 2681 2432 scriptum
2710 2373 2793 2417 est
2824 2380 2836 2415 ε
2872 2362 3072 2417 Fidelis
3114 2365 3361 2418 Dominus
3391 2366 3445 2416 in
3490 2365 3746 2418 omnibus"

2152 2453 2315 2505 verbis
2339 2455 2467 2517 suis,
2491 2463 2536 2506 et
2562 2465 2770 2507 sanctus
2792 2455 2845 2506 in
2867 2454 3102 2508 omnibus
3126 2455 3362 2520 aperibus
3389 2455 3500 2507 suis
3530 2456 3548 2524 (
3579 2454 3729 2509 Psnl.

2153 2559 2333 2608 cxuv,
2370 2544 2476 2614 15),
2509 2546 2632 2614 quia
2668 2545 2861 2600 talibus
2903 2547 3154 2600 remediis
3181 2547 3488 2616 superbiam
3541 2549 3737 2602 huma-

2156 2650 2279 2688 nam
2339 2636 2582 2704 praevidit
2626 2651 2744 2690 csse
2798 2638 3192 2705 reprimendam
3239 2638 3436 2707 quique
3491 2639 3734 2693 remedia

2155 2727 2478 2794 spiritualia,
2509 2743 2628 2796 quze
2657 2728 2839 2782 multis
2872 2738 2997 2782 sunt
3043 2729 3334 2800 incognita,
3377 2747 3441 2785 ex
3475 2747 3737 2801 corpora-

2157 2815 2296 2870 libus
2325 2817 2508 2883 ﬁguris
2553 2828 2608 2870 et
2647 2820 2924 2888 exemplis,
2968 2835 3086 2888 qua:
3120 2821 3369 2877 oumibus
3420 2839 3559 2894 pene
3611 2834 3736 2879 sunt

2158 2914 2304 2969 nota,
2338 2907 2496 2961 docet
2527 2923 2645 2962 esse
2682 2907 2992 2977 quaerenda.

2753 3019 2980 3075 CAPUT
3019 3019 3112 3074 IX.

2196 3107 2338 3173 Quid
2373 3109 2490 3162 boni
2535 3109 2826 3179 spiritualis
2871 3110 3034 3182 laico:
3065 3112 3249 3167 docere
3291 3115 3447 3182 possit
3478 3117 3707 3171 varietas

2332 3189 2641 3248 temporum,
2681 3183 2830 3248 capia
2865 3181 2941 3235 rel
2977 3183 3196 3250 penuria
3224 3181 3417 3247 rerum,
3453 3197 3564 3240 etc.

2229 3267 2333 3322 Sed
2359 3270 2490 3322 satis
2521 3269 2646 3322 hinc
2670 3271 3030 3340 dictum;jam
3060 3275 3474 3344 progrediamur
3495 3286 3550 3330 et
3576 3277 3738 3343 ultra,

2158 3360 2224 3414 ad
2255 3375 2316 3414 ea
2344 3361 2552 3414 scilicet
2579 3376 2698 3430 quae
2724 3372 2845 3430 post
2881 3362 2996 3416 hare
3019 3365 3262 3432 proxime
3288 3367 3515 3421 dicenda
3543 3385 3740 3439 propo-

2160 3450 2383 3505 suimus.
2454 3450 2584 3503 lilud
2641 3452 2783 3504 enim
2819 3453 3122 3521 propositus
3153 3458 3286 3509 ordo
3329 3456 3496 3527 exigit
3553 3468 3611 3512 ut
3633 3460 3741 3528 jam

2159 3537 2400 3593 dicamus
2431 3540 2583 3593 vobis
2630 3541 2760 3608 quid
2817 3544 3085 3611 signiticet
3129 3545 3364 3601 varietas
3416 3558 3740 3618 temporum,

2159 3641 2279 3695 qua:
2321 3627 2610 3697 aliquando
2642 3645 2876 3700 congrua
2906 3643 3032 3686 sunt
3062 3636 3127 3688 ad
3158 3636 3410 3703 qua-libet
3441 3643 3742 3707 operanda,

2159 3727 2220 3770 ut
2251 3735 2365 3783 ver,
2399 3732 2578 3785 testas,
2625 3732 2955 3788 autumnus;
3002 3739 3144 3780 nunc
3177 3742 3303 3780 vero
3337 3729 3660 3800 incongrua,
3691 3742 3741 3785 ut

2162 3809 2355 3863 hiems.
2379 3810 2503 3864 Tria
2531 3827 2764 3880 namque
2787 3814 2966 3882 priora
2995 3818 3045 3867 in
3067 3818 3260 3883 quibus
3288 3817 3499 3871 fatilius
3524 3823 3741 3890 operari

2164 3913 2476 3967 possumus,
2509 3902 2777 3970 significat
2803 3907 3084 3972 praesentis
3117 3909 3240 3960 vita:
3276 3918 3484 3978 tempus
3509 3914 3579 3963 ad
3607 3913 3720 3965 olz-ti

2163 3992 2394 4043 nendum
2447 3994 2659 4046 veniam
2714 4009 3052 4060 concessum,
3108 3999 3174 4052 de
3203 4014 3310 4067 quo
3356 4010 3406 4053 et
3454 4002 3746 4070 Apostolus

2163 4077 2293 4132 dicit
2325 4095 2337 4130 :
2369 4078 2503 4133 Ecce
2535 4098 2671 4133 nunc
2698 4091 2896 4150 ternpus
2927 4087 3263 4154 acceptabilc,
3301 4104 3414 4141 cccc
3466 4106 3607 4144 nunc
3637 4093 3745 4146 dies

2161 4168 2345 4222 salutis
2376 4169 2460 4234 (ΙΙ
2516 4169 2640 4224 Cor.
2690 4187 2763 4236 v1,
2795 4173 2873 4242 ἓ).
2901 4171 3085 4229 Hiems
3127 4187 3328 4242 autem,
3353 4194 3472 4246 qua:
3513 4185 3744 4237 maxime

2164 4256 2347 4325 inepta
2379 4268 2462 4312 est
2502 4259 2569 4312 ad
2609 4263 2942 4330 operandam
2980 4265 3250 4333 signiﬁcat
3292 4271 3520 4322 extremi
3556 4272 3744 4341 judicii

2167 4357 2398 4418 tempus,
2426 4367 2534 4420 quo
2554 4354 2697 4407 nulla
2720 4353 3012 4411 fructuosa:
3034 4360 3370 4427 paenitentia:
3397 4378 3566 4430 opera
3591 4381 3744 4420 exer-

2167 4441 2276 4494 ceri
2307 4446 2728 4510 possunt;unde
2753 4455 2808 4500 et
2825 4447 3082 4502 Dominus
3107 4452 3158 4503 in
3181 4451 3471 4522 Evangelio
3493 4455 3746 4509 admonet

2095 4515 2140 4572 ί)
2168 4533 2352 4588 dicens
2383 4552 2396 4588 :
2447 4533 2608 4590 Orate
2640 4554 2702 4591 ne
2740 4538 2866 4608 fuga
2895 4551 3061 4594 vestra
3086 4542 3178 4610 fiat
3220 4515 3386 4598 liienie
3414 4545 3490 4598 rel
3514 4546 3745 4600 Sabban

2168 4621 2383 4692 (Matth.
2425 4639 2569 4690 xxrv,
2621 4626 2744 4696 20),
2795 4631 2949 4697 quasi
3006 4631 3260 4688 diceret:
3304 4635 3490 4690 Estote
3533 4652 3744 4708 seraper

2165 4713 2405 4780 solliciti,
2457 4731 2522 4770 ne
2586 4732 2906 4774 concessum
2963 4732 3174 4792 tempus
3232 4727 3400 4781 venite
3455 4729 3746 4796 perdentcs

2168 4817 2320 4871 tunc,
2345 4823 2465 4861 cum
2501 4809 2678 4863 nullus
2699 4812 2862 4866 locus.
2885 4825 2967 4868 cst
2997 4817 3188 4880 venite,
3221 4825 3340 4871 eam
3370 4818 3572 4872 frustra
3603 4836 3743 4890 qua:-

2169 4899 2322 4952 ratis.
2354 4899 2614 4953 Euntdem
2639 4918 2854 4972 quoque
2877 4921 3092 4960 sensum
3125 4909 3250 4964 alibi
3275 4912 3517 4977 apertius
3539 4913 3742 4981 profert

2170 4989 2354 5042 dicens
2381 5009 2394 5042 :
2429 4989 2649 5060 Vigilate
2672 5010 2792 5063 ergo
2819 4998 2960 5048 omni
2984 5006 3212 5068 ti‘mpore
3246 5010 3487 5064 orantes,
3516 5013 3570 5054 ut
3602 5003 3742 5072 digni

2171 5077 2468 5132 habeantini
2505 5080 2683 5149 fugere
2715 5100 2835 5153 qua:
2863 5097 3078 5139 uentura
3114 5099 3233 5141 sunt
3276 5091 3416 5142 vobis
3445 5088 3599 5158 (Luc.
3631 5107 3742 5155 ιιι,

2170 5173 2282 5243 3i).
2317 5174 2420 5228 l’ro
2461 5173 2701 5244 ejusdem
2757 5179 3014 5245 temporis
3059 5195 3189 5234 cura
3234 5182 3539 5236 adhibenda
3586 5183 3741 5237 Isaias

2173 5270 2432 5338 propheta
2481 5271 2739 5324 admonet
2783 5272 3010 5324 (licens:
3055 5272 3288 5336 Quo'rite
3319 5275 3596 5330 Doninum
3625 5278 3740 5328 dum
