3942 5340
183 387 395 449 l:etiti:e;
432 383 517 442 vel
551 384 672 452 quia
697 382 919 438 Sabbati
967 383 1082 438 dies
1111 389 1353 438 extrema
1386 393 1469 438 est
1505 384 1556 438 in
1604 385 1738 438 beb-

182 476 419 538 domada,
445 490 543 544 per
569 473 670 526 hoc
695 472 1046 526 admonemur
1085 488 1151 527 ne
1174 473 1224 527 in
1251 474 1510 528 extremis
1538 473 1739 528 solum.

183 565 346 624 modo.
378 563 472 617 sed
503 562 652 632 prius
680 560 817 615 mala
849 571 1032 615 nostra
1061 560 1347 631 fugiamus.
1379 562 1739 628 Quamobrem

178 655 304 727 quod
335 653 597 708 Dominus
637 653 913 705 admonuit
944 667 1011 704 ne
1049 652 1100 704 in
1140 651 1374 707 Sabbato
1404 651 1525 722 fuga
1559 635 1739 706 nostra

178 747 274 808 ﬁat,
306 747 461 800 docet
484 759 552 798 ne
580 743 632 797 in
663 743 942 814 praesentis
973 745 1096 797 vita:
1125 744 1332 798 deliciis
1369 745 1528 814 positi
1557 743 1739 798 futura

179 837 352 909 gaudia
397 845 807 906 postponamus.
853 835 987 902 Quia
1028 837 1190 906 igitur
1229 837 1459 890 audistis
1493 852 1590 906 per
1621 839 1739 891 bie-

179 949 303 987 mem
338 932 664 1001 quibusdam
697 931 970 986 laboribus
1004 931 1354 1000 incongruam
1387 931 1616 985 extremi
1647 931 1736 1000 ju-

179 1022 289 1076 dicii
339 1030 556 1088 tempus
589 1021 922 1090 praesignari,
981 1002 1413 1088 attendite.qnid
1448 1022 1604 1073 modo
1661 1020 1739 1073 la-

177 1111 408 1165 cicndnm
434 1110 507 1163 sit
534 1111 704 1173 vobis,
739 1111 864 1163 dum
910 1110 1045 1163 bene
1069 1109 1285 1178 possitis
1323 1119 1377 1160 ct
1408 1109 1528 1161 vine
1560 1107 1737 1162 lumen

179 1201 394 1264 habetis,
421 1216 602 1268 neque
639 1199 781 1253 enim
809 1200 962 1252 vobis
992 1198 1268 1252 excusatio
1293 1206 1460 1251 restat
1496 1197 1599 1250 ulla
1637 1213 1732 1266 pro

174 1294 459 1348 litterarum
486 1293 812 1362 ignorantia,
838 1307 958 1344 cum
976 1291 1026 1344 in
1055 1291 1230 1344 hieme
1248 1290 1528 1344 notissima
1559 1290 1737 1358 legere

175 1385 378 1439 valeatis
410 1400 534 1454 qua:
559 1393 683 1438 sunt
705 1383 857 1437 vobis
885 1383 1152 1436 facienda.

236 1473 428 1528 Deinde
459 1489 594 1527 vero
617 1473 900 1526 dicendum
916 1472 1042 1542 quid
1071 1472 1370 1543 quotidiani
1395 1487 1520 1525 esus
1551 1486 1738 1526 neces-

176 1567 287 1619 sitas
332 1565 484 1619 vobis
538 1566 728 1619 innuat
781 1565 1078 1633 agendum;
1141 1565 1374 1633 undique
1422 1565 1564 1618 enim
1616 1564 1735 1618 illos

1185 181 1313 234 ΗΒ.
1358 181 1444 237 DE
1481 177 1809 237 ADMONIT.
1851 179 2114 236 CLERIC.
2157 181 2246 236 ET
2285 179 2460 238 LAIC.

184 301 299 355 ﬁcat
324 297 498 351 otium
527 293 798 364 quodlibet
828 293 1017 348 inutile
1051 293 1133 348 vel
1169 302 1378 364 tempus
1430 295 1740 366 incongrua:
1774 300 1815 354 Α

3314 180 3420 236 id!

1914 295 1969 349 In
2001 296 2190 363 primis
2223 311 2456 365 namque
2486 295 2721 350 diximus
2753 294 2902 350 vobis
2927 298 3196 364 quomodo
3237 296 3416 350 studia

1843 383 2026 453 apium
2062 384 2264 438 imitari
2297 386 2561 451 debeatis,
2592 385 2906 456 colligentes
2941 402 3005 440 ex
3054 387 3219 442 variis
3247 383 3418 440 homi-

1843 474 2000 528 nibus
2028 474 2108 528 vel
2141 475 2322 541 rebus,
2355 475 2499 530 velut
2525 493 2587 530 ex
2615 475 2858 540 ﬁoribus,
2882 478 3218 532 dulcedinem
3245 479 3416 532 virtu-

1843 571 1954 616 tum
1981 578 1995 626 ;
2047 564 2242 618 deinde
2275 565 2403 634 quid
2456 565 2748 621 immensus
2779 567 2906 621 solis
2968 567 3222 636 splendor
3249 567 3416 638 signi-

1843 654 1988 708 ﬁcet.
2041 653 2242 708 Deinde
2264 656 2500 710 diximus
2535 657 2600 710 de
2630 657 2832 712 tril‘atia
2864 659 3212 728 intelligentia
3244 660 3299 713 in
3325 675 3412 714 re-

1841 744 1943 798 bus
1989 745 2292 799 visibilibus
2345 748 2662 801 retinenda:
2694 749 2862 816 prima
2902 749 3116 818 quideu
3163 758 3265 812 est,
3297 765 3418 819 quae

1840 855 1904 894 ex
1947 839 2320 909 temporalium
2359 840 2622 894 bonorum
2673 841 3067 910 pulchritudine
3097 843 3257 898 docet
3311 858 3413 898 nos

1840 931 2190 984 considerare
2221 947 2384 1000 quam
2432 935 2675 999 syecioxa
2726 933 2831 985 sint
2871 942 3068 988 :eterna
3111 934 3279 1000 bona;
3330 949 3417 988 se-

1840 1021 2016 1072 cunda
2051 1020 2290 1074 insinuat
2339 1037 2402 1075 ex
2435 1023 2624 1074 eadem
2681 1021 3080 1090 pulchritudine
3111 1025 3416 1092 probandos

1840 1124 1958 1163 esse
1984 1111 2246 1174 homines,
2280 1121 2458 1164 utrum
2490 1111 2656 1165 Deum
2700 1111 2921 1181 diligant
2955 1112 3258 1182 plus-quam
3300 1124 3416 1168 ter-

1841 1217 1968 1255 rena
1998 1203 2276 1270 quaelibet;
2334 1205 2490 1257 tertia
2533 1203 2733 1258 indicat
2768 1205 2910 1272 quod
2938 1215 3196 1260 creatura:
3249 1207 3416 1260 totius

1840 1291 2142 1346 adversitas
2175 1294 2400 1362 ipsaque
2429 1294 2678 1346 humanm
2712 1304 2920 1348 natura:
2948 1294 3130 1348 vilitas
3156 1311 3218 1348 ex
3246 1295 3417 1350 homi-

1842 1398 1968 1435 num
2001 1383 2299 1452 primorum
2349 1383 2794 1453 praevaricatione
2842 1385 3099 1444 evenerit,
3129 1385 3221 1437 sed
3271 1399 3418 1437 eam-

1841 1472 1962 1526 dem
1991 1473 2378 1526 adversitatem
2413 1482 2464 1527 et
2491 1473 2748 1528 vilitatem
2785 1474 2925 1526 Deus
2959 1474 3012 1526 in
3053 1473 3286 1543 aliquam
3309 1476 3418 1528 uti-

1841 1563 2045 1615 litatem
2087 1564 2320 1636 hominis
2381 1562 2739 1624 converterit;
2801 1563 2994 1616 deinde
3045 1564 3235 1628 etiam,
3288 1563 3418 1633 quid

176 1657 312 1711 liores
337 1655 576 1715 habetis,
611 1669 675 1708 ex
704 1655 900 1723 quibus
934 1653 1158 1722 alicujus
1205 1654 1582 1708 mdilicationis
1633 1653 1736 1707 mel
1769 1635 1812 1693 Β
1843 1653 2074 1707 hiemale
2105 1663 2313 1722 tempus
2346 1655 2412 1705 ad
2443 1668 2607 1721 opera
2645 1653 2888 1721 quaedam
2915 1651 3180 1720 ineptum,
3211 1652 3417 1721 etquid

179 1747 408 1817 colligere
435 1746 652 1800 valetis.
677 1745 826 1811 Quod
852 1761 980 1816 ergo
1006 1747 1249 1814 cogimur
1274 1760 1468 1813 corpus
1498 1743 1737 1813 quotidie

179 1837 404 1900 reﬁcere,
439 1845 498 1890 ut
528 1836 865 1890 robustiores
893 1837 1062 1890 simus
1089 1838 1155 1890 ad
1181 1851 1406 1906 qumque
1435 1834 1735 1904 corporalia

177 1929 348 1990 studia,
373 1927 650 1996 signiﬁcat
681 1926 833 1980 nobis
859 1926 1100 1996 quotidie
1130 1942 1264 1995 opus
1295 1941 1415 1980 esse
1445 1925 1590 1980 reﬁci
1612 1926 1734 1980 cibo

178 2019 438 2089 spirituali,
477 2020 533 2073 id
577 2029 660 2073 est
706 2020 950 2074 doctrina
981 2019 1209 2079 caelesti,
1237 2035 1304 2071 ne
1335 2017 1651 2072 deﬁciamus
1682 2018 1734 2070 in

178 2109 352 2174 labore,
393 2124 560 2178 quem
586 2107 791 2178 jugiter
829 2109 1099 2162 sustinere
1129 2108 1385 2161 debemus
1411 2117 1463 2159 et
1500 2123 1596 2176 pro
1627 2121 1738 2160 ser-

178 2199 322 2254 vitute
359 2199 542 2253 divina
593 2206 649 2253 et
689 2214 787 2266 pro
818 2206 1158 2267 peccatorum
1203 2205 1510 2250 nostrorum
1561 2195 1737 2248 indul-

179 2289 356 2356 gentia.
400 2288 512 2341 Nisi
548 2288 693 2342 enim
737 2288 875 2341 Deus
913 2288 1256 2355 omnipotens
1286 2301 1407 2339 eum
1442 2284 1736 2340 refectione

181 2381 356 2434 carnali
386 2379 727 2449 spiritualem
764 2379 920 2432 vellet
944 2377 1257 2447 signiﬁcari,
1285 2376 1613 2431 decrevisset
1638 2375 1735 2427 uti-

180 2485 268 2541 que
300 2471 347 2527 in
386 2470 646 2543 praesenti
693 2469 799 2526 vita
849 2469 986 2525 idem
1023 2467 1137 2523 fore
1174 2467 1314 2536 quod
1343 2475 1396 2520 et
1431 2465 1481 2518 iu
1515 2463 1731 2530 futura;

183 2561 240 2613 ibi
273 2576 497 2630 namque
529 2562 805 2616 invenitur
853 2560 1032 2614 nullus
1060 2561 1151 2630 qui
1182 2555 1480 2630 corporalis
1509 2555 1613 2610 cibi
1646 2570 1734 2608 re-

183 2637 382 2706 iectione
412 2663 697 2724 pascatur.

236 2745 408 2798 Adhuc
457 2746 751 2800 dicendum
801 2755 969 2801 restat
1022 2746 1148 2816 quid
1195 2745 1348 2814 copia
1411 2755 1464 2800 ct
1509 2747 1732 2816 penuria

182 2835 464 2892 substantia:
517 2838 822 2907 corporalis
869 2840 1085 2904 innuat;
1135 2854 1257 2892 nam
1311 2854 1408 2908 per
1448 2838 1735 2907 utramque

182 2943 346 2999 magna
388 2938 442 2984 et
476 2933 791 2985 necessaria
840 2933 1049 2985 cunctis
1087 2933 1329 2986 doctrina
1379 2941 1728 2985 monstratur.

182 3019 234 3073 Et
252 3021 390 3090 capia
415 3023 639 3090 quidem
669 3024 857 3076 edocet
879 3024 1024 3091 quia,
1050 3023 1185 3077 sicut
1214 3024 1326 3091 ipsa
1349 3022 1588 3077 laetitiam
1611 3023 1734 3077 vita:

182 3114 430 3180 praesentis
456 3125 648 3184 auget,
681 3114 1098 3168 sollicitudinem
1133 3115 1345 3178 minuit,
1392 3115 1464 3167 ita
1495 3124 1550 3168 et
1575 3115 1735 3183 spiri-

183 3205 325 3260 tuales
349 3206 578 3270 divitiae,
611 3206 663 3259 id
695 3215 778 3260 est
809 3209 1033 3260 virtutes
1062 3206 1254 3260 animae.
1283 3221 1499 3259 omnem
1539 3204 1734 3259 futurre

182 3291 475 3348 calamitatis
505 3304 569 3349 et
599 3295 829 3350 miseria:
861 3296 1276 3350 sollicitudinem
1309 3297 1556 3348 minuunt
1576 3306 1734 3349 teter-

183 3400 340 3454 nazque
363 3387 721 3442 beatitudinis
744 3397 941 3458 augent
963 3389 1177 3457 gaudia.
1216 3387 1606 3442 Penuria'vero
1632 3388 1734 3441 hoc

185 3472 376 3540 indicat,
406 3478 536 3546 quia
574 3479 714 3532 sicut
752 3477 862 3546 ipsa
904 3477 1232 3547 patientibus
1275 3493 1394 3531 eam
1445 3492 1732 3532 maerorem

185 3563 350 3632 ingerit
398 3566 778 3634 multiplicem,
815 3576 997 3635 utpote
1043 3555 1141 3636 qui
1181 3551 1431 3637 ignorant
1461 3569 1600 3621 unde
1631 3567 1733 3625 sibi

184 3655 354 3709 vietum
382 3666 638 3726 quzeraIut
663 3659 781 3711 sine
807 3672 913 3726 quo
942 3658 1123 3712 vivere
1153 3668 1444 3727 nequeunt,
1478 3659 1548 3712 ita
1577 3652 1739 3726 Spiri4

185 3743 318 3798 malis
345 3745 466 3799 vita:
493 3747 695 3799 damna
734 3755 950 3800 arterua:
977 3747 1340 3803 damnationis
1388 3748 1736 3818 praeﬁguraut

185 3829 406 3887 lamenta.
445 3835 585 3890 Cum
621 3836 782 3906 igitur
839 3839 1013 3900 vobis,
1069 3853 1102 3891 ο
1156 3839 1352 3894 fratres
1403 3841 1732 3905 cbarissimi,

184 3925 322 3978 variis
346 3926 520 3982 modis
551 3927 751 3981 dictum
793 3929 863 3981 sit
893 3929 1122 3998 qualiter
1141 3932 1257 3984 sine
1293 3931 1486 3984 litteris
1524 3930 1736 4000 religio-

184 4028 242 4067 sa:
265 4019 375 4071 vita:
427 4020 704 4073 tramitem
737 4021 1026 4087 exquirere
1078 4031 1132 4074 et
1161 4021 1214 4074 in
1251 4037 1313 4075 ea
1362 4023 1612 4076 incedere
1644 4037 1734 4074 va-

184 4104 333 4174 leatis,
351 4111 616 4165 attendite
639 4111 844 4182 jugiter
868 4113 937 4166 ad
959 4113 1166 4181 singula
1206 4129 1326 4183 qua:
1341 4113 1451 4182 jam
1474 4114 1730 4178 diximus,

186 4203 304 4252 etea
345 4199 395 4253 in
433 4202 695 4257 cordibus
726 4204 922 4257 vestris
975 4204 1156 4259 sedula
1205 4215 1433 4260 tractate
1464 4221 1614 4260 cura.
1666 4206 1733 4260 Ut

1840 1743 2138 1814 quotidiani
2170 1759 2295 1797 esus
2327 1743 2644 1806 neceSsitas,
2681 1743 2916 1811 quidque
2941 1743 3091 1811 copia
3115 1753 3167 1796 et
3193 1746 3417 1811 peuur'a

1840 1833 2134 1900 πέρθε-³115
2167 1834 2483 1886 substantiae
2513 1832 2838 1901 signiﬁcent,
2892 1833 3234 1903 protulimus.
3290 1838 3419 1899 Qua:

1839 1925 2095 1977 nimirum
2145 1924 2348 1986 omnia,
2381 1923 2504 1991 quia
2535 1939 2598 1975 ex
2651 1922 2980 1991 quatidiauis
3030 1924 3418 1992 experimentis

1837 2023 2064 2082 possunt
2090 2015 2240 2066 vobis
2265 2029 2383 2066 csse
2406 2013 2707 2072 notissima,
2738 2011 3214 2080 attenditejugiter
3243 2029 3417 2082 quan-

1841 2115 1946 2158 tam
1974 2104 2384 2157 aediﬁcatiouem
2417 2104 2610 2155 exinde
2640 2103 2858 2170 possitis
2883 2117 3094 2170 capere,
3143 2103 3442 2168 imitantes,

1839 2196 2044 2251 scilicet
2080 2210 2215 2263 opus
2265 2195 2445 2263 apium
2496 2194 2548 2245 in
2596 2193 2914 2262 collectione
2961 2194 3242 2248 virtutum.
3298 2196 3416 2250 Jam

1837 2289 1980 2339 enim
2026 2286 2169 2339 nulla
2197 2284 2473 2338 excusatio
2505 2293 2742 2337 remanet
2774 2284 2925 2336 vobis
2955 2299 3052 2352 pro
3104 2285 3409 2340 litteraruut

1840 2377 2175 2446 ignorantia,
2207 2377 2646 2446 quandoquidem
2680 2377 2732 2430 iu
2775 2377 2859 2431 his
2891 2378 3050 2432 reb:;s
3078 2370 3213 2448 qtias
3241 2381 3419 2449 quotio

1837 2469 1924 2522 die
1966 2469 2160 2522 videtis
2189 2468 2272 2521 vel
2311 2468 2510 2522 auditis
2543 2467 2620 2522 vel
2651 2468 2830 2537 aliquo
2865 2472 3026 2523 modo
3069 2472 3304 2536 sentitis,
3337 2474 3437 2527 tli-.

1837 2560 1976 2615 vium
2008 2561 2282 2631 religionis
2342 2560 2592 2615 notitiam
2641 2561 2786 2615 velut
2837 2562 2888 2615 iu
2943 2562 3094 2616 libris
3125 2580 3439 2632 agnoscere.

1838 2649 2048 2703 valetis.
2097 2649 2221 2704 ll:ec
2273 2649 2488 2718 quidem
2521 2649 2725 2703 monita
2777 2649 2843 2703 ad
2893 2649 3058 2705 laicos
3105 2654 3416 2722 specialiier

1838 2739 1924 2795 die
1937 2740 2143 2799 κλείω.

1907 2833 2107 2888 Deinde
2140 2848 2267 2886 vero
2310 2842 2418 2885 tant
2462 2831 2691 2889 clericos
2725 2847 2885 2903 quam
2916 2831 3083 2889 laieos
3121 2834 3416 2892 admonens

1836 2939 2030 2993 precor
2054 2931 2111 2976 ut
2138 2925 2478 2977 attendentes
2507 2925 2818 2978 continuam
2845 2925 2986 2978 aeris
3010 2925 3408 2993 intemperiem,

1840 3032 1981 3085 qum,
2049 3019 2288 3084 peccatis
2334 3016 2536 3070 nostris
2578 3016 2939 3084 exigentibus,
2991 3016 3062 3069 ita
3111 3031 3206 3084 per
3249 3031 3418 3072 annos

1831 3111 1944 3180 jam
1979 3111 2171 3163 multos
2203 3109 2522 3162 imminebat
2547 3118 2605 3162 ut
2632 3119 2726 3162 aut
2758 3109 3078 3162 immensum
3106 3108 3298 3178 frigus,
3325 3117 3440 3162 aut.

1838 3208 2100 3262 immensa
2129 3207 2338 3275 pluvia,
2390 3207 2472 3261 vel
2527 3208 2880 3275 intemperata
2933 3207 3172 3262 siccitas~
3211 3208 3419 3262 fructus

1838 3308 1996 3352 terra:
2048 3313 2404 3365 corrmupeus
2470 3298 2667 3351 famem
2735 3298 3095 3352 miserandam
3161 3298 3415 3364 clliceret,

1837 3402 1998 3462 atque
2022 3392 2376 3448 formidantes
2407 3406 2474 3444 ne
2499 3381 2753 3458 corrupia
2803 3391 3089 3459 iniquitate
3135 3401 3278 3443 terra
3331 3405 3436 3443 net

1836 3482 2068 3538 eessaria
2098 3481 2353 3534 alimenta
2393 3469 2607 3549 penitus
2634 3481 2861 3547 deneget
2889 3479 2970 3532 vel
3005 3479 3213 3547 aliquos
3244 3480 3419 3531 homi-

1837 3575 2250 3638 nesabsorbeat,
2283 3574 2423 3626 sicut
2454 3573 2506 3624 iu
2537 3571 2855 3640 quibusdam
2885 3569 3034 3632 locis,
3065 3572 3198 3639 proh
3220 3571 3372 3624 dolor
3399 3574 3412 3624 !

1835 3668 2045 3721 noviter
2071 3666 2316 3719 evenisse
2346 3664 2566 3727 dicitur,
2608 3661 2917 3716 abstineant
2961 3676 3020 3715 se
3071 3662 3416 3730 aliquatenus

1837 3773 1865 3808 a
1895 3755 2052 3809 solita
2085 3754 2313 3808 avaritia
2357 3762 2408 3808 et
2444 3753 2652 3822 rapina,
2683 3765 2782 3805 nec
2830 3766 2935 3804 non
2979 3750 3196 3805 lascivia
3231 3753 3419 3812 nsum-

1835 3848 2171 3918 pficibusquo
2204 3848 2379 3918 nugis,
2407 3862 2541 3916 quas
2562 3844 2896 3900 stolidissimi
2928 3845 3146 3910 quidam
3174 3856 3240 3903 ab
3271 3859 3421 3905 exte.

1837 3943 1911 3995 ris
1935 3940 2246 3995 nationibus
2273 3941 2322 3994 iu
2351 3941 2448 3992 has
2465 3940 2712 4008 regiones
2743 3951 2837 4003 per
2866 3936 3137 3994 izzsiilitam
3170 3919 3414 3995 rasuram

1835 4043 1889 4087 et
1920 4042 2321 4086 monstruosum
2357 4031 2610 4084 vestitum
2643 4029 2972 4087 detulerunt.
3007 4030 3120 4084 Nisi
3153 4045 3284 4100 ergo
3311 4033 3413 4084 ιη.-

1828 4123 2061 4192 jusmodi
2099 4121 2324 4177 stultitia
2365 4121 2725 4194 relinquatur,
2756 4137 2860 4175 non
2906 4122 3077 4176 solum
3115 4121 3167 4173 in
3196 4134 3291 4174 eos
3325 4121 3436 4187 qni-

1834 4211 2061 4277 l'aciunt,
2111 4212 2203 4266 sed
2235 4211 2395 4264 etiam
2417 4215 2520 4283 qui
2548 4213 2910 4276 consentiunt,
2940 4211 3195 4266 divinitus
3245 4208 3418 4264 vindi-

189 4299 338 4345 autent
383 4309 444 4349 ea
493 4293 711 4351 facilius
764 4297 1022 4352 recolatis
1050 4308 1104 4352 et
1142 4300 1383 4354 tenacius
1433 4299 1734 4354 inhaereant
1761 4312 2011 4372 nentur.

187 4380 407 4437 cordibus
433 4386 653 4453 vestris,
678 4381 813 4444 libet
842 4387 956 4455 ipsa
980 4388 1216 4443 breviter
1246 4400 1509 4458 repetere.
