3942 5340
1529 237 1834 294 υτιιι..οΝι
1870 235 2178 293 ΜῡΝΑυυι
2316 237 2737 294 EMMERAMMI

2848 437 2982 454 ~00-

3043 448 3755 474 _...__..._____.__.

1279 606 2116 729 EJUSDEM
2192 611 3006 726 0THLONI

1061 849 1258 974 DE
1382 843 2185 976 DOCTRINA
2309 836 3217 979 SPIBITUALI

1689 1093 1991 1172 LIBER
2066 1091 2591 1172 METRICUS
2663 1069 2666 1072 ”

1343 1269 1489 1326 CUM
1526 1266 1706 1324 ALIIS
1746 1265 2020 1322 DIVERSI
2057 1264 2357 1323 GENERIS
2395 1265 2842 1332 CARMINIBUS.

691 1432 930 1495 Erutus
966 1450 1042 1494 ex
1071 1432 1212 1491 cod.
1247 1447 1359 1490 ms.
1398 1426 1624 1506 inclyti
1657 1434 1712 1487 et
1742 1423 2089 1506 imperiali:
2119 1428 2485 1506 monasterii
2520 1429 2587 1490 S.
2627 1430 3057 1494 Emmerammt’
3085 1430 3563 1494 Ratisbonensis

1261 1509 1334 1568 ll.
1367 1509 1444 1569 D.
1487 1504 1560 1570 Pw.
1591 1504 1872 1585 Rrgncr'o
1906 1504 2146 1564 Reither
2174 1505 2577 1572 Bcnedictino
2614 1508 2984 1571 Mellicenst'.

770 1677 948 1751 (Apud
976 1677 1038 1732 [ἶ.
1071 1677 1134 1732 Ρ.
1165 1675 1504 1731 Bernardum
1535 1674 1778 1742 Pczium,
1807 1673 2106 1730 Tlteraurus
2138 1671 2337 1726 Auecd.
2367 1677 2588 1737 novies"
2617 1684 2748 1763 tom.
2779 1675 2868 1744 Ill,
2893 1686 3045 1748 parte
3073 1693 3132 1744 It,
3162 1695 3287 1750 pag.
3315 1677 3471 1750 430.)

663 1989 908 2046 INClPlT
945 1985 1314 2042 PROLOGUS
1353 1983 1613 2038 LIBELLI
1664 1981 1884 2039 HUIUS

485 2083 533 2140 0
568 2083 876 2154 quicunque
909 2081 1062 2148 cupis
1086 2090 1415 2146 cognoscere
1444 2077 1585 2130 dicta
1609 2075 1802 2130 salutis

483 2178 561 2234 Et
592 2189 844 2231 sermone
871 2170 1021 2228 brevi
1049 2171 1128 2225 vis
1149 2170 1217 2224 ad
1249 2169 1428 2224 divina
1460 2167 1668 2223 moneri
1694 2207 1710 2232 ,

485 2269 658 2321 Aures
683 2274 790 2320 tam
821 2263 1018 2318 utentis
1041 2277 1201 2330 quam
1226 2260 1474 2331 corporis
1522 2261 1627 2314 huc
1663 2273 1856 2328 precor
1884 2266 2036 2328 aptes
2061 2298 2078 2323 ,

485 2355 620 2412 Nam
646 2356 736 2411 tali
767 2354 945 2411 studio
981 2353 1244 2408 doctrina:
1279 2351 1502 2407 verbula
1529 2366 1724 2421 promo

485 2449 560 2506 Ut
580 2464 700 2521 qum
727 2437 825 2519 per
850 2445 1031 2501 varios
1054 2444 1284 2500 deberes
1303 2459 1549 2514 qurerere
1577 2441 1744 2496 libros
1765 2480 1786 2507 ,

484 2539 544 2594 Si
579 2555 728 2594 mora
754 2536 1032 2608 quaerendi
1059 2536 1268 2590 tuinuat
1297 2535 1392 2588 tibi
1416 2542 1537 2587 vota
1565 2532 1816 2600 legendi,

485 2630 670 2700 Siqua
699 2629 783 2684 vel
809 2627 1054 2683 obseura:
1082 2625 1352 2681 sententia
1387 2624 1544 2695 longa
1572 2624 1759 2694 ﬁgura:

484 2719 562 2776 'l‘e
585 2721 763 2776 minus
786 2719 1052 2773 intentum
1083 2719 1351 2773 conducat
1379 2717 1448 2770 ad
1477 2717 1590 2784 ipsa
1619 2714 1904 2786 legendum
1926 2753 1946 2780 ,

484 2811 614 2867 llaec
635 2810 736 2865 sub
761 2809 1064 2872 succincta,
1090 2822 1190 2862 nec.
1216 2821 1322 2860 non
1363 2805 1526 2876 plana
1559 2805 1771 2860 ratione

487 2899 657 2956 lstbic
687 2899 906 2952 inventu
936 2895 1100 2951 citius
1127 2894 1311 2964 capias
1352 2895 1674 2949 doetuncnta
1700 2933 1716 2960 ,

484 2991 662 3060 Atque
687 3003 786 3058 per
817 2988 916 3043 Iros
945 2987 1084 3042 ritus
1109 3026 1125 3051 ,
1149 2986 1299 3042 velut
1338 2985 1515 3040 infans
1540 2985 1680 3039 lacte
1704 2983 1942 3040 nutritus

483 3083 670 3140 Sicubi
695 3083 982 3153 repereris,
1011 3082 1217 3153 majora
1241 3097 1526 3152 capessere
1557 3081 1750 3151 possis.

485 3172 616 3238 llic,
649 3187 782 3243 rogo
804 3213 818 3237 ,
851 3187 919 3227 ne
944 3187 1159 3242 quaeras
1185 3171 1270 3226 vel
1297 3171 1630 3227 continentia
1661 3172 1806 3226 dicta

483 3264 610 3321 Sive
642 3266 830 3321 modos
863 3266 1018 3321 metri
1053 3265 1228 3335 majus
1257 3280 1420 3336 quam
1446 3265 1700 3335 dogmata
1734 3264 1884 3319 verbi
1913 3303 1930 3328 ,

478 3360 615 3428 Qua:
643 3359 769 3415 licet
794 3358 1015 3414 urbanis
1037 3373 1250 3429 possem
1274 3359 1537 3414 decorare
1566 3357 1808 3425 camenis
1828 3397 1847 3422 ,

483 3451 637 3506 Absit
662 3459 720 3504 ut
748 3450 852 3504 ltoc
873 3450 1116 3504 studium
1143 3490 1158 3514 ,
1195 3465 1302 3519 quo
1329 3448 1494 3505 credo
1523 3447 1630 3502 Deo
1656 3445 1906 3502 famulari
1933 3484 1949 3512 ,

484 3539 677 3594 Moliar
705 3540 955 3595 humana:
985 3539 1090 3595 ritu
1122 3539 1408 3595 sustollere
1439 3535 1669 3608 pompm.

485 3627 623 3684 Nam
651 3629 698 3684 si
733 3627 1132 3699 quzet-etur'eur
1157 3629 1404 3686 versibus
1429 3630 1542 3682 haec
1565 3627 1908 3697 copulentur,

481 3717 744 3786 Quamvis
771 3733 871 3787 pro
899 3720 1049 3773 verbi
1086 3718 1281 3772 faciam
1308 3733 1474 3772 causa
1499 3717 1782 3772 breviandi
1802 3756 1818 3780 ,

484 3807 594 3862 Nec
626 3822 734 3862 non
761 3816 1046 3876 propterea
1073 3805 1202 3874 quia
1229 3820 1564 3876 cognoscens
1591 3805 1863 3860 studiosos

482 3900 739 3968 Quosque
763 3898 934 3968 magis
967 3897 1126 3953 metri
1157 3912 1321 3967 quam
1355 3913 1530 3967 prosa:
1554 3898 1835 3953 intendere
1865 3896 2026 3952 dictis

484 3991 621 4045 Tale
643 3990 772 4061 quid
800 3989 1014 4044 illorum
1037 3989 1233 4045 studiis
1257 3999 1449 4059 aptare
1473 3988 1719 4045 volebam
1737 4029 1754 4055 ,

486 4084 592 4140 Per
620 4083 763 4154 quod
788 4084 1008 4153 utrique
1037 4083 1240 4139 homini
1269 4091 1456 4154 posset
1478 4083 1725 4138 doctrina
1755 4083 2023 4138 adhiberi.

484 4172 612 4230 llaec
651 4182 738 4230 est
782 4188 995 4229 summa
1043 4181 1268 4239 tamen,
1296 4172 1553 4243 quoniam
1584 4173 1866 4228 metricam
1899 4175 2082 4232 hacte-

1663 4263 1684 4336 [
1713 4281 1814 4320 nus
1834 4275 2007 4320 artem

487 4358 617 4414 Plus
649 4373 814 4428 quam
839 4358 1143 4428 prosaicam
1181 4357 1420 4413 dictandi
1453 4372 1604 4412 more
1622 4355 1891 4420 eolebam,

488 4450 601 4505 Nec
624 4460 835 4504 mutare
861 4449 1062 4520 stylum
1086 4458 1473 4518 properantem
1503 4447 1653 4517 quivi
1683 4447 1968 4501 aliorsum.

487 4542 656 4597 Porro
685 4542 827 4612 quod
865 4540 1136 4597 interdum
1168 4542 1437 4611 subiungo
1464 4556 1704 4596 consona
1733 4539 1898 4596 verba
1921 4581 1941 4608 ,

484 4631 621 4700 Quae
653 4649 800 4688 nunc
830 4631 1126 4686 multorum
1158 4632 1358 4686 nimius
1395 4632 1666 4686 desiderat
1692 4648 1843 4696 usus,

491 4725 609 4780 Hoc.
632 4739 847 4795 quoque
880 4725 1168 4778 verborum
1193 4723 1314 4792 plus
1345 4725 1536 4778 ordine
1567 4725 1910 4780 convenienti

486 4815 715 4885 Insuper
736 4815 959 4885 antiqua
992 4815 1058 4871 de
1085 4815 1484 4870 consuetudine
1509 4815 1610 4870 l‘cci
1637 4857 1652 4880 ,

487 4906 624 4962 Cum
660 4922 748 4962 me
769 4907 982 4961 decrevi
1009 4914 1221 4961 certare
1246 4906 1590 4962 scholaribus
1619 4907 1759 4961 orsis

484 4998 662 5067 Quam
699 4997 1000 5068 cuicunque
1025 4997 1182 5052 velim
1211 5013 1309 5067 per
1335 4999 1462 5053 talia
1488 4999 1630 5053 dicta
1658 4998 1895 5067 placere.

489 5088 601 5144 lmo
625 5103 720 5158 per
744 5088 846 5142 hoc
871 5088 1048 5158 majus
1075 5089 1269 5144 studeo
1297 5087 1413 5143 fore
1442 5089 1589 5143 mitis
1618 5097 1672 5142 et
1699 5098 1857 5157 aptus

488 5177 675 5245 Quod,
707 5193 832 5233 cum
865 5193 1024 5233 nosse
1053 5181 1255 5249 prober
1276 5181 1518 5248 pretioso
1543 5179 1743 5233 famine
1779 5177 1968 5249 fungi,

494 5266 651 5321 Disco
676 5277 854 5323 tamen
887 5269 1042 5324 subdi
1069 5271 1266 5324 divina:
1297 5269 1626 5332 rusticitati,

2089 1854 2350 1869 -—‘

2112 1987 2163 2046 Α
2192 1985 2345 2052 Quod
2375 1984 2456 2038 vel
2485 1984 2844 2041 versiﬁcaudo
2875 1986 3076 2057 aliquid
3108 1987 3262 2046 fruor
3287 1999 3406 2045 arte
3427 1990 3638 2061 priore,

2187 2074 2321 2138 lloc,
2353 2073 2548 2137 fateor,
2580 2074 2777 2130 faciam
2807 2091 3005 2148 magno
3042 2094 3146 2134 non
3179 2078 3383 2149 absque
3407 2082 3632 2138 timore.

2185 2167 2290 2223 Sed
2323 2169 2448 2238 quia
2483 2184 2589 2228 non
2633 2168 2793 2224 aliter
2821 2185 3041 2225 sensum
3084 2172 3245 2227 modo
3269 2188 3524 2244 promere
3555 2189 3766 2244 possunt

2180 2261 2359 2331 Atque
2385 2275 2520 2330 opus
2546 2269 2630 2315 est
2658 2261 2822 2316 variis
2852 2272 3053 2318 memet
3086 2265 3464 2336 constringere
3495 2267 3671 2332 curis,

2181 2348 2259 2404 Ne
2287 2349 2427 2403 male
2460 2359 2758 2419 torpentem
2784 2351 3050 2406 seducant
3074 2353 3185 2407 otia
3219 2364 3483 2409 mentem.

2181 2440 2240 2495 Si
2270 2439 2398 2511 quid
2423 2441 2528 2495 erit
2555 2456 2783 2512 pravum
2809 2457 2964 2505 sacra
2995 2445 3161 2500 verba
3204 2454 3452 2502 retexere
3483 2455 3702 2504 metro:

2179 2533 2236 2588 Id
2261 2533 2420 2598 Deus,
2461 2541 2522 2588 ut
2543 2549 2722 2604 spero,
2749 2537 2852 2592 sub
2871 2535 3027 2606 culpa
3057 2536 3168 2592 fert
3187 2536 3416 2604 leviori;

2178 2625 2320 2691 Quin
2356 2625 2530 2696 magis
2563 2640 2629 2680 ex
2654 2636 2766 2682 toto
2788 2642 2898 2697 quo
2930 2627 3168 2684 dimittet
3199 2643 3393 2698 precor
3421 2629 3629 2700 ipsum.

2178 2715 2248 2770 At
2275 2725 2327 2770 te
2355 2717 2673 2787 suppliciter
2696 2733 2882 2788 posco,
2913 2719 3007 2787 qui
3035 2718 3240 2790 legeris
3260 2720 3385 2786 ista,
3584 2702 3592 2715 ’

2180 2804 2238 2863 Si
2269 2822 2433 2876 quam
2463 2807 2705 2878 reperias
2734 2808 2825 2863 hic
2852 2821 2972 2864 esse
2996 2809 3452 2880 superﬂuitatem,

2178 2897 2311 2965 Quae
2336 2898 2408 2953 sit
2431 2912 2525 2953 seu
2552 2909 2724 2954 metro
2749 2898 2832 2954 vel
2854 2899 2907 2954 in
2933 2899 3041 2954 ullo
3063 2901 3293 2956 crimine
3321 2901 3466 2957 facta
3493 2943 3512 2969 ,

2178 2985 2332 3043 lianc
2358 2987 2589 3058 propriae
2610 3004 2776 3043 causa
2801 2991 3067 3046 mercedis
3093 2992 3295 3047 rectius
3323 3001 3496 3062 aptos.

2181 3076 2336 3149 Saepe
2363 3079 2533 3149 magis
2564 3081 2755 3134 sensus
2779 3095 2942 3150 quam
2976 3081 3134 3137 metri
3166 3079 3293 3150 jura
3333 3092 3556 3139 secutus

2185 3169 2386 3241 Legem
2419 3170 2738 3242 syllabicam
2769 3171 3043 3243 pauliSper
3070 3173 3448 3232 discntiebam.

2179 3258 2395 3326 Lector,
2411 3261 2478 3315 ad
2499 3270 2802 3316 extremum
2821 3279 3018 3332 precor
3038 3266 3138 3321 hoc
3158 3281 3318 3335 quam
3340 3268 3577 3324 maxime
3599 3268 3766 3326 solum

2113 3335 2158 3397 Β
2184 3351 2464 3418 Quatenus
2485 3350 2702 3406 Otbloni
2729 3355 3052 3424 quandoque
3075 3355 3206 3411 velis
3233 3358 3560 3420 memorari;

2182 3443 2307 3511 Qui,
2345 3442 2473 3500 licet
2496 3443 2768 3508 indoctus,
2798 3444 2913 3500 lucc
2942 3460 3064 3501 sum
3093 3461 3424 3516 componere
3445 3446 3618 3503 nisus.

2599 3572 2944 3631 INCIPIUNT
2982 3574 3346 3632 CAPITULA.

2179 3710 2221 3766 ι.
2263 3709 2703 3766 Prmfatiuncula.
2756 3711 2889 3778 Quae
2933 3711 3044 3766 sint
3090 3712 3438 3782 potissimum
3505 3711 3763 3768 docenda.

2180 3802 2244 3858 ιι.
2286 3803 2360 3859 De
2390 3802 2495 3858 ﬁde
2518 3811 2722 3858 sancta:
2751 3802 3038 3858 Trinitatis
3075 3812 3132 3858 et
3161 3803 3457 3858 ﬂaminica:
3509 3803 3761 3858 incarna-

2253 3895 2436 3951 tionis.

2181 3986 2266 4042 Ill.
2308 3987 2444 4055 Quia
2473 3988 2732 4044 debemus
2760 3991 3005 4055 credere,
3039 3988 3149 4045 Deo
3177 3989 3398 4060 dignum
3429 3989 3641 4062 aliquid
3671 4003 3766 4047 nec

2252 4077 2357 4134 dici
2391 4093 2491 4134 nec
2515 4079 2811 4151 excogitari
2844 4095 3022 4151 posse.

2181 4168 2270 4229 l)’.
2309 4169 2420 4226 Cur
2451 4169 2614 4236 Deus,
2640 4185 2764 4225 cum
2796 4173 2869 4227 sit
2897 4172 3253 4242 incorporeus
3271 4181 3436 4242 atque
3458 4172 3762 4239 inell‘abilis,

2253 4275 2437 4316 rerum
2467 4260 2830 4331 corporalium
2852 4261 3160 4332 designetur
3187 4262 3484 4318 vocabulis.

2186 4352 2250 4407 V.
2289 4352 2442 4418 Quod
2471 4352 2606 4409 ﬁdes
2637 4354 2754 4410 sine
2777 4352 3036 4423 operibus
3081 4363 3292 4410 mortua
3321 4354 3412 4410 sit.

2185 4443 2274 4499 Vl.
2317 4445 2391 4500 De
2425 4445 2531 4501 (ide
2559 4446 2788 4503 cmlesti.

2186 4530 2297 4588 VII.
2338 4533 2415 4588 De
2442 4534 2729 4590 dilectione
2758 4535 2850 4591 Dei
2879 4545 2936 4591 et
2972 4535 3227 4606 proximi.

2189 4623 2323 4679 Vlll.
2366 4625 2442 4681 De
2473 4625 2800 4681 humilitate.

2117 4693 2156 4755 ε
2188 4713 2276 4768 IX.
2320 4715 2395 4770 De
2422 4716 2700 4784 patientia.

2187 4806 2255 4860 Χ.
2295 4809 2369 4863 De
2391 4809 2659 4863 orationis
2685 4811 2864 4866 modo.

2185 4897 2274 4952 XI.
2319 4897 2393 4952 De
2428 4898 2580 4952 libris
2607 4900 2885 4968 gentilium
2915 4900 3147 4957 vitandis
3173 4909 3230 4958 et
3268 4904 3335 4958 de
3381 4903 3565 4960 studio
3607 4919 3768 4962 sacrae

2258 4989 2522 5044 lectionis.

2187 5079 2300 5134 Xll.
2343 5081 2420 5135 De
2446 5081 2712 5150 spintuali
2739 5082 3039 5154 Scriptura
3064 5098 3232 5140 sacra:
3256 5084 3642 5157 intelligentia.

2189 5169 2322 5227 Xlll.
2357 5170 2758 5227 Admonitiouis
2779 5188 2960 5228 sermo
2983 5178 3050 5228 ad
3075 5175 3302 5231 clericos
3326 5193 3340 5241 ;
3372 5177 3528 5247 prius
3555 5177 3766 5246 quidem

2257 5264 2325 5318 ad
2364 5263 2484 5319 illos
2508 5305 2524 5330 ,
2566 5263 2659 5333 qui
2715 5264 2767 5318 in
2808 5266 3065 5334 pastorali
3103 5269 3410 5324 consistunt
3457 5270 3719 5340 regimine
3751 5285 3768 5336 ;
