  <div class='ocr_page' id='page_1' title='image "/cluster/home/n/w/nwhite01/storage/ocr_20150623/146/hvd.32044015471832/138.png"; bbox 0 0 3942 5340; ppageno 0'>
   <div class='ocr_carea' id='block_1_1' title="bbox 179 231 283 290">
    <p class='ocr_par' dir='ltr' id='par_1_1' title="bbox 179 231 283 290">
     <span class='ocr_line' id='line_1_1' title="bbox 179 231 283 290; baseline -0.019 0"><span class='ocrx_word' id='word_1_1' title='bbox 179 231 283 290; x_wconf 61' lang='grc' dir='ltr'><strong>εδδ</strong></span> 
     </span>
    </p>
   </div>
   <div class='ocr_carea' id='block_1_2' title="bbox 1321 206 2247 282">
    <p class='ocr_par' dir='ltr' id='par_1_2' title="bbox 1321 206 2247 282">
     <span class='ocr_line' id='line_1_2' title="bbox 1321 206 2247 282; baseline -0.008 -2"><span class='ocrx_word' id='word_1_2' title='bbox 1321 219 1414 282; x_wconf 81' lang='lat' dir='ltr'><strong>DE</strong></span> <span class='ocrx_word' id='word_1_3' title='bbox 1449 219 1796 280; x_wconf 72' lang='lat' dir='ltr'><strong>DOCTBINA</strong></span> <span class='ocrx_word' id='word_1_4' title='bbox 1839 206 2247 276; x_wconf 75' lang='lat' dir='ltr'><strong>SPIRITUALI.</strong></span> 
     </span>
    </p>
   </div>
   <div class='ocr_carea' id='block_1_3' title="bbox 3346 214 3456 272">
    <p class='ocr_par' dir='ltr' id='par_1_3' title="bbox 3346 214 3456 272">
     <span class='ocr_line' id='line_1_3' title="bbox 3346 214 3456 272; baseline -0.018 0"><span class='ocrx_word' id='word_1_5' title='bbox 3346 214 3456 272; x_wconf 68' lang='grc' dir='ltr'><strong>πο</strong></span> 
     </span>
    </p>
   </div>
   <div class='ocr_carea' id='block_1_4' title="bbox 182 327 3254 410">
    <p class='ocr_par' dir='ltr' id='par_1_4' title="bbox 182 327 3254 410">
     <span class='ocr_line' id='line_1_4' title="bbox 182 327 3254 410; baseline -0.003 -20"><span class='ocrx_word' id='word_1_6' title='bbox 182 345 295 402; x_wconf 73' lang='lat' dir='ltr'><strong>xv,</strong></span> <span class='ocrx_word' id='word_1_7' title='bbox 336 339 597 410; x_wconf 74' lang='lat' dir='ltr'><strong>Qualiter</strong></span> <span class='ocrx_word' id='word_1_8' title='bbox 623 346 747 408; x_wconf 91' lang='lat' dir='ltr'><strong>post</strong></span> <span class='ocrx_word' id='word_1_9' title='bbox 765 334 1100 407; x_wconf 62' lang='lat' dir='ltr'><strong>(egritudinis</strong></span> <span class='ocrx_word' id='word_1_10' title='bbox 1124 334 1289 390; x_wconf 79' lang='lat' dir='ltr'><strong>variae</strong></span> <span class='ocrx_word' id='word_1_11' title='bbox 1317 334 1527 407; x_wconf 81' lang='lat' dir='ltr'><strong>ﬂagella</strong></span> <span class='ocrx_word' id='word_1_12' title='bbox 1557 336 1624 390; x_wconf 92' lang='lat' dir='ltr'><strong>ad</strong></span> <span class='ocrx_word' id='word_1_13' title='bbox 1653 349 1768 389; x_wconf 84' lang='lat' dir='ltr'><strong>mo-</strong></span> <span class='ocrx_word' id='word_1_14' title='bbox 1795 335 1846 396; x_wconf 74' lang='grc' dir='ltr'>Α</span> <span class='ocrx_word' id='word_1_15' title='bbox 1869 328 1977 383; x_wconf 87' lang='lat' dir='ltr'><strong>Par</strong></span> <span class='ocrx_word' id='word_1_16' title='bbox 2005 328 2075 382; x_wconf 92' lang='lat' dir='ltr'><strong>sit</strong></span> <span class='ocrx_word' id='word_1_17' title='bbox 2104 327 2380 394; x_wconf 85' lang='lat' dir='ltr'><strong>majestas,</strong></span> <span class='ocrx_word' id='word_1_18' title='bbox 2411 339 2728 394; x_wconf 82' lang='lat' dir='ltr'><strong>paruumen</strong></span> <span class='ocrx_word' id='word_1_19' title='bbox 2759 332 2814 381; x_wconf 91' lang='lat' dir='ltr'><strong>et</strong></span> <span class='ocrx_word' id='word_1_20' title='bbox 2839 341 2947 381; x_wconf 91' lang='lat' dir='ltr'><strong>una</strong></span> <span class='ocrx_word' id='word_1_21' title='bbox 2985 334 3254 398; x_wconf 86' lang='lat' dir='ltr'><strong>potestas,</strong></span> 
     </span>
    </p>
   </div>
   <div class='ocr_carea' id='block_1_5' title="bbox 245 426 1186 502">
    <p class='ocr_par' dir='ltr' id='par_1_5' title="bbox 245 426 1186 502">
     <span class='ocr_line' id='line_1_5' title="bbox 245 426 1186 502; baseline -0.013 -12"><span class='ocrx_word' id='word_1_22' title='bbox 245 434 481 490; x_wconf 73' lang='lat' dir='ltr'><strong>nasticte</strong></span> <span class='ocrx_word' id='word_1_23' title='bbox 507 428 863 502; x_wconf 72' lang='lat' dir='ltr'><strong>professionis</strong></span> <span class='ocrx_word' id='word_1_24' title='bbox 881 426 1015 480; x_wconf 88' lang='lat' dir='ltr'><strong>redii</strong></span> <span class='ocrx_word' id='word_1_25' title='bbox 1044 436 1186 479; x_wconf 92' lang='lat' dir='ltr'><strong>vota.</strong></span> 
     </span>
    </p>
   </div>
   <div class='ocr_carea' id='block_1_6' title="bbox 185 516 1770 591">
    <p class='ocr_par' dir='ltr' id='par_1_6' title="bbox 185 516 1770 591">
     <span class='ocr_line' id='line_1_6' title="bbox 185 516 1770 591; baseline -0.008 -9"><span class='ocrx_word' id='word_1_26' title='bbox 185 525 316 582; x_wconf 87' lang='lat' dir='ltr'><strong>XVI.</strong></span> <span class='ocrx_word' id='word_1_27' title='bbox 361 524 507 591; x_wconf 89' lang='lat' dir='ltr'><strong>Quia</strong></span> <span class='ocrx_word' id='word_1_28' title='bbox 539 537 646 577; x_wconf 91' lang='lat' dir='ltr'><strong>non</strong></span> <span class='ocrx_word' id='word_1_29' title='bbox 689 521 862 576; x_wconf 92' lang='lat' dir='ltr'><strong>solum</strong></span> <span class='ocrx_word' id='word_1_30' title='bbox 893 518 1069 588; x_wconf 87' lang='lat' dir='ltr'><strong>palam</strong></span> <span class='ocrx_word' id='word_1_31' title='bbox 1113 516 1422 588; x_wconf 79' lang='lat' dir='ltr'><strong>professus,</strong></span> <span class='ocrx_word' id='word_1_32' title='bbox 1464 518 1558 572; x_wconf 86' lang='lat' dir='ltr'><strong>sed</strong></span> <span class='ocrx_word' id='word_1_33' title='bbox 1603 517 1770 572; x_wconf 90' lang='lat' dir='ltr'><strong>etiam</strong></span> 
     </span>
    </p>
   </div>
   <div class='ocr_carea' id='block_1_7' title="bbox 249 607 1773 688">
    <p class='ocr_par' dir='ltr' id='par_1_7' title="bbox 249 607 1773 688">
     <span class='ocr_line' id='line_1_7' title="bbox 249 607 1773 688; baseline -0.007 -18"><span class='ocrx_word' id='word_1_34' title='bbox 249 617 432 688; x_wconf 78' lang='lat' dir='ltr'><strong>quivis</strong></span> <span class='ocrx_word' id='word_1_35' title='bbox 455 613 678 670; x_wconf 75' lang='lat' dir='ltr'><strong>occulte</strong></span> <span class='ocrx_word' id='word_1_36' title='bbox 702 608 900 665; x_wconf 90' lang='lat' dir='ltr'><strong>mundo</strong></span> <span class='ocrx_word' id='word_1_37' title='bbox 923 608 1333 673; x_wconf 79' lang='lat' dir='ltr'><strong>abrenuntiatis,</strong></span> <span class='ocrx_word' id='word_1_38' title='bbox 1353 607 1540 661; x_wconf 80' lang='lat' dir='ltr'><strong>illicite</strong></span> <span class='ocrx_word' id='word_1_39' title='bbox 1564 614 1773 676; x_wconf 88' lang='lat' dir='ltr'><strong>repetat</strong></span> 
     </span>
    </p>
   </div>
   <div class='ocr_carea' id='block_1_8' title="bbox 250 707 1746 786">
    <p class='ocr_par' dir='ltr' id='par_1_8' title="bbox 250 707 1746 786">
     <span class='ocr_line' id='line_1_8' title="bbox 250 707 1746 786; baseline -0.011 -25"><span class='ocrx_word' id='word_1_40' title='bbox 250 707 533 761; x_wconf 87' lang='lat' dir='ltr'><strong>mundana</strong></span> <span class='ocrx_word' id='word_1_41' title='bbox 1729 778 1746 786; x_wconf 28' lang='grc' dir='ltr'>φ</span> 
     </span>
    </p>
   </div>
   <div class='ocr_carea' id='block_1_9' title="bbox 186 789 1771 862">
    <p class='ocr_par' dir='ltr' id='par_1_9' title="bbox 186 789 1771 862">
     <span class='ocr_line' id='line_1_9' title="bbox 186 789 1771 862; baseline -0.006 -9"><span class='ocrx_word' id='word_1_42' title='bbox 186 796 334 853; x_wconf 86' lang='lat' dir='ltr'><strong>XVII.</strong></span> <span class='ocrx_word' id='word_1_43' title='bbox 366 794 592 860; x_wconf 76' lang='lat' dir='ltr'><strong>Quanta</strong></span> <span class='ocrx_word' id='word_1_44' title='bbox 613 790 853 862; x_wconf 87' lang='lat' dir='ltr'><strong>pericula</strong></span> <span class='ocrx_word' id='word_1_45' title='bbox 878 789 1191 846; x_wconf 79' lang='lat' dir='ltr'><strong>tentationis</strong></span> <span class='ocrx_word' id='word_1_46' title='bbox 1211 790 1266 844; x_wconf 92' lang='lat' dir='ltr'><strong>in</strong></span> <span class='ocrx_word' id='word_1_47' title='bbox 1291 789 1446 844; x_wconf 92' lang='lat' dir='ltr'><strong>initio</strong></span> <span class='ocrx_word' id='word_1_48' title='bbox 1461 789 1771 858; x_wconf 85' lang='lat' dir='ltr'><strong>pertulerim</strong></span> 
     </span>
    </p>
   </div>
   <div class='ocr_carea' id='block_1_10' title="bbox 248 901 654 942">
    <p class='ocr_par' dir='ltr' id='par_1_10' title="bbox 248 901 654 942">
     <span class='ocr_line' id='line_1_10' title="bbox 248 901 654 942; baseline -0.01 0"><span class='ocrx_word' id='word_1_49' title='bbox 248 901 654 942; x_wconf 71' lang='lat' dir='ltr'><strong>CODVCI‘SIODIS.</strong></span> 
     </span>
    </p>
   </div>
   <div class='ocr_carea' id='block_1_11' title="bbox 187 970 1774 1044">
    <p class='ocr_par' dir='ltr' id='par_1_11' title="bbox 187 970 1774 1044">
     <span class='ocr_line' id='line_1_11' title="bbox 187 970 1774 1044; baseline -0.006 -10"><span class='ocrx_word' id='word_1_50' title='bbox 187 977 360 1034; x_wconf 82' lang='lat' dir='ltr'><strong>XVIII.</strong></span> <span class='ocrx_word' id='word_1_51' title='bbox 386 977 554 1044; x_wconf 85' lang='lat' dir='ltr'><strong>Quod</strong></span> <span class='ocrx_word' id='word_1_52' title='bbox 584 978 702 1031; x_wconf 76' lang='lat' dir='ltr'><strong>hzec</strong></span> <span class='ocrx_word' id='word_1_53' title='bbox 727 981 926 1031; x_wconf 85' lang='lat' dir='ltr'><strong>cuncta</strong></span> <span class='ocrx_word' id='word_1_54' title='bbox 968 973 1035 1029; x_wconf 91' lang='lat' dir='ltr'><strong>ad</strong></span> <span class='ocrx_word' id='word_1_55' title='bbox 1059 971 1267 1029; x_wconf 86' lang='lat' dir='ltr'><strong>clerum</strong></span> <span class='ocrx_word' id='word_1_56' title='bbox 1297 972 1441 1026; x_wconf 86' lang='lat' dir='ltr'><strong>dicta</strong></span> <span class='ocrx_word' id='word_1_57' title='bbox 1472 986 1579 1026; x_wconf 84' lang='lat' dir='ltr'><strong>non</strong></span> <span class='ocrx_word' id='word_1_58' title='bbox 1617 970 1774 1026; x_wconf 78' lang='lat' dir='ltr'><strong>aliter</strong></span> 
     </span>
    </p>
   </div>
   <div class='ocr_carea' id='block_1_12' title="bbox 248 1063 1564 1137">
    <p class='ocr_par' dir='ltr' id='par_1_12' title="bbox 248 1063 1564 1137">
     <span class='ocr_line' id='line_1_12' title="bbox 248 1063 1564 1137; baseline -0.006 -13"><span class='ocrx_word' id='word_1_59' title='bbox 248 1085 280 1124; x_wconf 88' lang='lat' dir='ltr'><strong>a</strong></span> <span class='ocrx_word' id='word_1_60' title='bbox 299 1082 385 1123; x_wconf 85' lang='lat' dir='ltr'><strong>me</strong></span> <span class='ocrx_word' id='word_1_61' title='bbox 417 1068 530 1122; x_wconf 85' lang='lat' dir='ltr'><strong>nisi</strong></span> <span class='ocrx_word' id='word_1_62' title='bbox 558 1065 939 1137; x_wconf 84' lang='lat' dir='ltr'><strong>compatientis</strong></span> <span class='ocrx_word' id='word_1_63' title='bbox 965 1079 1150 1119; x_wconf 90' lang='lat' dir='ltr'><strong>amore</strong></span> <span class='ocrx_word' id='word_1_64' title='bbox 1179 1063 1289 1118; x_wconf 86' lang='lat' dir='ltr'><strong>sint</strong></span> <span class='ocrx_word' id='word_1_65' title='bbox 1333 1063 1564 1133; x_wconf 82' lang='lat' dir='ltr'><strong>prolata.</strong></span> 
     </span>
    </p>
   </div>
   <div class='ocr_carea' id='block_1_13' title="bbox 188 1155 1362 1218">
    <p class='ocr_par' dir='ltr' id='par_1_13' title="bbox 188 1155 1362 1218">
     <span class='ocr_line' id='line_1_13' title="bbox 188 1155 1362 1218; baseline -0.007 -1"><span class='ocrx_word' id='word_1_66' title='bbox 188 1160 317 1218; x_wconf 81' lang='lat' dir='ltr'><strong>XIX.</strong></span> <span class='ocrx_word' id='word_1_67' title='bbox 348 1159 681 1214; x_wconf 77' lang='lat' dir='ltr'><strong>Admonitio</strong></span> <span class='ocrx_word' id='word_1_68' title='bbox 707 1159 871 1212; x_wconf 88' lang='lat' dir='ltr'><strong>etiam</strong></span> <span class='ocrx_word' id='word_1_69' title='bbox 903 1156 1044 1210; x_wconf 78' lang='lat' dir='ltr'><strong>facta</strong></span> <span class='ocrx_word' id='word_1_70' title='bbox 1079 1156 1145 1210; x_wconf 89' lang='lat' dir='ltr'><strong>ad</strong></span> <span class='ocrx_word' id='word_1_71' title='bbox 1174 1155 1362 1209; x_wconf 90' lang='lat' dir='ltr'><strong>Iaicos.</strong></span> 
     </span>
    </p>
   </div>
   <div class='ocr_carea' id='block_1_14' title="bbox 189 1244 1638 1318">
    <p class='ocr_par' dir='ltr' id='par_1_14' title="bbox 189 1244 1638 1318">
     <span class='ocr_line' id='line_1_14' title="bbox 189 1244 1638 1318; baseline -0.005 -12"><span class='ocrx_word' id='word_1_72' title='bbox 189 1245 295 1306; x_wconf 86' lang='lat' dir='ltr'><strong>XX.</strong></span> <span class='ocrx_word' id='word_1_73' title='bbox 334 1248 476 1318; x_wconf 82' lang='lat' dir='ltr'><strong>Quia</strong></span> <span class='ocrx_word' id='word_1_74' title='bbox 505 1247 650 1303; x_wconf 83' lang='lat' dir='ltr'><strong>nihil</strong></span> <span class='ocrx_word' id='word_1_75' title='bbox 677 1255 894 1302; x_wconf 70' lang='lat' dir='ltr'><strong>aeterna:</strong></span> <span class='ocrx_word' id='word_1_76' title='bbox 919 1245 1080 1302; x_wconf 85' lang='lat' dir='ltr'><strong>saluti</strong></span> <span class='ocrx_word' id='word_1_77' title='bbox 1107 1245 1517 1316; x_wconf 84' lang='lat' dir='ltr'><strong>proponendum</strong></span> <span class='ocrx_word' id='word_1_78' title='bbox 1547 1244 1638 1300; x_wconf 89' lang='lat' dir='ltr'><strong>sit.</strong></span> 
     </span>
    </p>
   </div>
   <div class='ocr_carea' id='block_1_15' title="bbox 190 1338 1488 1410">
    <p class='ocr_par' dir='ltr' id='par_1_15' title="bbox 190 1338 1488 1410">
     <span class='ocr_line' id='line_1_15' title="bbox 190 1338 1488 1410; baseline -0.004 -14"><span class='ocrx_word' id='word_1_79' title='bbox 190 1340 319 1396; x_wconf 95' lang='lat' dir='ltr'><strong>XXI.</strong></span> <span class='ocrx_word' id='word_1_80' title='bbox 361 1340 441 1396; x_wconf 93' lang='lat' dir='ltr'><strong>De</strong></span> <span class='ocrx_word' id='word_1_81' title='bbox 470 1339 586 1395; x_wconf 91' lang='lat' dir='ltr'><strong>cibi</strong></span> <span class='ocrx_word' id='word_1_82' title='bbox 613 1349 879 1410; x_wconf 90' lang='lat' dir='ltr'><strong>potusque</strong></span> <span class='ocrx_word' id='word_1_83' title='bbox 904 1338 1173 1408; x_wconf 84' lang='lat' dir='ltr'><strong>parcitate</strong></span> <span class='ocrx_word' id='word_1_84' title='bbox 1207 1338 1488 1392; x_wconf 87' lang='lat' dir='ltr'><strong>servanda.</strong></span> 
     </span>
    </p>
   </div>
   <div class='ocr_carea' id='block_1_16' title="bbox 191 1431 1310 1500">
    <p class='ocr_par' dir='ltr' id='par_1_16' title="bbox 191 1431 1310 1500">
     <span class='ocr_line' id='line_1_16' title="bbox 191 1431 1310 1500; baseline -0.005 -10"><span class='ocrx_word' id='word_1_85' title='bbox 191 1433 343 1490; x_wconf 83' lang='lat' dir='ltr'><strong>XXII.</strong></span> <span class='ocrx_word' id='word_1_86' title='bbox 386 1433 465 1489; x_wconf 90' lang='lat' dir='ltr'><strong>De</strong></span> <span class='ocrx_word' id='word_1_87' title='bbox 499 1432 686 1488; x_wconf 86' lang='lat' dir='ltr'><strong>somni</strong></span> <span class='ocrx_word' id='word_1_88' title='bbox 720 1432 903 1500; x_wconf 85' lang='lat' dir='ltr'><strong>quiete</strong></span> <span class='ocrx_word' id='word_1_89' title='bbox 940 1431 1310 1499; x_wconf 89' lang='lat' dir='ltr'><strong>temperanda.</strong></span> 
     </span>
    </p>
   </div>
   <div class='ocr_carea' id='block_1_17' title="bbox 193 1519 1490 1594">
    <p class='ocr_par' dir='ltr' id='par_1_17' title="bbox 193 1519 1490 1594">
     <span class='ocr_line' id='line_1_17' title="bbox 193 1519 1490 1594; baseline -0.004 -15"><span class='ocrx_word' id='word_1_90' title='bbox 193 1525 362 1579; x_wconf 80' lang='lat' dir='ltr'><strong>XXIII.</strong></span> <span class='ocrx_word' id='word_1_91' title='bbox 400 1526 482 1580; x_wconf 88' lang='lat' dir='ltr'><strong>De</strong></span> <span class='ocrx_word' id='word_1_92' title='bbox 513 1524 824 1594; x_wconf 87' lang='lat' dir='ltr'><strong>abjieiendo</strong></span> <span class='ocrx_word' id='word_1_93' title='bbox 848 1522 1098 1592; x_wconf 72' lang='lat' dir='ltr'><strong>pretiosae</strong></span> <span class='ocrx_word' id='word_1_94' title='bbox 1127 1521 1293 1576; x_wconf 91' lang='lat' dir='ltr'><strong>vestis</strong></span> <span class='ocrx_word' id='word_1_95' title='bbox 1320 1519 1490 1576; x_wconf 91' lang='lat' dir='ltr'><strong>cultu.</strong></span> 
     </span>
    </p>
   </div>
   <div class='ocr_carea' id='block_1_18' title="bbox 193 1609 1170 1682">
    <p class='ocr_par' dir='ltr' id='par_1_18' title="bbox 193 1609 1170 1682">
     <span class='ocr_line' id='line_1_18' title="bbox 193 1609 1170 1682; baseline -0.008 -11"><span class='ocrx_word' id='word_1_96' title='bbox 193 1615 367 1671; x_wconf 84' lang='lat' dir='ltr'><strong>XXIV.</strong></span> <span class='ocrx_word' id='word_1_97' title='bbox 409 1613 490 1669; x_wconf 90' lang='lat' dir='ltr'><strong>De</strong></span> <span class='ocrx_word' id='word_1_98' title='bbox 520 1629 663 1667; x_wconf 87' lang='lat' dir='ltr'><strong>vana</strong></span> <span class='ocrx_word' id='word_1_99' title='bbox 695 1612 865 1682; x_wconf 78' lang='lat' dir='ltr'><strong>gloria</strong></span> <span class='ocrx_word' id='word_1_100' title='bbox 895 1609 1170 1681; x_wconf 79' lang='lat' dir='ltr'><strong>fugienda.</strong></span> 
     </span>
    </p>
   </div>
   <div class='ocr_carea' id='block_1_19' title="bbox 197 1702 842 1759">
    <p class='ocr_par' dir='ltr' id='par_1_19' title="bbox 197 1702 842 1759">
     <span class='ocr_line' id='line_1_19' title="bbox 197 1702 842 1759; baseline -0.005 -1"><span class='ocrx_word' id='word_1_101' title='bbox 197 1702 343 1758; x_wconf 88' lang='lat' dir='ltr'><strong>XXV.</strong></span> <span class='ocrx_word' id='word_1_102' title='bbox 384 1703 464 1758; x_wconf 90' lang='lat' dir='ltr'><strong>De</strong></span> <span class='ocrx_word' id='word_1_103' title='bbox 490 1703 842 1759; x_wconf 86' lang='lat' dir='ltr'><strong>obedientia.</strong></span> 
     </span>
    </p>
   </div>
   <div class='ocr_carea' id='block_1_20' title="bbox 197 1788 1771 1863">
    <p class='ocr_par' dir='ltr' id='par_1_20' title="bbox 197 1788 1771 1863">
     <span class='ocr_line' id='line_1_20' title="bbox 197 1788 1771 1863; baseline 0 -16"><span class='ocrx_word' id='word_1_104' title='bbox 197 1793 368 1847; x_wconf 84' lang='lat' dir='ltr'><strong>XXVI.</strong></span> <span class='ocrx_word' id='word_1_105' title='bbox 409 1793 570 1858; x_wconf 87' lang='lat' dir='ltr'><strong>Quod</strong></span> <span class='ocrx_word' id='word_1_106' title='bbox 624 1807 723 1863; x_wconf 89' lang='lat' dir='ltr'><strong>pro</strong></span> <span class='ocrx_word' id='word_1_107' title='bbox 775 1792 940 1846; x_wconf 87' lang='lat' dir='ltr'><strong>rebus</strong></span> <span class='ocrx_word' id='word_1_108' title='bbox 987 1789 1201 1854; x_wconf 91' lang='lat' dir='ltr'><strong>dubiis,</strong></span> <span class='ocrx_word' id='word_1_109' title='bbox 1248 1805 1385 1860; x_wconf 88' lang='lat' dir='ltr'><strong>quas</strong></span> <span class='ocrx_word' id='word_1_110' title='bbox 1426 1788 1501 1844; x_wconf 92' lang='lat' dir='ltr'><strong>nil</strong></span> <span class='ocrx_word' id='word_1_111' title='bbox 1550 1789 1771 1860; x_wconf 84' lang='lat' dir='ltr'><strong>prodest</strong></span> 
     </span>
    </p>
   </div>
   <div class='ocr_carea' id='block_1_21' title="bbox 253 1881 1211 1953">
    <p class='ocr_par' dir='ltr' id='par_1_21' title="bbox 253 1881 1211 1953">
     <span class='ocr_line' id='line_1_21' title="bbox 253 1881 1211 1953; baseline -0.005 -14"><span class='ocrx_word' id='word_1_112' title='bbox 253 1886 408 1949; x_wconf 80' lang='lat' dir='ltr'><strong>scire,</strong></span> <span class='ocrx_word' id='word_1_113' title='bbox 436 1899 549 1939; x_wconf 89' lang='lat' dir='ltr'><strong>non</strong></span> <span class='ocrx_word' id='word_1_114' title='bbox 583 1884 656 1938; x_wconf 88' lang='lat' dir='ltr'><strong>sit</strong></span> <span class='ocrx_word' id='word_1_115' title='bbox 683 1883 910 1953; x_wconf 67' lang='lat' dir='ltr'><strong>quaestio</strong></span> <span class='ocrx_word' id='word_1_116' title='bbox 943 1881 1211 1936; x_wconf 80' lang='lat' dir='ltr'><strong>facienda.</strong></span> 
     </span>
    </p>
   </div>
   <div class='ocr_carea' id='block_1_22' title="bbox 200 1973 1771 2046">
    <p class='ocr_par' dir='ltr' id='par_1_22' title="bbox 200 1973 1771 2046">
     <span class='ocr_line' id='line_1_22' title="bbox 200 1973 1771 2046; baseline -0.001 -14"><span class='ocrx_word' id='word_1_117' title='bbox 200 1973 392 2032; x_wconf 82' lang='lat' dir='ltr'><strong>XXVII.</strong></span> <span class='ocrx_word' id='word_1_118' title='bbox 423 1976 567 2042; x_wconf 88' lang='lat' dir='ltr'><strong>Quia</strong></span> <span class='ocrx_word' id='word_1_119' title='bbox 598 1976 755 2030; x_wconf 78' lang='lat' dir='ltr'><strong>facile</strong></span> <span class='ocrx_word' id='word_1_120' title='bbox 791 1977 842 2029; x_wconf 92' lang='lat' dir='ltr'><strong>in</strong></span> <span class='ocrx_word' id='word_1_121' title='bbox 867 1990 926 2029; x_wconf 89' lang='lat' dir='ltr'><strong>re</strong></span> <span class='ocrx_word' id='word_1_122' title='bbox 946 1975 1228 2030; x_wconf 87' lang='lat' dir='ltr'><strong>notissima</strong></span> <span class='ocrx_word' id='word_1_123' title='bbox 1251 1984 1305 2028; x_wconf 90' lang='lat' dir='ltr'><strong>et</strong></span> <span class='ocrx_word' id='word_1_124' title='bbox 1329 1984 1514 2046; x_wconf 90' lang='lat' dir='ltr'><strong>aperta</strong></span> <span class='ocrx_word' id='word_1_125' title='bbox 1540 1983 1771 2042; x_wconf 90' lang='lat' dir='ltr'><strong>erretur,</strong></span> 
     </span>
    </p>
   </div>
   <div class='ocr_carea' id='block_1_23' title="bbox 260 2064 1771 2136">
    <p class='ocr_par' dir='ltr' id='par_1_23' title="bbox 260 2064 1771 2136">
     <span class='ocr_line' id='line_1_23' title="bbox 260 2064 1771 2136; baseline -0.001 -16"><span class='ocrx_word' id='word_1_126' title='bbox 260 2068 355 2120; x_wconf 83' lang='lat' dir='ltr'><strong>nisi</strong></span> <span class='ocrx_word' id='word_1_127' title='bbox 385 2067 550 2122; x_wconf 91' lang='lat' dir='ltr'><strong>bonis</strong></span> <span class='ocrx_word' id='word_1_128' title='bbox 582 2066 839 2136; x_wconf 84' lang='lat' dir='ltr'><strong>operibus</strong></span> <span class='ocrx_word' id='word_1_129' title='bbox 865 2065 1108 2119; x_wconf 81' lang='lat' dir='ltr'><strong>veritatis</strong></span> <span class='ocrx_word' id='word_1_130' title='bbox 1139 2064 1367 2119; x_wconf 91' lang='lat' dir='ltr'><strong>scientia</strong></span> <span class='ocrx_word' id='word_1_131' title='bbox 1392 2069 1771 2120; x_wconf 87' lang='lat' dir='ltr'><strong>conhrmetur.</strong></span> 
     </span>
    </p>
   </div>
   <div class='ocr_carea' id='block_1_24' title="bbox 202 2153 1774 2230">
    <p class='ocr_par' dir='ltr' id='par_1_24' title="bbox 202 2153 1774 2230">
     <span class='ocr_line' id='line_1_24' title="bbox 202 2153 1774 2230; baseline 0 -18"><span class='ocrx_word' id='word_1_132' title='bbox 202 2153 414 2214; x_wconf 87' lang='lat' dir='ltr'><strong>XXVIII.</strong></span> <span class='ocrx_word' id='word_1_133' title='bbox 459 2158 542 2214; x_wconf 90' lang='lat' dir='ltr'><strong>De</strong></span> <span class='ocrx_word' id='word_1_134' title='bbox 583 2157 1037 2230; x_wconf 82' lang='lat' dir='ltr'><strong>concupiscentiae</strong></span> <span class='ocrx_word' id='word_1_135' title='bbox 1069 2156 1306 2212; x_wconf 88' lang='lat' dir='ltr'><strong>carnalis</strong></span> <span class='ocrx_word' id='word_1_136' title='bbox 1353 2157 1656 2212; x_wconf 87' lang='lat' dir='ltr'><strong>tentatione</strong></span> <span class='ocrx_word' id='word_1_137' title='bbox 1685 2173 1774 2212; x_wconf 85' lang='lat' dir='ltr'><strong>su-</strong></span> 
     </span>
    </p>
   </div>
   <div class='ocr_carea' id='block_1_25' title="bbox 266 2251 557 2320">
    <p class='ocr_par' dir='ltr' id='par_1_25' title="bbox 266 2251 557 2320">
     <span class='ocr_line' id='line_1_25' title="bbox 266 2251 557 2320; baseline -0.021 -14"><span class='ocrx_word' id='word_1_138' title='bbox 266 2251 513 2320; x_wconf 79' lang='lat' dir='ltr'><strong>peranda.</strong></span> <span class='ocrx_word' id='word_1_139' title='bbox 553 2297 557 2300; x_wconf 86' lang='lat'><strong>.</strong></span> 
     </span>
    </p>
   </div>
   <div class='ocr_carea' id='block_1_26' title="bbox 205 2338 1765 2412">
    <p class='ocr_par' dir='ltr' id='par_1_26' title="bbox 205 2338 1765 2412">
     <span class='ocr_line' id='line_1_26' title="bbox 205 2338 1765 2412; baseline -0.001 -19"><span class='ocrx_word' id='word_1_140' title='bbox 205 2338 376 2394; x_wconf 82' lang='lat' dir='ltr'><strong>XXIX.</strong></span> <span class='ocrx_word' id='word_1_141' title='bbox 419 2340 498 2395; x_wconf 88' lang='lat' dir='ltr'><strong>De</strong></span> <span class='ocrx_word' id='word_1_142' title='bbox 526 2341 759 2396; x_wconf 86' lang='lat' dir='ltr'><strong>honoris</strong></span> <span class='ocrx_word' id='word_1_143' title='bbox 779 2348 832 2396; x_wconf 89' lang='lat' dir='ltr'><strong>et</strong></span> <span class='ocrx_word' id='word_1_144' title='bbox 862 2339 1132 2412; x_wconf 84' lang='lat' dir='ltr'><strong>primatus</strong></span> <span class='ocrx_word' id='word_1_145' title='bbox 1155 2341 1454 2398; x_wconf 87' lang='lat' dir='ltr'><strong>ambitione</strong></span> <span class='ocrx_word' id='word_1_146' title='bbox 1489 2338 1765 2410; x_wconf 84' lang='lat' dir='ltr'><strong>fugienda.</strong></span> 
     </span>
    </p>
   </div>
   <div class='ocr_carea' id='block_1_27' title="bbox 205 2425 1776 2501">
    <p class='ocr_par' dir='ltr' id='par_1_27' title="bbox 205 2425 1776 2501">
     <span class='ocr_line' id='line_1_27' title="bbox 205 2425 1776 2501; baseline -0.001 -18"><span class='ocrx_word' id='word_1_147' title='bbox 205 2425 356 2483; x_wconf 87' lang='lat' dir='ltr'><strong>XXX.</strong></span> <span class='ocrx_word' id='word_1_148' title='bbox 395 2429 550 2497; x_wconf 88' lang='lat' dir='ltr'><strong>Quod</strong></span> <span class='ocrx_word' id='word_1_149' title='bbox 583 2431 713 2486; x_wconf 88' lang='lat' dir='ltr'><strong>licet</strong></span> <span class='ocrx_word' id='word_1_150' title='bbox 741 2431 989 2486; x_wconf 85' lang='lat' dir='ltr'><strong>homines</strong></span> <span class='ocrx_word' id='word_1_151' title='bbox 1013 2431 1252 2501; x_wconf 91' lang='lat' dir='ltr'><strong>potentia</strong></span> <span class='ocrx_word' id='word_1_152' title='bbox 1281 2434 1595 2496; x_wconf 88' lang='lat' dir='ltr'><strong>abutantur,</strong></span> <span class='ocrx_word' id='word_1_153' title='bbox 1622 2437 1776 2501; x_wconf 87' lang='lat' dir='ltr'><strong>pote-</strong></span> 
     </span>
    </p>
   </div>
   <div class='ocr_carea' id='block_1_28' title="bbox 268 2522 1378 2592">
    <p class='ocr_par' dir='ltr' id='par_1_28' title="bbox 268 2522 1378 2592">
     <span class='ocr_line' id='line_1_28' title="bbox 268 2522 1378 2592; baseline 0.005 -20"><span class='ocrx_word' id='word_1_154' title='bbox 268 2529 424 2574; x_wconf 73' lang='lat' dir='ltr'><strong>states</strong></span> <span class='ocrx_word' id='word_1_155' title='bbox 455 2531 644 2575; x_wconf 89' lang='lat' dir='ltr'><strong>tamen</strong></span> <span class='ocrx_word' id='word_1_156' title='bbox 676 2537 708 2576; x_wconf 88' lang='lat' dir='ltr'><strong>a</strong></span> <span class='ocrx_word' id='word_1_157' title='bbox 733 2522 961 2578; x_wconf 87' lang='lat' dir='ltr'><strong>Domino</strong></span> <span class='ocrx_word' id='word_1_158' title='bbox 987 2522 1134 2592; x_wconf 88' lang='lat' dir='ltr'><strong>juste</strong></span> <span class='ocrx_word' id='word_1_159' title='bbox 1162 2523 1378 2578; x_wconf 88' lang='lat' dir='ltr'><strong>dantur.</strong></span> 
     </span>
    </p>
   </div>
   <div class='ocr_carea' id='block_1_29' title="bbox 209 2603 1772 2683">
    <p class='ocr_par' dir='ltr' id='par_1_29' title="bbox 209 2603 1772 2683">
     <span class='ocr_line' id='line_1_29' title="bbox 209 2603 1772 2683; baseline 0.003 -19"><span class='ocrx_word' id='word_1_160' title='bbox 209 2603 379 2666; x_wconf 83' lang='lat' dir='ltr'><strong>XXXI.</strong></span> <span class='ocrx_word' id='word_1_161' title='bbox 416 2611 669 2678; x_wconf 78' lang='lat' dir='ltr'><strong>Qualiter</strong></span> <span class='ocrx_word' id='word_1_162' title='bbox 704 2614 772 2668; x_wconf 88' lang='lat' dir='ltr'><strong>ad</strong></span> <span class='ocrx_word' id='word_1_163' title='bbox 819 2622 1138 2682; x_wconf 89' lang='lat' dir='ltr'><strong>potestatem</strong></span> <span class='ocrx_word' id='word_1_164' title='bbox 1163 2613 1392 2682; x_wconf 87' lang='lat' dir='ltr'><strong>quisque</strong></span> <span class='ocrx_word' id='word_1_165' title='bbox 1437 2612 1772 2683; x_wconf 84' lang='lat' dir='ltr'><strong>promoveri,</strong></span> 
     </span>
    </p>
   </div>
   <div class='ocr_carea' id='block_1_30' title="bbox 267 2702 1388 2772">
    <p class='ocr_par' dir='ltr' id='par_1_30' title="bbox 267 2702 1388 2772">
     <span class='ocr_line' id='line_1_30' title="bbox 267 2702 1388 2772; baseline 0.002 -18"><span class='ocrx_word' id='word_1_166' title='bbox 267 2710 315 2754; x_wconf 83' lang='lat' dir='ltr'><strong>et</strong></span> <span class='ocrx_word' id='word_1_167' title='bbox 334 2716 425 2755; x_wconf 90' lang='lat' dir='ltr'><strong>cur</strong></span> <span class='ocrx_word' id='word_1_168' title='bbox 455 2702 661 2757; x_wconf 83' lang='lat' dir='ltr'><strong>iterum</strong></span> <span class='ocrx_word' id='word_1_169' title='bbox 693 2703 882 2758; x_wconf 85' lang='lat' dir='ltr'><strong>eadem</strong></span> <span class='ocrx_word' id='word_1_170' title='bbox 911 2703 1109 2758; x_wconf 85' lang='lat' dir='ltr'><strong>debeat</strong></span> <span class='ocrx_word' id='word_1_171' title='bbox 1136 2703 1388 2772; x_wconf 75' lang='lat' dir='ltr'><strong>relinqui.</strong></span> 
     </span>
    </p>
   </div>
   <div class='ocr_carea' id='block_1_31' title="bbox 212 2785 1773 2858">
    <p class='ocr_par' dir='ltr' id='par_1_31' title="bbox 212 2785 1773 2858">
     <span class='ocr_line' id='line_1_31' title="bbox 212 2785 1773 2858; baseline 0.003 -16"><span class='ocrx_word' id='word_1_172' title='bbox 212 2785 399 2844; x_wconf 85' lang='lat' dir='ltr'><strong>XXXII.</strong></span> <span class='ocrx_word' id='word_1_173' title='bbox 440 2791 604 2858; x_wconf 90' lang='lat' dir='ltr'><strong>Quali</strong></span> <span class='ocrx_word' id='word_1_174' title='bbox 635 2808 764 2846; x_wconf 88' lang='lat' dir='ltr'><strong>cura</strong></span> <span class='ocrx_word' id='word_1_175' title='bbox 788 2808 907 2847; x_wconf 89' lang='lat' dir='ltr'><strong>esse</strong></span> <span class='ocrx_word' id='word_1_176' title='bbox 931 2801 988 2847; x_wconf 92' lang='lat' dir='ltr'><strong>et</strong></span> <span class='ocrx_word' id='word_1_177' title='bbox 1029 2793 1352 2847; x_wconf 88' lang='lat' dir='ltr'><strong>commissos</strong></span> <span class='ocrx_word' id='word_1_178' title='bbox 1394 2799 1577 2847; x_wconf 79' lang='lat' dir='ltr'><strong>rector</strong></span> <span class='ocrx_word' id='word_1_179' title='bbox 1605 2805 1773 2849; x_wconf 81' lang='lat' dir='ltr'><strong>unus-</strong></span> 
     </span>
    </p>
   </div>
   <div class='ocr_carea' id='block_1_32' title="bbox 269 2882 1033 2951">
    <p class='ocr_par' dir='ltr' id='par_1_32' title="bbox 269 2882 1033 2951">
     <span class='ocr_line' id='line_1_32' title="bbox 269 2882 1033 2951; baseline 0.004 -19"><span class='ocrx_word' id='word_1_180' title='bbox 269 2882 482 2951; x_wconf 85' lang='lat' dir='ltr'><strong>quisque</strong></span> <span class='ocrx_word' id='word_1_181' title='bbox 513 2883 717 2937; x_wconf 87' lang='lat' dir='ltr'><strong>debeat</strong></span> <span class='ocrx_word' id='word_1_182' title='bbox 740 2883 1033 2937; x_wconf 83' lang='lat' dir='ltr'><strong>custodire.</strong></span> 
     </span>
    </p>
   </div>
   <div class='ocr_carea' id='block_1_33' title="bbox 211 2965 1174 3030">
    <p class='ocr_par' dir='ltr' id='par_1_33' title="bbox 211 2965 1174 3030">
     <span class='ocr_line' id='line_1_33' title="bbox 211 2965 1174 3030; baseline 0.008 -8"><span class='ocrx_word' id='word_1_183' title='bbox 211 2965 418 3025; x_wconf 82' lang='lat' dir='ltr'><strong>XXXIII.</strong></span> <span class='ocrx_word' id='word_1_184' title='bbox 463 2971 546 3026; x_wconf 88' lang='lat' dir='ltr'><strong>De</strong></span> <span class='ocrx_word' id='word_1_185' title='bbox 579 2973 927 3028; x_wconf 85' lang='lat' dir='ltr'><strong>discretionis</strong></span> <span class='ocrx_word' id='word_1_186' title='bbox 950 2974 1174 3030; x_wconf 88' lang='lat' dir='ltr'><strong>virtute.</strong></span> 
     </span>
    </p>
   </div>
   <div class='ocr_carea' id='block_1_34' title="bbox 1871 417 3150 481">
    <p class='ocr_par' dir='ltr' id='par_1_34' title="bbox 1871 417 3150 481">
     <span class='ocr_line' id='line_1_34' title="bbox 1871 417 3150 481; baseline 0 -9"><span class='ocrx_word' id='word_1_187' title='bbox 1871 417 2127 473; x_wconf 89' lang='lat' dir='ltr'><strong>Personis</strong></span> <span class='ocrx_word' id='word_1_188' title='bbox 2155 417 2350 481; x_wconf 91' lang='lat' dir='ltr'><strong>trinus,</strong></span> <span class='ocrx_word' id='word_1_189' title='bbox 2379 419 2520 472; x_wconf 90' lang='lat' dir='ltr'><strong>Deus</strong></span> <span class='ocrx_word' id='word_1_190' title='bbox 2554 418 2608 472; x_wconf 92' lang='lat' dir='ltr'><strong>in</strong></span> <span class='ocrx_word' id='word_1_191' title='bbox 2636 417 2837 473; x_wconf 88' lang='lat' dir='ltr'><strong>deitate</strong></span> <span class='ocrx_word' id='word_1_192' title='bbox 2864 419 2960 474; x_wconf 89' lang='lat' dir='ltr'><strong>sed</strong></span> <span class='ocrx_word' id='word_1_193' title='bbox 2988 434 3150 474; x_wconf 89' lang='lat' dir='ltr'><strong>unus.</strong></span> 
     </span>
    </p>
   </div>
   <div class='ocr_carea' id='block_1_35' title="bbox 1871 507 3396 578">
    <p class='ocr_par' dir='ltr' id='par_1_35' title="bbox 1871 507 3396 578">
     <span class='ocr_line' id='line_1_35' title="bbox 1871 507 3396 578; baseline 0.002 -16"><span class='ocrx_word' id='word_1_194' title='bbox 1871 507 1985 562; x_wconf 82' lang='lat' dir='ltr'><strong>Hoc</strong></span> <span class='ocrx_word' id='word_1_195' title='bbox 2011 522 2224 578; x_wconf 90' lang='lat' dir='ltr'><strong>quoque</strong></span> <span class='ocrx_word' id='word_1_196' title='bbox 2250 508 2601 574; x_wconf 56' lang='lat' dir='ltr'><strong>credendum»,</strong></span> <span class='ocrx_word' id='word_1_197' title='bbox 2633 523 2876 578; x_wconf 87' lang='lat' dir='ltr'><strong>puraque</strong></span> <span class='ocrx_word' id='word_1_198' title='bbox 2906 508 3011 564; x_wconf 90' lang='lat' dir='ltr'><strong>Iide</strong></span> <span class='ocrx_word' id='word_1_199' title='bbox 3037 510 3396 576; x_wconf 79' lang='lat' dir='ltr'><strong>retinendum,</strong></span> 
     </span>
    </p>
   </div>
   <div class='ocr_carea' id='block_1_36' title="bbox 1871 599 3212 667">
    <p class='ocr_par' dir='ltr' id='par_1_36' title="bbox 1871 599 3212 667">
     <span class='ocr_line' id='line_1_36' title="bbox 1871 599 3212 667; baseline 0.004 -15"><span class='ocrx_word' id='word_1_200' title='bbox 1871 600 2023 667; x_wconf 84' lang='lat' dir='ltr'><strong>Quod</strong></span> <span class='ocrx_word' id='word_1_201' title='bbox 2054 601 2286 655; x_wconf 82' lang='lat' dir='ltr'><strong>Verbum</strong></span> <span class='ocrx_word' id='word_1_202' title='bbox 2318 599 2526 666; x_wconf 70' lang='lat' dir='ltr'><strong>Patris,</strong></span> <span class='ocrx_word' id='word_1_203' title='bbox 2541 600 2794 656; x_wconf 86' lang='lat' dir='ltr'><strong>Salvator</strong></span> <span class='ocrx_word' id='word_1_204' title='bbox 2828 601 3038 657; x_wconf 88' lang='lat' dir='ltr'><strong>scilicet</strong></span> <span class='ocrx_word' id='word_1_205' title='bbox 3061 603 3212 657; x_wconf 88' lang='lat' dir='ltr'><strong>orbis</strong></span> 
     </span>
    </p>
   </div>
   <div class='ocr_carea' id='block_1_37' title="bbox 1869 691 3386 762">
    <p class='ocr_par' dir='ltr' id='par_1_37' title="bbox 1869 691 3386 762">
     <span class='ocr_line' id='line_1_37' title="bbox 1869 691 3386 762; baseline 0.002 -16"><span class='ocrx_word' id='word_1_206' title='bbox 1869 692 1951 747; x_wconf 81' lang='lat' dir='ltr'><strong>Ac</strong></span> <span class='ocrx_word' id='word_1_207' title='bbox 1977 691 2236 746; x_wconf 91' lang='lat' dir='ltr'><strong>Dominus</strong></span> <span class='ocrx_word' id='word_1_208' title='bbox 2266 700 2470 755; x_wconf 89' lang='lat' dir='ltr'><strong>noster,</strong></span> <span class='ocrx_word' id='word_1_209' title='bbox 2503 707 2599 761; x_wconf 86' lang='lat' dir='ltr'><strong>per</strong></span> <span class='ocrx_word' id='word_1_210' title='bbox 2625 707 2785 762; x_wconf 86' lang='lat' dir='ltr'><strong>quem</strong></span> <span class='ocrx_word' id='word_1_211' title='bbox 2808 702 2932 747; x_wconf 90' lang='lat' dir='ltr'><strong>sunt</strong></span> <span class='ocrx_word' id='word_1_212' title='bbox 2960 703 3154 748; x_wconf 88' lang='lat' dir='ltr'><strong>cuncta</strong></span> <span class='ocrx_word' id='word_1_213' title='bbox 3180 703 3386 759; x_wconf 87' lang='lat' dir='ltr'><strong>creata,</strong></span> 
     </span>
    </p>
   </div>
   <div class='ocr_carea' id='block_1_38' title="bbox 1871 780 3248 858">
    <p class='ocr_par' dir='ltr' id='par_1_38' title="bbox 1871 780 3248 858">
     <span class='ocr_line' id='line_1_38' title="bbox 1871 780 3248 858; baseline 0.001 -21"><span class='ocrx_word' id='word_1_214' title='bbox 1871 780 2009 837; x_wconf 91' lang='lat' dir='ltr'><strong>Cum</strong></span> <span class='ocrx_word' id='word_1_215' title='bbox 2039 781 2176 836; x_wconf 78' lang='lat' dir='ltr'><strong>foret</strong></span> <span class='ocrx_word' id='word_1_216' title='bbox 2207 791 2464 848; x_wconf 65' lang='lat' dir='ltr'><strong>teter-nus,</strong></span> <span class='ocrx_word' id='word_1_217' title='bbox 2497 790 2626 836; x_wconf 87' lang='lat' dir='ltr'><strong>ante</strong></span> <span class='ocrx_word' id='word_1_218' title='bbox 2650 782 2831 836; x_wconf 90' lang='lat' dir='ltr'><strong>omnia</strong></span> <span class='ocrx_word' id='word_1_219' title='bbox 2860 782 3057 858; x_wconf 62' lang='lat' dir='ltr'><strong>saecula</strong></span> <span class='ocrx_word' id='word_1_220' title='bbox 3086 791 3248 838; x_wconf 86' lang='lat' dir='ltr'><strong>natus</strong></span> 
     </span>
    </p>
   </div>
   <div class='ocr_carea' id='block_1_39' title="bbox 1874 871 3122 944">
    <p class='ocr_par' dir='ltr' id='par_1_39' title="bbox 1874 871 3122 944">
     <span class='ocr_line' id='line_1_39' title="bbox 1874 871 3122 944; baseline 0.002 -17"><span class='ocrx_word' id='word_1_221' title='bbox 1874 871 2227 944; x_wconf 68' lang='lat' dir='ltr'><strong>Equalisque</strong></span> <span class='ocrx_word' id='word_1_222' title='bbox 2254 872 2402 928; x_wconf 86' lang='lat' dir='ltr'><strong>Patri</strong></span> <span class='ocrx_word' id='word_1_223' title='bbox 2431 889 2532 944; x_wconf 94' lang='lat' dir='ltr'><strong>pro</strong></span> <span class='ocrx_word' id='word_1_224' title='bbox 2558 875 2842 943; x_wconf 84' lang='lat' dir='ltr'><strong>majestate</strong></span> <span class='ocrx_word' id='word_1_225' title='bbox 2868 875 3122 944; x_wconf 89' lang='lat' dir='ltr'><strong>perenni,</strong></span> 
     </span>
    </p>
   </div>
   <div class='ocr_carea' id='block_1_40' title="bbox 1873 963 3178 1034">
    <p class='ocr_par' dir='ltr' id='par_1_40' title="bbox 1873 963 3178 1034">
     <span class='ocr_line' id='line_1_40' title="bbox 1873 963 3178 1034; baseline 0.003 -15"><span class='ocrx_word' id='word_1_226' title='bbox 1873 963 2155 1034; x_wconf 83' lang='lat' dir='ltr'><strong>Temporis</strong></span> <span class='ocrx_word' id='word_1_227' title='bbox 2181 964 2236 1020; x_wconf 76' lang='lat' dir='ltr'><strong>in&#39;</strong></span> <span class='ocrx_word' id='word_1_228' title='bbox 2269 965 2378 1020; x_wconf 84' lang='lat' dir='ltr'><strong>line</strong></span> <span class='ocrx_word' id='word_1_229' title='bbox 2406 966 2606 1022; x_wconf 87' lang='lat' dir='ltr'><strong>missus</strong></span> <span class='ocrx_word' id='word_1_230' title='bbox 2629 964 2904 1022; x_wconf 88' lang='lat' dir='ltr'><strong>Genitoris</strong></span> <span class='ocrx_word' id='word_1_231' title='bbox 2934 967 3002 1022; x_wconf 93' lang='lat' dir='ltr'><strong>ab</strong></span> <span class='ocrx_word' id='word_1_232' title='bbox 3037 980 3178 1033; x_wconf 83' lang='lat' dir='ltr'><strong>arce.</strong></span> 
     </span>
    </p>
   </div>
   <div class='ocr_carea' id='block_1_41' title="bbox 1874 1053 3120 1126">
    <p class='ocr_par' dir='ltr' id='par_1_41' title="bbox 1874 1053 3120 1126">
     <span class='ocr_line' id='line_1_41' title="bbox 1874 1053 3120 1126; baseline 0.003 -18"><span class='ocrx_word' id='word_1_233' title='bbox 1874 1053 1948 1108; x_wconf 88' lang='lat' dir='ltr'><strong>Ut</strong></span> <span class='ocrx_word' id='word_1_234' title='bbox 1979 1069 2080 1108; x_wconf 91' lang='lat' dir='ltr'><strong>nos</strong></span> <span class='ocrx_word' id='word_1_235' title='bbox 2100 1054 2168 1109; x_wconf 91' lang='lat' dir='ltr'><strong>de</strong></span> <span class='ocrx_word' id='word_1_236' title='bbox 2199 1055 2440 1112; x_wconf 82' lang='lat' dir='ltr'><strong>tenebris</strong></span> <span class='ocrx_word' id='word_1_237' title='bbox 2465 1066 2745 1112; x_wconf 83' lang='lat' dir='ltr'><strong>revocaret</strong></span> <span class='ocrx_word' id='word_1_238' title='bbox 2773 1055 3120 1126; x_wconf 87' lang='lat' dir='ltr'><strong>perditionis,</strong></span> 
     </span>
    </p>
   </div>
   <div class='ocr_carea' id='block_1_42' title="bbox 1872 1141 3114 1215">
    <p class='ocr_par' dir='ltr' id='par_1_42' title="bbox 1872 1141 3114 1215">
     <span class='ocr_line' id='line_1_42' title="bbox 1872 1141 3114 1215; baseline 0.002 -17"><span class='ocrx_word' id='word_1_239' title='bbox 1872 1141 2067 1199; x_wconf 84' lang='lat' dir='ltr'><strong>Carnis</strong></span> <span class='ocrx_word' id='word_1_240' title='bbox 2092 1159 2230 1200; x_wconf 92' lang='lat' dir='ltr'><strong>onus</strong></span> <span class='ocrx_word' id='word_1_241' title='bbox 2260 1161 2404 1201; x_wconf 74' lang='lat' dir='ltr'><strong>vera:</strong></span> <span class='ocrx_word' id='word_1_242' title='bbox 2430 1145 2734 1215; x_wconf 87' lang='lat' dir='ltr'><strong>susceperit</strong></span> <span class='ocrx_word' id='word_1_243' title='bbox 2759 1160 2826 1200; x_wconf 77' lang='lat' dir='ltr'><strong>ex</strong></span> <span class='ocrx_word' id='word_1_244' title='bbox 2851 1145 3114 1212; x_wconf 88' lang='lat' dir='ltr'><strong>muliere;</strong></span> 
     </span>
    </p>
   </div>
   <div class='ocr_carea' id='block_1_43' title="bbox 1873 1233 3174 1308">
    <p class='ocr_par' dir='ltr' id='par_1_43' title="bbox 1873 1233 3174 1308">
     <span class='ocr_line' id='line_1_43' title="bbox 1873 1233 3174 1308; baseline 0.005 -22"><span class='ocrx_word' id='word_1_245' title='bbox 1873 1233 2004 1300; x_wconf 69' lang='lat' dir='ltr'><strong>Qum</strong></span> <span class='ocrx_word' id='word_1_246' title='bbox 2040 1245 2220 1290; x_wconf 87' lang='lat' dir='ltr'><strong>tamen</strong></span> <span class='ocrx_word' id='word_1_247' title='bbox 2252 1237 2454 1292; x_wconf 88' lang='lat' dir='ltr'><strong>intacta</strong></span> <span class='ocrx_word' id='word_1_248' title='bbox 2477 1236 2781 1308; x_wconf 82' lang='lat' dir='ltr'><strong>permansit</strong></span> <span class='ocrx_word' id='word_1_249' title='bbox 2812 1237 3174 1307; x_wconf 75' lang='lat' dir='ltr'><strong>etinviolata,</strong></span> 
     </span>
    </p>
   </div>
   <div class='ocr_carea' id='block_1_44' title="bbox 1873 1322 3457 1398">
    <p class='ocr_par' dir='ltr' id='par_1_44' title="bbox 1873 1322 3457 1398">
     <span class='ocr_line' id='line_1_44' title="bbox 1873 1322 3457 1398; baseline 0.002 -17"><span class='ocrx_word' id='word_1_250' title='bbox 1873 1324 2084 1381; x_wconf 87' lang='lat' dir='ltr'><strong>Gaudia</strong></span> <span class='ocrx_word' id='word_1_251' title='bbox 2129 1327 2336 1382; x_wconf 89' lang='lat' dir='ltr'><strong>habens</strong></span> <span class='ocrx_word' id='word_1_252' title='bbox 2366 1329 2560 1383; x_wconf 90' lang='lat' dir='ltr'><strong>matris</strong></span> <span class='ocrx_word' id='word_1_253' title='bbox 2593 1343 2716 1383; x_wconf 90' lang='lat' dir='ltr'><strong>cum</strong></span> <span class='ocrx_word' id='word_1_254' title='bbox 2758 1336 3047 1384; x_wconf 88' lang='lat' dir='ltr'><strong>stemmate</strong></span> <span class='ocrx_word' id='word_1_255' title='bbox 3092 1322 3457 1398; x_wconf 80' lang='lat' dir='ltr'><strong>virginitatis:</strong></span> 
     </span>
    </p>
   </div>
   <div class='ocr_carea' id='block_1_45' title="bbox 1877 1414 3251 1491">
    <p class='ocr_par' dir='ltr' id='par_1_45' title="bbox 1877 1414 3251 1491">
     <span class='ocr_line' id='line_1_45' title="bbox 1877 1414 3251 1491; baseline 0.006 -21"><span class='ocrx_word' id='word_1_256' title='bbox 1877 1414 2004 1471; x_wconf 88' lang='lat' dir='ltr'><strong>Post</strong></span> <span class='ocrx_word' id='word_1_257' title='bbox 2025 1416 2141 1472; x_wconf 73' lang='lat' dir='ltr'><strong>tunc</strong></span> <span class='ocrx_word' id='word_1_258' title='bbox 2168 1418 2222 1471; x_wconf 92' lang='lat' dir='ltr'><strong>in</strong></span> <span class='ocrx_word' id='word_1_259' title='bbox 2255 1418 2417 1474; x_wconf 88' lang='lat' dir='ltr'><strong>terris</strong></span> <span class='ocrx_word' id='word_1_260' title='bbox 2447 1419 2648 1490; x_wconf 87' lang='lat' dir='ltr'><strong>degens</strong></span> <span class='ocrx_word' id='word_1_261' title='bbox 2675 1419 2774 1474; x_wconf 93' lang='lat' dir='ltr'><strong>sub</strong></span> <span class='ocrx_word' id='word_1_262' title='bbox 2807 1419 3043 1491; x_wconf 84' lang='lat' dir='ltr'><strong>imagine</strong></span> <span class='ocrx_word' id='word_1_263' title='bbox 3065 1422 3251 1478; x_wconf 89' lang='lat' dir='ltr'><strong>carnis</strong></span> 
     </span>
    </p>
   </div>
   <div class='ocr_carea' id='block_1_46' title="bbox 1875 1505 3192 1582">
    <p class='ocr_par' dir='ltr' id='par_1_46' title="bbox 1875 1505 3192 1582">
     <span class='ocr_line' id='line_1_46' title="bbox 1875 1505 3192 1582; baseline 0.005 -22"><span class='ocrx_word' id='word_1_264' title='bbox 1875 1505 2092 1576; x_wconf 80' lang='lat' dir='ltr'><strong>Absque</strong></span> <span class='ocrx_word' id='word_1_265' title='bbox 2119 1507 2240 1563; x_wconf 86' lang='lat' dir='ltr'><strong>dolo</strong></span> <span class='ocrx_word' id='word_1_266' title='bbox 2271 1508 2438 1563; x_wconf 88' lang='lat' dir='ltr'><strong>vitam</strong></span> <span class='ocrx_word' id='word_1_267' title='bbox 2461 1508 2608 1564; x_wconf 90' lang='lat' dir='ltr'><strong>solus</strong></span> <span class='ocrx_word' id='word_1_268' title='bbox 2639 1513 2968 1582; x_wconf 81' lang='lat' dir='ltr'><strong>transegerit</strong></span> <span class='ocrx_word' id='word_1_269' title='bbox 2995 1512 3192 1578; x_wconf 89' lang='lat' dir='ltr'><strong>istam;</strong></span> 
     </span>
    </p>
   </div>
   <div class='ocr_carea' id='block_1_47' title="bbox 1876 1596 3144 1670">
    <p class='ocr_par' dir='ltr' id='par_1_47' title="bbox 1876 1596 3144 1670">
     <span class='ocr_line' id='line_1_47' title="bbox 1876 1596 3144 1670; baseline 0.004 -19"><span class='ocrx_word' id='word_1_270' title='bbox 1876 1596 1943 1652; x_wconf 87' lang='lat' dir='ltr'><strong>Et</strong></span> <span class='ocrx_word' id='word_1_271' title='bbox 1975 1613 2080 1666; x_wconf 90' lang='lat' dir='ltr'><strong>quo</strong></span> <span class='ocrx_word' id='word_1_272' title='bbox 2107 1599 2392 1668; x_wconf 90' lang='lat' dir='ltr'><strong>perliceret</strong></span> <span class='ocrx_word' id='word_1_273' title='bbox 2416 1601 2572 1670; x_wconf 86' lang='lat' dir='ltr'><strong>cujus</strong></span> <span class='ocrx_word' id='word_1_274' title='bbox 2604 1616 2767 1656; x_wconf 84' lang='lat' dir='ltr'><strong>causa</strong></span> <span class='ocrx_word' id='word_1_275' title='bbox 2795 1603 3144 1667; x_wconf 86' lang='lat' dir='ltr'><strong>adveniebat,</strong></span> 
     </span>
    </p>
   </div>
   <div class='ocr_carea' id='block_1_48' title="bbox 1799 1689 3212 1761">
    <p class='ocr_par' dir='ltr' id='par_1_48' title="bbox 1799 1689 3212 1761">
     <span class='ocr_line' id='line_1_48' title="bbox 1799 1689 3212 1761; baseline 0.006 -20"><span class='ocrx_word' id='word_1_276' title='bbox 1799 1691 1844 1751; x_wconf 82' lang='grc' dir='ltr'>Β</span> <span class='ocrx_word' id='word_1_277' title='bbox 1877 1689 1983 1744; x_wconf 80' lang='lat' dir='ltr'><strong>Pro</strong></span> <span class='ocrx_word' id='word_1_278' title='bbox 2017 1689 2202 1744; x_wconf 90' lang='lat' dir='ltr'><strong>mundi</strong></span> <span class='ocrx_word' id='word_1_279' title='bbox 2231 1690 2391 1761; x_wconf 90' lang='lat' dir='ltr'><strong>culpa</strong></span> <span class='ocrx_word' id='word_1_280' title='bbox 2418 1707 2612 1760; x_wconf 87' lang='lat' dir='ltr'><strong>passus</strong></span> <span class='ocrx_word' id='word_1_281' title='bbox 2639 1693 2956 1748; x_wconf 88' lang='lat' dir='ltr'><strong>discrimina</strong></span> <span class='ocrx_word' id='word_1_282' title='bbox 2987 1693 3158 1749; x_wconf 90' lang='lat' dir='ltr'><strong>multa</strong></span> <span class='ocrx_word' id='word_1_283' title='bbox 3205 1750 3212 1756; x_wconf 76' lang='grc'>,</span> 
     </span>
    </p>
   </div>
   <div class='ocr_carea' id='block_1_49' title="bbox 1875 1776 3066 1850">
    <p class='ocr_par' dir='ltr' id='par_1_49' title="bbox 1875 1776 3066 1850">
     <span class='ocr_line' id='line_1_49' title="bbox 1875 1776 3066 1850; baseline 0.007 -20"><span class='ocrx_word' id='word_1_284' title='bbox 1875 1776 2046 1832; x_wconf 79' lang='lat' dir='ltr'><strong>Morte</strong></span> <span class='ocrx_word' id='word_1_285' title='bbox 2073 1792 2168 1833; x_wconf 88' lang='lat' dir='ltr'><strong>sua</strong></span> <span class='ocrx_word' id='word_1_286' title='bbox 2189 1780 2378 1849; x_wconf 76' lang='lat' dir='ltr'><strong>prima:</strong></span> <span class='ocrx_word' id='word_1_287' title='bbox 2402 1781 2671 1836; x_wconf 88' lang='lat' dir='ltr'><strong>destruxit</strong></span> <span class='ocrx_word' id='word_1_288' title='bbox 2691 1781 2817 1849; x_wconf 85' lang='lat' dir='ltr'><strong>jura</strong></span> <span class='ocrx_word' id='word_1_289' title='bbox 2848 1783 3018 1838; x_wconf 81' lang='lat' dir='ltr'><strong>ruinte</strong></span> <span class='ocrx_word' id='word_1_290' title='bbox 3048 1799 3066 1850; x_wconf 90' lang='lat'><strong>;</strong></span> 
     </span>
    </p>
   </div>
   <div class='ocr_carea' id='block_1_50' title="bbox 1873 1870 3160 1946">
    <p class='ocr_par' dir='ltr' id='par_1_50' title="bbox 1873 1870 3160 1946">
     <span class='ocr_line' id='line_1_50' title="bbox 1873 1870 3160 1946; baseline 0.007 -22"><span class='ocrx_word' id='word_1_291' title='bbox 1873 1870 2049 1940; x_wconf 82' lang='lat' dir='ltr'><strong>Atque</strong></span> <span class='ocrx_word' id='word_1_292' title='bbox 2074 1873 2406 1942; x_wconf 86' lang='lat' dir='ltr'><strong>resurgendo</strong></span> <span class='ocrx_word' id='word_1_293' title='bbox 2433 1873 2642 1928; x_wconf 83' lang='lat' dir='ltr'><strong>dederit</strong></span> <span class='ocrx_word' id='word_1_294' title='bbox 2673 1876 2900 1946; x_wconf 88' lang='lat' dir='ltr'><strong>vestigia</strong></span> <span class='ocrx_word' id='word_1_295' title='bbox 2931 1873 3160 1945; x_wconf 80' lang='lat' dir='ltr'><strong>mundo,</strong></span> 
     </span>
    </p>
   </div>
   <div class='ocr_carea' id='block_1_51' title="bbox 1875 1960 3276 2039">
    <p class='ocr_par' dir='ltr' id='par_1_51' title="bbox 1875 1960 3276 2039">
     <span class='ocr_line' id='line_1_51' title="bbox 1875 1960 3276 2039; baseline 0.009 -25"><span class='ocrx_word' id='word_1_296' title='bbox 1875 1960 1954 2015; x_wconf 88' lang='lat' dir='ltr'><strong>Ne</strong></span> <span class='ocrx_word' id='word_1_297' title='bbox 1979 1962 2100 2030; x_wconf 88' lang='lat' dir='ltr'><strong>quis</strong></span> <span class='ocrx_word' id='word_1_298' title='bbox 2129 1963 2378 2032; x_wconf 87' lang='lat' dir='ltr'><strong>desperet</strong></span> <span class='ocrx_word' id='word_1_299' title='bbox 2401 1967 2725 2036; x_wconf 86' lang='lat' dir='ltr'><strong>quandoque</strong></span> <span class='ocrx_word' id='word_1_300' title='bbox 2757 1983 3040 2039; x_wconf 87' lang='lat' dir='ltr'><strong>resurgere</strong></span> <span class='ocrx_word' id='word_1_301' title='bbox 3072 1978 3276 2038; x_wconf 71' lang='lat' dir='ltr'><strong>semet;</strong></span> 
     </span>
    </p>
   </div>
   <div class='ocr_carea' id='block_1_52' title="bbox 1876 2049 3346 2129">
    <p class='ocr_par' dir='ltr' id='par_1_52' title="bbox 1876 2049 3346 2129">
     <span class='ocr_line' id='line_1_52' title="bbox 1876 2049 3346 2129; baseline 0.01 -27"><span class='ocrx_word' id='word_1_302' title='bbox 1876 2049 2029 2117; x_wconf 87' lang='lat' dir='ltr'><strong>Quod</strong></span> <span class='ocrx_word' id='word_1_303' title='bbox 2061 2051 2273 2107; x_wconf 87' lang='lat' dir='ltr'><strong>rediens</strong></span> <span class='ocrx_word' id='word_1_304' title='bbox 2307 2054 2461 2107; x_wconf 75' lang='lat' dir='ltr'><strong>cmlis</strong></span> <span class='ocrx_word' id='word_1_305' title='bbox 2492 2056 2644 2110; x_wconf 81' lang='lat' dir='ltr'><strong>sedet</strong></span> <span class='ocrx_word' id='word_1_306' title='bbox 2673 2057 2738 2111; x_wconf 90' lang='lat' dir='ltr'><strong>ad</strong></span> <span class='ocrx_word' id='word_1_307' title='bbox 2771 2057 3022 2112; x_wconf 81' lang='lat' dir='ltr'><strong>dextram</strong></span> <span class='ocrx_word' id='word_1_308' title='bbox 3047 2057 3346 2129; x_wconf 82' lang='lat' dir='ltr'><strong>Genitoris,</strong></span> 
     </span>
    </p>
   </div>
   <div class='ocr_carea' id='block_1_53' title="bbox 1873 2140 3004 2215">
    <p class='ocr_par' dir='ltr' id='par_1_53' title="bbox 1873 2140 3004 2215">
     <span class='ocr_line' id='line_1_53' title="bbox 1873 2140 3004 2215; baseline 0.004 -19"><span class='ocrx_word' id='word_1_309' title='bbox 1873 2140 2002 2196; x_wconf 86' lang='lat' dir='ltr'><strong>Inde</strong></span> <span class='ocrx_word' id='word_1_310' title='bbox 2034 2142 2327 2196; x_wconf 86' lang='lat' dir='ltr'><strong>revertenti</strong></span> <span class='ocrx_word' id='word_1_311' title='bbox 2358 2159 2481 2197; x_wconf 89' lang='lat' dir='ltr'><strong>cum</strong></span> <span class='ocrx_word' id='word_1_312' title='bbox 2520 2156 2737 2215; x_wconf 89' lang='lat' dir='ltr'><strong>sceptro</strong></span> <span class='ocrx_word' id='word_1_313' title='bbox 2758 2145 3004 2214; x_wconf 86' lang='lat' dir='ltr'><strong>judiciali</strong></span> 
     </span>
    </p>
   </div>
   <div class='ocr_carea' id='block_1_54' title="bbox 1877 2229 3159 2302">
    <p class='ocr_par' dir='ltr' id='par_1_54' title="bbox 1877 2229 3159 2302">
     <span class='ocr_line' id='line_1_54' title="bbox 1877 2229 3159 2302; baseline 0.005 -19"><span class='ocrx_word' id='word_1_314' title='bbox 1877 2229 2124 2284; x_wconf 81' lang='lat' dir='ltr'><strong>Reddere</strong></span> <span class='ocrx_word' id='word_1_315' title='bbox 2156 2230 2221 2284; x_wconf 88' lang='lat' dir='ltr'><strong>de</strong></span> <span class='ocrx_word' id='word_1_316' title='bbox 2247 2229 2408 2286; x_wconf 81' lang='lat' dir='ltr'><strong>factis</strong></span> <span class='ocrx_word' id='word_1_317' title='bbox 2440 2232 2704 2288; x_wconf 86' lang='lat' dir='ltr'><strong>rationem</strong></span> <span class='ocrx_word' id='word_1_318' title='bbox 2736 2235 2928 2290; x_wconf 85' lang='lat' dir='ltr'><strong>debeat</strong></span> <span class='ocrx_word' id='word_1_319' title='bbox 2957 2236 3159 2302; x_wconf 85' lang='lat' dir='ltr'><strong>omnis,</strong></span> 
     </span>
    </p>
   </div>
   <div class='ocr_carea' id='block_1_55' title="bbox 1877 2318 3464 2398">
    <p class='ocr_par' dir='ltr' id='par_1_55' title="bbox 1877 2318 3464 2398">
     <span class='ocr_line' id='line_1_55' title="bbox 1877 2318 3464 2398; baseline 0.01 -25"><span class='ocrx_word' id='word_1_320' title='bbox 1877 2318 1984 2375; x_wconf 85' lang='lat' dir='ltr'><strong>Pro</strong></span> <span class='ocrx_word' id='word_1_321' title='bbox 2011 2321 2323 2377; x_wconf 84' lang='lat' dir='ltr'><strong>meritisaue</strong></span> <span class='ocrx_word' id='word_1_322' title='bbox 2346 2324 2517 2379; x_wconf 85' lang='lat' dir='ltr'><strong>vicem</strong></span> <span class='ocrx_word' id='word_1_323' title='bbox 2544 2325 2724 2395; x_wconf 89' lang='lat' dir='ltr'><strong>capiat</strong></span> <span class='ocrx_word' id='word_1_324' title='bbox 2747 2333 2872 2381; x_wconf 90' lang='lat' dir='ltr'><strong>tunc</strong></span> <span class='ocrx_word' id='word_1_325' title='bbox 2893 2327 3127 2397; x_wconf 90' lang='lat' dir='ltr'><strong>quisque</strong></span> <span class='ocrx_word' id='word_1_326' title='bbox 3147 2341 3464 2398; x_wconf 82' lang='lat' dir='ltr'><strong>perennem.</strong></span> 
     </span>
    </p>
   </div>
   <div class='ocr_carea' id='block_1_56' title="bbox 2405 2436 2926 2494">
    <p class='ocr_par' dir='ltr' id='par_1_56' title="bbox 2405 2436 2926 2494">
     <span class='ocr_line' id='line_1_56' title="bbox 2405 2436 2926 2494; baseline 0 -2"><span class='ocrx_word' id='word_1_327' title='bbox 2405 2436 2805 2494; x_wconf 79' lang='lat' dir='ltr'><strong>CAPITULUM</strong></span> <span class='ocrx_word' id='word_1_328' title='bbox 2840 2439 2926 2494; x_wconf 89' lang='lat' dir='ltr'><strong>III.</strong></span> 
     </span>
    </p>
   </div>
   <div class='ocr_carea' id='block_1_57' title="bbox 1879 2524 3464 2611">
    <p class='ocr_par' dir='ltr' id='par_1_57' title="bbox 1879 2524 3464 2611">
     <span class='ocr_line' id='line_1_57' title="bbox 1879 2524 3464 2611; baseline 0.009 -35"><span class='ocrx_word' id='word_1_329' title='bbox 1879 2524 2018 2590; x_wconf 84' lang='lat' dir='ltr'><strong>Quia</strong></span> <span class='ocrx_word' id='word_1_330' title='bbox 2044 2525 2322 2581; x_wconf 77' lang='lat' dir='ltr'><strong>debeamus</strong></span> <span class='ocrx_word' id='word_1_331' title='bbox 2351 2528 2584 2590; x_wconf 83' lang='lat' dir='ltr'><strong>credere,</strong></span> <span class='ocrx_word' id='word_1_332' title='bbox 2612 2528 2722 2611; x_wconf 65' lang='lat' dir='ltr'><strong>Deo</strong></span> <span class='ocrx_word' id='word_1_333' title='bbox 2753 2530 2968 2611; x_wconf 70' lang='lat' dir='ltr'><strong>dignum</strong></span> <span class='ocrx_word' id='word_1_334' title='bbox 3009 2530 3212 2602; x_wconf 79' lang='lat' dir='ltr'><strong>aliquid</strong></span> <span class='ocrx_word' id='word_1_335' title='bbox 3235 2549 3326 2589; x_wconf 81' lang='lat' dir='ltr'><strong>nec</strong></span> <span class='ocrx_word' id='word_1_336' title='bbox 3357 2535 3464 2590; x_wconf 78' lang='lat' dir='ltr'><strong>dici</strong></span> 
     </span>
    </p>
   </div>
   <div class='ocr_carea' id='block_1_58' title="bbox 2372 2609 2964 2668">
    <p class='ocr_par' dir='ltr' id='par_1_58' title="bbox 2372 2609 2964 2668">
     <span class='ocr_line' id='line_1_58' title="bbox 2372 2609 2964 2668; baseline 0.008 -18"><span class='ocrx_word' id='word_1_337' title='bbox 2372 2614 2462 2650; x_wconf 78' lang='lat' dir='ltr'><strong>nec</strong></span> <span class='ocrx_word' id='word_1_338' title='bbox 2486 2609 2769 2667; x_wconf 65' lang='grc' dir='ltr'><strong>επεοςιιαισι</strong></span> <span class='ocrx_word' id='word_1_339' title='bbox 2793 2617 2964 2668; x_wconf 72' lang='grc' dir='ltr'><strong>ροδεε.</strong></span> 
     </span>
    </p>
   </div>
   <div class='ocr_carea' id='block_1_59' title="bbox 1879 2689 3322 2766">
    <p class='ocr_par' dir='ltr' id='par_1_59' title="bbox 1879 2689 3322 2766">
     <span class='ocr_line' id='line_1_59' title="bbox 1879 2689 3322 2766; baseline 0.006 -23"><span class='ocrx_word' id='word_1_340' title='bbox 1879 2689 2016 2745; x_wconf 86' lang='lat' dir='ltr'><strong>IIiuc</strong></span> <span class='ocrx_word' id='word_1_341' title='bbox 2048 2691 2214 2762; x_wconf 87' lang='lat' dir='ltr'><strong>igitur</strong></span> <span class='ocrx_word' id='word_1_342' title='bbox 2241 2707 2454 2763; x_wconf 88' lang='lat' dir='ltr'><strong>nequeo</strong></span> <span class='ocrx_word' id='word_1_343' title='bbox 2484 2694 2580 2749; x_wconf 88' lang='lat' dir='ltr'><strong>tibi</strong></span> <span class='ocrx_word' id='word_1_344' title='bbox 2613 2695 2840 2749; x_wconf 90' lang='lat' dir='ltr'><strong>multum</strong></span> <span class='ocrx_word' id='word_1_345' title='bbox 2865 2695 3105 2766; x_wconf 88' lang='lat' dir='ltr'><strong>pandere</strong></span> <span class='ocrx_word' id='word_1_346' title='bbox 3136 2698 3322 2763; x_wconf 82' lang='lat' dir='ltr'><strong>verbo,</strong></span> 
     </span>
    </p>
   </div>
   <div class='ocr_carea' id='block_1_60' title="bbox 1879 2781 3219 2854">
    <p class='ocr_par' dir='ltr' id='par_1_60' title="bbox 1879 2781 3219 2854">
     <span class='ocr_line' id='line_1_60' title="bbox 1879 2781 3219 2854; baseline 0.005 -18"><span class='ocrx_word' id='word_1_347' title='bbox 1879 2781 1990 2838; x_wconf 84' lang='lat' dir='ltr'><strong>Nec</strong></span> <span class='ocrx_word' id='word_1_348' title='bbox 2021 2784 2154 2837; x_wconf 89' lang='lat' dir='ltr'><strong>satis</strong></span> <span class='ocrx_word' id='word_1_349' title='bbox 2182 2785 2435 2854; x_wconf 87' lang='lat' dir='ltr'><strong>amplecti</strong></span> <span class='ocrx_word' id='word_1_350' title='bbox 2465 2786 2626 2840; x_wconf 88' lang='lat' dir='ltr'><strong>datur</strong></span> <span class='ocrx_word' id='word_1_351' title='bbox 2668 2787 2771 2842; x_wconf 92' lang='lat' dir='ltr'><strong>hoc</strong></span> <span class='ocrx_word' id='word_1_352' title='bbox 2797 2796 2997 2842; x_wconf 75' lang='lat' dir='ltr'><strong>nostrze</strong></span> <span class='ocrx_word' id='word_1_353' title='bbox 3019 2789 3219 2843; x_wconf 89' lang='lat' dir='ltr'><strong>rationi</strong></span> 
     </span>
    </p>
   </div>
   <div class='ocr_carea' id='block_1_61' title="bbox 1880 2875 3212 2947">
    <p class='ocr_par' dir='ltr' id='par_1_61' title="bbox 1880 2875 3212 2947">
     <span class='ocr_line' id='line_1_61' title="bbox 1880 2875 3212 2947; baseline 0.005 -19"><span class='ocrx_word' id='word_1_354' title='bbox 1880 2875 1956 2928; x_wconf 91' lang='lat' dir='ltr'><strong>De</strong></span> <span class='ocrx_word' id='word_1_355' title='bbox 1986 2891 2092 2945; x_wconf 93' lang='lat' dir='ltr'><strong>quo</strong></span> <span class='ocrx_word' id='word_1_356' title='bbox 2117 2877 2204 2930; x_wconf 72' lang='lat' dir='ltr'><strong>vix</strong></span> <span class='ocrx_word' id='word_1_357' title='bbox 2235 2877 2437 2947; x_wconf 90' lang='lat' dir='ltr'><strong>aliquid</strong></span> <span class='ocrx_word' id='word_1_358' title='bbox 2478 2877 2716 2946; x_wconf 83' lang='lat' dir='ltr'><strong>perfecta</strong></span> <span class='ocrx_word' id='word_1_359' title='bbox 2755 2880 2982 2936; x_wconf 88' lang='lat' dir='ltr'><strong>scientia</strong></span> <span class='ocrx_word' id='word_1_360' title='bbox 3027 2883 3212 2937; x_wconf 86' lang='lat' dir='ltr'><strong>sentit.</strong></span> 
     </span>
    </p>
   </div>
   <div class='ocr_carea' id='block_1_62' title="bbox 1883 2966 3189 3042">
    <p class='ocr_par' dir='ltr' id='par_1_62' title="bbox 1883 2966 3189 3042">
     <span class='ocr_line' id='line_1_62' title="bbox 1883 2966 3189 3042; baseline 0.007 -23"><span class='ocrx_word' id='word_1_361' title='bbox 1883 2966 1974 3020; x_wconf 85' lang='lat' dir='ltr'><strong>Vis</strong></span> <span class='ocrx_word' id='word_1_362' title='bbox 1997 2966 2202 3022; x_wconf 85' lang='lat' dir='ltr'><strong>etenim</strong></span> <span class='ocrx_word' id='word_1_363' title='bbox 2235 2975 2388 3023; x_wconf 87' lang='lat' dir='ltr'><strong>tanta</strong></span> <span class='ocrx_word' id='word_1_364' title='bbox 2420 2979 2602 3024; x_wconf 90' lang='lat' dir='ltr'><strong>manet</strong></span> <span class='ocrx_word' id='word_1_365' title='bbox 2632 2970 2688 3024; x_wconf 93' lang='lat' dir='ltr'><strong>in</strong></span> <span class='ocrx_word' id='word_1_366' title='bbox 2719 2971 2920 3028; x_wconf 84' lang='lat' dir='ltr'><strong>virtute</strong></span> <span class='ocrx_word' id='word_1_367' title='bbox 2955 2987 3189 3042; x_wconf 89' lang='lat' dir='ltr'><strong>superna</strong></span> 
     </span>
    </p>
   </div>
   <div class='ocr_carea' id='block_1_63' title="bbox 211 3050 3206 3135">
    <p class='ocr_par' dir='ltr' id='par_1_63' title="bbox 211 3050 3206 3135">
     <span class='ocr_line' id='line_1_63' title="bbox 211 3050 3206 3135; baseline 0.003 -23"><span class='ocrx_word' id='word_1_368' title='bbox 211 3050 424 3115; x_wconf 84' lang='lat' dir='ltr'><strong>XXXIV.</strong></span> <span class='ocrx_word' id='word_1_369' title='bbox 467 3063 546 3116; x_wconf 87' lang='lat' dir='ltr'><strong>De</strong></span> <span class='ocrx_word' id='word_1_370' title='bbox 576 3077 642 3117; x_wconf 88' lang='lat' dir='ltr'><strong>eo</strong></span> <span class='ocrx_word' id='word_1_371' title='bbox 669 3062 814 3132; x_wconf 90' lang='lat' dir='ltr'><strong>quod</strong></span> <span class='ocrx_word' id='word_1_372' title='bbox 847 3063 1026 3118; x_wconf 89' lang='lat' dir='ltr'><strong>nullus</strong></span> <span class='ocrx_word' id='word_1_373' title='bbox 1049 3103 1064 3129; x_wconf 96' lang='lat'><strong>,</strong></span> <span class='ocrx_word' id='word_1_374' title='bbox 1116 3064 1455 3134; x_wconf 89' lang='lat' dir='ltr'><strong>quantalibet</strong></span> <span class='ocrx_word' id='word_1_375' title='bbox 1500 3063 1768 3134; x_wconf 82' lang='lat' dir='ltr'><strong>sapientia</strong></span> <span class='ocrx_word' id='word_1_376' title='bbox 1796 3056 1842 3118; x_wconf 91' lang='lat' dir='ltr'><strong>C</strong></span> <span class='ocrx_word' id='word_1_377' title='bbox 1877 3058 1964 3122; x_wconf 86' lang='lat' dir='ltr'><strong>Ut,</strong></span> <span class='ocrx_word' id='word_1_378' title='bbox 1989 3062 2179 3130; x_wconf 89' lang='lat' dir='ltr'><strong>quovis</strong></span> <span class='ocrx_word' id='word_1_379' title='bbox 2207 3061 2382 3117; x_wconf 86' lang='lat' dir='ltr'><strong>valeat</strong></span> <span class='ocrx_word' id='word_1_380' title='bbox 2406 3063 2642 3119; x_wconf 87' lang='lat' dir='ltr'><strong>hominis</strong></span> <span class='ocrx_word' id='word_1_381' title='bbox 2664 3066 2961 3135; x_wconf 90' lang='lat' dir='ltr'><strong>procedere</strong></span> <span class='ocrx_word' id='word_1_382' title='bbox 2994 3081 3206 3133; x_wconf 87' lang='lat' dir='ltr'><strong>sensus,</strong></span> 
     </span>
    </p>
   </div>
   <div class='ocr_carea' id='block_1_64' title="bbox 270 3153 1768 3225">
    <p class='ocr_par' dir='ltr' id='par_1_64' title="bbox 270 3153 1768 3225">
     <span class='ocr_line' id='line_1_64' title="bbox 270 3153 1768 3225; baseline 0.005 -21"><span class='ocrx_word' id='word_1_383' title='bbox 270 3153 345 3206; x_wconf 86' lang='lat' dir='ltr'><strong>vel</strong></span> <span class='ocrx_word' id='word_1_384' title='bbox 370 3154 668 3210; x_wconf 88' lang='lat' dir='ltr'><strong>virtutibus</strong></span> <span class='ocrx_word' id='word_1_385' title='bbox 704 3155 906 3210; x_wconf 89' lang='lat' dir='ltr'><strong>ditetur</strong></span> <span class='ocrx_word' id='word_1_386' title='bbox 934 3195 950 3222; x_wconf 95' lang='lat'><strong>,</strong></span> <span class='ocrx_word' id='word_1_387' title='bbox 980 3171 1042 3211; x_wconf 88' lang='lat' dir='ltr'><strong>se</strong></span> <span class='ocrx_word' id='word_1_388' title='bbox 1078 3156 1130 3209; x_wconf 90' lang='lat' dir='ltr'><strong>in</strong></span> <span class='ocrx_word' id='word_1_389' title='bbox 1163 3155 1419 3225; x_wconf 65' lang='lat' dir='ltr'><strong>prtescnti</strong></span> <span class='ocrx_word' id='word_1_390' title='bbox 1468 3156 1577 3210; x_wconf 89' lang='lat' dir='ltr'><strong>vita</strong></span> <span class='ocrx_word' id='word_1_391' title='bbox 1611 3170 1768 3211; x_wconf 87' lang='lat' dir='ltr'><strong>secu-</strong></span> 
     </span>
    </p>
   </div>
   <div class='ocr_carea' id='block_1_65' title="bbox 271 3244 1162 3314">
    <p class='ocr_par' dir='ltr' id='par_1_65' title="bbox 271 3244 1162 3314">
     <span class='ocr_line' id='line_1_65' title="bbox 271 3244 1162 3314; baseline 0.004 -20"><span class='ocrx_word' id='word_1_392' title='bbox 271 3256 377 3296; x_wconf 90' lang='lat' dir='ltr'><strong>rum</strong></span> <span class='ocrx_word' id='word_1_393' title='bbox 404 3244 821 3314; x_wconf 82' lang='lat' dir='ltr'><strong>perfectumque</strong></span> <span class='ocrx_word' id='word_1_394' title='bbox 849 3245 1162 3300; x_wconf 89' lang='lat' dir='ltr'><strong>arbitretur.</strong></span> 
     </span>
    </p>
   </div>
   <div class='ocr_carea' id='block_1_66' title="bbox 213 3325 1773 3407">
    <p class='ocr_par' dir='ltr' id='par_1_66' title="bbox 213 3325 1773 3407">
     <span class='ocr_line' id='line_1_66' title="bbox 213 3325 1773 3407; baseline 0.004 -21"><span class='ocrx_word' id='word_1_395' title='bbox 213 3325 404 3386; x_wconf 76' lang='lat' dir='ltr'><strong>XXXV.</strong></span> <span class='ocrx_word' id='word_1_396' title='bbox 442 3333 523 3389; x_wconf 91' lang='lat' dir='ltr'><strong>De</strong></span> <span class='ocrx_word' id='word_1_397' title='bbox 563 3335 831 3390; x_wconf 84' lang='lat' dir='ltr'><strong>orationis</strong></span> <span class='ocrx_word' id='word_1_398' title='bbox 876 3336 1134 3390; x_wconf 89' lang='lat' dir='ltr'><strong>instantia</strong></span> <span class='ocrx_word' id='word_1_399' title='bbox 1175 3348 1230 3390; x_wconf 91' lang='lat' dir='ltr'><strong>et</strong></span> <span class='ocrx_word' id='word_1_400' title='bbox 1276 3336 1402 3407; x_wconf 90' lang='lat' dir='ltr'><strong>quia</strong></span> <span class='ocrx_word' id='word_1_401' title='bbox 1452 3351 1612 3393; x_wconf 88' lang='lat' dir='ltr'><strong>nemo</strong></span> <span class='ocrx_word' id='word_1_402' title='bbox 1638 3336 1773 3392; x_wconf 83' lang='lat' dir='ltr'><strong>diIIi-</strong></span> 
     </span>
    </p>
   </div>
   <div class='ocr_carea' id='block_1_67' title="bbox 274 3423 1268 3505">
    <p class='ocr_par' dir='ltr' id='par_1_67' title="bbox 274 3423 1268 3505">
     <span class='ocr_line' id='line_1_67' title="bbox 274 3423 1268 3505; baseline 0.003 -28"><span class='ocrx_word' id='word_1_403' title='bbox 274 3423 387 3479; x_wconf 90' lang='lat' dir='ltr'><strong>dere</strong></span> <span class='ocrx_word' id='word_1_404' title='bbox 409 3425 610 3482; x_wconf 87' lang='lat' dir='ltr'><strong>debeat</strong></span> <span class='ocrx_word' id='word_1_405' title='bbox 639 3427 706 3480; x_wconf 91' lang='lat' dir='ltr'><strong>de</strong></span> <span class='ocrx_word' id='word_1_406' title='bbox 737 3427 833 3481; x_wconf 87' lang='lat' dir='ltr'><strong>Dei</strong></span> <span class='ocrx_word' id='word_1_407' title='bbox 869 3427 1268 3505; x_wconf 82' lang='lat' dir='ltr'><strong>misericordia.</strong></span> 
     </span>
    </p>
   </div>
   <div class='ocr_carea' id='block_1_68' title="bbox 1875 3151 3172 3228">
    <p class='ocr_par' dir='ltr' id='par_1_68' title="bbox 1875 3151 3172 3228">
     <span class='ocr_line' id='line_1_68' title="bbox 1875 3151 3172 3228; baseline 0.005 -22"><span class='ocrx_word' id='word_1_408' title='bbox 1875 3151 1943 3206; x_wconf 89' lang='lat' dir='ltr'><strong>Et</strong></span> <span class='ocrx_word' id='word_1_409' title='bbox 1976 3162 2139 3222; x_wconf 88' lang='lat' dir='ltr'><strong>quota</strong></span> <span class='ocrx_word' id='word_1_410' title='bbox 2171 3154 2242 3208; x_wconf 89' lang='lat' dir='ltr'><strong>sit</strong></span> <span class='ocrx_word' id='word_1_411' title='bbox 2270 3152 2450 3223; x_wconf 87' lang='lat' dir='ltr'><strong>lingua</strong></span> <span class='ocrx_word' id='word_1_412' title='bbox 2486 3155 2685 3209; x_wconf 89' lang='lat' dir='ltr'><strong>divinis</strong></span> <span class='ocrx_word' id='word_1_413' title='bbox 2709 3155 2962 3212; x_wconf 90' lang='lat' dir='ltr'><strong>laudibus</strong></span> <span class='ocrx_word' id='word_1_414' title='bbox 2989 3165 3138 3228; x_wconf 86' lang='lat' dir='ltr'><strong>apta,</strong></span> <span class='ocrx_word' id='word_1_415' title='bbox 3169 3194 3172 3198; x_wconf 90' lang='lat'><strong><em>-</em></strong></span> 
     </span>
    </p>
   </div>
   <div class='ocr_carea' id='block_1_69' title="bbox 1873 3242 3316 3318">
    <p class='ocr_par' dir='ltr' id='par_1_69' title="bbox 1873 3242 3316 3318">
     <span class='ocr_line' id='line_1_69' title="bbox 1873 3242 3316 3318; baseline 0.006 -21"><span class='ocrx_word' id='word_1_416' title='bbox 1873 3242 1958 3298; x_wconf 84' lang='lat' dir='ltr'><strong>Nil</strong></span> <span class='ocrx_word' id='word_1_417' title='bbox 1989 3245 2092 3298; x_wconf 91' lang='lat' dir='ltr'><strong>nisi</strong></span> <span class='ocrx_word' id='word_1_418' title='bbox 2120 3244 2411 3299; x_wconf 91' lang='lat' dir='ltr'><strong>scintillam</strong></span> <span class='ocrx_word' id='word_1_419' title='bbox 2443 3246 2533 3301; x_wconf 82' lang='lat' dir='ltr'><strong>vix</strong></span> <span class='ocrx_word' id='word_1_420' title='bbox 2563 3262 2812 3316; x_wconf 90' lang='lat' dir='ltr'><strong>promere</strong></span> <span class='ocrx_word' id='word_1_421' title='bbox 2835 3249 3009 3318; x_wconf 89' lang='lat' dir='ltr'><strong>possit</strong></span> <span class='ocrx_word' id='word_1_422' title='bbox 3039 3259 3095 3304; x_wconf 91' lang='lat' dir='ltr'><strong>et</strong></span> <span class='ocrx_word' id='word_1_423' title='bbox 3125 3249 3272 3305; x_wconf 88' lang='lat' dir='ltr'><strong>illam</strong></span> <span class='ocrx_word' id='word_1_424' title='bbox 3298 3265 3316 3304; x_wconf 89' lang='lat'><strong>:</strong></span> 
     </span>
    </p>
   </div>
   <div class='ocr_carea' id='block_1_70' title="bbox 1873 3332 3277 3404">
    <p class='ocr_par' dir='ltr' id='par_1_70' title="bbox 1873 3332 3277 3404">
     <span class='ocr_line' id='line_1_70' title="bbox 1873 3332 3277 3404; baseline 0.004 -18"><span class='ocrx_word' id='word_1_425' title='bbox 1873 3332 2013 3400; x_wconf 89' lang='lat' dir='ltr'><strong>Quid</strong></span> <span class='ocrx_word' id='word_1_426' title='bbox 2042 3349 2272 3403; x_wconf 90' lang='lat' dir='ltr'><strong>persona</strong></span> <span class='ocrx_word' id='word_1_427' title='bbox 2301 3335 2419 3400; x_wconf 88' lang='lat' dir='ltr'><strong>Dei,</strong></span> <span class='ocrx_word' id='word_1_428' title='bbox 2457 3336 2587 3404; x_wconf 92' lang='lat' dir='ltr'><strong>quid</strong></span> <span class='ocrx_word' id='word_1_429' title='bbox 2618 3337 2690 3390; x_wconf 87' lang='lat' dir='ltr'><strong>sit</strong></span> <span class='ocrx_word' id='word_1_430' title='bbox 2720 3337 3026 3392; x_wconf 88' lang='lat' dir='ltr'><strong>substantia</strong></span> <span class='ocrx_word' id='word_1_431' title='bbox 3056 3339 3277 3404; x_wconf 87' lang='lat' dir='ltr'><strong>summi,</strong></span> 
     </span>
    </p>
   </div>
   <div class='ocr_carea' id='block_1_71' title="bbox 1873 3427 3460 3500">
    <p class='ocr_par' dir='ltr' id='par_1_71' title="bbox 1873 3427 3460 3500">
     <span class='ocr_line' id='line_1_71' title="bbox 1873 3427 3460 3500; baseline 0.003 -19"><span class='ocrx_word' id='word_1_432' title='bbox 1873 3427 2145 3497; x_wconf 86' lang='lat' dir='ltr'><strong>Quidquid</strong></span> <span class='ocrx_word' id='word_1_433' title='bbox 2169 3427 2221 3482; x_wconf 91' lang='lat' dir='ltr'><strong>id</strong></span> <span class='ocrx_word' id='word_1_434' title='bbox 2242 3436 2346 3493; x_wconf 89' lang='lat' dir='ltr'><strong>est,</strong></span> <span class='ocrx_word' id='word_1_435' title='bbox 2370 3428 2498 3497; x_wconf 89' lang='lat' dir='ltr'><strong>quid</strong></span> <span class='ocrx_word' id='word_1_436' title='bbox 2515 3428 2748 3498; x_wconf 84' lang='lat' dir='ltr'><strong>quisque</strong></span> <span class='ocrx_word' id='word_1_437' title='bbox 2769 3439 2948 3500; x_wconf 85' lang='lat' dir='ltr'><strong>potest</strong></span> <span class='ocrx_word' id='word_1_438' title='bbox 2974 3431 3176 3487; x_wconf 85' lang='lat' dir='ltr'><strong>isthinc</strong></span> <span class='ocrx_word' id='word_1_439' title='bbox 3207 3433 3460 3500; x_wconf 86' lang='lat' dir='ltr'><strong>recitare,</strong></span> 
     </span>
    </p>
   </div>
   <div class='ocr_carea' id='block_1_72' title="bbox 216 3505 3415 3610">
    <p class='ocr_par' dir='ltr' id='par_1_72' title="bbox 216 3505 3415 3610">
     <span class='ocr_line' id='line_1_72' title="bbox 216 3505 3415 3610; baseline 0.003 -44"><span class='ocrx_word' id='word_1_440' title='bbox 216 3509 425 3568; x_wconf 84' lang='lat' dir='ltr'><strong>XXXVI.</strong></span> <span class='ocrx_word' id='word_1_441' title='bbox 465 3516 627 3583; x_wconf 91' lang='lat' dir='ltr'><strong>Quod</strong></span> <span class='ocrx_word' id='word_1_442' title='bbox 664 3505 1110 3572; x_wconf 69' lang='lat' dir='ltr'><strong>conversationis</strong></span> <span class='ocrx_word' id='word_1_443' title='bbox 1167 3526 1369 3572; x_wconf 76' lang='lat' dir='ltr'><strong>sancta:</strong></span> <span class='ocrx_word' id='word_1_444' title='bbox 1429 3517 1644 3572; x_wconf 90' lang='lat' dir='ltr'><strong>initium</strong></span> <span class='ocrx_word' id='word_1_445' title='bbox 1703 3517 1776 3573; x_wconf 91' lang='lat' dir='ltr'><strong>sit</strong></span> <span class='ocrx_word' id='word_1_446' title='bbox 1874 3515 2042 3572; x_wconf 90' lang='lat' dir='ltr'><strong>humo</strong></span> <span class='ocrx_word' id='word_1_447' title='bbox 2069 3517 2232 3572; x_wconf 88' lang='lat' dir='ltr'><strong>etiam</strong></span> <span class='ocrx_word' id='word_1_448' title='bbox 2263 3527 2524 3590; x_wconf 78' lang='lat' dir='ltr'><strong>quantum</strong></span> <span class='ocrx_word' id='word_1_449' title='bbox 2551 3519 2722 3587; x_wconf 88' lang='lat' dir='ltr'><strong>possit</strong></span> <span class='ocrx_word' id='word_1_450' title='bbox 2751 3520 2984 3575; x_wconf 82' lang='lat' dir='ltr'><strong>mundus</strong></span> <span class='ocrx_word' id='word_1_451' title='bbox 3019 3520 3181 3574; x_wconf 91' lang='lat' dir='ltr'><strong>simul</strong></span> <span class='ocrx_word' id='word_1_452' title='bbox 3210 3525 3415 3610; x_wconf 64' lang='lat' dir='ltr'><strong>omnis,</strong></span> 
     </span>
    </p>
   </div>
   <div class='ocr_carea' id='block_1_73' title="bbox 271 3605 1775 3678">
    <p class='ocr_par' dir='ltr' id='par_1_73' title="bbox 271 3605 1775 3678">
     <span class='ocr_line' id='line_1_73' title="bbox 271 3605 1775 3678; baseline 0.003 -20"><span class='ocrx_word' id='word_1_453' title='bbox 271 3605 490 3672; x_wconf 84' lang='lat' dir='ltr'><strong>dillicile,</strong></span> <span class='ocrx_word' id='word_1_454' title='bbox 526 3607 624 3662; x_wconf 89' lang='lat' dir='ltr'><strong>sed</strong></span> <span class='ocrx_word' id='word_1_455' title='bbox 662 3605 889 3676; x_wconf 71' lang='lat' dir='ltr'><strong>iuvante</strong></span> <span class='ocrx_word' id='word_1_456' title='bbox 917 3607 1132 3662; x_wconf 83' lang='lat' dir='ltr'><strong>Christo</strong></span> <span class='ocrx_word' id='word_1_457' title='bbox 1161 3607 1314 3663; x_wconf 88' lang='lat' dir='ltr'><strong>labor</strong></span> <span class='ocrx_word' id='word_1_458' title='bbox 1341 3607 1611 3678; x_wconf 83' lang='lat' dir='ltr'><strong>levigetur</strong></span> <span class='ocrx_word' id='word_1_459' title='bbox 1652 3624 1775 3678; x_wconf 85' lang='lat' dir='ltr'><strong>per-</strong></span> 
     </span>
    </p>
   </div>
   <div class='ocr_carea' id='block_1_74' title="bbox 275 3699 603 3753">
    <p class='ocr_par' dir='ltr' id='par_1_74' title="bbox 275 3699 603 3753">
     <span class='ocr_line' id='line_1_74' title="bbox 275 3699 603 3753; baseline 0.006 -4"><span class='ocrx_word' id='word_1_460' title='bbox 275 3699 603 3753; x_wconf 59' lang='lat' dir='ltr'><strong>severantia.</strong></span> 
     </span>
    </p>
   </div>
   <div class='ocr_carea' id='block_1_75' title="bbox 219 3781 1774 3861">
    <p class='ocr_par' dir='ltr' id='par_1_75' title="bbox 219 3781 1774 3861">
     <span class='ocr_line' id='line_1_75' title="bbox 219 3781 1774 3861; baseline 0.005 -23"><span class='ocrx_word' id='word_1_461' title='bbox 219 3781 448 3840; x_wconf 81' lang='lat' dir='ltr'><strong>XXXVII.</strong></span> <span class='ocrx_word' id='word_1_462' title='bbox 483 3788 629 3854; x_wconf 85' lang='lat' dir='ltr'><strong>Quia</strong></span> <span class='ocrx_word' id='word_1_463' title='bbox 659 3788 792 3844; x_wconf 84' lang='lat' dir='ltr'><strong>nulli</strong></span> <span class='ocrx_word' id='word_1_464' title='bbox 822 3789 1016 3845; x_wconf 85' lang='lat' dir='ltr'><strong>debeat</strong></span> <span class='ocrx_word' id='word_1_465' title='bbox 1061 3789 1412 3861; x_wconf 81' lang='lat' dir='ltr'><strong>incongruum</strong></span> <span class='ocrx_word' id='word_1_466' title='bbox 1451 3782 1537 3846; x_wconf 84' lang='lat' dir='ltr'><strong>vel</strong></span> <span class='ocrx_word' id='word_1_467' title='bbox 1579 3792 1774 3847; x_wconf 89' lang='lat' dir='ltr'><strong>mirum</strong></span> 
     </span>
    </p>
   </div>
   <div class='ocr_carea' id='block_1_76' title="bbox 277 3875 1772 3953">
    <p class='ocr_par' dir='ltr' id='par_1_76' title="bbox 277 3875 1772 3953">
     <span class='ocr_line' id='line_1_76' title="bbox 277 3875 1772 3953; baseline 0.008 -27"><span class='ocrx_word' id='word_1_468' title='bbox 277 3876 430 3932; x_wconf 84' lang='lat' dir='ltr'><strong>videri</strong></span> <span class='ocrx_word' id='word_1_469' title='bbox 468 3880 616 3949; x_wconf 87' lang='lat' dir='ltr'><strong>quod</strong></span> <span class='ocrx_word' id='word_1_470' title='bbox 648 3875 834 3935; x_wconf 86' lang='lat' dir='ltr'><strong>tantus</strong></span> <span class='ocrx_word' id='word_1_471' title='bbox 864 3878 1015 3936; x_wconf 77' lang='lat' dir='ltr'><strong>labar</strong></span> <span class='ocrx_word' id='word_1_472' title='bbox 1041 3894 1232 3953; x_wconf 78' lang='lat' dir='ltr'><strong>agatur</strong></span> <span class='ocrx_word' id='word_1_473' title='bbox 1260 3900 1357 3953; x_wconf 86' lang='lat' dir='ltr'><strong>pro</strong></span> <span class='ocrx_word' id='word_1_474' title='bbox 1391 3885 1498 3938; x_wconf 90' lang='lat' dir='ltr'><strong>vita</strong></span> <span class='ocrx_word' id='word_1_475' title='bbox 1529 3885 1772 3952; x_wconf 89' lang='lat' dir='ltr'><strong>perenni.</strong></span> 
     </span>
    </p>
   </div>
   <div class='ocr_carea' id='block_1_77' title="bbox 1871 3599 3208 3675">
    <p class='ocr_par' dir='ltr' id='par_1_77' title="bbox 1871 3599 3208 3675">
     <span class='ocr_line' id='line_1_77' title="bbox 1871 3599 3208 3675; baseline 0.001 -20"><span class='ocrx_word' id='word_1_476' title='bbox 1871 3599 2140 3655; x_wconf 82' lang='lat' dir='ltr'><strong>Collatum</strong></span> <span class='ocrx_word' id='word_1_477' title='bbox 2171 3599 2398 3654; x_wconf 89' lang='lat' dir='ltr'><strong>Domino</strong></span> <span class='ocrx_word' id='word_1_478' title='bbox 2430 3600 2734 3675; x_wconf 85' lang='lat' dir='ltr'><strong>ratiuncula</strong></span> <span class='ocrx_word' id='word_1_479' title='bbox 2756 3601 2879 3668; x_wconf 86' lang='lat' dir='ltr'><strong>jure</strong></span> <span class='ocrx_word' id='word_1_480' title='bbox 2909 3612 3153 3658; x_wconf 85' lang='lat' dir='ltr'><strong>vocatur.</strong></span> <span class='ocrx_word' id='word_1_481' title='bbox 3205 3625 3208 3628; x_wconf 57' lang='grc'><strong>’</strong></span> 
     </span>
    </p>
   </div>
   <div class='ocr_carea' id='block_1_78' title="bbox 1876 3693 3234 3764">
    <p class='ocr_par' dir='ltr' id='par_1_78' title="bbox 1876 3693 3234 3764">
     <span class='ocr_line' id='line_1_78' title="bbox 1876 3693 3234 3764; baseline 0.003 -16"><span class='ocrx_word' id='word_1_482' title='bbox 1876 3693 2030 3748; x_wconf 89' lang='lat' dir='ltr'><strong>Unde</strong></span> <span class='ocrx_word' id='word_1_483' title='bbox 2055 3707 2180 3748; x_wconf 91' lang='lat' dir='ltr'><strong>reor</strong></span> <span class='ocrx_word' id='word_1_484' title='bbox 2209 3693 2443 3762; x_wconf 89' lang='lat' dir='ltr'><strong>primum</strong></span> <span class='ocrx_word' id='word_1_485' title='bbox 2477 3708 2576 3764; x_wconf 89' lang='lat' dir='ltr'><strong>pro</strong></span> <span class='ocrx_word' id='word_1_486' title='bbox 2603 3694 2926 3750; x_wconf 76' lang='lat' dir='ltr'><strong>credulitate</strong></span> <span class='ocrx_word' id='word_1_487' title='bbox 2953 3697 3234 3752; x_wconf 88' lang='lat' dir='ltr'><strong>sciendum</strong></span> 
     </span>
    </p>
   </div>
   <div class='ocr_carea' id='block_1_79' title="bbox 1877 3783 3236 3857">
    <p class='ocr_par' dir='ltr' id='par_1_79' title="bbox 1877 3783 3236 3857">
     <span class='ocr_line' id='line_1_79' title="bbox 1877 3783 3236 3857; baseline 0.003 -19"><span class='ocrx_word' id='word_1_488' title='bbox 1877 3784 1952 3839; x_wconf 90' lang='lat' dir='ltr'><strong>De</strong></span> <span class='ocrx_word' id='word_1_489' title='bbox 1980 3784 2207 3838; x_wconf 88' lang='lat' dir='ltr'><strong>Domino</strong></span> <span class='ocrx_word' id='word_1_490' title='bbox 2234 3783 2438 3838; x_wconf 91' lang='lat' dir='ltr'><strong>nullum</strong></span> <span class='ocrx_word' id='word_1_491' title='bbox 2463 3800 2562 3840; x_wconf 83' lang='lat' dir='ltr'><strong>nos</strong></span> <span class='ocrx_word' id='word_1_492' title='bbox 2585 3785 2744 3856; x_wconf 79' lang='lat' dir='ltr'><strong>digne</strong></span> <span class='ocrx_word' id='word_1_493' title='bbox 2775 3800 2935 3855; x_wconf 87' lang='lat' dir='ltr'><strong>posse</strong></span> <span class='ocrx_word' id='word_1_494' title='bbox 2968 3787 3236 3857; x_wconf 88' lang='lat' dir='ltr'><strong>loquelam</strong></span> 
     </span>
    </p>
   </div>
   <div class='ocr_carea' id='block_1_80' title="bbox 1877 3876 3314 3953">
    <p class='ocr_par' dir='ltr' id='par_1_80' title="bbox 1877 3876 3314 3953">
     <span class='ocr_line' id='line_1_80' title="bbox 1877 3876 3314 3953; baseline 0.004 -22"><span class='ocrx_word' id='word_1_495' title='bbox 1877 3876 1983 3933; x_wconf 88' lang='lat' dir='ltr'><strong>Sed</strong></span> <span class='ocrx_word' id='word_1_496' title='bbox 2009 3893 2110 3933; x_wconf 90' lang='lat' dir='ltr'><strong>nec</strong></span> <span class='ocrx_word' id='word_1_497' title='bbox 2139 3887 2320 3933; x_wconf 86' lang='lat' dir='ltr'><strong>mente</strong></span> <span class='ocrx_word' id='word_1_498' title='bbox 2347 3878 2468 3948; x_wconf 88' lang='lat' dir='ltr'><strong>capi</strong></span> <span class='ocrx_word' id='word_1_499' title='bbox 2499 3879 2724 3950; x_wconf 80' lang='lat' dir='ltr'><strong>dignum</strong></span> <span class='ocrx_word' id='word_1_500' title='bbox 2759 3881 2886 3949; x_wconf 89' lang='lat' dir='ltr'><strong>quid</strong></span> <span class='ocrx_word' id='word_1_501' title='bbox 2916 3881 3162 3953; x_wconf 90' lang='lat' dir='ltr'><strong>principe</strong></span> <span class='ocrx_word' id='word_1_502' title='bbox 3190 3883 3314 3949; x_wconf 83' lang='lat' dir='ltr'><strong>tali,</strong></span> 
     </span>
    </p>
   </div>
   <div class='ocr_carea' id='block_1_81' title="bbox 223 3961 3235 4045">
    <p class='ocr_par' dir='ltr' id='par_1_81' title="bbox 223 3961 3235 4045">
     <span class='ocr_line' id='line_1_81' title="bbox 223 3961 3235 4045; baseline 0.006 -28"><span class='ocrx_word' id='word_1_503' title='bbox 223 3961 470 4022; x_wconf 82' lang='lat' dir='ltr'><strong>XXXVIII.</strong></span> <span class='ocrx_word' id='word_1_504' title='bbox 515 3970 589 4026; x_wconf 88' lang='lat' dir='ltr'><strong>Ut</strong></span> <span class='ocrx_word' id='word_1_505' title='bbox 616 3972 858 4027; x_wconf 75' lang='lat' dir='ltr'><strong>divinant</strong></span> <span class='ocrx_word' id='word_1_506' title='bbox 899 3989 1035 4042; x_wconf 80' lang='lat' dir='ltr'><strong>Opus</strong></span> <span class='ocrx_word' id='word_1_507' title='bbox 1066 3991 1188 4029; x_wconf 90' lang='lat' dir='ltr'><strong>cum</strong></span> <span class='ocrx_word' id='word_1_508' title='bbox 1243 3992 1340 4045; x_wconf 89' lang='lat' dir='ltr'><strong>spe</strong></span> <span class='ocrx_word' id='word_1_509' title='bbox 1404 3977 1777 4032; x_wconf 87' lang='lat' dir='ltr'><strong>retributionis</strong></span> <span class='ocrx_word' id='word_1_510' title='bbox 1874 3968 2006 4022; x_wconf 74' lang='lat' dir='ltr'><strong>Cum</strong></span> <span class='ocrx_word' id='word_1_511' title='bbox 2042 3969 2197 4041; x_wconf 73' lang='lat' dir='ltr'><strong>longe</strong></span> <span class='ocrx_word' id='word_1_512' title='bbox 2229 3970 2420 4025; x_wconf 68' lang='lat' dir='ltr'><strong>melius</strong></span> <span class='ocrx_word' id='word_1_513' title='bbox 2447 3972 2819 4041; x_wconf 63' lang='lat' dir='ltr'><strong>animo‘quam</strong></span> <span class='ocrx_word' id='word_1_514' title='bbox 2854 3990 2986 4030; x_wconf 68' lang='grc' dir='ltr'><strong>νο(ῐὸ</strong></span> <span class='ocrx_word' id='word_1_515' title='bbox 3024 3973 3235 4032; x_wconf 72' lang='lat' dir='ltr'><strong>feratur</strong></span> 
     </span>
    </p>
   </div>
   <div class='ocr_carea' id='block_1_82' title="bbox 279 4058 1139 4132">
    <p class='ocr_par' dir='ltr' id='par_1_82' title="bbox 279 4058 1139 4132">
     <span class='ocr_line' id='line_1_82' title="bbox 279 4058 1139 4132; baseline 0.012 -25"><span class='ocrx_word' id='word_1_516' title='bbox 279 4065 472 4114; x_wconf 64' lang='lat' dir='ltr'><strong>alet-na:</strong></span> <span class='ocrx_word' id='word_1_517' title='bbox 498 4058 732 4115; x_wconf 81' lang='lat' dir='ltr'><strong>ﬁdeliter</strong></span> <span class='ocrx_word' id='word_1_518' title='bbox 757 4063 1022 4132; x_wconf 80' lang='lat' dir='ltr'><strong>agendum</strong></span> <span class='ocrx_word' id='word_1_519' title='bbox 1049 4065 1139 4120; x_wconf 90' lang='lat' dir='ltr'><strong>sit.</strong></span> 
     </span>
    </p>
   </div>
   <div class='ocr_carea' id='block_1_83' title="bbox 225 4141 1776 4288">
    <p class='ocr_par' dir='ltr' id='par_1_83' title="bbox 225 4141 1776 4288">
     <span class='ocr_line' id='line_1_83' title="bbox 225 4141 1776 4288; baseline 0.012 -92"><span class='ocrx_word' id='word_1_520' title='bbox 225 4141 432 4288; x_wconf 52' lang='lat' dir='ltr'><strong>XXXIX.</strong></span> <span class='ocrx_word' id='word_1_521' title='bbox 457 4149 778 4208; x_wconf 74' lang='lat' dir='ltr'><strong>Exhortatio</strong></span> <span class='ocrx_word' id='word_1_522' title='bbox 829 4153 1096 4211; x_wconf 79' lang='lat' dir='ltr'><strong>teneralis</strong></span> <span class='ocrx_word' id='word_1_523' title='bbox 1130 4171 1227 4226; x_wconf 87' lang='lat' dir='ltr'><strong>pro</strong></span> <span class='ocrx_word' id='word_1_524' title='bbox 1261 4155 1443 4214; x_wconf 88' lang='lat' dir='ltr'><strong>labore</strong></span> <span class='ocrx_word' id='word_1_525' title='bbox 1477 4159 1628 4228; x_wconf 81' lang='lat' dir='ltr'><strong>regni</strong></span> <span class='ocrx_word' id='word_1_526' title='bbox 1667 4173 1776 4213; x_wconf 87' lang='lat' dir='ltr'><strong>coe-</strong></span> 
     </span>
     <span class='ocr_line' id='line_1_84' title="bbox 301 4240 417 4288; baseline 0 0"><span class='ocrx_word' id='word_1_527' title='bbox 301 4240 417 4288; x_wconf 87' lang='lat' dir='ltr'><strong>estis</strong></span> 
     </span>
    </p>
   </div>
   <div class='ocr_carea' id='block_1_84' title="bbox 301 4240 417 4294">
    <p class='ocr_par' dir='ltr' id='par_1_84' title="bbox 301 4240 417 4294">
     <span class='ocr_line' id='line_1_85' title="bbox 301 4240 417 4294; baseline 0.017 -2"><span class='ocrx_word' id='word_1_528' title='bbox 301 4240 417 4294; x_wconf 85' lang='lat' dir='ltr'><strong>estis</strong></span> 
     </span>
    </p>
   </div>
   <div class='ocr_carea' id='block_1_85' title="bbox 1875 4058 3062 4133">
    <p class='ocr_par' dir='ltr' id='par_1_85' title="bbox 1875 4058 3062 4133">
     <span class='ocr_line' id='line_1_86' title="bbox 1875 4058 3062 4133; baseline 0.006 -19"><span class='ocrx_word' id='word_1_529' title='bbox 1875 4058 1971 4114; x_wconf 78' lang='lat' dir='ltr'><strong>Jus</strong></span> <span class='ocrx_word' id='word_1_530' title='bbox 2003 4059 2124 4115; x_wconf 84' lang='lat' dir='ltr'><strong>ﬁdei</strong></span> <span class='ocrx_word' id='word_1_531' title='bbox 2159 4076 2304 4116; x_wconf 69' lang='lat' dir='ltr'><strong>vera:</strong></span> <span class='ocrx_word' id='word_1_532' title='bbox 2326 4063 2606 4133; x_wconf 88' lang='lat' dir='ltr'><strong>compellit</strong></span> <span class='ocrx_word' id='word_1_533' title='bbox 2632 4079 2730 4118; x_wconf 93' lang='lat' dir='ltr'><strong>nos</strong></span> <span class='ocrx_word' id='word_1_534' title='bbox 2757 4065 3062 4133; x_wconf 88' lang='lat' dir='ltr'><strong>perhibere.</strong></span> 
     </span>
    </p>
   </div>
   <div class='ocr_carea' id='block_1_86' title="bbox 1876 4149 3398 4231">
    <p class='ocr_par' dir='ltr' id='par_1_86' title="bbox 1876 4149 3398 4231">
     <span class='ocr_line' id='line_1_87' title="bbox 1876 4149 3398 4231; baseline 0.008 -28"><span class='ocrx_word' id='word_1_535' title='bbox 1876 4149 2008 4204; x_wconf 80' lang='lat' dir='ltr'><strong>Nam</strong></span> <span class='ocrx_word' id='word_1_536' title='bbox 2035 4152 2247 4219; x_wconf 78' lang='lat' dir='ltr'><strong>quoties</strong></span> <span class='ocrx_word' id='word_1_537' title='bbox 2267 4151 2494 4219; x_wconf 87' lang='lat' dir='ltr'><strong>justum,</strong></span> <span class='ocrx_word' id='word_1_538' title='bbox 2535 4155 2906 4219; x_wconf 89' lang='lat' dir='ltr'><strong>metuendum,</strong></span> <span class='ocrx_word' id='word_1_539' title='bbox 2943 4157 3060 4212; x_wconf 90' lang='lat' dir='ltr'><strong>sive</strong></span> <span class='ocrx_word' id='word_1_540' title='bbox 3086 4158 3398 4231; x_wconf 87' lang='lat' dir='ltr'><strong>benignum,</strong></span> 
     </span>
    </p>
   </div>
   <div class='ocr_carea' id='block_1_87' title="bbox 1875 4241 3268 4316">
    <p class='ocr_par' dir='ltr' id='par_1_87' title="bbox 1875 4241 3268 4316">
     <span class='ocr_line' id='line_1_88' title="bbox 1875 4241 3268 4316; baseline 0.006 -22"><span class='ocrx_word' id='word_1_541' title='bbox 1875 4243 1984 4294; x_wconf 80' lang='lat' dir='ltr'><strong>Aut</strong></span> <span class='ocrx_word' id='word_1_542' title='bbox 2012 4241 2212 4310; x_wconf 89' lang='lat' dir='ltr'><strong>aliquid</strong></span> <span class='ocrx_word' id='word_1_543' title='bbox 2239 4241 2345 4296; x_wconf 85' lang='lat' dir='ltr'><strong>tale</strong></span> <span class='ocrx_word' id='word_1_544' title='bbox 2372 4243 2719 4312; x_wconf 87' lang='lat' dir='ltr'><strong>perhibemus</strong></span> <span class='ocrx_word' id='word_1_545' title='bbox 2753 4245 2822 4298; x_wconf 90' lang='lat' dir='ltr'><strong>ab</strong></span> <span class='ocrx_word' id='word_1_546' title='bbox 2849 4243 3268 4316; x_wconf 89' lang='lat' dir='ltr'><strong>Omnipotente;</strong></span> 
     </span>
    </p>
   </div>
   <div class='ocr_carea' id='block_1_88' title="bbox 1878 4328 3223 4404">
    <p class='ocr_par' dir='ltr' id='par_1_88' title="bbox 1878 4328 3223 4404">
     <span class='ocr_line' id='line_1_89' title="bbox 1878 4328 3223 4404; baseline 0.008 -22"><span class='ocrx_word' id='word_1_547' title='bbox 1878 4328 1992 4383; x_wconf 87' lang='lat' dir='ltr'><strong>Non</strong></span> <span class='ocrx_word' id='word_1_548' title='bbox 2019 4340 2197 4384; x_wconf 90' lang='lat' dir='ltr'><strong>tamen</strong></span> <span class='ocrx_word' id='word_1_549' title='bbox 2230 4332 2374 4387; x_wconf 91' lang='lat' dir='ltr'><strong>hunc</strong></span> <span class='ocrx_word' id='word_1_550' title='bbox 2404 4333 2524 4386; x_wconf 88' lang='lat' dir='ltr'><strong>ideo</strong></span> <span class='ocrx_word' id='word_1_551' title='bbox 2555 4334 2632 4387; x_wconf 92' lang='lat' dir='ltr'><strong>sic</strong></span> <span class='ocrx_word' id='word_1_552' title='bbox 2662 4335 2954 4404; x_wconf 79' lang='lat' dir='ltr'><strong>explanare</strong></span> <span class='ocrx_word' id='word_1_553' title='bbox 2980 4337 3223 4393; x_wconf 89' lang='lat' dir='ltr'><strong>valemus</strong></span> 
     </span>
    </p>
   </div>
   <div class='ocr_carea' id='block_1_89' title="bbox 1801 4395 3308 4499">
    <p class='ocr_par' dir='ltr' id='par_1_89' title="bbox 1801 4395 3308 4499">
     <span class='ocr_line' id='line_1_90' title="bbox 1801 4395 3308 4499; baseline 0.007 -22"><span class='ocrx_word' id='word_1_554' title='bbox 1801 4395 1852 4453; x_wconf 70' lang='grc' dir='ltr'><strong>Β</strong></span> <span class='ocrx_word' id='word_1_555' title='bbox 1880 4425 2152 4492; x_wconf 83' lang='lat' dir='ltr'><strong>Quantum</strong></span> <span class='ocrx_word' id='word_1_556' title='bbox 2183 4440 2349 4479; x_wconf 88' lang='lat' dir='ltr'><strong>causa</strong></span> <span class='ocrx_word' id='word_1_557' title='bbox 2379 4426 2547 4495; x_wconf 87' lang='lat' dir='ltr'><strong>petit,</strong></span> <span class='ocrx_word' id='word_1_558' title='bbox 2580 4427 2752 4481; x_wconf 90' lang='lat' dir='ltr'><strong>virtus</strong></span> <span class='ocrx_word' id='word_1_559' title='bbox 2777 4436 2832 4481; x_wconf 92' lang='lat' dir='ltr'><strong>et</strong></span> <span class='ocrx_word' id='word_1_560' title='bbox 2859 4436 3009 4483; x_wconf 90' lang='lat' dir='ltr'><strong>tanta</strong></span> <span class='ocrx_word' id='word_1_561' title='bbox 3040 4441 3308 4499; x_wconf 85' lang='lat' dir='ltr'><strong>meretur;</strong></span> 
     </span>
    </p>
   </div>
   <div class='ocr_carea' id='block_1_90' title="bbox 1882 4513 3068 4586">
    <p class='ocr_par' dir='ltr' id='par_1_90' title="bbox 1882 4513 3068 4586">
     <span class='ocr_line' id='line_1_91' title="bbox 1882 4513 3068 4586; baseline 0.007 -17"><span class='ocrx_word' id='word_1_562' title='bbox 1882 4513 1986 4569; x_wconf 90' lang='lat' dir='ltr'><strong>Sed</strong></span> <span class='ocrx_word' id='word_1_563' title='bbox 2013 4515 2140 4584; x_wconf 90' lang='lat' dir='ltr'><strong>quia</strong></span> <span class='ocrx_word' id='word_1_564' title='bbox 2170 4514 2409 4584; x_wconf 84' lang='lat' dir='ltr'><strong>perfecte</strong></span> <span class='ocrx_word' id='word_1_565' title='bbox 2440 4514 2584 4569; x_wconf 90' lang='lat' dir='ltr'><strong>nulla</strong></span> <span class='ocrx_word' id='word_1_566' title='bbox 2617 4526 2830 4586; x_wconf 78' lang='lat' dir='ltr'><strong>capitur</strong></span> <span class='ocrx_word' id='word_1_567' title='bbox 2855 4519 3068 4578; x_wconf 86' lang='lat' dir='ltr'><strong>ratione</strong></span> 
     </span>
    </p>
   </div>
   <div class='ocr_carea' id='block_1_91' title="bbox 1878 4605 3405 4680">
    <p class='ocr_par' dir='ltr' id='par_1_91' title="bbox 1878 4605 3405 4680">
     <span class='ocr_line' id='line_1_92' title="bbox 1878 4605 3405 4680; baseline 0.003 -19"><span class='ocrx_word' id='word_1_568' title='bbox 1878 4605 2089 4661; x_wconf 83' lang='lat' dir='ltr'><strong>Sullicit</strong></span> <span class='ocrx_word' id='word_1_569' title='bbox 2118 4606 2221 4661; x_wconf 90' lang='lat' dir='ltr'><strong>hoc</strong></span> <span class='ocrx_word' id='word_1_570' title='bbox 2252 4606 2494 4672; x_wconf 90' lang='lat' dir='ltr'><strong>sibimet,</strong></span> <span class='ocrx_word' id='word_1_571' title='bbox 2526 4607 2656 4676; x_wconf 86' lang='lat' dir='ltr'><strong>quid</strong></span> <span class='ocrx_word' id='word_1_572' title='bbox 2687 4617 2871 4663; x_wconf 90' lang='lat' dir='ltr'><strong>nostra</strong></span> <span class='ocrx_word' id='word_1_573' title='bbox 2909 4610 3144 4666; x_wconf 90' lang='lat' dir='ltr'><strong>valentia</strong></span> <span class='ocrx_word' id='word_1_574' title='bbox 3171 4614 3405 4680; x_wconf 72' lang='lat' dir='ltr'><strong>praebet,</strong></span> 
     </span>
    </p>
   </div>
   <div class='ocr_carea' id='block_1_92' title="bbox 1879 4698 3212 4772">
    <p class='ocr_par' dir='ltr' id='par_1_92' title="bbox 1879 4698 3212 4772">
     <span class='ocr_line' id='line_1_93' title="bbox 1879 4698 3212 4772; baseline 0.002 -21"><span class='ocrx_word' id='word_1_575' title='bbox 1879 4698 2032 4752; x_wconf 86' lang='lat' dir='ltr'><strong>Sicut</strong></span> <span class='ocrx_word' id='word_1_576' title='bbox 2065 4699 2349 4764; x_wconf 91' lang='lat' dir='ltr'><strong>clementi,</strong></span> <span class='ocrx_word' id='word_1_577' title='bbox 2380 4713 2487 4754; x_wconf 91' lang='lat' dir='ltr'><strong>non</strong></span> <span class='ocrx_word' id='word_1_578' title='bbox 2521 4706 2775 4768; x_wconf 89' lang='lat' dir='ltr'><strong>tanquam</strong></span> <span class='ocrx_word' id='word_1_579' title='bbox 2813 4698 2970 4755; x_wconf 88' lang='lat' dir='ltr'><strong>ullius</strong></span> <span class='ocrx_word' id='word_1_580' title='bbox 2999 4701 3212 4772; x_wconf 87' lang='lat' dir='ltr'><strong>egenti;</strong></span> 
     </span>
    </p>
   </div>
   <div class='ocr_carea' id='block_1_93' title="bbox 1880 4791 3100 4862">
    <p class='ocr_par' dir='ltr' id='par_1_93' title="bbox 1880 4791 3100 4862">
     <span class='ocr_line' id='line_1_94' title="bbox 1880 4791 3100 4862; baseline -0.001 -13"><span class='ocrx_word' id='word_1_581' title='bbox 1880 4792 2008 4862; x_wconf 82' lang='lat' dir='ltr'><strong>Ejus</strong></span> <span class='ocrx_word' id='word_1_582' title='bbox 2031 4793 2227 4862; x_wconf 87' lang='lat' dir='ltr'><strong>quippe</strong></span> <span class='ocrx_word' id='word_1_583' title='bbox 2255 4793 2375 4848; x_wconf 91' lang='lat' dir='ltr'><strong>sitis</strong></span> <span class='ocrx_word' id='word_1_584' title='bbox 2404 4801 2604 4848; x_wconf 83' lang='lat' dir='ltr'><strong>nostrae</strong></span> <span class='ocrx_word' id='word_1_585' title='bbox 2629 4791 2684 4847; x_wconf 89' lang='lat' dir='ltr'><strong>lit</strong></span> <span class='ocrx_word' id='word_1_586' title='bbox 2715 4807 2880 4847; x_wconf 89' lang='lat' dir='ltr'><strong>causa</strong></span> <span class='ocrx_word' id='word_1_587' title='bbox 2909 4791 3100 4848; x_wconf 85' lang='lat' dir='ltr'><strong>salutis</strong></span> 
     </span>
    </p>
   </div>
   <div class='ocr_carea' id='block_1_94' title="bbox 1879 4880 3172 4950">
    <p class='ocr_par' dir='ltr' id='par_1_94' title="bbox 1879 4880 3172 4950">
     <span class='ocr_line' id='line_1_95' title="bbox 1879 4880 3172 4950; baseline 0.003 -18"><span class='ocrx_word' id='word_1_588' title='bbox 1879 4881 1994 4947; x_wconf 87' lang='lat' dir='ltr'><strong>Qua</strong></span> <span class='ocrx_word' id='word_1_589' title='bbox 2026 4896 2124 4935; x_wconf 90' lang='lat' dir='ltr'><strong>nos</strong></span> <span class='ocrx_word' id='word_1_590' title='bbox 2150 4889 2356 4936; x_wconf 74' lang='lat' dir='ltr'><strong>:eterno</strong></span> <span class='ocrx_word' id='word_1_591' title='bbox 2383 4880 2498 4934; x_wconf 91' lang='lat' dir='ltr'><strong>vult</strong></span> <span class='ocrx_word' id='word_1_592' title='bbox 2529 4891 2713 4936; x_wconf 87' lang='lat' dir='ltr'><strong>secum</strong></span> <span class='ocrx_word' id='word_1_593' title='bbox 2743 4880 2940 4934; x_wconf 89' lang='lat' dir='ltr'><strong>ducere</strong></span> <span class='ocrx_word' id='word_1_594' title='bbox 2970 4895 3172 4950; x_wconf 85' lang='lat' dir='ltr'><strong>regno,</strong></span> 
     </span>
    </p>
   </div>
   <div class='ocr_carea' id='block_1_95' title="bbox 1876 4972 3455 5045">
    <p class='ocr_par' dir='ltr' id='par_1_95' title="bbox 1876 4972 3455 5045">
     <span class='ocr_line' id='line_1_96' title="bbox 1876 4972 3455 5045; baseline 0 -17"><span class='ocrx_word' id='word_1_595' title='bbox 1876 4972 2016 5040; x_wconf 79' lang='lat' dir='ltr'><strong>Nos,</strong></span> <span class='ocrx_word' id='word_1_596' title='bbox 2047 4975 2246 5045; x_wconf 90' lang='lat' dir='ltr'><strong>quibus</strong></span> <span class='ocrx_word' id='word_1_597' title='bbox 2272 4976 2558 5032; x_wconf 90' lang='lat' dir='ltr'><strong>arbitrium</strong></span> <span class='ocrx_word' id='word_1_598' title='bbox 2585 4974 2798 5032; x_wconf 82' lang='lat' dir='ltr'><strong>cOnIert</strong></span> <span class='ocrx_word' id='word_1_599' title='bbox 2820 4973 2872 5027; x_wconf 92' lang='lat' dir='ltr'><strong>in</strong></span> <span class='ocrx_word' id='word_1_600' title='bbox 2901 4983 3133 5043; x_wconf 90' lang='lat' dir='ltr'><strong>utroque</strong></span> <span class='ocrx_word' id='word_1_601' title='bbox 3163 4973 3455 5028; x_wconf 86' lang='lat' dir='ltr'><strong>tenendum</strong></span> 
     </span>
    </p>
   </div>
   <div class='ocr_carea' id='block_1_96' title="bbox 1872 5062 3187 5136">
    <p class='ocr_par' dir='ltr' id='par_1_96' title="bbox 1872 5062 3187 5136">
     <span class='ocr_line' id='line_1_97' title="bbox 1872 5062 3187 5136; baseline -0.004 -18"><span class='ocrx_word' id='word_1_602' title='bbox 1872 5063 1981 5119; x_wconf 81' lang='lat' dir='ltr'><strong>Aut</strong></span> <span class='ocrx_word' id='word_1_603' title='bbox 2007 5075 2275 5136; x_wconf 56' lang='lat' dir='ltr'><strong>praecepta</strong></span> <span class='ocrx_word' id='word_1_604' title='bbox 2301 5069 2406 5134; x_wconf 88' lang='lat' dir='ltr'><strong>sui,</strong></span> <span class='ocrx_word' id='word_1_605' title='bbox 2436 5066 2520 5122; x_wconf 88' lang='lat' dir='ltr'><strong>vel</strong></span> <span class='ocrx_word' id='word_1_606' title='bbox 2540 5077 2662 5122; x_wconf 87' lang='lat' dir='ltr'><strong>vota</strong></span> <span class='ocrx_word' id='word_1_607' title='bbox 2692 5064 2972 5121; x_wconf 86' lang='lat' dir='ltr'><strong>attendere</strong></span> <span class='ocrx_word' id='word_1_608' title='bbox 2996 5062 3187 5118; x_wconf 89' lang='lat' dir='ltr'><strong>nostri.</strong></span> 
     </span>
    </p>
   </div>
   <div class='ocr_carea' id='block_1_97' title="bbox 2409 5174 2924 5234">
    <p class='ocr_par' dir='ltr' id='par_1_97' title="bbox 2409 5174 2924 5234">
     <span class='ocr_line' id='line_1_98' title="bbox 2409 5174 2924 5234; baseline -0.014 -2"><span class='ocrx_word' id='word_1_609' title='bbox 2409 5175 2805 5234; x_wconf 78' lang='lat' dir='ltr'><strong>CAPITULUM</strong></span> <span class='ocrx_word' id='word_1_610' title='bbox 2838 5174 2924 5230; x_wconf 81' lang='lat' dir='ltr'><strong>IV.</strong></span> 
     </span>
    </p>
   </div>
   <div class='ocr_carea' id='block_1_98' title="bbox 1881 5260 3458 5340">
    <p class='ocr_par' dir='ltr' id='par_1_98' title="bbox 1881 5260 3458 5340">
     <span class='ocr_line' id='line_1_99' title="bbox 1881 5260 3458 5340; baseline -0.003 -18"><span class='ocrx_word' id='word_1_611' title='bbox 1881 5267 1991 5324; x_wconf 84' lang='lat' dir='ltr'><strong>Cur</strong></span> <span class='ocrx_word' id='word_1_612' title='bbox 2041 5270 2214 5335; x_wconf 73' lang='lat' dir='ltr'><strong>Deus,</strong></span> <span class='ocrx_word' id='word_1_613' title='bbox 2272 5288 2390 5327; x_wconf 84' lang='lat' dir='ltr'><strong>cum</strong></span> <span class='ocrx_word' id='word_1_614' title='bbox 2440 5271 2522 5340; x_wconf 75' lang='lat' dir='ltr'><strong>sit</strong></span> <span class='ocrx_word' id='word_1_615' title='bbox 2550 5273 2887 5340; x_wconf 76' lang='lat' dir='ltr'><strong>incorporeus</strong></span> <span class='ocrx_word' id='word_1_616' title='bbox 2930 5275 3085 5334; x_wconf 81' lang='lat' dir='ltr'><strong>atque</strong></span> <span class='ocrx_word' id='word_1_617' title='bbox 3123 5260 3458 5340; x_wconf 32' lang='lat' dir='ltr'><strong>Iineﬁ&#39;abtlis,</strong></span> 
     </span>
    </p>
   </div>
   <div class='ocr_carea' id='block_1_99' title="bbox 613 4312 1343 4372">
    <p class='ocr_par' dir='ltr' id='par_1_99' title="bbox 613 4312 1343 4372">
     <span class='ocr_line' id='line_1_100' title="bbox 613 4312 1343 4372; baseline 0.007 -5"><span class='ocrx_word' id='word_1_618' title='bbox 613 4312 807 4368; x_wconf 83' lang='lat' dir='ltr'><strong>CAPI&#39;I</strong></span> <span class='ocrx_word' id='word_1_619' title='bbox 825 4313 1018 4372; x_wconf 81' lang='lat' dir='ltr'><strong>ULUM</strong></span> <span class='ocrx_word' id='word_1_620' title='bbox 1056 4315 1343 4372; x_wconf 74' lang='lat' dir='ltr'><strong>PRIMUM.</strong></span> 
     </span>
    </p>
   </div>
   <div class='ocr_carea' id='block_1_100' title="bbox 431 4398 1530 4479">
    <p class='ocr_par' dir='ltr' id='par_1_100' title="bbox 431 4398 1530 4479">
     <span class='ocr_line' id='line_1_101' title="bbox 431 4398 1530 4479; baseline 0.009 -25"><span class='ocrx_word' id='word_1_621' title='bbox 431 4398 626 4464; x_wconf 78' lang='lat' dir='ltr'><strong>Incipit</strong></span> <span class='ocrx_word' id='word_1_622' title='bbox 655 4404 863 4458; x_wconf 80' lang='lat' dir='ltr'><strong>libellus</strong></span> <span class='ocrx_word' id='word_1_623' title='bbox 886 4406 950 4459; x_wconf 83' lang='lat' dir='ltr'><strong>de</strong></span> <span class='ocrx_word' id='word_1_624' title='bbox 976 4406 1217 4460; x_wconf 82' lang='lat' dir='ltr'><strong>doctrina</strong></span> <span class='ocrx_word' id='word_1_625' title='bbox 1245 4409 1530 4479; x_wconf 76' lang='lat' dir='ltr'><strong>spirituali.</strong></span> 
     </span>
    </p>
   </div>
   <div class='ocr_carea' id='block_1_101' title="bbox 231 4477 1369 4567">
    <p class='ocr_par' dir='ltr' id='par_1_101' title="bbox 231 4477 1369 4567">
     <span class='ocr_line' id='line_1_102' title="bbox 231 4477 1369 4567; baseline 0.012 -29"><span class='ocrx_word' id='word_1_626' title='bbox 231 4477 360 4541; x_wconf 81' lang='lat' dir='ltr'><strong>Sicut</strong></span> <span class='ocrx_word' id='word_1_627' title='bbox 382 4490 454 4544; x_wconf 89' lang='lat' dir='ltr'><strong>ait</strong></span> <span class='ocrx_word' id='word_1_628' title='bbox 484 4491 682 4548; x_wconf 88' lang='lat' dir='ltr'><strong>Paulus</strong></span> <span class='ocrx_word' id='word_1_629' title='bbox 710 4494 895 4549; x_wconf 90' lang='lat' dir='ltr'><strong>divina</strong></span> <span class='ocrx_word' id='word_1_630' title='bbox 927 4495 1044 4564; x_wconf 92' lang='lat' dir='ltr'><strong>lege</strong></span> <span class='ocrx_word' id='word_1_631' title='bbox 1071 4477 1331 4567; x_wconf 86' lang='lat' dir='ltr'><strong>probatus</strong></span> <span class='ocrx_word' id='word_1_632' title='bbox 1357 4518 1369 4552; x_wconf 92' lang='lat'>:</span> 
     </span>
    </p>
   </div>
   <div class='ocr_carea' id='block_1_102' title="bbox 233 4571 1486 4656">
    <p class='ocr_par' dir='ltr' id='par_1_102' title="bbox 233 4571 1486 4656">
     <span class='ocr_line' id='line_1_103' title="bbox 233 4571 1486 4656; baseline 0.01 -28"><span class='ocrx_word' id='word_1_633' title='bbox 233 4571 436 4642; x_wconf 85' lang='lat' dir='ltr'><strong>Spiritus</strong></span> <span class='ocrx_word' id='word_1_634' title='bbox 455 4589 533 4636; x_wconf 90' lang='lat' dir='ltr'><strong>est</strong></span> <span class='ocrx_word' id='word_1_635' title='bbox 558 4583 690 4648; x_wconf 90' lang='lat' dir='ltr'><strong>vita,</strong></span> <span class='ocrx_word' id='word_1_636' title='bbox 719 4599 866 4639; x_wconf 90' lang='lat' dir='ltr'><strong>mors</strong></span> <span class='ocrx_word' id='word_1_637' title='bbox 894 4587 1075 4641; x_wconf 88' lang='lat' dir='ltr'><strong>carnis</strong></span> <span class='ocrx_word' id='word_1_638' title='bbox 1102 4587 1440 4656; x_wconf 89' lang='lat' dir='ltr'><strong>philosophia</strong></span> <span class='ocrx_word' id='word_1_639' title='bbox 1472 4606 1486 4654; x_wconf 91' lang='lat'><strong>;</strong></span> 
     </span>
    </p>
   </div>
   <div class='ocr_carea' id='block_1_103' title="bbox 235 4659 1549 4748">
    <p class='ocr_par' dir='ltr' id='par_1_103' title="bbox 235 4659 1549 4748">
     <span class='ocr_line' id='line_1_104' title="bbox 235 4659 1549 4748; baseline 0.014 -34"><span class='ocrx_word' id='word_1_640' title='bbox 235 4659 348 4720; x_wconf 83' lang='lat' dir='ltr'><strong>Illuc</strong></span> <span class='ocrx_word' id='word_1_641' title='bbox 369 4671 490 4726; x_wconf 84' lang='lat' dir='ltr'><strong>satis</strong></span> <span class='ocrx_word' id='word_1_642' title='bbox 512 4673 704 4729; x_wconf 91' lang='lat' dir='ltr'><strong>imbuti</strong></span> <span class='ocrx_word' id='word_1_643' title='bbox 740 4674 1011 4744; x_wconf 79' lang='lat' dir='ltr'><strong>fugiamus</strong></span> <span class='ocrx_word' id='word_1_644' title='bbox 1043 4680 1292 4748; x_wconf 85' lang='lat' dir='ltr'><strong>dogmata</strong></span> <span class='ocrx_word' id='word_1_645' title='bbox 1333 4681 1549 4746; x_wconf 90' lang='lat' dir='ltr'><strong>mundi,</strong></span> 
     </span>
    </p>
   </div>
   <div class='ocr_carea' id='block_1_104' title="bbox 235 4750 1526 4842">
    <p class='ocr_par' dir='ltr' id='par_1_104' title="bbox 235 4750 1526 4842">
     <span class='ocr_line' id='line_1_105' title="bbox 235 4750 1526 4842; baseline 0.014 -33"><span class='ocrx_word' id='word_1_646' title='bbox 235 4750 290 4842; x_wconf 48' lang='lat' dir='ltr'><strong>fit</strong></span> <span class='ocrx_word' id='word_1_647' title='bbox 306 4757 444 4826; x_wconf 79' lang='lat' dir='ltr'><strong>juxta</strong></span> <span class='ocrx_word' id='word_1_648' title='bbox 463 4765 606 4822; x_wconf 87' lang='lat' dir='ltr'><strong>viros</strong></span> <span class='ocrx_word' id='word_1_649' title='bbox 627 4767 831 4823; x_wconf 89' lang='lat' dir='ltr'><strong>Christi</strong></span> <span class='ocrx_word' id='word_1_650' title='bbox 862 4770 1185 4825; x_wconf 90' lang='lat' dir='ltr'><strong>documenta</strong></span> <span class='ocrx_word' id='word_1_651' title='bbox 1215 4781 1526 4842; x_wconf 89' lang='lat' dir='ltr'><strong>sequentes,</strong></span> 
     </span>
    </p>
   </div>
   <div class='ocr_carea' id='block_1_105' title="bbox 235 4840 1606 4926">
    <p class='ocr_par' dir='ltr' id='par_1_105' title="bbox 235 4840 1606 4926">
     <span class='ocr_line' id='line_1_106' title="bbox 235 4840 1606 4926; baseline 0.014 -29"><span class='ocrx_word' id='word_1_652' title='bbox 235 4840 455 4917; x_wconf 81' lang='lat' dir='ltr'><strong>Quilibet,</strong></span> <span class='ocrx_word' id='word_1_653' title='bbox 474 4868 507 4908; x_wconf 92' lang='lat' dir='ltr'><strong>o</strong></span> <span class='ocrx_word' id='word_1_654' title='bbox 530 4853 718 4920; x_wconf 87' lang='lat' dir='ltr'><strong>lector,</strong></span> <span class='ocrx_word' id='word_1_655' title='bbox 751 4871 912 4925; x_wconf 90' lang='lat' dir='ltr'><strong>quem</strong></span> <span class='ocrx_word' id='word_1_656' title='bbox 937 4858 1160 4926; x_wconf 89' lang='lat' dir='ltr'><strong>spiritus</strong></span> <span class='ocrx_word' id='word_1_657' title='bbox 1193 4840 1395 4913; x_wconf 80' lang='lat' dir='ltr'><strong>excitat</strong></span> <span class='ocrx_word' id='word_1_658' title='bbox 1423 4859 1606 4926; x_wconf 85' lang='lat' dir='ltr'><strong>ardor,</strong></span> 
     </span>
    </p>
   </div>
   <div class='ocr_carea' id='block_1_106' title="bbox 238 4927 1555 5019">
    <p class='ocr_par' dir='ltr' id='par_1_106' title="bbox 238 4927 1555 5019">
     <span class='ocr_line' id='line_1_107' title="bbox 238 4927 1555 5019; baseline 0.009 -29"><span class='ocrx_word' id='word_1_659' title='bbox 238 4927 512 5019; x_wconf 59' lang='lat' dir='ltr'><strong>[pcedamus</strong></span> <span class='ocrx_word' id='word_1_660' title='bbox 538 4942 643 4998; x_wconf 89' lang='lat' dir='ltr'><strong>iter</strong></span> <span class='ocrx_word' id='word_1_661' title='bbox 667 4946 810 5013; x_wconf 91' lang='lat' dir='ltr'><strong>quod</strong></span> <span class='ocrx_word' id='word_1_662' title='bbox 840 4960 940 5000; x_wconf 86' lang='lat' dir='ltr'><strong>nos</strong></span> <span class='ocrx_word' id='word_1_663' title='bbox 967 4947 1125 5002; x_wconf 91' lang='lat' dir='ltr'><strong>docet</strong></span> <span class='ocrx_word' id='word_1_664' title='bbox 1149 4947 1238 5001; x_wconf 91' lang='lat' dir='ltr'><strong>ille</strong></span> <span class='ocrx_word' id='word_1_665' title='bbox 1266 4949 1555 5019; x_wconf 86' lang='lat' dir='ltr'><strong>magister;</strong></span> 
     </span>
    </p>
   </div>
   <div class='ocr_carea' id='block_1_107' title="bbox 240 5015 1454 5094">
    <p class='ocr_par' dir='ltr' id='par_1_107' title="bbox 240 5015 1454 5094">
     <span class='ocr_line' id='line_1_108' title="bbox 240 5015 1454 5094; baseline 0.013 -18"><span class='ocrx_word' id='word_1_666' title='bbox 240 5015 326 5074; x_wconf 77' lang='lat' dir='ltr'><strong>Sed</strong></span> <span class='ocrx_word' id='word_1_667' title='bbox 350 5027 463 5094; x_wconf 88' lang='lat' dir='ltr'><strong>quia</strong></span> <span class='ocrx_word' id='word_1_668' title='bbox 490 5032 782 5088; x_wconf 85' lang='lat' dir='ltr'><strong>credulitas</strong></span> <span class='ocrx_word' id='word_1_669' title='bbox 806 5034 971 5088; x_wconf 91' lang='lat' dir='ltr'><strong>totius</strong></span> <span class='ocrx_word' id='word_1_670' title='bbox 990 5050 1204 5090; x_wconf 89' lang='lat' dir='ltr'><strong>summa</strong></span> <span class='ocrx_word' id='word_1_671' title='bbox 1239 5015 1454 5092; x_wconf 69' lang='lat' dir='ltr'><strong>tenetur</strong></span> 
     </span>
    </p>
   </div>
   <div class='ocr_carea' id='block_1_108' title="bbox 241 5104 1478 5198">
    <p class='ocr_par' dir='ltr' id='par_1_108' title="bbox 241 5104 1478 5198">
     <span class='ocr_line' id='line_1_109' title="bbox 241 5104 1478 5198; baseline 0.019 -38"><span class='ocrx_word' id='word_1_672' title='bbox 241 5104 294 5198; x_wconf 61' lang='lat' dir='ltr'><strong>Iit</strong></span> <span class='ocrx_word' id='word_1_673' title='bbox 315 5119 448 5180; x_wconf 86' lang='lat' dir='ltr'><strong>quasi</strong></span> <span class='ocrx_word' id='word_1_674' title='bbox 478 5122 794 5191; x_wconf 86' lang='lat' dir='ltr'><strong>principium</strong></span> <span class='ocrx_word' id='word_1_675' title='bbox 825 5123 1020 5180; x_wconf 76' lang='lat' dir='ltr'><strong>divina:</strong></span> <span class='ocrx_word' id='word_1_676' title='bbox 1047 5127 1181 5198; x_wconf 87' lang='lat' dir='ltr'><strong>legis</strong></span> <span class='ocrx_word' id='word_1_677' title='bbox 1207 5129 1478 5184; x_wconf 85' lang='lat' dir='ltr'><strong>habetur:</strong></span> 
     </span>
    </p>
   </div>
   <div class='ocr_carea' id='block_1_109' title="bbox 241 5193 1405 5290">
    <p class='ocr_par' dir='ltr' id='par_1_109' title="bbox 241 5193 1405 5290">
     <span class='ocr_line' id='line_1_110' title="bbox 241 5193 1405 5290; baseline 0.02 -39"><span class='ocrx_word' id='word_1_678' title='bbox 241 5193 398 5259; x_wconf 68' lang='lat' dir='ltr'><strong>Isthazc</strong></span> <span class='ocrx_word' id='word_1_679' title='bbox 424 5221 500 5264; x_wconf 85' lang='lat' dir='ltr'><strong>est</strong></span> <span class='ocrx_word' id='word_1_680' title='bbox 523 5214 710 5269; x_wconf 90' lang='lat' dir='ltr'><strong>merito</strong></span> <span class='ocrx_word' id='word_1_681' title='bbox 744 5215 920 5270; x_wconf 89' lang='lat' dir='ltr'><strong>nostri</strong></span> <span class='ocrx_word' id='word_1_682' title='bbox 943 5221 1209 5275; x_wconf 88' lang='lat' dir='ltr'><strong>sermonis</strong></span> <span class='ocrx_word' id='word_1_683' title='bbox 1237 5221 1405 5290; x_wconf 81' lang='lat' dir='ltr'><strong>origo.</strong></span> 
     </span>
    </p>
   </div>
   <div class='ocr_carea' id='block_1_110' title="bbox 738 5325 1214 5340">
    <p class='ocr_par' dir='ltr' id='par_1_110' title="bbox 738 5325 1214 5340">
     <span class='ocr_line' id='line_1_111' title="bbox 738 5325 1214 5340; baseline 0 0"><span class='ocrx_word' id='word_1_684' title='bbox 738 5325 1008 5340; x_wconf 62' lang='lat' dir='ltr'><strong>&quot;An-IIII!-</strong></span> <span class='ocrx_word' id='word_1_685' title='bbox 1035 5329 1130 5340; x_wconf 64' lang='grc'><strong>...-</strong></span> <span class='ocrx_word' id='word_1_686' title='bbox 1172 5330 1214 5340; x_wconf 76' lang='grc'><strong>.-</strong></span> 
     </span>
    </p>
   </div>
  </div>
