3942 5340
2827 176 2906 188 *-

505 207 609 262 iti?
1507 198 1812 260 OTHLONI
1845 197 2153 259 MONACHI
2191 200 2253 261 S.
2291 198 2714 261 EMMERAMMI
3653 207 3758 266 268

505 324 678 378 I’orro
707 321 852 392 quod
879 321 1111 374 humana
1141 318 1383 389 signatur
1410 331 1550 388 saepe
1577 317 1774 387 ﬁgura,

505 413 570 466 Et
602 412 745 482 quod
777 418 1054 477 nostrapte
1086 415 1389 462 commotus
1421 407 1618 462 dicitur
1646 419 1800 470 esse,

483 504 612 634 >Seu
647 517 770 557 cum
801 500 1044 572 placatus
1075 497 1347 552 mutabilis
1378 498 1724 559 insinuatur,‘

509 593 618 634 ΙΙηρ
641 593 871 634 mtmlnm
907 597 1102 634 nnstm
1133 588 1450 634 nerhihelnr
1479 603 1628 634 more.
1659 586 1724 634 Im

509 593 618 649 lioc
641 593 872 663 quodam
907 597 1102 645 nostrte
1133 588 1450 659 perhibetur
1478 603 1628 642 more
1658 585 1902 656 loquelae.

477 682 640 737 ‘Nam
667 682 792 751 quia
827 694 924 750 per
951 678 1198 748 preprios
1228 677 1334 732 erit
1367 676 1716 732 innarrabilis
1743 691 1906 739 usus,

504 775 601 826 Cui
637 788 741 828 non
767 781 852 827 est
881 771 996 836 ira,
1028 771 1114 825 cui
1144 770 1480 841 perturbatio
1509 769 1650 824 nulla
1675 806 1691 834 ,

503 865 588 919 NiI
623 863 707 919 cui
743 862 1037 930 contingit,
1071 862 1164 917 sed
1188 873 1406 932 semper
1437 860 1583 915 idem
1609 867 1760 915 tenet
1785 873 1924 922 esse,

500 955 570 1008 At
599 968 696 1008 nos
727 951 986 1008 mortales
1013 951 1180 1006 variis
1205 950 1487 1007 erroribus
1515 951 1622 1005 acti

501 1042 556 1097 In
586 1041 752 1097 certis
780 1043 944 1096 rebus
973 1042 1211 1095 studium
1243 1039 1493 1095 conferre
1533 1040 1801 1106 solemus,

502 1134 699 1190 Usibus
729 1133 979 1187 humanis
1016 1133 1108 1187 dat
1139 1133 1291 1202 signa
1330 1146 1444 1187 suat
1477 1131 1726 1201 pietatis,

498 1223 557 1279 lu
587 1222 784 1292 quibus
812 1235 1095 1276 assumens
1127 1229 1331 1276 nostrae
1370 1221 1605 1291 speciem
1645 1218 1874 1274 rationis

498 1320 581 1375 Ad
614 1317 1045 1390 cognoscendum
1085 1316 1239 1371 nobis
1271 1325 1545 1384 utcunque
1574 1312 1800 1368 feretur.

502 1415 743 1484 Denique
765 1412 886 1482 quis
910 1411 1186 1465 hominum
1214 1419 1396 1477 posset
1419 1421 1750 1478 cognoscere
1775 1404 2080 1471 Summum,

499 1503 600 1570 Qui
629 1499 1005 1570 superexcedit
1030 1498 1279 1552 humanae
1307 1497 1415 1551 vim
1445 1496 1706 1561 rationis,

497 1593 562 1648 Ni
593 1593 772 1664 specie
796 1607 975 1646 rerum
1006 1589 1336 1644 manifestari
1367 1589 1655 1644 voluisset?

499 1682 704 1738 Idcirco
734 1681 820 1736 his
847 1680 1007 1736 rebus
1032 1680 1106 1733 ita
1133 1694 1191 1735 se
1219 1688 1498 1748 nostrapte
1533 1678 1731 1748 ﬁgurat

497 1769 606 1825 Ceu
638 1769 800 1824 Pater
829 1767 893 1822 ad
926 1776 1079 1822 natos
1107 1767 1250 1822 fandi
1287 1768 1580 1823 mutaverit
1613 1780 1772 1831 usus,

497 1862 633 1917 Dum
659 1862 933 1916 blanditur
960 1861 1037 1914 eis
1067 1861 1248 1930 aliquo
1278 1868 1425 1913 motu
1460 1857 1729 1924 levitatis,

500 1954 568 2008 Ut
594 1970 687 2024 per
715 1954 864 2023 signa
895 1952 1069 2007 sciant
1091 1967 1209 2020 quae
1238 1967 1343 2005 non
1371 1960 1600 2019 possunt
1626 1949 1866 2013 ratione;

495 2041 628 2115 Nam
655 2042 803 2096 velut
831 2040 1056 2104 infanti,
1083 2040 1186 2095 nisi
1217 2040 1388 2107 signis
1414 2039 1575 2093 verba
1608 2046 1891 2108 gerantur,

496 2134 581 2188 Nil
609 2132 814 2189 sentire
844 2133 1034 2198 datur;
1061 2131 1138 2186 sic
1164 2146 1262 2186 nos
1290 2131 1547 2200 quoniam
1579 2131 1905 2200 peregrinis,

496 2224 677 2279 Donec
709 2224 760 2277 in
789 2225 922 2278 orbe
945 2237 1164 2287 sumus,
1195 2221 1492 2276 infantibus
1518 2221 1900 2284 assimilamur,

495 2315 611 2370 Non
644 2315 747 2370 nisi
773 2329 868 2385 per
897 2313 1172 2384 speculum
1211 2313 1414 2367 sentire
1453 2327 1683 2385 superna
1715 2312 1972 2367 valemus.

492 2406 612 2461 Jam
640 2405 684 2459 si
706 2405 1021 2474 linguarum
1057 2403 1170 2457 laus
1201 2411 1462 2458 consonet
1491 2403 1906 2472 omnigenarum

493 2497 612 2551 Non
641 2496 838 2560 colitur
865 2503 1014 2549 recte
1050 2494 1151 2548 nisi
1185 2510 1319 2564 pura
1343 2493 1684 2548 credulitate.

494 2585 664 2651 Quem
691 2584 863 2638 fateor
893 2591 1071 2637 mente
1096 2596 1259 2650 supra
1287 2581 1428 2649 quod
1457 2581 1656 2634 dicitur
1680 2596 1800 2635 esse

496 2675 621 2728 Sola
654 2674 788 2729 ﬁdes
818 2673 1034 2742 recipit,
1061 2671 1202 2740 quod
1235 2670 1413 2724 nullus
1444 2685 1624 2724 sermo
1652 2669 1870 2724 valebit.

1032 2759 1429 2815 CAPITULUM
1489 2759 1552 2814 V.

748 2851 902 2918 Quod
940 2850 1069 2920 ﬁdes
1096 2853 1208 2906 sine
1237 2852 1475 2922 operibus
1515 2862 1720 2906 mortua
1747 2853 1832 2907 sit.

499 2943 624 2998 Ilaec
653 2943 726 2995 ita
757 2940 1038 2996 confessus
1071 2956 1279 2996 morum
1311 2949 1466 3011 potes
1499 2941 1697 2996 addere
1725 2957 1970 3012 gressus,

499 3035 601 3088 Per
628 3049 764 3104 quos
789 3033 892 3087 rite
922 3034 1068 3102 sapis
1096 3047 1215 3102 qua:
1245 3040 1317 3086 snt
1351 3032 1596 3087 doctrina
1628 3034 1829 3088 suavis.

493 3125 629 3182 Nam
660 3127 720 3181 ﬁt
749 3142 884 3181 vana
914 3128 1076 3190 ﬁdes,
1108 3141 1172 3180 ex
1204 3125 1307 3180 hac
1335 3126 1379 3180 si
1410 3133 1561 3196 gesta
1589 3126 1826 3192 recidcs;

492 3223 570 3275 Ac
601 3219 798 3274 frustra
828 3218 1037 3284 credis,
1068 3219 1113 3272 si
1147 3218 1352 3273 credita
1394 3231 1500 3271 non
1527 3218 1792 3286 operaris.

494 3312 695 3365 Verum
731 3309 1009 3364 daamoniis
1040 3324 1103 3364 ex
1140 3308 1242 3362 hoc
1279 3307 1456 3368 studio
1484 3307 1773 3372 similaris,

493 3402 595 3469 Qui
629 3399 873 3456 facienda
907 3401 1112 3464 sciunt,
1145 3398 1239 3452 sed
1275 3397 1330 3452 in
1362 3397 1510 3452 omni
1542 3413 1692 3452 more
1723 3399 2000 3454 resistunt.

494 3495 814 3563 Propterea,
847 3491 950 3556 ﬁli,
989 3508 1110 3562 quae
1139 3491 1355 3560 profero
1381 3491 1591 3545 cautius
1620 3492 1742 3545 audi
1780 3509 1793 3544 :

494 3585 594 3650 Qui
625 3584 723 3639 tibi
753 3583 844 3637 dat
876 3593 1066 3649 totum,
1097 3583 1162 3636 de
1191 3591 1240 3635 te
1267 3596 1482 3650 quoque
1511 3581 1707 3649 quaerit
1737 3581 1966 3650 idipsum
1987 3621 2002 3643 ,

495 3675 718 3732 Scilicet
751 3683 812 3726 ut
835 3673 1066 3741 primum
1095 3672 1216 3726 ﬁdei
1245 3672 1430 3740 capias
1458 3671 1877 3735 documentum,

493 3767 630 3822 Exin
651 3765 895 3836 jungaris
921 3763 1020 3817 sibi
1049 3762 1496 3816 convenientibus
1524 3762 1681 3816 actis.

493 3857 578 3911 Nil
602 3870 738 3925 opus
765 3855 970 3922 absque
999 3852 1132 3916 ﬁde,
1164 3865 1262 3905 nec
1297 3850 1592 3906 credulitas
1618 3851 1734 3906 sine
1769 3848 1931 3906 facto.

495 3947 592 4001 His
619 3946 781 4017 igitur
807 3943 966 3998 dictis
993 3941 1229 3997 breviter
1260 3941 1388 3996 licet
1415 3948 1532 3996 esto
1562 3941 1764 4004 ﬁdelis,

493 4039 672 4108 Atque
700 4036 896 4091 dehinc
921 4035 1042 4088 audi
1072 4049 1230 4089 sensu
1253 4072 1268 4098 ,
1296 4047 1510 4103 precor,
1546 4032 1827 4096 interiori,

495 4137 626 4194 Quae
650 4129 732 4185 lex
760 4127 1019 4182 virtutum
1039 4165 1054 4190 ,
1083 4125 1226 4194 quod
1258 4125 1329 4178 sit
1364 4123 1484 4178 ﬁdei
1516 4137 1730 4192 quoque
1767 4132 1996 4176 scutum.

498 4222 633 4277 Nam
665 4236 829 4291 super
854 4220 940 4274 his
959 4219 1124 4273 etiam
1153 4230 1400 4272 sermone
1426 4215 1574 4268 brevi
1609 4214 1701 4267 tibi
1734 4214 1930 4268 dicam.

497 4311 604 4368 Sed
632 4311 886 4380 quoniam
916 4308 1035 4361 ﬁdei
1069 4321 1192 4376 spes
1218 4305 1658 4378 proximadcbet
1687 4303 1910 4366 haberi,

491 4401 636 4456 Hinc
663 4400 880 4470 aliquod
914 4400 1135 4453 verbum
1170 4413 1292 4452 reor
1326 4413 1445 4451 esse
1475 4396 1626 4466 prius
1655 4394 1996 4468 referendum
2021 4432 2035 4448 .

497 4489 662 4557 Cujus
691 4490 758 4543 ab
789 4487 1004 4542 indiciis
1041 4487 1242 4541 sentire
1270 4487 1552 4565 sequentia
1582 4486 1790 4556 possis,

497 4579 769 4649 Perrquod
800 4576 1103 4632 etedoctus
1125 4578 1309 4644 capias
1334 4579 1558 4634 exordia
1592 4577 1782 4646 majus.

1015 4665 1432 4721 CAPITULL‘M.
1462 4666 1547 4720 Vl.

1069 4756 1142 4812 De
1181 4774 1268 4826 spe
1307 4757 1466 4813 caelos
1479 4759 1516 4812 ἰ.

494 4850 631 4910 Cum
659 4851 1129 4920 necdum-Supina,
1157 4849 1290 4905 nihil
1322 4851 1652 4922 impossibile
1682 4853 1847 4906 dicas.

491 4941 577 5010 ,ΝΘ
603 4944 860 4997 detrahas
907 4942 979 4995 illi
1010 4941 1095 4996 cui
1129 4951 1326 4996 cuncta
1359 4941 1616 4996 facillima
1646 4951 1926 5007 constant,

495 5030 566 5087 Et
591 5033 682 5102 qui
713 5032 781 5086 de
810 5031 974 5086 nihilo
1005 5038 1174 5084 totum
1204 5031 1488 5100 plasmavit
1521 5031 1574 5084 in
1603 5031 1738 5099 ipso,

496 5125 706 5195 Quique
729 5124 877 5179 dabit
901 5126 1112 5192 cunctis
1140 5133 1201 5178 ut
1229 5125 1280 5178 iu
1311 5124 1428 5193 ipso
1457 5123 1640 5176 vivere
1662 5121 1890 5189 possint.

496 5215 661 5270 Extra
689 5232 750 5272 se
777 5231 907 5288 ergo
935 5215 1084 5282 locus
1113 5215 1326 5286 vivendi
1351 5229 1458 5268 non
1487 5213 1594 5266 erit
1618 5210 1775 5264 ullus.

496 5303 629 5340 Nam
661 5304 753 5340 Iihi
813 5305 1056 5340 nnicnnic
1081 5305 1187 5340 Aria
1249 5303 1339 5340 ιιιιί
1373 5310 1550 5340 Innlnn
1583 5301 1658 5340 ein
1689 5297 1967 5340 mmlimris

2116 319 2166 378 Α
2195 315 2306 370 liae
2333 317 2496 371 etiam
2522 331 2686 372 causa
2714 317 2892 372 veniet
2919 317 3143 374 tentatio
3172 325 3321 375 tanta

2189 407 2258 463 Ut
2287 408 2686 477 blasphemetur
2707 408 2989 465 clementia
3021 409 3256 480 Spiritus
3283 410 3434 476 almt,

2187 495 2254 550 Et
2281 513 2388 550 non
2423 512 2546 552 esse.
2569 499 2706 552 Dens
2737 506 3000 554 tractetur
3029 500 3167 568 apud
3195 500 3489 556 sceleratos

2186 587 2326 643 Ante
2352 588 2540 657 procul
2565 588 2727 644 dubio
2761 605 2921 659 quam
2956 589 3270 645 destituaris
3297 589 3366 644 ab
3394 590 3484 646 illo
3505 631 3520 657 ,

2187 675 2286 742 Qui
2315 678 2480 732 Pater
2503 679 2846 748 omnipotens
2869 719 2883 743 ,
2913 680 3003 748 qui
3037 694 3160 750 spes
3184 690 3267 735 est
3296 682 3455 735 unica
3483 681 3621 738 vitae.

2185 769 2427 824 Arbitrio
2450 770 2670 840 proprio
2691 771 2784 825 tibi
2806 780 3028 824 mortem
3057 771 3412 840 proposuisti,

2189 859 2341 916 Unde
2374 861 2546 916 libens
2571 872 2725 933 gusta
2751 878 2869 931 qua}
2897 863 3002 916 sint
3031 863 3349 918 suavissima
3382 875 3570 936 gesta,

2186 952 2265 1008 Ac
2293 952 2416 1022 quis
2439 962 2727 1022 provectus
2756 953 2919 1008 divini
2951 953 3302 1025 discipulatus

2188 1039 2308 1096 Mox
2337 1041 2549 1095 virtutis
2577 1057 2712 1112 opus
2748 1057 2896 1110 spem
2920 1031 3246 1113 perpetuam
3277 1044 3371 1098 tibi
3404 1053 3626 1114 przestat

2188 1131 2254 1186 Et
2283 1131 2470 1187 vivens
2505 1131 2722 1188 Christo
2753 1145 2866 1188 stas
2895 1133 3235 1189 conﬁdenter
3264 1135 3319 1190 in
3342 1135 3484 1190 inso.

2702 1224 3099 1282 CAPITULUM
3141 1226 3250 1282 VII.

2536 1316 2612 1370 De
2650 1318 2922 1372 dilectione
2955 1318 3048 1373 Dei
3075 1329 3121 1372 et
3163 1321 3412 1389 proximi.

2185 1406 2314 1463 Esto
2344 1407 2437 1462 Dei
2462 1408 2660 1472 cultor,
2691 1408 2786 1462 sed
2819 1417 2875 1462 et
2904 1409 3022 1478 ejus
3053 1425 3210 1463 verus
3238 1420 3452 1466 amator

2185 1496 2338 1552 Hunc
2366 1497 2526 1552 nimis
2549 1497 2754 1554 intente
2781 1513 2905 1552 cum
2937 1506 3047 1554 tota
3078 1499 3240 1570 dilige
3274 1510 3459 1557 mente

2186 1587 2404 1644 Scilicet
2430 1597 2487 1644 ut
2514 1590 2669 1645 labiis
2695 1593 2988 1648 concordet
3015 1593 3240 1662 Spiritus
3269 1594 3467 1650 omnis.

2108 1675 2157 1740 B
2185 1677 2268 1733 Sit
2301 1679 2393 1734 tibi
2421 1695 2664 1734 summus
2693 1696 2865 1746 arnor,
2901 1683 3029 1736 totis
3057 1697 3120 1735 ex
3156 1683 3362 1738 viribus
3388 1684 3574 1748 ardor,

2183 1770 2431 1836 Qualiter
2462 1772 2606 1826 hunc
2634 1771 2856 1839 laudes,
2889 1773 2978 1843 qui
3003 1771 3168 1841 judex
3207 1783 3290 1830 est
3323 1790 3488 1844 super
3512 1791 3729 1841 onmcs,

2184 1861 2350 1916 Totus
2381 1862 2580 1933 ubique
2619 1878 2874 1928 manens,
2910 1873 3077 1918 totum
3124 1866 3225 1920 sub
3247 1866 3370 1935 jure
3405 1868 3725 1923 recondens.

2181 1951 2298 2007 Non
2322 1953 2456 2008 alias
2487 1953 2578 2007 ulli
2604 1953 2902 2008 laudandus
2930 1955 3086 2010 adest
3113 1955 3334 2018 rationi,

2184 2043 2334 2099 Mens
2359 2044 2462 2099 nisi
2497 2046 2685 2100 devota
2714 2046 2930 2101 studeat
2953 2061 3266 2116 praeponere
3303 2047 3446 2101 nulla

2184 2134 2416 2190 Servilio
2448 2136 2572 2200 tali,
2605 2137 2749 2205 quod
2779 2137 2971 2191 debeat
3002 2135 3393 2207 Omnipotenti.

2183 2225 2280 2280 llic
2310 2226 2467 2279 timor
2498 2227 2806 2281 estDomini
2834 2227 3134 2281 servandus
3162 2242 3346 2282 amore
3369 2242 3618 2297 pereunt,

2183 2318 2249 2372 Et
2274 2317 2359 2370 via
2386 2316 2610 2372 cultura:
2629 2356 2643 2382 ,
2671 2331 2831 2385 quam
2862 2317 2951 2372 lex
2980 2317 3139 2372 docet
3166 2325 3330 2386 atque
3361 2318 3635 2386 pmphctze

2181 2406 2397 2461 Audisti
2430 2405 2697 2474 primum,
2731 2420 2873 2459 nunc
2903 2406 3124 2459 auribus
3149 2407 3284 2460 adde
3313 2405 3643 2471 secundum,

2181 2495 2332 2562 Quod
2363 2510 2458 2565 par
2489 2495 2615 2548 huic
2644 2493 2815 2550 fertur
2845 2494 3117 2564 similique
3153 2503 3338 2549 tenore
3359 2495 3585 2564 jubetur
3615 2509 3632 2548 :

2183 2586 2399 2656 Diligito
2427 2585 2684 2648 fratrem,
2716 2585 2857 2639 sicut
2897 2594 2949 2637 te
2983 2584 3194 2654 diligis,
3223 2599 3462 2637 omnem.

2181 2677 2252 2730 At
2276 2678 2320 2731 si
2351 2677 2652 2745 qumsicris,
2681 2691 2840 2744 quem
2869 2675 3042 2729 dicam
3079 2675 3296 2728 nomine
3328 2672 3552 2728 fratris?

2182 2766 2262 2820 En
2300 2765 2422 2822 ﬁdei
2455 2767 2633 2821 socius
2659 2765 2826 2820 frater
2856 2775 2980 2820 tuus
3003 2775 3164 2833 atque
3195 2763 3562 2833 propinquus,

2184 2855 2356 2912 Unius
2385 2857 2637 2911 Ecclesiae
2667 2858 2792 2926 quia
2822 2856 2970 2910 fonte
3007 2865 3232 2910 renatus
3263 2863 3517 2922 uterque.

2183 2949 2335 3015 Quod
2367 2947 2462 3001 tibi
2493 2948 2574 3000 vis
2603 2946 2718 3000 ﬁeri
2758 2947 2960 3002 tribuas
2991 2945 3272 3015 aequaliter
3301 2943 3471 2999 omni.

2107 3013 2154 3077 (ἶ
2185 3013 2406 3092 Ilostem
2439 3051 2533 3106 per
2564 3036 2850 3090 Dominum
2883 3035 2974 3091 sed
3006 3013 3071 3091 et
3094 3035 3146 3090 in
3179 3051 3237 3089 se
3270 3033 3434 3105 dilige
3462 3034 3716 3087 charum.

2183 3128 2315 3183 Nam
2344 3127 2535 3182 delicta
2571 3127 2697 3190 tibi,
2730 3128 2773 3181 si
2804 3136 2856 3180 tu
2885 3126 3155 3181 dimiseris
3183 3124 3358 3178 hosti:

2182 3220 2240 3273 Si
2273 3235 2378 3273 non
2408 3218 2508 3271 ista
2538 3217 2673 3271 facis
2695 3258 2708 3282 ,
2741 3232 2846 3271 non
2877 3232 3063 3271 servas
3093 3215 3296 3269 fuadera
3325 3215 3502 3286 pacis.

2676 3306 3073 3364 CAPITULUM
3135 3304 3266 3359 VIII.

2701 3420 2708 3428 ·
2745 3399 2822 3454 De
2873 3400 3189 3454 humilitate.

2178 3494 2665 3563 Quantumcunque
2695 3507 2860 3562 queas
2891 3502 3209 3547 mansuetus
3247 3492 3298 3546 in
3339 3491 3601 3546 omnibus
3629 3499 3763 3553 esto,

2178 3584 2245 3638 Et
2271 3594 2444 3638 tecum
2479 3593 2650 3637 tracta
2677 3583 2872 3636 mentis
2907 3583 3121 3637 cervice
3148 3582 3374 3637 subacta

2178 3675 2317 3741 Quid
2345 3684 2507 3744 queat
2537 3675 2694 3728 ullius
2727 3674 2944 3742 impune
2976 3675 3227 3742 superbia
3261 3673 3440 3729 carnis
3460 3713 3475 3738 ,

2169 3767 2405 3834 ‘Quando
2430 3781 2526 3836 per
2553 3767 2690 3822 hanc
2715 3766 2896 3836 lapsus
2921 3767 3279 3837 arehangelus
3306 3776 3390 3821 est
3420 3769 3760 3835 reprobatns.

2176 3857 2315 3914 Ecce
2343 3860 2486 3929 quod
2513 3860 2601 3915 hic
2630 3859 2828 3915 cecidit
2853 3860 2944 3929 qui
2981 3859 3072 3914 tali
3101 3860 3307 3916 lumine
3341 3859 3493 3916 fulsit

2179 3946 2250 4003 Ut
2275 3948 2438 4002 divini
2462 3949 2641 4018 operis
2664 3947 3208 4019 praecellentissimus
3221 3958 3396 4014 esset;

2178 4039 2290 4092 IIoc
2318 4039 2388 4092 sit
2425 4039 2491 4091 ad
2522 4036 2826 4106 exemplum
2854 4051 3068 4107 semper
3091 4040 3225 4092 satis
3252 4038 3505 4093 omnibus
3541 4054 3710 4092 unum

2175 4128 2366 4182 Infelix
2399 4143 2561 4182 causa
2589 4167 2603 4191 ,
2631 4143 2751 4196 quae
2781 4136 2989 4182 tantum
3023 4128 3212 4182 mersit
3240 4128 3293 4182 in
3326 4129 3430 4182 ima

2176 4217 2284 4272 Cur
2313 4218 2497 4286 igitur,
2527 4217 2728 4286 pulvis,
2758 4203 2948 4285 mqttali
2981 4231 3131 4272 more
3157 4217 3443 4287 superbis?

2103 4347 2151 4408 υ
2178 4307 2343 4361 Ferre
2355 4316 2582 4376 putasne
2608 4305 2798 4367 lutum,
2821 4307 2963 4374 quod
2979 4321 3081 4360 nec
3097 4307 3500 4375 potuitquoque
3525 4304 3763 4361 ferrum!

2178 4398 2361 4463 Disce,
2397 4398 2580 4462 miser,
2613 4397 2758 4452 disce
2783 4397 2912 4466 quid
2958 4397 3129 4466 possit
3157 4398 3328 4469 gloria
3358 4404 3548 4461 terrae,

2178 4486 2312 4543 Cum
2343 4488 2515 4542 virtus
2541 4487 2664 4541 coeli
2685 4527 2699 4552 ,
2731 4487 2946 4555 delapsa
2973 4497 3117 4541 statu
3147 4486 3402 4552 deitatis,

2083 4610 2086 4611 ν
2181 4576 2400 4632 Viribus
2427 4586 2479 4630 et
2505 4576 2741 4647 propriis
2770 4575 3049 4634 conﬁdens
3077 4586 3224 4633 stare
3255 4577 3528 4646 nequivit;

2085 4703 2087 4706 ‹
2183 4668 2290 4725 Sed
2319 4668 2480 4722 rebus
2508 4667 2726 4736 quantis
2755 4675 2937 4735 pateat
2964 4666 3232 4724 sententia
3263 4666 3401 4722 talis.

2183 4759 2308 4813 Haec
2339 4758 2691 4812 mansuetudo
2720 4770 2820 4812 nec
2854 4758 3174 4826 degustatur
3196 4760 3266 4813 ab
3296 4756 3436 4821 ullo,

2181 4847 2246 4901 Ni
2272 4848 2426 4902 labor
2450 4846 2697 4900 assiduus
2729 4846 2972 4902 carnales
2997 4855 3198 4901 atterat
3227 4855 3408 4902 aestus.

2084 4985 2089 4990 .
2181 4935 2276 4990 Vis
2307 4935 2421 4989 ﬁeri
2458 4935 2640 4988 mitis?
2669 4935 2994 4989 desiderium
3027 4935 3150 5008 fuge
3178 4935 3356 4990 carnis
3389 4953 3403 4988 :

2180 5022 2298 5078 Non
2329 5022 2468 5077 alius
2499 5038 2628 5093 ergo
2652 5025 2853 5092 poteris
2879 5025 2995 5078 fore
3025 5034 3243 5093 pectore
3273 5037 3463 5094 prono.

2700 5113 3096 5170 CAPITULUM
3143 5114 3214 5170 IX

2781 5204 2858 5260 De
2881 5205 3154 5274 patientia.

2177 5298 2360 5340 Ralm:
2389 5300 2441 5340 in
2475 5299 2719 5340 adversi:
2747 5312 2816 5340 np.
2846 5307 3025 5340 mntnq
3059 5297 3394 5340 ήρςιίιιιειιυις-
