3942 5340
190 325 290 382 269

195 445 256 498 Et
282 439 470 497 nullus
494 456 622 497 vere
649 442 850 512 poterit
876 458 972 498 sua
1002 440 1179 498 debita
1212 438 1372 506 ﬂere,

193 534 254 588 Ni
282 535 438 604 prius
465 549 528 589 ex
553 534 675 590 aliis
699 535 843 589 illata
881 535 1056 590 libens
1087 535 1352 606 patiatur.

194 623 274 676 Nil
304 623 560 690 quoniam
592 625 828 693 patimur
855 625 998 693 quod
1031 641 1137 680 non
1166 625 1455 696 aliquando
1479 631 1776 682 meremur.

193 716 258 768 At
284 715 329 768 si
354 715 480 783 quis
505 715 710 783 patitur
737 717 879 786 quod
908 732 966 771 se
995 732 1100 771 non
1125 717 1249 785 jure
1275 717 1494 784 fatetur,

195 802 300 857 Hoc
333 803 564 858 dicendo
594 803 749 859 nefas
781 805 1068 860 Dominum
1099 815 1328 862 testatur
1355 807 1598 876 iniquum
1618 845 1634 874 ,

195 895 288 962 Qui
314 904 528 950 constat
553 895 884 964 solusjudex
916 911 1080 967 super
1103 898 1284 952 omnia
1317 897 1498 967 justus

194 988 427 1058 Denique
455 989 531 1042 nil
557 988 766 1057 justum
793 1029 808 1055 ,
837 989 939 1042 nisi
972 989 1115 1058 quod
1141 990 1458 1058 perhibetur
1483 987 1550 1042 ad
1579 988 1776 1059 ipsum.

719 1078 1123 1134 CAPITULUM
1173 1078 1242 1133 Χ.

687 1171 762 1226 De
797 1173 1054 1226 orationis
1101 1171 1256 1225 modo

195 1265 274 1322 Sis
301 1263 427 1335 vigil
468 1264 522 1319 in
555 1266 807 1335 precibus
830 1274 884 1318 et
911 1266 977 1318 ad
1005 1264 1105 1318 bas
1136 1278 1350 1334 semper
1377 1262 1669 1318 studiosus.

195 1357 316 1411 Nam
347 1356 481 1410 nulli
515 1356 629 1409 sola
659 1355 912 1425 poscendi
944 1353 1141 1409 sufﬁcit
1173 1355 1303 1407 hora
1325 1393 1339 1416 ,

195 1448 287 1503 Sed
314 1447 488 1517 magis
519 1447 797 1501 incassum
834 1445 1002 1500 fuerit
1033 1458 1212 1499 metus
1239 1443 1539 1507 labiorum,

197 1541 250 1594 Ni
277 1554 490 1608 quoque
520 1554 653 1593 cura
684 1540 861 1608 precis
889 1537 1140 1591 firmetur
1169 1537 1410 1590 moribus
1439 1535 1598 1604 aptis.

196 1629 367 1686 Omnis
395 1630 546 1684 enim
581 1644 810 1698 poscens
837 1645 939 1699 par
965 1637 1050 1683 est
1075 1635 1133 1681 ut
1153 1667 1167 1691 ,
1197 1627 1243 1681 si
1271 1627 1386 1696 ipse
1411 1633 1648 1694 petatur,

198 1722 448 1788 Quantum
477 1723 562 1774 vis
590 1731 838 1792 praestat,
867 1722 956 1776 alii
987 1719 1272 1776 tribuendo
1298 1717 1584 1788 rependat.

200 1813 382 1883 Hisque
411 1813 594 1867 modis
621 1821 806 1867 certus
835 1812 1009 1882 possit
1037 1823 1258 1880 sperare
1277 1807 1525 1878 petenda.

199 1903 297 1959 Non
325 1904 503 1972 ignota
537 1903 752 1971 loquor,
774 1902 1029 1970 quoniam
1065 1899 1272 1954 morale
1301 1907 1537 1960 tenetur,

200 1993 258 2048 Ut
278 2009 425 2064 quem
455 1994 695 2064 quisque
721 1994 877 2064 petit,
915 1993 1033 2062 ejus
1061 2008 1278 2062 quoque
1303 2003 1426 2045 vota
1453 1997 1715 2060 sequatur

199 2081 317 2137 Ecce
344 2082 464 2150 quis
490 2083 711 2153 ignorat
739 2083 865 2152 quia
896 2091 1218 2137 cunctorum
1258 2081 1590 2145 moderator,

201 2174 392 2227 Arbiter
415 2181 657 2228 aeternus
678 2216 692 2237 ,
726 2188 849 2227 cum
881 2172 1186 2227 sitnullius
1211 2185 1416 2242 egenus
1433 2210 1449 2236 ,

198 2261 485 2332 Oinnigenis
516 2265 775 2333 precibus
804 2265 1139 2320 incessanter
1165 2272 1322 2334 rogat
1348 2277 1572 2328 omnes,

204 2351 261 2409 Ut
279 2355 412 2409 vitiis
437 2355 646 2424 spretis
672 2353 783 2423 iam
811 2362 1198 2410 convertamur
1225 2355 1292 2409 ad
1329 2354 1526 2424 ipsum.

203 2445 292 2500 Sed
317 2447 572 2514 precibus
605 2447 774 2502 tantis
799 2447 846 2501 si
873 2459 979 2500 non
1008 2446 1342 2500 intendimus
1376 2458 1564 2512 atque,

202 2527 450 2604 Quomodo
477 2551 607 2608 quae
630 2538 867 2608 petimus
895 2552 1137 2608 unquam
1173 2550 1396 2606 sperare
1423 2532 1701 2589 valemus?

203 2628 251 2682 Si
275 2645 462 2698 pauper
488 2631 644 2684 socio
665 2670 679 2694 ,
708 2629 751 2684 si
779 2630 1009 2699 quisque
1030 2628 1293 2699 probatus
1323 2624 1529 2683 amico.

205 2720 445 2775 Exhibitis
473 2721 644 2776 rebus
663 2760 677 2786 ,
706 2732 900 2776 curant
929 2722 1240 2790 impendere
1269 2716 1477 2782 foedus,

207 2805 266 2865 Ut
286 2824 391 2864 vice
416 2816 670 2866 votorum
699 2811 835 2866 certi
865 2811 974 2864 sint
1002 2813 1069 2863 ad
1108 2807 1448 2877 rogitandum

205 2899 369 2953 Cordis
391 2910 694 2966 scrutator,
720 2901 805 2956 cui
840 2900 1082 2954 materiae
1108 2898 1402 2960 similatur,

208 2989 260 3042 Et
281 2990 411 3045 Deus
441 2991 769 3057 immensus,
793 2991 922 3062 quid
953 3004 1110 3059 posse
1141 2989 1224 3044 vel
1256 3003 1376 3042 esse
1401 2996 1645 3057 putatur,

204 3079 351 3146 Quod,
377 3082 520 3136 velut
552 3093 819 3153 exceptus
844 3083 1070 3136 rationis
1091 3082 1159 3134 ab
1185 3081 1377 3135 ordine
1399 3079 1568 3146 solus,

205 3170 398 3226 Ostensu
427 3172 668 3243 quodam
698 3160 982 3244 reputatur
1009 3171 1111 3226 rite
1140 3171 1318 3240 rogari
1345 3171 1368 3223 Τ

206 3261 271 3316 Ah
289 3264 449 3332 qualis
474 3264 652 3318 ratio!
683 3265 818 3333 proh
843 3279 1004 3333 quam
1033 3271 1396 3332 praeposterus
1417 3263 1575 3328 ordo,

206 3353 402 3418 Quando
428 3363 708 3410 creaturae
737 3354 998 3408 Dominus
1021 3354 1364 3423 postponitur
1385 3353 1564 3406 omni!

207 3439 400 3501 Tractus
427 3448 572 3502 hunc
608 3456 760 3502 certe
782 3446 928 3499 velut
951 3453 1238 3515 exceptum
1269 3443 1478 3498 ratione

208 3533 432 3606 Quodque
458 3535 617 3592 nefas
647 3537 817 3602 dictu,
843 3535 939 3591 ceu
963 3543 1294 3606 postremum
1320 3535 1456 3588 colis
1484 3543 1631 3601 actu,

207 3623 319 3678 Cum
345 3613 568 3694 puscens
596 3627 873 3681 hominem
895 3625 1076 3695 precis
1107 3624 1378 3693 impendis
1401 3624 1502 3678 sibi
1534 3623 1728 3694 legem,

207 3713 351 3781 Quam
374 3719 546 3773 minus
569 3717 811 3788 impendi
844 3716 1147 3772 decreveris
1173 3713 1545 3784 Omnipoteuti

209 3804 314 3872 Eius
328 3805 530 3876 judicio
557 3807 689 3876 quid
721 3806 783 3861 llt
813 3805 1138 3876 quandoque
1164 3815 1354 3859 severo

209 3895 316 3949 Cum
338 3899 486 3953 modo
513 3897 758 3953 convicti
786 3896 997 3951 ratione
1013 3895 1125 3949 oris
1152 3908 1368 3963 quoque
1397 3895 1567 3949 nostri

210 3984 314 4041 Plus
336 3988 680 4042 simulatores
711 3986 992 4040 videamur
1019 4001 1184 4055 quam
1213 3985 1585 4053 deprecantes,

211 4073 258 4128 Si
283 4076 402 4132 nihil
425 4079 474 4132 in
500 4079 670 4133 rebus
692 4076 980 4131 Dominum
1017 4075 1255 4145 rogitare
1285 4073 1536 4140 velimus,

211 4162 264 4214 Et
285 4166 414 4234 quod
436 4166 621 4237 lingua
645 4174 830 4231 sonat,
861 4165 1020 4220 aliter
1042 4179 1143 4218 vox
1173 4163 1361 4216 intima
1385 4159 1634 4233 promat?

213 4251 339 4311 Unde
356 4269 499 4327 putat
527 4274 692 4314 nemo
725 4259 1009 4313 Dominum
1041 4271 1291 4327 poscens,
1315 4254 1620 4310 simulando

211 4344 298 4398 Aut
317 4351 575 4414 exaudiri,
606 4349 690 4403 vel
725 4349 1016 4417 quidquam
1045 4361 1204 4418 posse
1225 4345 1444 4401 mereri.

214 4435 372 4497 Nonne
400 4445 530 4498 satis
561 4445 782 4514 dignum
815 4443 1026 4498 cunctis
1059 4443 1380 4498 mortalibus
1406 4450 1584 4497 exstat

213 4528 338 4596 Quod
359 4545 546 4604 prieter
573 4535 726 4604 legis,
754 4547 959 4588 necnon
988 4534 1256 4602 praeconia
1278 4541 1486 4597 vatum,

216 4618 299 4675 Per
319 4629 580 4694 proprium
602 4627 798 4680 Natum
830 4627 1079 4695 dignatus
1105 4627 1284 4680 visere
1315 4625 1596 4691 mundum,

219 4708 328 4765 Dum
354 4718 605 4784 quosdam
640 4717 839 4781 docuit,
874 4717 996 4770 aliis
1024 4713 1268 4784 ettempla
1298 4716 1549 4785 reliquit?

221 4797 376 4859 Nonne
393 4822 486 4875 per
504 4809 621 4864 hac
645 4823 858 4879 semper
884 4806 1032 4861 velut
1050 4822 1213 4862 orans
1236 4807 1490 4862 admonet
1511 4820 1723 4874 omnes,

221 4880 279 4944 Ut
295 4893 370 4946 vel
386 4897 551 4952 adhuc
578 4899 762 4953 miseri
788 4898 1060 4970 fugiamus
1097 4898 1256 4953 noxia
1290 4897 1475 4952 mundi

222 4977 285 5032 Ac
305 4983 360 5036 de
382 4987 657 5052 prieteritis
682 4990 899 5044 veniam
925 4988 992 5042 de
1019 4990 1181 5044 corde
1210 4987 1490 5056 rogemus?

226 5065 349 5133 Quod
365 5074 448 5128 vix
476 5087 739 5146 speratur,
763 5079 872 5134 hoc
893 5077 1068 5146 poscit
1089 5088 1148 5132 ut
1173 5078 1260 5132 ille
1281 5086 1518 5146 petatur,

227 5152 275 5190 ΪΟἺ
298 5174 389 5190 ΠΛ..
414 5175 617 5190 ΛΑοαᾳΙ--

625 5183 651 5190 .-
712 5170 878 5190 1-....-
907 5180 1026 5190 -..ιιι
1054 5176 1190 5190 ιι--.-
1222 5169 1480 5190 ...α-ιιι...-

745 5182 878 5190 -ηαᾳ
907 5180 1026 5190 an“-
1054 5181 1109 5190 Α-

1365 323 1454 378 DE
1494 323 1835 380 DOCTRINA
1874 315 2279 382 SPIRITUAU.

3355 317 3468 388 ενδ

1803 443 1856 504 Α
1886 440 2095 497 Sectari
2127 442 2365 512 negligit,
2388 439 2565 509 precis
2585 438 2700 509 ejus
2720 453 2844 510 spes
2869 447 3148 497 vacuatur.

1885 530 2034 603 Ergo
2065 533 2157 587 hic
2178 533 2281 586 rite
2303 540 2439 600 petit
2461 532 2552 600 qui
2581 531 2741 584 dictis
2768 539 2888 586 orat
2909 539 2967 586 et
2986 532 3143 587 actis.

1885 620 1979 676 Sic
2006 629 2061 677 et
2087 622 2370 692 apostolici
2397 620 2888 690 completurjussio
2913 622 3084 686 verbi,

1882 711 1998 780 Qua
2022 713 2275 784 precibus
2299 713 2470 768 sacris
2492 725 2764 782 nunquam
2794 727 3011 768 cessare
3037 714 3315 771 docemun

2404 801 2806 858 CAPITULUM
2841 797 2930 858 XI.

1915 901 1995 970 De
2054 914 2202 970 libris
2249 915 2794 1038 gentiliumlritumiis
2841 925 2890 971 et
2934 915 3000 973 de
3047 904 3224 974 studio
3262 925 3428 977 more

2560 1005 2614 1038 ρο
2640 1002 2793 1038 ιοηιδ.

2560 1002 2793 1040 ροιιοηιε.

1878 1067 2075 1133 Libros
2104 1077 2283 1133 devita
2307 1077 2400 1147 qui
2418 1077 2548 1131 dant
2573 1077 2814 1132 carnalia
2844 1078 3000 1142 scita,

1879 1166 1951 1222 Ut
1977 1169 2182 1224 sentire
2203 1185 2370 1239 queas
2393 1168 2658 1225 librorum
2685 1169 2831 1224 dicta
2859 1176 3169 1233 sacrorum:

1879 1256 2014 1313 Nam
2037 1260 2199 1314 simul
2223 1260 2306 1314 his
2330 1261 2538 1315 hterens
2559 1261 2736 1316 nescis
2761 1260 2984 1315 meliora
3007 1263 3256 1331 probare,

1881 1348 2079 1418 Utpote
2107 1351 2393 1420 depressus
2417 1351 2650 1405 carnalis
2673 1351 2907 1421 pondere
2931 1367 3140 1407 sensus.

1877 1438 2032 1505 Quod
2062 1439 2151 1492 vix
2180 1455 2413 1510 namque
2440 1443 2601 1510 sapis,
2628 1443 2672 1496 si
2703 1450 2846 1496 totus
2877 1443 2930 1496 in
2959 1443 3060 1497 hoc
3092 1445 3390 1514 adhibet-is,
3417 1507 3420 1512 _

1879 1526 2169 1594 Quomodo
2195 1530 2480 1598 dispersus
2509 1531 2638 1585 illud
2667 1533 2868 1588 sentire
2890 1533 3129 1589 valebis?

1878 1618 2131 1689 Nunquid
2167 1629 2277 1674 tam
2308 1621 2431 1675 vilis
2453 1621 2571 1676 fore
2600 1621 2764 1676 lectio
2787 1631 2976 1678 sancta
3009 1625 3268 1694 probatur

1879 1707 1950 1764 Ut
1978 1711 2174 1765 merito
2203 1711 2357 1766 libris
2375 1713 2446 1765 sit
2468 1716 2842 1782 pOStponenda
2871 1715 3148 1784 profanis?

1808 1805 1851 1872 Β
1880 1800 1986 1855 Aut
2011 1811 2094 1856 est
2122 1810 2230 1856 tam
2254 1802 2427 1857 facilis
2451 1819 2560 1874 quo
2592 1819 2691 1859 nec
2716 1805 2788 1860 sit
2809 1806 2968 1876 digna
2991 1807 3200 1872 labore,

1880 1890 2030 1946 Hanc
2061 1892 2203 1961 quia,
2230 1893 2562 1965 philosOphi,
2585 1895 2764 1951 studio
2789 1899 3113 1966 postponitis
3136 1888 3323 1955 omni?

1875 1980 2118 2051 Denique
2151 1983 2196 2037 si
2229 1982 2427 2049 facilis,
2459 2001 2560 2040 cur
2585 1985 2731 2040 illam
2761 1988 3091 2058 despicietis,

1873 2075 2322 2148 Quandoquidem
2355 2078 2509 2149 longe
2530 2081 2601 2133 sit
2623 2081 2813 2150 judicii
2842 2083 3110 2152 gravioris

1875 2163 2143 2234 Speruere
2170 2167 2472 2222 doctrinam
2499 2169 2695 2224 divina:
2721 2169 2852 2240 legis
2878 2168 3159 2240 apertam?

1874 2253 1944 2307 At
1967 2255 2011 2309 si
2041 2254 2308 2311 difﬁcilem
2333 2269 2526 2312 contra
2551 2261 2848 2328 perhibetis
2872 2264 3139 2330 eamdem,

1878 2336 1945 2398 Et
1976 2344 2154 2400 minus
2186 2345 2388 2402 idcirco
2421 2357 2612 2402 vestrae
2633 2358 2782 2418 patet
2812 2351 3096 2421 agnitioni,

1878 2435 1990 2490 Cur
2012 2438 2079 2492 ad
2104 2437 2417 2494 discendum
2445 2441 2746 2510 reprobatis
2769 2444 2911 2498 dicta
2935 2445 3167 2514 piorum,

1874 2531 2008 2586 Cum
2041 2533 2378 2591 dimittentcs
2406 2537 2634 2605 patriam
2655 2537 2966 2608 pariterque
2984 2545 3260 2608 parentes,

1871 2620 1953 2676 Ae
1981 2623 2118 2677 satis
2140 2623 2354 2694 impigri
2378 2624 2496 2680 loca
2527 2641 2625 2694 per
2645 2627 2861 2682 diversa
2886 2637 3149 2698 vagantes

1868 2709 2087 2766 Nisibus
2107 2714 2436 2770 omnimodis
2465 2716 2652 2770 mundi
2683 2716 2938 2787 perplexa
2975 2718 3204 2788 petatis?

1867 2801 1945 2856 En
1971 2803 2038 2858 ad
2065 2813 2354 2875 utrumque
2382 2807 2517 2860 nihil
2543 2809 2839 2862 excusandi
2865 2810 3139 2864 retinetis.

1868 2891 1982 2947 lloc
2011 2902 2261 2962 superest
2284 2894 2481 2961 solum,
2509 2895 2780 2966 deponere
2807 2907 2958 2954 sueta
2985 2900 3271 2968 malorum,

1866 2979 1936 3033 Et
1961 2996 2058 3048 pro
2086 2983 2398 3037 commissis
2423 2986 2636 3039 veniam
2668 2987 2962 3056 deposcere
2992 3003 3228 3058 semper.

1869 3070 1948 3124 Ad
1969 3072 2111 3140 quod
2141 3073 2285 3127 enim
2315 3073 2509 3140 fertur,
2534 3078 2676 3145 quod
2707 3077 2867 3133 lectio
2893 3088 3080 3134 sancta
3110 3079 3355 3150 profatur

1792 3153 1839 3214 C
1873 3161 2170 3218 Psalmistaa
2198 3165 2379 3220 verbis
2401 3181 2501 3221 nos
2532 3167 2620 3222 tali
2643 3182 2776 3223 voce
2802 3171 3073 3227 monentis
3102 3187 3117 3225 ε

1869 3252 1913 3308 0
1935 3268 2046 3315 vos,
2081 3257 2385 3327 terrigenae,
2417 3259 2660 3314 studiosa
2695 3272 2876 3316 mente
2901 3271 3112 3327 vacate,

1867 3340 2046 3412 Atque
2072 3345 2251 3400 videte
2281 3346 2479 3416 ipsum,
2503 3351 2756 3418 quoniam
2772 3350 2914 3408 Deus
2936 3352 3280 3423 omnipotens
3302 3363 3447 3421 sum,

1866 3431 2130 3490 Gentibus
2151 3447 2204 3492 et
2233 3438 2395 3494 terris
2421 3441 2583 3496 nimis
2608 3441 2878 3497 exaltatus
2904 3444 3122 3512 ubique.

1867 3523 1984 3592 Quo
2011 3536 2140 3597 ergo
2165 3523 2484 3602 Dettsjussit
2504 3535 2788 3591 credentes
2810 3545 3036 3591 cernere
3055 3529 3185 3606 quid
3209 3535 3304 3602 sit,

1869 3615 1984 3672 Sub
2011 3619 2266 3689 qualique
2294 3622 2475 3677 schola
2502 3625 2646 3680 valet
2675 3641 2796 3681 esse
2833 3627 3046 3682 vacatio
3080 3629 3268 3683 tanta?

1867 3705 2124 3764 Forsitan
2155 3726 2222 3766 ex
2250 3709 2432 3783 aliquo
2455 3717 2743 3784 quaerenda
2774 3717 2890 3774 haec
2920 3731 3108 3774 norma
3133 3719 3383 3789 profano,

1867 3795 1939 3852 Ut
1962 3807 2088 3854 sunt
2121 3817 2134 3852 :
2169 3798 2444 3868 Horatius,
2476 3803 2763 3860 Terentius
2788 3815 2843 3861 et
2866 3799 3164 3872 Iuvenalis,

1866 3887 1943 3942 Ac
1967 3888 2150 3958 plures
2179 3891 2268 3946 alii
2302 3907 2440 3962 quos
2471 3904 2712 3950 sectatur
2737 3897 2923 3951 schola
2948 3898 3162 3965 mundi,

1869 3977 1976 4034 Pro
1999 3982 2177 4036 studio
2202 3984 2384 4038 carnis
2415 3985 2656 4040 carnalia
2689 3987 2835 4042 diota
2865 3987 3130 4055 ferentes,

1867 4061 1939 4125 Ut
1965 4085 2062 4140 per
2087 4086 2182 4129 eos
2205 4073 2361 4130 nobis
2381 4077 2650 4145 pandatur
2677 4078 2761 4132 lex
2781 4078 3022 4148 pietatis,

1865 4163 2127 4220 lnstiuctu
2154 4165 2368 4222 Satanae
2394 4169 2485 4237 qui
2518 4178 2772 4237 promunt
2797 4164 3032 4240 pessima
3056 4167 3325 4243 qumque?

1868 4251 1994 4308 Hinc
2017 4253 2090 4308 ita
2119 4255 2360 4310 nonnulli
2389 4271 2644 4325 perverso
2674 4272 2825 4311 more
2855 4257 3120 4313 fatentur.

1864 4341 1964 4396 Ast
1993 4337 2242 4412 equidem
2275 4345 2416 4410 dico,
2440 4356 2772 4415 c0guoscens
2794 4346 3161 4415 exprimente,

1869 4430 2050 4486 Hostis
2075 4434 2142 4486 ab
2163 4434 2367 4502 antiqui
2397 4434 2631 4488 stimulis
2660 4435 2760 4488 hos
2781 4437 3069 4505 exagitari,

1789 4491 1841 4552 D
1869 4520 1968 4588 Qui
1997 4522 2178 4576 studio
2204 4491 2394 4576 vanam
2425 4524 2725 4578 recolentes
2747 4491 3149 4596 philovsophi'am

1863 4611 2130 4666 Avertunt
2155 4627 2374 4666 sensum
2405 4613 2470 4668 de
2498 4613 2652 4668 libris
2683 4612 3100 4684 catholicorum,

1865 4700 2084 4754 Scilicet
2109 4708 2168 4755 ut
2192 4715 2378 4756 mores
2399 4714 2465 4755 ex
2491 4701 2759 4758 illecebris
2779 4705 3078 4769 venientes,
3242 4777 3244 4780 ν

1864 4787 2012 4855 Quos
2037 4790 2199 4843 nimis
2223 4789 2442 4859 oblique
2463 4791 2683 4861 gentilia
2710 4794 2877 4847 verba
2899 4796 3176 4861 retexunt,

1865 4879 2040 4934 Tanto
2070 4882 2262 4950 majori
2285 4882 2439 4937 libitu
2466 4883 2519 4936 in
2546 4897 2604 4937 se
2634 4894 3082 4940 commoveantur

1865 4972 2080 5040 Quanto
2108 4975 2228 5044 plus
2255 4977 2398 5032 dictu
2432 4965 2516 5030 vc]
2543 4975 2611 5030 ab
2637 4977 2823 5031 auditu
2847 4980 3180 5046 repetantur,

1864 5064 1932 5119 Et
1954 5065 2033 5119 sic
2061 5067 2344 5123 constricti
2373 5074 2688 5121 contemnat
2714 5067 2962 5136 dogmata
3002 5054 3234 5127 Christi,

1870 5155 1971 5190 Αιη
1999 5157 2144 5190 ναι-ιι
2171 5157 2340 5190 ἰηπαικῖ
2367 5169 2596 5190 nnnnorn
2630 5156 2807 5190 minus
2837 5157 3124 5190 tri-Inanis".
