3942 5340
396 268 399 269 ν
464 217 565 274 ’τι
1487 223 1792 283 οτηιοΝι
1832 228 1953 287 MOI

2177 233 2237 292 S.
2277 235 2698 300 EMMERAMMI
3575 264 3585 276 ί
3609 256 3712 314 172

467 330 772 434 modo
792 343 952 404 quam
986 334 1190 434 plures,
1217 336 1522 434 carnaliter
1540 341 1678 397 heu!
1712 342 2024 415 sapientes,”
2073 350 2125 411 Α
2152 349 2273 418 Hic,
2301 353 2425 420 quia
2456 354 2715 423 caelestis,
2745 358 2971 428 paribus
2997 376 3215 433 quoque
3243 365 3485 434 pascitur
3511 369 3666 427 escis.

462 422 529 518 lit
555 422 758 518 Christi
784 434 979 481 nomen
1010 427 1333 518 verbotenus
1355 432 1711 502 accipientes,
2145 440 2260 498 Tali
2284 460 2518 516 namque
2538 450 2720 516 modo,
2745 422 2849 508 nec
2880 469 2987 509 non
3014 422 3179 510 simili
3211 422 3426 513 ratione

461 514 660 611 _A_uditu
696 526 905 611 tantum
933 514 1237 611 decernunt
1268 534 1388 577 esse
1409 523 1718 594 legendum,
2142 530 2270 589 Yisa
2298 535 2383 590 vel
2404 514 2586 592 audita
2614 514 2832 610 sapiens
2862 545 3152 611 prtesentia
3180 557 3397 607 cuncta.

461 603 942 706 Edon-attendentes
963 608 1089 677 quia
1123 610 1322 667 Paulus
1349 612 1495 668 dicat
1518 616 1585 670 ad
1613 630 1840 671 omnes:
1893 676 1897 682 ,
2143 622 2273 689 Quae
2302 626 2440 681 bene
2456 625 2568 689 iam
2587 603 2999 702 sentis,'quibus
3021 643 3078 689 et
3105 603 3402 691 carnaliter
3425 637 3619 706 basres,

462 695 623 792 lzegis
647 712 750 750 non
777 697 1072 764 auditores,
1097 702 1191 755 sed
1217 717 1338 756 eam
1367 702 1649 771 facientes,

2159 714 2374 786 Sentper
2396 719 2447 772 id
2475 720 2700 775 adverte
2725 695 2852 790 quid
2877 724 3238 792 spiritualiler
3257 706 3425 782 edant
3457 746 3471 781 :
3597 695 3614 706 ν
3710 772 3716 789 ι

558 788 737 886 potius
757 785 887 886 justi
915 800 1211 845 censentur
1238 793 1305 847 ab
1332 795 1738 865 Omnipotente.
2145 804 2239 859 Sic
2269 778 2432 859 etiam
2454 821 2626 862 sacrae
2649 778 2944 879 Scriptura:
2969 778 3522 886 enigmataquchue,

462 878 610 970 Quos
632 877 928 970 infrunitos
952 898 1229 970 nunquam
1254 886 1472 943 studeas
1503 888 1735 955 imitari;
2143 895 2402 962 Quamvis
2432 913 2724 970 corporeae
2749 877 2801 956 in
2826 903 2905 958 eis
2929 880 3019 960 det
3046 877 3227 965 littera
3256 877 3459 964 formas
3500 877 3516 884 '
3710 877 3719 949 λ

459 968 602 1034 Quin
626 969 742 1025 haec
773 970 885 1026 sola
913 967 1015 1026 sibi
1034 970 1246 1044 'senipet
1286 976 1357 1032 sit
1377 976 1542 1033 causa
1567 979 1799 1045 legendi,
1882 1002 1885 1005 ν

2167 989 2213 1043 Et
2238 989 2338 1044 sub
2367 989 2595 1047 terrenis
2628 1004 2882 1050 maneant
2910 1011 3165 1067 expressa
3192 997 3404 1068 ﬁguris,

462 1057 534 1158 Ut
561 1058 971 1158 facienda-scias
996 1070 1051 1118 et
1073 1065 1274 1158 utbmc
1294 1068 1571 1158 operando
1594 1069 1823 1133 revisaS,
2141 1078 2227 1135 Ad
2257 1081 2380 1136 cmli
2408 1097 2656 1152 regnum,
2683 1087 2825 1155 quod
2849 1057 3135 1158 spirituale
3157 1057 3446 1158 probatur,

461 1146 541 1203 Ne
565 1150 709 1218 quod
739 1151 883 1206 scire
907 1152 1070 1207 datur
1090 1154 1183 1208 tibi
1207 1195 1220 1220 ,
1243 1152 1508 1222 judicium
1536 1165 1826 1213 statuatur.

2146 1168 2610 1229 Transformanda
2635 1146 2857 1232 manent
2877 1146 2930 1232 in
2961 1146 3186 1248 spiritus
3208 1146 3504 1250 agnitione.

973 1243 1373 1338 CnPl'l‘ULUM
1413 1246 1527 1303 XII.
2144 1259 2341 1317 Carnis
2362 1263 2507 1318 enim

2144 1259 2341 1317 Carnis
2362 1263 2507 1318 enim
2534 1280 2727 1322 sensus
2753 1267 2895 1323 sicut
2916 1271 3198 1324 terrestria
3221 1270 3412 1338 sentit,
3478 1260 3482 1265 ’

526 1372 529 1381 .
599 1331 679 1389 De
700 1332 966 1405 spirituali
1002 1330 1292 1407 Scriptum
1326 1354 1496 1394 sacrae
1528 1338 1894 1410 intelligentia.

1629 1338 1894 1410 rllt'geuliao
2144 1350 2238 1407 Sic
2262 1353 2567 1411 intellectus
2595 1357 2775 1411 divina
2806 1358 2924 1414 luce
2950 1358 3186 1415 refectus

458 1438 1018 1521 Undiquefalluntur,
1049 1449 1215 1503 etiam
1242 1449 1318 1504 nil
1349 1449 1489 1505 seire
1519 1452 1825 1518 probantur
2140 1441 2319 1511 Atque
2340 1442 2471 1500 fides
2497 1460 2628 1515 pura
2655 1448 2873 1516 sapiunt
2895 1448 3140 1512 caleslia
3161 1448 3287 1517 illm
3317 1466 3335 1517 ὅ

458 1534 562 1602 Qui
584 1524 778 1606 prisca:
805 1536 940 1608 legis
963 1537 1051 1593 vel
1071 1538 1215 1594 dicta
1245 1554 1419 1595 sacra:
1443 1541 1701 1595 novitatis
2142 1531 2229 1587 Nil
2254 1535 2510 1607 quoniam
2532 1537 2586 1591 ίιι
2608 1539 2771 1608 “Elis
2800 1540 3198 1595 ευὺθῑθηῑῖνυηι
3232 1542 3523 1608 retinetur.

455 1628 673 1684 Cal-nali
706 1638 912 1685 tantum
941 1644 1101 1686 sensu
1134 1632 1474 1703 perpendere
1491 1639 1762 1701 quaerunt.
2067 1688 2115 1703 _
2141 1621 2311 1693 Cujus
2331 1625 2387 1680 in
2415 1627 2520 1683 hoc
2547 1629 2752 1684 mundo
2781 1629 3059 1700 speculum
3086 1646 3192 1685 non
3222 1630 3298 1687 sit
3320 1630 3407 1685 vel
3427 1631 3627 1702 imago,

455 1720 645 1789 Omnis
668 1719 948 1793 Scriptura
972 1722 1098 1793 quia
1122 1688 1341 1778 caelitus
1370 1688 1666 1787 insin-nata,
2144 1688 2304 1771 Etvde
2329 1718 2618 1783 consimili,
2649 1723 2791 1788 quod
2811 1688 2921 1774 non
2955 1722 3126 1788 possit
3153 1722 3424 1791 speculari

456 1808 717 1875 Quamvis
744 1826 904 1867 omne
931 1827 1103 1883 genus
1134 1821 1379 1868 assumat
1404 1813 1471 1867 ab
1501 1811 1785 1880 exteriori,
2140 1806 2291 1862 inter
2312 1808 2553 1863 carnalis
2578 1811 2867 1879 aenigmata
2892 1809 3249 1876 conditionis,

457 1898 530 1957 Ut
558 1917 657 1972 per
683 1901 903 1958 carnale
930 1903 1125 1958 doceat
1155 1918 1254 1959 nos
1286 1903 1589 1973 spirituale,
2140 1895 2403 1963 Quamvis
2432 1900 2668 1969 perpigri
2695 1917 2793 1955 nos
2814 1903 2984 1956 simus
3003 1904 3072 1957 ad
3114 1904 3219 1957 hoc
3246 1901 3654 1973 speculandum.

453 1992 533 2047 Ad
560 1993 795 2063 speciem
821 1993 992 2048 nostri
1021 1993 1197 2048 solum
1222 1995 1383 2048 datur
1415 1993 1715 2057 interioris,
2141 1988 2252 2045 Sed
2278 2006 2344 2046 ne
2365 1993 2510 2060 quod
2538 1993 2718 2048 refero
2746 1993 2982 2048 dubitari
3012 1994 3184 2063 possit
3209 1994 3277 2048 ab
3305 1995 3434 2057 ullo,
3506 2036 3519 2049 .

452 2084 555 2150 Qui
585 2094 876 2140 renovatus
900 2084 1062 2140 homo
1091 2083 1300 2139 Domini
1330 2097 1407 2139 εει
1437 2083 1761 2154 plasmantis
1790 2082 1989 2155 imago,
2139 2080 2420 2151 Quoddam
2444 2098 2542 2152 pro
2562 2083 2783 2151 speculo
2813 2099 2986 2154 genus
3018 2084 3248 2154 exempli
3277 2083 3575 2153 perhibebo

453 2176 635 2244 Atque
661 2190 767 2245 per
780 2174 925 2229 hunc
949 2181 1141 2246 cuncta
1182 2174 1527 2229 decernimus
1556 2175 1863 2239 exteriora;
2140 2172 2247 2227 Per
2265 2174 2410 2242 quod
2432 2173 2545 2243 jam
2578 2174 2773 2229 melius
2795 2176 3050 2246 cognosci
3084 2185 3287 2239 canem
3312 2185 3541 2244 possunt
3567 2191 3583 2228 :

451 2266 587 2322 Nam
609 2268 731 2323 εωιί
757 2281 1003 2338 regnum,
1035 2251 1159 2321 cum
1191 2264 1350 2321 terra:
1381 2267 1445 2322 sit
1484 2265 1817 2330 similatum,
2141 2261 2261 2317 Scis
2289 2262 2574 2320 Dominum
2599 2272 2757 2319 terrae
2785 2266 2979 2321 merito
3009 2281 3039 2319 a
3074 2265 3316 2336 prOpriis
3344 2266 3613 2331 venerari,

449 2358 519 2414 Et
546 2373 782 2430 praesens
809 2359 918 2412 vita
944 2367 1185 2413 ventura:
1209 2358 1279 2413 sit
1307 2358 1460 2427 quasi
1494 2356 1695 2423 forma,
2140 2350 2294 2405 Ilaud
2326 2367 2486 2408 secus
2511 2363 2564 2407 et
2589 2363 2799 2421 patrem
2828 2363 3169 2422 matremque
3202 2354 3315 2408 suis
3344 2353 3715 2408 venerandos!

448 2447 676 2519 Mystice
701 2448 948 2519 signatur
971 2447 1235 2517 quidquid
1265 2446 1468 2500 mundo
1498 2445 1823 2500 famulatur:
2141 2444 2242 2511 Qui
2274 2453 2476 2512 tamen,
2505 2446 2571 2498 ad
2596 2446 2793 2500 summi
2830 2451 3019 2523 nutum
3047 2444 3226 2500 Patris
3247 2443 3585 2513 :equiparati,

452 2538 587 2595 Tam
611 2549 738 2595 uota
769 2538 1036 2594 librorum
1059 2552 1220 2607 quam
1250 2544 1445 2591 cuncta
1475 2538 1681 2591 creatio
1706 2548 1911 2601 rerum,
2069 2572 2074 2576 -
2140 2533 2225 2590 Nil
2262 2535 2405 2590 aliud
2435 2552 2567 2592 sane
2592 2546 2845 2591 constant
2891 2537 3165 2608 speculum
3200 2535 3304 2590 nisi
3332 2534 3601 2604 quoddam

449 2626 563 2684 Nec
591 2644 701 2699 quo
731 2627 977 2685 carnalis
1004 2635 1262 2696 aspectus
1295 2627 1519 2681 tendere
1548 2626 1725 2695 quibit
2139 2624 2766 2695 Omnibusappositum,
2793 2627 3004 2681 cunctis
3034 2626 3088 2680 in
3114 2627 3277 2701 corde
3297 2634 3587 2679 statutum.

447 2715 680 2772 Interior
700 2718 846 2773 visus
878 2715 1005 2771 illuc
1032 2716 1404 2769 tantummodo
1430 2714 1627 2780 debet;
2138 2716 2389 2785 Nunquid
2417 2717 2708 2779 nescimus,
2738 2701 2977 2787 nunquid
3013 2718 3215 2771 sentire
3239 2715 3546 2784 nequimus,

448 2806 556 2861 Sed
587 2822 685 2877 per
704 2806 989 2861 historiam
1013 2818 1228 2874 semper
1250 2811 1402 2859 nolet
1431 2803 1767 2875 allegoriam.
2139 2810 2256 2879 Qua
2281 2811 2492 2871 ratione
2522 2809 2665 2863 Deus
2686 2808 2810 2863 emli
2843 2816 3104 2877 terraeque
3126 2807 3376 2872 Creator,

445 2896 601 2952 Nunc
620 2896 748 2968 quid
779 2895 1063 2973 praesentis
1091 2896 1164 2950 sit
1192 2896 1516 2966 significatio
1544 2896 1735 2950 mumli
2137 2902 2334 2959 Omnia
2367 2900 2735 2972 complectens
2754 2908 2810 2955 et
2833 2909 3002 2956 totum
3040 2900 3259 2954 numine
3301 2900 3542 2970 replens,

445 2988 514 3044 Et
533 2982 668 3059 "quid
698 2986 991 3059 Scriptura:
1011 2988 1220 3057 species
1245 2989 1360 3044 haec
1385 2989 1573 3043 intima
1595 3003 1789 3052 sacra),
2078 3059 2107 3064 _
2140 2994 2345 3050 Debeat
2368 3009 2398 3048 a
2421 2993 2654 3064 propriis
2675 3000 2825 3048 sator
2847 3007 2877 3047 a
2902 2991 3060 3047 factis
3086 2992 3352 3057 venerari,

447 3081 526 3136 De
554 3096 659 3151 qua
688 3095 871 3137 sermo
895 3080 1093 3151 agitur,
1124 3092 1233 3150 quo
1260 3079 1471 3150 planius
1495 3078 1760 3135 efﬁciatur
2065 3059 2113 3122 θ
2145 3084 2201 3139 Si
2227 3082 2330 3137 lixa
2358 3059 2558 3139 mentis
2585 3082 2701 3137 acie
2721 3083 2936 3137 novisse
2967 3070 3260 3150 probamur
3308 3106 3313 3119 ί

449 3169 777 3240 Exemplum
794 3170 1064 3240 quoddam
1096 3169 1232 3225 satis
1259 3169 1565 3224 enarrabile
1591 3183 1789 3238 ponam
1820 3183 1837 3224 :
2143 3173 2296 3239 Quod
2324 3171 2535 3227 factura
2563 3171 2667 3226 sibi
2695 3171 2779 3227 sic
2807 3170 3130 3226 alterutrum
3170 3171 3476 3227 veneranda
3498 3179 3584 3226 est

437 3258 592 3317 'Ecce
613 3261 765 3317 vides
791 3260 941 3316 nasci
971 3260 1155 3331 paleas
1177 3274 1299 3314 cum
1324 3260 1569 3329 germine
1599 3259 1787 3331 grani;
2142 3261 2277 3327 Hoc,
2312 3261 2439 3316 licet
2474 3261 2715 3316 exterius
2752 3262 2804 3315 in
2832 3260 2992 3339 factis
3020 3261 3442 3326 dissimulcmtts,

447 3350 703 3404 Attamen
726 3349 886 3404 unius
914 3351 1167 3418 pressura
1197 3348 1340 3402 aliud
1370 3348 1702 3403 moderatur.
2139 3349 2371 3405 Interius
2391 3361 2539 3406 certe
2568 3351 2726 3406 nobis
2748 3360 2935 3405 notum
2966 3353 3024 3405 fit
3051 3361 3260 3419 aperte,

448 3438 699 3510 hunquid
722 3454 844 3495 cum
868 3438 1038 3510 paleis
1067 3439 1274 3495 comedi
1305 3437 1571 3492 frumenta
1594 3436 1846 3506 parabis?
2141 3441 2197 3496 Si
2228 3453 2403 3496 tamen
2431 3456 2552 3497 esse
2576 3441 2743 3497 Deum
2771 3443 3147 3513 cognoscimus
3165 3453 3328 3513 atque
3357 3442 3610 3497 fatemur.

447 3534 601 3602 Quod
625 3526 1054 3604 patet'atteritu'r
1079 3571 1095 3599 ,
1124 3541 1184 3587 ut
1210 3532 1355 3604 quod
1383 3531 1514 3586 latet
1542 3531 1670 3586 hinc
1706 3524 1995 3587 renovetur
2019 3548 2035 3596 ;
2140 3531 2279 3588 Hinc
2307 3542 2393 3588 est
2412 3535 2554 3603 quod
2578 3534 2860 3600 Dominus,
2892 3534 3137 3599 coalestia
3168 3536 3301 3589 dans
3323 3536 3651 3598 rudimenta,

450 3626 562 3689 Sic,
592 3625 719 3695 quia
741 3632 841 3695 per
866 3618 1047 3694 paleas
1071 3622 1308 3678 carnalis
1338 3622 1452 3676 vita
1477 3630 1727 3688 notatur,
2137 3621 2429 3694 Proposuit
2458 3635 2651 3680 cuncta
2674 3639 2772 3694 per
2793 3625 2996 3681 formas
3030 3624 3441 3696 parabolarum;

449 3716 518 3771 Et
538 3714 692 3782 grani
725 3714 899 3768 titulis
929 3700 1178 3783 signatur
1203 3712 1524 3783 spiritualis.
1739 3744 1745 3751 -
1790 3746 1795 3751 -
2141 3708 2365 3766 Scilicet
2384 3721 2443 3766 ut
2465 3713 2606 3768 uotis
2626 3723 2925 3783 exponeret
2959 3715 3066 3770 alta
3094 3715 3286 3784 figuris

447 3804 686 3876 Spiritus
715 3788 843 3874 ergo
865 3804 1008 3859 intra
1030 3803 1230 3873 patulae
1257 3803 1388 3858 latet
1408 3803 1589 3858 abdita
1612 3803 1800 3858 carnis
2138 3799 2253 3854 Hoc
2279 3800 2438 3855 simul
2467 3804 2696 3880 aenigma
2723 3804 2950 3861 dictavit
2971 3820 3075 3875 per
3095 3820 3191 3860 sua
3217 3805 3396 3877 signa,

450 3893 745 3961 Quodlibet
773 3900 834 3947 ut
858 3892 1084 3963 granum
1114 3893 1214 3947 sub
1237 3892 1538 3946 visceribus
1565 3891 1864 3963 palearum.
2137 3889 2268 3956 Qua:
2284 3890 2381 3954 ,sic
2405 3891 2645 3946 exterius
2672 3892 2920 3959 mirando
2942 3892 3151 3948 fecerat
3171 3908 3294 3958 usu,

446 3982 513 4039 Ni
543 3998 675 4040 caro
701 3991 942 4049 terrena,
964 3982 1110 4038 vitiis
1132 3982 1407 4038 natalibus
1435 3992 1553 4037 orta
1652 4016 1653 4019 η
2139 3980 2211 4037 Ut
2239 3991 2418 4036 tamen
2453 3982 2680 4042 interius
2701 3981 2909 4038 ferrent
2929 3982 3090 4037 aliam
3115 3984 3406 4045 rationem,

447 4073 580 4141 Qua
599 4086 697 4145 per
714 4072 844 4128 Adae
873 4071 1085 4143 culpam
1113 4073 1327 4127 cunctis
1347 4072 1670 4128 mortalibus
1693 4072 1923 4139 haerent,
2137 4069 2252 4137 Qua
2279 4072 2428 4127 velut
2463 4073 2517 4127 in
2546 4074 2767 4143 speculo
2808 4074 3084 4130 studiosus
3115 4075 3345 4144 quisque
3375 4074 3584 4130 videbit

445 4165 624 4220 instar
640 4163 931 4240 aristarum
956 4148 1267 4233 pressuram
1282 4162 1397 4232 jam
1422 4163 1664 4240 patiatur
2136 4160 2416 4228 Quomodo
2442 4171 2683 4218 ventura:
2720 4179 2958 4233 praesens
2980 4164 3090 4218 vita
3116 4164 3465 4218 assimiletnr.
3558 4150 3559 4153 “

446 4255 515 4310 lit
541 4255 825 4311 desideriis
847 4239 1163 4310 carnalibus
1187 4255 1272 4310 hic
1297 4255 1584 4320 moriatur,
2134 4251 2263 4307 lude
2289 4253 2452 4309 etiam
2471 4263 2665 4310 vatum
2694 4242 3089 4325 quamplurima
3116 4257 3255 4311 dicta
3293 4256 3508 4325 piorutn

442 4348 526 4403 Ad
551 4360 701 4416 spem
730 4347 1017 4402 mandendi
1047 4348 1266 4401 venient
1295 4347 1474 4402 minus
1504 4346 1698 4401 intima
1725 4347 1901 4417 graui,
2051 4406 2094 4417 “
2136 4341 2450 4413 Mysterium
2478 4344 2601 4400 cudi
2636 4347 2961 4414 depromunt
2988 4345 3369 4416 parabolatim.

442 4439 559 4495 lloc
581 4446 684 4503 est,
714 4436 784 4493 ’ad
817 4438 1055 4507 requiem
1084 4438 1244 4493 natus
1270 4439 1459 4508 nequit
1489 4438 1569 4492 ire
1599 4432 1912 4508 perennem,
2051 4406 2103 4467 D
2133 4431 2272 4487 Hinc
2295 4442 2350 4487 et
2374 4432 2587 4499 ,Paulus
2608 4435 2686 4488 ait
2716 4453 2731 4487 :
2763 4434 2996 4505 Speculo
3021 4452 3164 4491 nunc
3192 4435 3466 4515 cernimus
3498 4433 3589 4488 illa

442 4528 559 4594 Qua
578 4527 732 4583 cibus
760 4533 846 4583 est
872 4525 1105 4592 Domini,
1127 4526 1375 4596 quisquis
1399 4527 1710 4597 pervenerit
1738 4526 1886 4581 illuc.
2133 4525 2267 4595 Quae
2291 4525 2430 4582 facie
2455 4528 2523 4582 ad
2544 4527 2737 4583 faciem
2756 4528 3080 4601 quandoque
3108 4520 3290 4582 videre
3319 4541 3615 4581 meremur.

443 4620 572 4687 Qua:
600 4619 816 4695 loquor,
847 4617 1094 4682 attende;
1130 4632 1249 4687 quae
1280 4616 1565 4683 testificor,
1591 4632 1894 4673 memorare
1920 4634 1935 4674 :
2131 4614 2289 4681 Nam,
2314 4616 2462 4685 quod
2487 4616 2564 4679 ait
2582 4617 2884 4686 speculum,
2911 4632 3153 4687 praesens.
3175 4616 3413 4685 intelligo
3437 4614 3656 4669 steclum

441 4711 552 4766 Cur
580 4709 739 4766 simul
771 4717 992 4764 exortas
1022 4722 1309 4763 secentere
1334 4707 1523 4762 niteris
1546 4708 1780 4763 herbas?
2133 4706 2288 4773 Quod
2318 4706 2461 4762 velut
2485 4707 2750 4777 impresso
2771 4708 3037 4781 similatur
3064 4723 3189 4761 cera
3211 4706 3407 4775 sigillo,

440 4800 561 4858 Jam
583 4800 739 4858 cibus
760 4788 890 4870 ergo
915 4808 1060 4863 tuus,
1098 4797 1289 4852 tritura
1324 4786 1711 4874 purificandus,
2133 4795 2205 4852 Ut
2232 4812 2392 4868 supra
2419 4797 2551 4865 dixi,
2580 4813 2748 4868 regno
2770 4796 3049 4852 confertur
3075 4782 3275 4869 Olympi
3301 4810 3316 4849 :

441 4896 615 4963 Quam
639 4893 797 4963 plana
824 4891 1001 4960 specie
1030 4891 1365 4945 demonstrat
1395 4890 1747 4959 signiﬁcando
2132 4888 2197 4942 Et
2226 4887 2426 4945 Christi
2457 4901 2699 4956 regnum,
2733 4887 2875 4957 quod
2896 4896 3111 4942 constat
3142 4888 3250 4940 vita
3280 4899 3482 4955 percnu
3514 4923 3531 4948 ,

442 4984 540 5049 Te,
564 4982 655 5053 qui
687 4981 923 5050 peccatis
943 4987 1237 5047 conceptus
1259 4986 1418 5032 natus
1450 4979 1670 5033 tiaberis
2134 4977 2206 5033 Ut
2229 4978 2424 5048 lapidis
2448 4977 2661 5033 firmum
2690 4994 2903 5050 semper
2929 4979 3125 5032 durare
3155 4977 3412 5046 sigillum.

442 5072 505 5112 Rt
536 5070 762 5112 mellina
797 5068 979 5112 forsan
1004 5067 1255 5112 dolamus
1283 5083 1344 5112 ne
1376 5068 1442 5112 ad
1466 5066 1603 5112 mala
1637 5065 1824 5112 multa-
2135 5069 2240 5112 Sml
2267 5084 2365 5112 mm
2395 5069 2448 5112 in
2479 5069 2693 5112 infprnn
2721 5072 3115 5112 enitelanlivnnt
3138 5070 3265 5112 nnial
3296 5069 3527 5112 Imitatur
