3942 5340
173 443 263 497 275
1307 435 1396 489 DE
1446 433 1620 492 DOCT
1630 433 1785 490 RINA
1825 433 2137 489 SPlRlTUA
2149 436 2230 489 Ll.

3297 426 3405 482 274

177 557 342 610 Lucra
393 545 530 603 colla
579 553 836 609 manent,
899 557 1259 614 quoocunque
1321 548 1495 615 magis
1553 545 1725 614 placet
1752 553 1800 610 Α
1829 546 1962 600 Cum
1985 548 2220 601 carnalis
2251 549 2416 602 homo
2440 546 2603 601 fuerit
2626 547 2850 603 sortitus
2879 547 3159 609 honorem,

1453 636 1649 706 [οιιιιιί.

175 733 284 786 Sive
310 743 496 783 vacare
519 742 693 780 sacris
715 725 796 778 vel
825 725 1000 779 adhuc
1026 725 1234 779 haerere
1260 724 1523 795 profanis.

179 823 310 877 l'nde
329 820 498 889 magis
521 819 673 873 disce
697 835 816 886 quae
841 819 912 871 sit
939 818 1203 888 sapientia
1229 819 1371 883 vitze,

181 914 238 966 lit
259 927 366 980 qua:
389 911 493 962 sint
518 924 740 962 sursum
757 908 935 975 sapias
964 924 1060 977 per
1089 911 1313 978 mystica
1346 924 1546 974 rerum,

178 1003 328 1070 Atque
351 999 486 1054 scias
514 1000 664 1054 clare
692 999 983 1068 Scriptura:
1002 1013 1199 1054 arcana
1229 999 1480 1070 probare.

180 1091 296 1148 Nam
317 1089 544 1144 studium
572 1090 760 1144 carnis
784 1088 919 1142 nihil
947 1099 1033 1143 est
1055 1090 1157 1144 nisi
1190 1089 1419 1144 formula
1445 1090 1636 1145 mortis

181 1184 354 1235 Verum
389 1195 508 1234 cum
533 1179 712 1234 recolo
734 1181 1095 1248 quorumdam
1127 1191 1346 1250 pectora
1387 1195 1552 1245 czeca,

182 1269 377 1323 Scilicet
396 1268 611 1324 illorum
648 1269 760 1338 qni,
789 1277 959 1328 semel.
980 1269 1032 1323 in
1061 1279 1177 1324 arte
1207 1269 1384 1324 librali

181 1358 426 1413 lactantes
449 1366 679 1422 tantum,
711 1360 887 1414 minus
923 1360 1060 1414 hanc
1089 1359 1248 1416 factis
1287 1361 1587 1426 invitantur,

181 1449 294 1503 lude
321 1448 499 1503 dolens
521 1459 576 1504 et
613 1451 950 1520 compatiens
970 1451 1092 1520 plus
1120 1451 1300 1506 dicere
1329 1466 1493 1522 cogor

183 1541 284 1594 Sim
311 1540 424 1596 licet
446 1541 654 1602 inculti,
686 1557 784 1596 nec
807 1558 912 1597 non
945 1543 1212 1597 sermonis
1238 1543 1444 1611 inepti,

182 1633 270 1684 Ast
293 1640 548 1701 utcunque
569 1647 712 1701 queo
735 1633 815 1686 vel
839 1633 1062 1703 paucula
1095 1634 1312 1704 profero
1333 1637 1516 1689 verba.

185 1721 247 1774 l-Jt
266 1720 475 1776 fortasse
494 1723 670 1792 juvat,
695 1739 817 1778 cum
847 1725 912 1778 de
943 1724 1095 1778 libris
1126 1725 1502 1793 perhibemus,

185 1811 274 1877 Qui
308 1814 502 1881 prosint
531 1815 746 1869 cunczis
775 1816 824 1868 in
851 1815 965 1885 lege
990 1830 1143 1870 sacra
1172 1819 1452 1881 studiosis,

185 1905 254 1955 Ac
272 1903 385 1972 quid
413 1904 463 1956 in
487 1905 571 1958 his
605 1907 816 1975 typicns
839 1908 1028 1964 doceat
1050 1924 1148 1962 nos
1174 1924 1419 1978 qumrere
1448 1924 1662 1972 sensus,

187 1993 238 2046 Si
265 2009 370 2047 mox
397 1995 626 2050 lectores
649 1997 830 2066 aliquo
859 2013 1110 2054 sermone
1143 2016 1446 2066 monemus,

189 2084 265 2148 lit,
286 2087 521 2153 quisint,
549 2088 782 2153 discant,
811 2097 865 2143 et
893 2091 962 2143 ab
999 2090 1202 2145 illicitis
1233 2092 1576 2159 resipiscam.

189 2175 397 2245 Denique
426 2193 569 2231 nunc
595 2178 748 2232 multi
781 2180 995 2234 diverso
1015 2197 1203 2236 errore
1227 2199 1550 2251 gravantur;

189 2266 368 2323 Idcirco
392 2279 444 2324 et
465 2271 634 2325 variis
668 2272 872 2329 instare
895 2275 1023 2330 libet
1045 2278 1412 2341 monimentis,

191 2354 247 2410 Ut
265 2359 343 2428 qui
369 2377 471 2414 non
498 2377 628 2426 uno,
654 2363 847 2418 saltem
884 2380 950 2419 ex
973 2367 1078 2420 alio
1097 2368 1413 2423 aedificetur.

648 2470 1050 2530 CAPITULUM
1092 2476 1229 2531 Xlll.

193 2577 542 2660 Ad'nionilio-n‘is
579 2599 758 2649 sermo
799 2584 1178 2660 pd‘cleriros:
1233 2590 1379 2655 prius
1413 2592 1618 2660 quidem
1668 2593 1736 2645 ad

249 2647 351 2725 illos
377 2653 462 2720 qui
488 2652 543 2725 in
571 2647 829 2725 pastorali
859 2655 1065 2724 degunt
1097 2647 1378 2725 regimine;
1405 2647 1591 2714 deinde
1614 2678 1738 2716 vero

250 2721 307 2769 ad
333 2738 411 2772 eos
438 2722 527 2790 qui
567 2723 744 2776 studio
767 2721 1038 2781 adurerent
1069 2721 1341 2784 swEularis
1361 2721 1736 2786 tantummodo

252 2790 486 2846 scientiis.

196 2897 233 2952 0
253 2901 329 2970 qui
351 2903 618 2960 conlidens
642 2905 696 2960 in
722 2908 1002 2978 multiplici
1041 2913 1252 2966 ratione

197 2987 357 3046 'l'emet
377 3010 530 3051 nosse
550 3007 710 3067 putas
732 3015 830 3069 pro
859 3001 1007 3056 falsis
1045 3017 1173 3056 vera
1196 3003 1452 3073 probare,

199 3081 284 3132 Aut
309 3083 491 3139 idcirco
512 3087 685 3157 magis
716 3089 980 3144 imbutum
1012 3099 1064 3144 te
1087 3094 1366 3148 meditaris

201 3168 439 3234 Quatenus
458 3177 524 3230 ad
546 3176 788 3232 studium
812 3182 1066 3247 peccandi
1092 3183 1314 3239 liberior
1340 3185 1451 3248 sis,

205 3259 289 3314 Seu
312 3261 528 3322 Domino
556 3267 734 3336 majus
755 3270 972 3340 impune
1007 3274 1262 3328 resistere
1290 3276 1486 3345 possis,

201 3351 288 3404 Ant
309 3351 667 3424 hujuscemodi
695 3361 828 3415 vitio
857 3378 1178 3434 quocunque
1210 3369 1469 3422 tuniescis

201 3439 448 3514 Designate
471 3447 579 3503 Deo
599 3451 703 3505 sub
725 3451 852 3506 cleri
879 3455 1206 3520 conditione,

200 3524 294 3583 lam
317 3529 465 3589 liceat
491 3539 682 3604 paucis
701 3537 768 3593 ad
803 3548 856 3594 te
881 3544 1188 3614 pertingere
1215 3547 1408 3600 verbis.

200 3617 289 3672 Cur
313 3623 578 3681 rationalis
605 3627 710 3683 hoc
739 3629 844 3684 tale
881 3633 1083 3689 malum
1115 3637 1419 3704 meditaris,

200 3705 256 3800 lit
275 3725 360 3779 per
379 3713 514 3768 dona
545 3717 662 3784 Dei,
689 3735 811 3789 qua:
840 3724 1144 3780 contulerat
1182 3729 1276 3783 tibi
1309 3739 1523 3800 sponte,

200 3795 306 3891 l‘lus
329 3802 441 3858 aliis
463 3806 687 3863 demens
721 3811 849 3866 hinc
870 3815 1149 3872 extollaris
1179 3819 1230 3873 in
1265 3795 1476 3891 ipsum?

199 3886 264 3941 Ad
286 3905 507 3950 mentem
538 3913 733 3954 revoca
772 3901 970 3958 Judzeae
999 3907 1171 3975 plebis
1198 3886 1419 3976 olivam,

201 3983 307 4047 Qua:
340 3986 585 4048 Patribus
613 3997 820 4050 sanctis
846 4000 1094 4066 quamvis
1125 4002 1338 4055 exculta
1372 4003 1564 4060 fuisset

199 4074 396 4144 Aclegis
421 4093 622 4136 sancta:
661 4088 1116 4146 meruissetdona
1149 4101 1351 4155 tenere,

201 4161 443 4224 llinelicet
468 4181 522 4226 et
541 4170 800 4231 Christus
829 4176 981 4244 juxta
1012 4195 1228 4236 carnem
1264 4183 1403 4237 foret
1424 4195 1596 4250 ortus,

201 4252 310 4308 Cum
337 4273 390 4312 se
408 4269 552 4317 stare
577 4265 692 4319 suis
721 4267 880 4320 vellet
906 4270 1180 4325 conlidere
1207 4276 1394 4339 ramis,

201 4343 350 4416 Atque
367 4354 666 4423 superbiret
694 4359 760 4412 de
789 4358 924 4430 legis
952 4364 1267 4430 traditione,

203 4433 527 4499 Contemnens
552 4446 710 4501 subdi
737 4447 998 4504 doctrina:
1019 4452 1312 4520 spirituali,

205 4523 304 4616 {ius
323 4537 530 4601 pran-isa
559 4531 675 4594 suis
707 4543 874 4610 caepit
912 4537 1246 4602 marcescere
1267 4549 1453 4616 ramis,

208 4610 253 4667 Si
285 4618 405 4676 Deus
436 4638 563 4697 ergo
601 4623 773 4685 cernae
799 4645 901 4685 nec
934 4635 1198 4689 naturalis
1225 4636 1382 4692 oliva:

209 4703 399 4798 {arcere
422 4717 680 4785 decrevit,
708 4721 834 4776 dum
871 4733 1062 4779 contra
1096 4727 1246 4782 illum
1270 4729 1410 4784 male
1442 4734 1615 4798 sae-vit,

211 4792 301 4889 Nec
323 4803 428 4872 tibi,
455 4809 545 4878 qui
564 4813 738 4880 gratis
766 4814 1063 4870 miserante
1087 4815 1197 4873 Deo
1226 4821 1519 4889 repararis,

215 4885 268 4943 Et
289 4893 412 4951 velut
435 4901 642 4971 abjecto
668 4903 948 4974 plantatus
979 4920 1038 4960 es
1066 4923 1130 4962 ex
1163 4885 1422 4977 oleastro,

219 4978 265 5073 Si
285 4986 420 5043 simul
448 4993 672 5063 insanis,
699 5006 890 5069 parcet
915 5013 1107 5055 manus
1144 5000 1563 5073 Omnipotentis.

223 5067 281 5126 Ne
299 5075 359 5132 sis
379 5081 604 5154 ingratus
632 5067 744 5142 tam
777 5089 1044 5143 mirandze
1068 5091 1276 5159 pietati,

225 5162 323 5204 num
347 5172 424 5204 HL:
453 5189 636 5204 nm-.-
664 5180 804 5204 4-1:.
831 5181 972 5204 _-.-,s
999 5179 1101 5204 :.._.
1143 5200 1168 5204 κ
1189 5193 1322 5204 -.μω
1364 5201 1386 5203 ς
1408 5200 1422 5204 -

1763 1885 1808 1945 Β

1773 4605 1821 4663 ι)

1825 637 1930 690 Par
1971 647 2054 691 est
2077 638 2338 705 jumentis
2358 647 2412 691 et
2433 637 2736 692 consimilis
2751 647 2935 692 manet
2965 637 3090 692 illis.

1825 725 1934 780 Nos
1958 727 2120 794 igitur
2143 729 2361 783 brutum
2390 743 2560 798 genus
2594 729 2695 782 hoc
2734 743 2922 782 sumus
2953 736 3010 782 et
3039 725 3260 784 resolutr

1825 817 2008 874 Altius
2039 819 2218 873 edocti
2246 834 2416 873 saera‘
2443 819 2810 874 moderamina
2843 820 2994 890 legis,

1826 908 1952 974 Qui,
1982 923 2103 962 cum
2137 908 2340 976 pradati
2371 920 2684 963 maneamus
2713 909 2765 962 in
2787 917 2906 964 arte
2926 909 3123 975 librali,

1830 996 1899 1052 Ut
1918 1013 2054 1066 pene
2081 998 2291 1052 vivendi
2323 999 2546 1068 reliquis
2574 998 2822 1068 exempla
2845 999 3119 1066 daremus,

1829 1085 1915 1150 Et,
1941 1087 1984 1140 si
2020 1102 2107 1141 res
2131 1096 2357 1156 peteret,
2391 1088 2610 1142 occasio
2645 1096 2832 1141 sancta
2859 1087 3084 1154 veniret,

1829 1173 1935 1229 Pro
1956 1175 2077 1231 fidei
2101 1176 2263 1231 sociis
2281 1177 2445 1232 etiam
2471 1187 2698 1233 mortem
2721 1190 3053 1248 pateremur,

1829 1267 2088 1322 Labimur
2115 1267 2166 1321 in
2199 1267 2388 1337 primis
2408 1270 2788 1338 congressibus
2811 1269 3110 1339 impietatis

1831 1356 2112 1426 Tanquam
2144 1357 2218 1411 nil
2247 1358 2350 1412 nisi
2379 1355 2571 1412 contra
2600 1359 2745 1415 vires
2774 1359 3015 1426 inimici;
3112 1374 3115 1376 '
3286 1415 3294 1420 .

1832 1447 1900 1502 Et
1923 1448 2064 1517 quod
2090 1447 2267 1503 adhuc
2290 1449 2509 1519 gravius
2535 1449 3005 1520 miscrabilinsque
3032 1450 3263 1514 videtur,
3303 1517 3305 1519 ι

1832 1537 1947 1592 Non
1973 1539 2144 1592 solum
2173 1539 2407 1607 fugimus
2429 1556 2537 1610 quo
2566 1541 2908 1611 przecipimur
2943 1540 3057 1595 fore
3097 1557 3282 1594 murus

1833 1630 1939 1684 Sed
1971 1631 2260 1686 commissa
2282 1633 2446 1686 etiam
2471 1632 2810 1698 lacerantes,
2826 1650 2974 1690 more
2998 1634 3266 1702 luporum,

1833 1725 2089 1794 Quaedam
2121 1737 2424 1804 vastamus,
2450 1729 2695 1798 quasdam
2722 1729 2860 1784 male
2885 1728 3266 1783 destituemus.

1835 1819 1968 1873 Nam
1996 1820 2212 1888 quibus,
2241 1829 2298 1873 ut
2323 1830 2521 1889 patres,
2552 1819 2872 1874 deberemus
2892 1820 3021 1874 dare
3047 1820 3268 1880 victum.

1839 1910 1894 1964 Si
1921 1910 2004 1966 vis
2036 1910 2140 1964 ulla
2176 1910 2277 1965 loci
2308 1909 2391 1964 vel
2419 1925 2580 1965 casus
2605 1920 2851 1980 posceret
2871 1909 3021 1974 anni,

1835 1997 1932 2052 llis
1959 2007 2020 2051 ut
2045 2008 2292 2068 raptores
2313 1999 2608 2055 crudeliter
2632 1999 3004 2064 advenientes,

1837 2087 1927 2142 llla
1951 2099 2314 2158 asportamus,
2347 2090 2490 2160 quod
2515 2090 2622 2145 erit
2660 2089 2966 2144 miserabile
2992 2089 3162 2153 dictu,
3255 2142 3257 2144 .

1837 2180 1966 2244 Quae
1997 2179 2168 2248 pietas
2197 2179 2372 2235 aliena
2394 2181 2542 2236 dedit
2567 2196 2664 2251 pro
2689 2181 2904 2236 nomine
2924 2180 3125 2235 Christi
3163 2195 3180 2234 :

1836 2271 1972 2324 Cum
2007 2279 2321 2340 peccatores
2343 2271 2626 2327 malefacta
2657 2273 2738 2326 sui
2772 2281 3074 2326 metuentes

1837 2359 1918 2414 Ad
1949 2375 2050 2415 nos
2077 2374 2175 2430 pro
2205 2361 2378 2416 venia:
2400 2377 2562 2417 causa
2605 2361 2810 2431 fugient
2832 2361 3128 2431 capiendae.

1839 2451 1934 2524 llis
1959 2459 2049 2504 aut
2073 2450 2340 2506 terribiles
2357 2491 2372 2515 ,
2395 2451 2515 2520 plus
2541 2468 2702 2523 quam
2727 2467 2813 2506 res
2835 2459 3020 2522 poscat
3042 2460 3096 2505 et
3121 2465 3272 2514 usus,

1840 2545 1946 2600 Seu
1980 2544 2262 2614 plusquam
2288 2544 2450 2599 liceat
2474 2545 2768 2600 clementes
2791 2545 3148 2603 inveniemur,
3231 2611 3236 2615 ι

1840 2635 1958 2698 Vel,
1982 2635 2332 2705 designantes
2361 2648 2525 2704 super
2554 2635 2640 2690 his
2662 2635 2955 2690 decernere
2977 2632 3274 2701 quidquam

1839 2726 2021 2782 Nostri
2051 2726 2285 2791 cautela,
2323 2735 2530 2782 tantum
2552 2727 2943 2782 committimus
2978 2725 3084 2779 illis
3121 2777 3126 2780 ,
3181 2791 3184 2794 ξ

1839 2818 1988 2886 Quos
2009 2819 2398 2874 sceleratorum
2431 2819 2612 2874 socios
2637 2818 2873 2874 existere
2894 2817 3118 2873 scimus.

1839 2911 1970 2975 Nos,
1995 2912 2119 2980 quia
2143 2911 2427 2968 constricti
2467 2911 2568 2966 sub
2597 2910 2958 2966 sollicitudine
2987 2906 3172 2963 mundi
3247 2915 3250 2918 ’

1839 3001 2137 3070 Ollieioque
2165 3003 2317 3057 ducis
2339 3000 2630 3072 iungentes
2663 3009 2760 3055 aut
2787 3001 2904 3056 vicc
2936 3000 3099 3068 regis,

1839 3092 2156 3148 Commissa:
2181 3092 2352 3161 plebis
2375 3107 2563 3146 curam
2596 3105 2824 3160 pensare
2849 3103 3174 3159 nequimus;

1842 3186 2233 3256 lndignnmqne
2261 3185 2401 3240 foret
2430 3194 2536 3238 tam
2571 3183 2749 3238 claros
2788 3191 3008 3252 tamque
3028 3187 3278 3252 potentes

1842 3275 2104 3347 Degeneri
2131 3277 2302 3332 turbae
2329 3291 2428 3331 nos
2469 3275 2614 3345 ipsos
2634 3275 2998 3344 suppeditare.
3033 3311 3038 3315 ι

1841 3369 1983 3426 Sunt
2010 3369 2100 3427 alii
2135 3371 2336 3441 plures,
2362 3369 2483 3440 quis
2526 3367 2813 3424 conveniat
2837 3365 2989 3420 labor
3017 3363 3126 3428 ille,

1847 3461 1916 3520 Bt
1936 3463 2126 3534 vulgus
2149 3464 2379 3516 doceant
2397 3468 2452 3516 et
2478 3468 2536 3514 ut
2567 3456 2831 3526 exemplis
2855 3456 2992 3510 bene
3020 3453 3277 3524 βαρείαις

1841 3552 1952 3607 Nos
1979 3551 2161 3606 mundi
2193 3564 2464 3621 proceres,
2493 3563 2593 3603 nos
2616 3554 2831 3602 constat
2854 3544 2921 3599 ad
2947 3544 3059 3608 otia
3093 3555 3300 3605 natos,
3371 3575 3379 3586 ι

1845 3643 2022 3713 thue
2044 3656 2261 3704 canum,
2285 3639 2564 3694 volucrum
2589 3645 2861 3693 sectemur
2901 3633 3110 3688 ludicra
3143 3641 3371 3696 tantum,

1845 3731 1972 3796 Seu,
2000 3744 2338 3802 quaecunque
2362 3730 2597 3799 placent,
2621 3728 2706 3782 his
2728 3725 2938 3781 deliciis
2971 3724 3274 3794 potiantur;

1843 3821 1980 3877 Nam
2006 3823 2133 3876 vitae
2163 3820 2322 3888 hujus
2348 3835 2481 3890 opes
2515 3819 2634 3875 illos
2664 3825 2915 3888 quierunt
2940 3814 3206 3880 seniores,

1843 3913 1944 3977 Qui
1971 3927 2134 3982 supra
2156 3912 2316 3967 dictis
2335 3911 2589 3966 studeant
2617 3909 2865 3965 insistere
2895 3905 3056 3970 ludis,

1844 4004 1956 4059 Nec
1978 4004 2143 4058 fuerit
2169 4004 2327 4058 luxus
2359 4004 2503 4072 quod
2537 4002 2723 4056 mundi
2755 4001 2992 4071 postulat
3021 4014 3170 4054 usus.
3260 3992 3268 4002 ’

1845 4095 1992 4162 llaec,
2023 4097 2066 4151 si
2090 4111 2196 4150 non
2222 4096 2390 4161 dictu,
2425 4102 2604 4154 tamen
2626 4091 2964 4147 aﬂirmantur
2995 4091 3048 4145 in
3072 4099 3218 4154 actu,

1847 4189 2003 4243 Sicut
2021 4197 2077 4242 et
2109 4189 2222 4256 ipse
2244 4189 2440 4257 probat
2469 4201 2586 4241 mos
2611 4186 2742 4242 cleri
2765 4184 3135 4255 quotidianus.

1846 4279 1940 4332 Est
1969 4287 2030 4332 et
2053 4279 2226 4334 adhuc
2250 4279 2435 4332 vitium
2463 4278 2685 4346 reliquis
2722 4290 2948 4345 compar
2970 4272 3308 4329 referendum
3331 4287 3344 4299 ν

1845 4369 1974 4438 Ejus
2001 4371 2143 4421 enim
2172 4368 2379 4423 crimen
2403 4367 2496 4436 qui
2523 4375 2774 4437 speratur
2792 4365 2917 4434 quid
2941 4363 3145 4417 habere

1845 4461 2020 4516 Causa
2050 4468 2234 4513 manet
2258 4459 2414 4513 nobis
2441 4458 2684 4528 ejusdem
2711 4459 2871 4510 rebus
2900 4455 3072 4509 abuti.

1847 4550 2000 4604 Tunc
2028 4549 2197 4620 raptis
2226 4548 2390 4603 rebus
2411 4549 2668 4604 miserum
2702 4562 2808 4602 non
2837 4545 3060 4615 corrigit
3085 4543 3250 4611 ullus,
3302 4556 3306 4560 ·

1849 4641 1919 4697 Ut
1950 4656 2046 4712 pro
2073 4641 2381 4696 commissis
2403 4639 2748 4710 aliquatenus
2784 4638 2872 4695 hic
2893 4644 3175 4704 reparatus

1799 4753 1802 4756 ’
1847 4731 2025 4787 Possit
2056 4739 2330 4800 perpetua:
2349 4728 2599 4788 ﬂammas
2622 4729 2854 4788 evadere
2876 4741 3066 4796 pmnae.

1850 4820 1956 4877 Sed
1977 4820 2100 4889 quis
2123 4828 2230 4874 tam
2258 4819 2448 4876 doctus
2465 4833 2786 4888 percurrere
2821 4815 3028 4883 singula
3065 4821 3248 4882 posset

1849 4913 1906 4967 ln
1932 4911 2130 4982 quibus
2149 4919 2400 4965 auctores
2433 4908 2698 4964 scelerum
2728 4905 3102 4962 convincimur
3138 4915 3282 4966 esse,

1850 5001 1980 5066 Nos,
2007 5001 2099 5070 qui
2128 4999 2248 5070 plus
2276 4999 2396 5054 aliis
2427 4999 2610 5054 divina
2635 4998 2845 5070 negotia
2875 4993 3109 5054 scimus!
3195 5060 3198 5062 γ

1852 5093 2154 5149 Dummodo
2184 5101 2369 5147 noster
2390 5091 2564 5146 honor
2591 5089 2822 5146 celebris
2851 5089 3116 5144 habeatur
3143 5085 3194 5139 in
3223 5082 3361 5136 orbe

1853 5185 1912 5204 ππ.
1947 5201 1970 5203 γ-
2040 5185 2098 5201 ⁸⁸-
2132 5182 2338 5202 _-,-,_.9-
2366 5181 2650 5202 ..--a!‘-..s--
2690 5181 2982 5202 -m-:--..---
