3942 5340
2859 373 2887 380 ..ι

528 416 635 479 m
1558 420 2209 492 oruLommomcm
2246 427 2307 484 s.
2348 426 2772 486 EMMERAMMI
3127 397 3137 411 ³
3681 425 3783 484 ait

530 526 596 593 Ni
628 527 835 597 pariter
857 529 1070 586 cunctis
1097 544 1354 600 perversa
1384 526 1552 587 licere
1590 540 1815 587 reantur
2130 543 2183 600 Α
2209 537 2311 606 Qui
2345 552 2508 595 sensu
2538 553 2705 608 pravo
2729 536 3014 597 dialectica
3042 537 3207 597 verba
3244 537 3583 610 frequentas,

531 618 651 686 Jam
680 621 879 681 merito
904 620 1094 679 ﬂemus
1121 623 1213 693 qui
1247 622 1373 687 talia
1398 623 1562 681 corda
1595 633 1860 681 tenemus.
2209 629 2309 684 Vel
2337 644 2691 700 quoscunque
2706 630 2873 687 libros
2901 630 3080 688 studio
3114 631 3298 687 mundi
3321 632 3596 702 pretiosos

528 707 644 774 lmo
668 708 785 764 dies
811 709 1043 773 venient,
1067 713 1111 766 si
1140 727 1245 774 non
1270 728 1568 786 purgamur
1601 715 1653 768 in
1681 714 1824 780 istis,
2206 716 2459 782 Attendis
2496 727 2707 775 tantum
2736 720 2864 791 quid
2893 721 2996 776 sub
3023 729 3074 776 te
3095 720 3169 777 sit
3191 721 3551 790 moderatum,

533 796 790 890 Quamvis
813 815 971 890 nunc.
985 802 1130 858 risus
1150 818 1251 859 nos
1281 815 1509 874 occupet
1535 805 1955 875 immoderatus,
2209 806 2352 884 Quot
2379 809 2615 880 speciale
2643 810 2810 872 decus
2844 811 3083 867 hominis
3102 811 3409 867 substantia
3426 820 3623 883 gestet,

530 887 665 946 Cum
696 887 850 947 dolor
868 887 1107 949 aeternus
1140 893 1514 949 circumvallat
1542 895 1888 954 cruciandos.
2208 897 2375 973 Cujus
2396 898 2625 963 factum
2645 899 2866 961 collatio
2893 902 2968 957 sit
2989 901 3168 963 minor
3189 902 3256 963 ad
3280 910 3331 955 te
3357 917 3373 967 ;

532 976 674 1044 Quid
700 976 827 1047 plus
846 976 1048 1042 ludatis
1072 983 1284 1053 agimus
1312 983 1451 1039 bene
1473 984 1559 1040 vel
1586 985 1893 1051 Pbarisaeis.
2208 988 2462 1061 Magnum
2484 993 2684 1064 quippe
2713 993 2809 1059 tibi
2836 993 3015 1059 brutis
3040 1002 3299 1063 praestare
3326 995 3545 1057 videtur

530 1066 678 1143 Quos
704 1068 838 1126 foris
856 1069 1077 1132 albatos
1097 1071 1345 1143 legimus,
1378 1076 1473 1134 sed
1509 1085 1728 1145 pectore
1760 1074 1971 1133 foedos?
2210 1080 2277 1136 Et
2306 1081 2527 1151 reliquis
2548 1083 2730 1149 rebus,
2754 1099 2875 1157 quae
2893 1085 3195 1147 consistunt
3218 1085 3339 1141 sine
3357 1100 3544 1154 sensu,

528 1157 668 1221 Dum
701 1168 914 1216 tantum
943 1162 1123 1234 lingua
1158 1165 1409 1220 volumus
1431 1166 1705 1236 complere
1726 1175 1929 1221 statuta
2208 1171 2327 1228 Non
2357 1182 2416 1227 ut
2440 1173 2495 1237 in
2516 1174 2602 1235 his
2628 1189 2840 1244 quaeras
2861 1190 2960 1231 cur
2980 1175 3052 1231 sit
3072 1174 3331 1230 distantia
3361 1174 3485 1231 talis

529 1247 754 1310 Utmihi
781 1249 887 1307 fert
912 1254 1146 1321 animus,
1179 1256 1414 1327 pejores,
1448 1256 1581 1312 heu!
1613 1271 1800 1314 sumus
1835 1258 1961 1322 illis.
2209 1263 2361 1331 Inter
2390 1280 2485 1321 eas
2509 1274 2565 1321 et
2591 1275 2661 1331 te,
2689 1267 2735 1323 si
2768 1275 2977 1322 tantum
3007 1265 3085 1322 sis
3113 1265 3291 1320 minor
3312 1264 3446 1332 ullo,

527 1336 763 1407 Maxime
784 1341 832 1397 si
852 1344 1148 1414 quidquam
1185 1358 1383 1417 praeter
1405 1347 1595 1418 legalia
1617 1349 1842 1413 scirent,
2213 1354 2323 1410 Sed
2350 1369 2461 1424 quo
2488 1355 2736 1411 sublimis
2759 1355 2904 1411 Deus
2938 1356 2993 1417 in
3028 1355 3207 1411 medio
3229 1354 3472 1410 videaris

528 1438 597 1506 lii
621 1439 852 1497 fortasse
878 1442 1059 1497 minus
1082 1450 1190 1497 tam
1212 1444 1365 1499 triste
1400 1445 1551 1500 nefas
1580 1454 1964 1514 sequerentur.
2209 1442 2389 1514 Atque
2415 1459 2513 1515 per
2532 1446 2636 1501 hoc
2660 1445 2843 1509 valeas
2859 1454 3011 1511 tanto
3037 1445 3282 1505 securior
3313 1458 3457 1513 esse,

527 1528 603 1594 At
629 1543 729 1584 nos
758 1529 813 1584 in
837 1529 993 1595 libris
1018 1546 1126 1587 non
1149 1531 1323 1588 solum
1348 1533 1554 1589 crimen
1577 1548 1792 1599 eorum,
2212 1532 2419 1590 Illicitis
2452 1537 2898 1611 rebustantoque
2924 1536 3176 1596 licentius
3207 1536 3288 1595 uti

533 1616 643 1676 Sed
665 1632 880 1689 quoque
907 1620 1202 1676 multorum
1237 1631 1522 1685 cernentes
1546 1634 1696 1695 gesta
1717 1624 1970 1689 aliorum,
2213 1623 2428 1691 Quanto
2448 1625 2711 1700 praecellis
2737 1614 2853 1692 haec
2877 1626 3060 1682 omnia
3090 1625 3139 1683 vi
3169 1626 3399 1686 rationis

529 1706 791 1773 Quaedam
821 1711 1124 1780 composita
1152 1726 1254 1782 pro
1275 1712 1535 1783 vindicta.
1553 1714 1931 1784 reproborum,
2215 1710 2341 1771 Haac
2366 1724 2451 1768 est
2476 1730 2711 1785 namque
2732 1725 2834 1770 tua:
2865 1714 3137 1774 conflictio
3167 1715 3544 1786 philosophia.

525 1794 636 1863 Pro
664 1797 856 1860 bravio
890 1801 1134 1868 quaedam
1160 1803 1428 1873 sperando
1458 1805 1601 1863 dicta
1628 1807 1864 1876 piorum,
2214 1804 2260 1860 0
2289 1804 2441 1860 labor
2460 1804 2564 1861 heu
2598 1807 2799 1876 qualis,
2823 1821 2985 1875 quem
3017 1805 3124 1860 fert
3152 1806 3380 1861 intentio
3411 1806 3534 1862 talis
3561 1807 3581 1862 i

525 1885 685 1976 scire
705 1887 924 1959 quidem
949 1898 1222 1949 transacta
1248 1894 1394 1949 velut
1422 1898 1712 1966 praesentia
1739 1898 1958 1967 quimus
1978 1910 2011 1967 ,ς
2139 1879 2189 1949 Β
2216 1895 2389 1976 Quam
2444 1897 2762 1963 tenebrosus
2806 1911 2982 1965 amor,
3031 1910 3141 1976 quo
3177 1895 3317 1961 lucis
3366 1896 3650 1967 spernitur
3689 1893 3793 1959 Διι-

529 1975 645 2046 Nec
668 1986 847 2034 tamen
867 1995 897 2035 a
927 1981 1151 2051 paribus
1170 1983 1317 2040 vitiis
1339 1999 1557 2041 cessare
1586 1987 1857 2042 timemus.
2250 1975 2253 1976 ν
3537 1987 3685 2060 [ειοΐ
3709 1987 3728 2054 ι

527 2069 640 2126 Hos
666 2085 1033 2139 exsecramur,
1060 2076 1205 2144 quod
1237 2085 1345 2134 tam
1373 2091 1630 2148 perversa
1658 2079 1969 2150 studebant,
2211 2079 2351 2136 Ecce
2388 2087 2541 2135 tuum
2561 2079 2797 2135 studium
2831 2093 3016 2134 coram
3048 2086 3100 2135 te
3120 2086 3230 2135 stat
3256 2077 3572 2144 recitatum,

524 2159 647 2216 Non
672 2163 1013 2220 attendentes
1037 2168 1164 2235 quia
1190 2181 1291 2222 nos
1321 2166 1460 2223 idem
1486 2176 1631 2234 tenet
1652 2184 1828 2235 error,
2209 2170 2290 2233 Ac
2313 2169 2467 2238 cujus
2487 2184 2652 2225 causa
2684 2169 2890 2229 moliris
2915 2169 3127 2224 discere
3155 2168 3345 2234 multa,

534 2249 639 2319 Qui
673 2262 938 2331 praecepta
968 2256 1059 2311 Dei
1088 2257 1246 2319 labiis
1274 2268 1479 2315 tantum
1515 2275 1860 2317 veneramur.
2212 2265 2384 2333 Quam
2409 2265 2590 2323 minus
2609 2262 2827 2334 agnosci
2855 2271 3095 2318 tractans
3115 2262 3347 2317 fortasse
3368 2258 3570 2330 putasti
3601 2275 3623 2316 ε

526 2339 639 2411 Ipsi
667 2356 861 2413 nempe
886 2343 1078 2411 Deum,
1112 2354 1373 2418 tanquam
1406 2366 1524 2415 nos,
1556 2366 1652 2406 ore
1685 2352 1937 2411 colebant
2217 2356 2418 2411 Verum
2440 2354 2527 2410 fur
2547 2364 2741 2423 captus
2769 2361 2826 2408 et
2848 2353 2982 2424 legis
2997 2367 3149 2408 more
3170 2358 3391 2407 coactus

526 2431 839 2499 Attestante
863 2434 976 2488 Deo
1009 2449 1106 2504 per
1138 2435 1290 2492 Isaiae
1315 2437 1462 2492 dicta
1484 2439 1778 2508 prophetae.
2216 2443 2454 2499 Prodere
2475 2444 2675 2514 quippe
2702 2442 2844 2513 valet
2870 2441 2999 2496 furti
3029 2442 3232 2508 socios,
3258 2441 3352 2496 sed
3377 2446 3434 2495 et
3460 2447 3664 2505 artem,

526 2519 659 2601 Quae
680 2522 886 2593 parile!
907 2523 1161 2581 ChI'iSlus
1183 2525 1385 2581 ludatis
1414 2536 1601 2596 ροειθει
1625 2528 1755 2583 dicit
1785 2544 1802 2584 ε
2216 2536 2328 2593 Nec
2354 2536 2617 2606 cujusque
2642 2536 2749 2591 doli
2774 2535 2895 2605 plus
2924 2534 3213 2604 quisquam
3244 2532 3459 2588 noverit
3490 2546 3626 2587 usus

526 2612 661 2681 Ηωο
678 2612 830 2683 PICbS
860 2629 946 2669 me
974 2614 1135 2681 labiis
1160 2616 1292 2673 θοιὶι
1313 2626 1368 2672 ei
1409 2617 1576 2672 corde
1617 2627 1700 2673 est
1732 2618 1977 2688 procula
2007 2634 2111 2681 the.
2216 2626 2388 2693 Quam
2413 2626 2503 2696 qui
2530 2641 2626 2696 per
2650 2623 2843 2680 similis
2873 2623 3154 2681 machinas
3186 2618 3435 2677 interfuit
3456 2619 3614 2686 artis,

528 2703 685 2773 8³⁵9⁸
714 2706 936 2787 quidem
965 2706 1238 2776 loquimur
1259 2708 1327 2763 de
1354 2710 1661 2780 cognitione
1682 2726 1913 2781 superna
2220 2717 2479 2784 Quamvis
2503 2717 2572 2772 ad
2597 2730 2779 2771 mores
2807 2722 3161 2769 convertatur
3179 2711 3457 2767 meliores.

526 2792 597 2863 Et
627 2808 750 2849 cum
780 2794 1084 2865 magnificis
1110 2797 1457 2865 perhibemus
1484 2798 1673 2860 cwlica
1709 2800 1908 2864 verbis,
2219 2806 2375 2876 Saepe
2406 2810 2573 2862 etiam
2603 2805 2813 2869 vitium,
2843 2803 2987 2874 quod
3018 2817 3127 2857 non
3149 2800 3503 2870 cognovimus
3529 2806 3661 2860 actu

526 2882 777 2951 Pondere
804 2884 1072 2961 ponentes
1097 2885 1282 2955 gravia
1312 2887 1366 2941 in
1397 2887 1654 2943 humeros
1683 2889 1937 2955 aliorum,
2217 2895 2458 2956 Alterius
2481 2894 2640 2950 dictis
2662 2902 2756 2948 aut
2774 2892 3020 2948 moribus
3042 2891 3406 2960 experiemur.

530 2969 664 3039 Quae
694 2986 795 3035 nec
815 2987 940 3027 cum
965 2974 1135 3044 digito
1163 2974 1408 3031 volumus
1433 2977 1749 3048 contingere
1777 2989 1966 3037 nostro
2219 2987 2312 3042 Sic
2341 2986 2434 3056 qui
2466 2985 2754 3049 mundana:
2778 2983 3029 3041 recolens
3054 2981 3310 3052 figmenta
3340 2979 3548 3049 sophia:

530 3059 644 3128 Ceu
674 3060 904 3117 Domino
926 3077 1056 3133 cura
1084 3079 1192 3119 non
1217 3066 1290 3120 sit
1313 3081 1411 3136 pro
1438 3066 1636 3122 talibus
1658 3066 1762 3123 ulla
2218 3078 2347 3134 Haec
2375 3092 2496 3132 mea
2519 3077 2662 3132 dicta
2686 3076 2843 3146 legis,
2883 3083 3077 3130 testata
3111 3082 3215 3133 tute
3234 3071 3400 3127 decus
3424 3069 3586 3135 artis,

525 3150 609 3207 ΑΟ
636 3165 737 3206 ηοε
756 3160 1044 3223 peccantes
1072 3152 1232 3219 εοιίιει
1259 3169 1364 3210 οοη
1388 3165 1580 3227 arguat
1599 3157 1698 3223 ira.
2147 3221 2187 3236 η
2218 3169 2409 3225 Iudice
2432 3178 2507 3235 te,
2536 3176 2708 3223 testor
2731 3166 2859 3236 quia
2885 3181 2976 3224 me
2998 3174 3121 3221 tuus
3149 3164 3294 3231 haud
3320 3162 3454 3218 latet
3478 3176 3661 3231 error,

527 3239 695 3311 Ειίῧίῐ
718 3254 849 3312 ⁸1⁸80
877 3239 1076 3308 locum.
1106 3258 1217 3323 τωο
1249 3246 1587 3303 conveniatis
1614 3246 1666 3300 ill
1695 3261 1863 3306 unum
2143 3221 2188 3283 C
2221 3260 2328 3316 Seu
2359 3221 2650 3316 recolendo
2674 3221 2848 3328 ipsum
2873 3258 2958 3313 vel
2980 3221 3355 3325 cognoscendo
3377 3254 3621 3321 aliunde,

528 3330 646 3389 Vos
665 3333 863 3403 quibus
883 3342 969 3399 est
1000 3333 1228 3403 licitum,
1255 3352 1356 3392 nec
1386 3352 1494 3396 non
1519 3353 1778 3397 concessa
1802 3347 2046 3414 potestas.
2219 3350 2383 3405 Multa
2411 3351 2541 3406 licet
2569 3348 2799 3414 referas,
2826 3362 2893 3402 ne
2914 3361 3025 3416 quo
3048 3344 3238 3400 tendas
3257 3343 3525 3407 videatur,

531 3421 648 3479 Sub
674 3423 929 3503 pastorali
950 3440 1078 3485 cura
1111 3435 1432 3487 convertere
1460 3428 1739 3493 mundum.
2217 3442 2370 3509 Quod
2391 3441 2614 3497 simulas
2641 3440 2842 3504 scitur,
2868 3452 2977 3507 quo
3017 3436 3193 3491 tendis
3216 3443 3272 3490 et
3319 3434 3374 3488 id
3394 3433 3661 3504 sapietur.

530 3509 626 3578 Ut,
649 3527 773 3568 cum
797 3513 870 3568 sit
895 3522 1105 3585 tempus
1132 3515 1326 3587 venire,
1348 3530 1529 3570 mores
1553 3531 1899 3587 renovemus,

2220 3531 2331 3587 Nec
2354 3531 2507 3586 labor
2534 3531 2623 3587 hic
2652 3544 2880 3600 magnus
2906 3542 3052 3582 verae
3082 3526 3140 3584 lit
3170 3524 3532 3599 simplicitati,

528 3602 611 3694 43¢
634 3602 894 3673 sicutper
917 3617 1019 3694 n9?
1042 3604 1280 3673 primum
1303 3603 1593 3675 frleescere
1616 3605 1802 3674 coepit.
2220 3624 2291 3679 tu
2316 3623 2699 3679 circumducta».
2728 3621 2933 3683 variam
2947 3618 3270 3694 paradigma
3298 3619 3547 3691 loquelae,
3610 3682 3613 3685 λ

532 3691 624 3788 §ic
653 3706 849 3788 nunca
879 3692 1039 3751 nobis
1061 3694 1357 3756 recalescat
1386 3707 1539 3788 amor
1559 3695 1831 3788 pietatis;
1992 3732 2024 3788 τ’
2217 3714 2273 3768 ιη
2297 3728 2404 3783 qua
2435 3726 2560 3788 spes
2585 3728 2764 3773 υηιηιε
2791 3691 3077 3771 mundana;
3113 3691 3334 3783 pingitur
3360 3709 3498 3763 artis

532 3781 671 3837 Nam
720 3783 904 3847 varios
931 3798 1114 3851 casus,
1159 3799 1297 3853 quos
1323 3783 1526 3852 perfert
1558 3785 1645 3839 hic
1672 3784 1833 3839 modo
1862 3785 2089 3857 mtuum:

2017 3785 2116 3860 ’³⁵⁵³
2218 3781 2352 3868 Cum
2391 3781 2608 3864 differre
2633 3806 2777 3875 loqui
2808 3801 3058 3859 facundia
3087 3781 3298 3855 summa
3330 3806 3574 3868 putatur,

529 3871 783 3942 Arbitror
802 3887 868 3932 ex
892 3875 1093 3934 uestris
1121 3888 1341 3949 prorsus
1361 3874 1675 3951 emungare
1701 3881 1894 3951 culpis.

1889 3922 1894 3937 ’
2219 3899 2416 3961 Mentis
2452 3871 2735 3968 perspicua
2765 3893 2936 3963 possit
2961 3892 3279 3963 dignoscere
3306 3888 3446 3949 luce.

535 3968 629 4023 Sic
649 3968 816 4037 igitur
843 3978 991 4026 totus
1019 3974 1385 4041 corrumpitur
1410 3973 1647 4041 undique
1683 3976 1937 4043 mundus,
2219 3988 2326 4055 sed
2351 3988 2478 4058 quid
2498 3986 2782 4041 verborum
2808 3979 3059 4037 conﬂictu
3087 3978 3264 4034 credis
3283 3978 3337 4031 in
3361 3975 3470 4036 ullo
3494 3974 3520 4028 ?

533 4066 670 4120 Cum
697 4067 828 4122 cleri
859 4065 1092 4135 oﬁicium
1123 4077 1367 4125 sectatur
1393 4083 1529 4142 opus
1559 4069 1818 4129 laicorum
2218 4078 2380 4133 Certe
2404 4091 2501 4147 per
2528 4073 2776 4144 proprios
2811 4071 2974 4126 citius
3007 4064 3355 4138 cognosceris
3386 4071 3564 4125 actus,

530 4156 601 4223 Ει
624 4160 830 4228 Parim
854 4159 976 4215 laici
1007 4168 1318 4214 διαιυυιιῑυι*
1346 4161 1401 4219 in
1430 4160 1621 4214 οτάίηε
1643 4159 1794 4225 ειθτὶσ
2219 4166 2477 4233 Quamvis
2501 4172 2578 4219 tot
2598 4163 2808 4231 linguas
2832 4172 3019 4229 posses
3041 4157 3278 4212 retinere
3304 4162 3436 4226 quot
3465 4160 3661 4216 artus:

533 4249 642 4315 Sed
664 4249 847 4319 dispar
874 4249 1034 4319 10088
1057 4259 1339 4319 Peccatum
1369 4258 1586 4305 οοῐιειοι
1616 4259 1924 4320 utrumqne-
2219 4259 2507 4313 Fructibus
2535 4271 2665 4326 ergo
2686 4254 2801 4308 suis
2828 4252 2991 4307 arbor
3014 4248 3359 4319 cognoscitur
3382 4244 3582 4300 omnis.

532 4338 780 4409 Denique
829 4339 951 4412 plus
1001 4349 1249 4412 peccant,
1305 4340 1397 4409 qui
1436 4339 1589 4409 plura
1642 4339 1866 4401 sciendo
1920 4340 2117 4410 Proba-
2218 4348 2335 4405 Non
2374 4348 2640 4405 miramur
2673 4343 2817 4398 enim
2841 4341 2908 4396 de
2941 4348 3160 4396 versuta
3188 4336 3421 4393 ratione.

840 4416 845 4422 ’
1012 4417 1016 4422 ’
1840 4429 1992 4501 [bant
2029 4447 2044 4498 ;
2220 4440 2353 4506 Quis
2374 4438 2540 4501 ullum
2570 4436 2778 4490 crimen
2808 4430 3007 4503 poterit
3034 4430 3122 4484 vix
3163 4428 3311 4485 ferre
3342 4434 3623 4495 stuporem
3644 4423 3669 4464 τ

536 4514 747 4587 Cuique
765 4519 925 4574 datur
951 4518 1200 4589 multum,
1223 4528 1498 4590 quaeretur
1520 4520 1587 4577 ab
1618 4520 1720 4577 hoc
1743 4534 1956 4589 quoque
1982 4520 2121 4575 mni-.-
2146 4569 2195 4626 Β
2222 4528 2357 4584 Nam
2378 4542 2486 4597 quo
2505 4538 2801 4594 cognoscas
2823 4536 2921 4575 nos
2952 4520 3169 4591 ignaros
3195 4517 3373 4571 minus
3395 4528 3534 4578 esse,

1440 4612 1445 4617 ’
1884 4610 2044 4682 [tum
2146 4605 2195 4626 ¹¹
2228 4619 2305 4679 Ac
2338 4632 2443 4672 non
2476 4613 2663 4670 mirari
2686 4626 2808 4682 quae
2833 4606 3165 4665 sitversutia
3188 4605 3400 4671 mundi,
3444 4622 3451 4629 ·

538 4697 641 4765 Ωυί
675 4713 843 4770 senas
870 4695 927 4766 ὀί
973 4703 1233 4779 speciem,
1271 4702 1576 4777 pruprium,
1622 4717 1910 4765 commune
1957 4703 2123 4759 dOt'O-g
2225 4705 2397 4773 Quam
2430 4714 2484 4758 tu
2514 4700 2750 4767 carnalis
2771 4696 3007 4768 appellas
3037 4692 3458 4765 philosophiam,

1386 4782 1389 4785 λ
1924 4790 2045 4879 [ris,
2225 4796 2307 4861 En
2341 4793 2525 4861 mundi
2553 4790 2830 4863 proprium
2858 4794 2942 4848 est
2963 4785 3228 4855 duplicem
3273 4795 3493 4879 sensum
3522 4779 3787 4839 retinere;

533 4879 579 4945 Α
608 4880 856 4939 rationali
885 4883 975 4954 qui
1000 4883 1109 4940 scis
1129 4882 1344 4939 differre
1363 4884 1598 4939 animale
1934 4870 1939 4879 ’
2228 4886 2406 4949 Unum
2428 4898 2561 4943 voce
2581 4883 2745 4943 feras,
2769 4878 2932 4934 alium
2956 4874 3057 4930 sub
3077 4881 3299 4943 pectore
3326 4870 3511 4926 volvas
3537 4885 3554 4934 ;

539 4972 619 5043 Εἰ
644 4972 913 5045 δάἱεοιῖνο
934 5014 950 5040 ν
983 4974 1077 5044 (ιιιὶ
1103 4989 1317 5037 summa
1336 4990 1497 5031 nosse
1517 4975 1758 5048 laborata,
2222 4974 2439 5047 Optima
2472 4987 2605 5039 voce
2631 4970 2873 5040 quidem,
2899 4967 2993 5022 sed
3016 4975 3235 5037 pectore
3260 4961 3494 5033 pessima
3524 4959 3678 5015 nisus
3704 4974 3722 5023 ;

540 5066 660 5104 nun
704 5081 834 5104 man
885 5068 1141 5104 αιιιιυοιιιῖι
1173 5078 1227 5104 in
1251 5078 1395 5104 Ionio
1423 5069 1620 5104 nnnirln
1642 5069 1846 5104 attinnt“

2226 5067 2329 5104 Dm
2352 5066 2594 5104 lmnimta
2617 5062 2839 5104 malum-
2870 5074 2968 5104 nm
2989 5071 3121 5104 rara:
3153 5055 3380 5104 reddere
3408 5051 3604 5104 falsum
3634 5066 3654 5104 ζ
