3942 5340
189 288 280 344 377
1312 289 1406 347 DE
1436 289 1782 348 DOCTRINA
1817 291 2216 348 SPIRITUALL

191 408 239 462 In
260 417 441 459 vanum
460 401 620 469 vivis,
647 400 693 458 si
721 417 828 457 non
861 403 1040 458 divina
1073 405 1330 474 requiris.

193 494 308 549 Nam
326 491 495 562 capite
515 491 758 546 abscisso
783 506 879 547 ceu
907 492 980 546 nil
1004 493 1111 547 vita
1138 495 1393 563 potietur,

196 584 274 639 Sic
298 596 386 636 nos
410 581 615 650 absque
639 580 749 636 Deo
772 596 1117 636 remanemus
1151 583 1342 637 mortis
1363 583 1558 651 imagot

195 678 289 733 Nos
307 677 644 746 adjectivum,
669 677 808 731 Deus
829 686 913 731 est
936 677 1247 732 monarcbia
1278 693 1477 731 rerum.

195 767 319 836 Ergo
341 764 558 818 edoctus
597 764 664 818 ad
689 765 812 829 hoc,
838 774 896 818 ut
918 763 1081 819 verba
1103 780 1302 819 arcana
1337 765 1598 828 resolvas,

197 855 385 910 Discute
409 851 535 922 quid
565 863 780 908 maneat
797 851 1117 922 adjectivutn
1139 855 1256 908 sine
1283 868 1514 916 summa,

196 947 296 1000 Nrn
317 958 470 998 sensu
497 943 701 1009 carnis,
729 958 916 998 verum
945 944 1315 998 moderamine
1347 943 1562 997 mentis.

196 1036 262 1089 Da
277 1049 526 1088 summam
553 1033 807 1096 Domino,
838 1033 1099 1102 reliquam
1126 1043 1335 1102 partem
1367 1033 1460 1087 tibi
1484 1046 1666 1096 serva,

198 1124 255 1179 Ut
282 1123 399 1176 tanti
430 1123 623 1192 capitis
653 1123 954 1177 membrum
983 1122 1098 1177 ﬁeri
1121 1122 1403 1177 merearis.

200 1217 289 1279 An,
310 1215 526 1269 credens
555 1213 791 1284 aliquem
816 1213 1012 1268 salvari
1037 1228 1193 1282 posse
1215 1213 1454 1276 sciendo,

201 1306 279 1362 Vis
305 1315 498 1360 tantum
523 1321 683 1362 nosse
711 1307 839 1376 quid
867 1306 1078 1361 dicatur
1109 1305 1246 1360 Deus
1275 1321 1420 1366 esse,

196 1397 291 1452 Nec
310 1396 457 1452 simul
485 1405 545 1450 ut
575 1396 735 1450 factis
756 1393 874 1463 ejus
902 1405 1171 1464 praecepta
1203 1396 1452 1464 sequaris
1476 1396 1500 1448 ?

198 1488 382 1543 Primus
409 1487 518 1552 hic,
545 1501 579 1542 o
606 1487 793 1553 lector,
821 1487 911 1558 qui
942 1497 994 1542 te
1023 1487 1348 1542 Stlb\'el‘l0l'il
1373 1503 1550 1552 error,

197 1581 295 1634 lam
318 1590 540 1634 emeatus
561 1581 688 1645 eris,
706 1581 817 1650 jam
843 1580 982 1634 nulla
1005 1581 1226 1634 svientia
1249 1580 1448 1642 cordis,

198 1672 308 1725 Cum
332 1670 614 1740 quidquam
641 1671 745 1725 tale
776 1671 1056 1725 meditaris
1089 1671 1140 1726 iu
1173 1671 1577 1741 Omnipotentc,

201 1759 258 1816 Ut
283 1771 478 1814 secreta
509 1761 592 1814 sui
625 1761 910 1831 perquiras
941 1776 1090 1814 more
1127 1761 1329 1831 rapaci.

202 1848 305 1903 llzec
322 1850 465 1902 audis
493 1850 715 1913 surdus,
748 1859 803 1904 et
829 1850 1010 1904 cernis
1030 1850 1097 1904 ad
1121 1852 1298 1904 omnia
1331 1864 1525 1915 emeus,

199 1938 252 1992 Ni
277 1937 418 1992 simul
447 1938 499 1990 in
526 1937 678 1992 lectis
704 1939 774 1992 sit
800 1947 910 1992 tota
943 1938 1168 1992 intentio
1199 1941 1410 1992 mentis.

199 2026 362 2079 Carnis
383 2025 527 2078 enim
551 2040 745 2080 sensus
777 2027 891 2082 sine
914 2027 1134 2096 spiritus
1157 2036 1305 2082 errat
1331 2028 1545 2096 ubique.

200 2117 356 2170 Nonne
379 2115 541 2168 Deum
570 2123 769 2179 tentas,
800 2133 920 2171 eum
953 2118 1030 2171 sic
1062 2117 1276 2171 accedis
1299 2119 1364 2171 ad
1389 2117 1556 2179 illnnt,

203 2204 260 2262 Ut
281 2206 392 2274 quid
416 2205 485 2260 sit
513 2206 711 2272 discas,
737 2217 790 2260 et
813 2206 939 2274 quid
965 2205 1152 2274 jubeat
1181 2204 1358 2258 minus
1387 2205 1596 2260 addas?

201 2295 294 2349 Non
327 2297 516 2365 poterit
555 2295 665 2350 falli
688 2296 855 2364 judex
886 2305 990 2350 tam
1019 2304 1208 2349 cautus
1235 2295 1286 2346 in
1311 2295 1476 2348 omni.

202 2385 368 2440 Verum
397 2386 514 2442 dico
545 2387 663 2452 tibi,
710 2388 909 2441 dictum
937 2396 1280 2440 contemnere
1300 2384 1405 2439 noli
1430 2403 1443 2440 :

201 2478 298 2544 Quo
314 2477 421 2546 plus
450 2478 736 2533 mundanae
761 2477 1012 2532 dilexeris
1038 2477 1142 2528 alta
1168 2477 1386 2544 sophia),

204 2569 398 2623 Etlinica
427 2569 588 2624 verba
620 2568 802 2638 legens
830 2567 912 2621 vel
961 2566 1012 2621 in
1045 2567 1176 2637 ipsis
1227 2567 1466 2622 moribus
1505 2565 1736 2630 haereus,

204 2655 311 2712 Tam
337 2659 496 2728 magis
521 2658 799 2728 insipiens,
832 2667 929 2712 nec
954 2671 1058 2712 non
1086 2656 1352 2726 indignus,
1381 2657 1596 2710 Itabcris

205 2748 362 2799 Coram
389 2744 658 2816 mysteriis
681 2746 872 2801 divina:
901 2745 1284 2813 simplicitatis.

685 2856 1080 2914 CAPITULUM
1121 2855 1258 2910 XIV.

209 2947 264 3000 De
309 2965 511 3002 tantum
561 2964 809 3026 meorum_
838 2947 1106 3026 relatione,
1149 2961 1305 3026 quam
1328 2946 1416 3026 .hic
1462 2944 1630 3014 adjeci
1671 2943 1739 2997 ad

476 3018 896 3087 compescendam
917 3014 1257 3084 pertinacium
1290 3014 1435 3067 cieri.

3259 284 3364 344 173

1768 409 1816 467 Α
1847 408 2019 472 Atque
2053 407 2210 461 [idem
2247 407 2408 461 rectis
2437 405 2742 460 nullatenus
2778 404 3162 466 exhibuissetn,

1854 496 2072 551 daxinie
2101 497 2243 565 quod
2271 496 2451 565 plures
2477 497 2660 551 mundi
2701 497 2804 550 vidi
2835 510 2956 551 esse
2985 508 3244 564 sequaces

1846 585 1957 640 Hos
1977 595 2030 640 et
2056 587 2324 656 prmeipue
2348 585 2440 656 qui
2470 586 2721 642 doctores
2747 586 3116 656 perhibentur,

1840 673 1940 742 Qui
1969 691 2130 729 curas
2155 676 2348 730 animm
2370 676 2483 746 jam
2512 677 2812 746 suscepisse
2834 675 3081 729 videntur
3111 693 3134 740 ι

1839 765 1916 820 Ae
1936 765 2138 820 mirans
2167 764 2342 834 primo
2377 780 2538 834 super
2560 765 2663 820 hoc
2684 780 2871 819 errore
2896 765 3158 834 profundo

1840 854 2023 921 Quare
2049 854 2215 930 duces
2237 854 2413 924 populi
2438 869 2694 924 perversa
2722 857 2894 926 magis
2923 861 3280 925 sequerentur

1839 943 1959 998 Mox
1991 944 2152 998 simul
2177 945 2388 999 illectus
2415 960 2536 999 eum
2564 960 2671 1001 non
2699 945 2871 999 solum
2903 953 3210 1015 reputarem

1839 1033 1948 1091 llos
1971 1035 2174 1089 iureeta
2204 1035 2378 1105 sequi,
2403 1034 2499 1089 sed
2526 1044 2580 1089 et
2600 1034 2653 1088 in
2681 1034 2853 1088 sacris
2873 1034 3210 1091 documentis

1838 1121 1973 1180 Esse
2009 1122 2213 1195 aliquid
2251 1123 2514 1194 scriptum
2560 1123 2706 1194 quod
2746 1121 2872 1193 jure
2915 1121 3056 1180 foret
3107 1123 3406 1191 reproban-

3162 1215 3335 1287 [dunt,

1836 1305 1932 1362 Cui
1966 1321 2070 1361 non
2093 1306 2314 1361 deberet
2343 1315 2454 1361 toto
2480 1307 2600 1376 quis
2626 1306 2850 1362 credere
2883 1306 3064 1370 corde,

1838 1395 1944 1452 Sed
1970 1397 2151 1451 carnis
2177 1396 2289 1452 sola
2319 1396 2452 1451 satis
2471 1406 2656 1451 essent
2675 1397 2942 1452 exteriora
2975 1415 2987 1448 :

1835 1487 1941 1553 Ah,
1972 1488 2059 1552 alt,
2089 1503 2248 1557 quam
2273 1486 2499 1541 stolidus
2529 1489 2543 1541 Ξ
2593 1503 2714 1542 cum
2745 1488 2939 1556 saepius
2978 1488 3092 1540 bare
3119 1486 3410 1540 meditarer

1837 1575 2196 1645 Dill‘tdensque
2222 1577 2394 1631 sacris
2420 1575 2820 1646 Scripturarum
2842 1575 3197 1638 documentis,

1838 1663 1932 1720 llis
1960 1665 2214 1735 quoniam
2251 1679 2451 1734 paucos
2482 1663 2640 1719 factis
2674 1665 2879 1718 baarere
2901 1661 3147 1716 videbant

1762 1745 1811 1807 Β
1837 1756 1905 1813 Et
1937 1765 2048 1810 toto
2074 1757 2196 1809 nisu
2218 1771 2512 1809 conversus
2540 1755 2605 1808 ad
2631 1755 2844 1808 ethniea
2869 1752 3069 1822 scripta

1839 1847 1925 1903 Ne
1940 1847 2124 1917 dispar
2151 1846 2372 1916 reliquis
2399 1857 2752 1917 postponerer
2773 1845 3006 1914 undique
3035 1843 3208 1898 doctis

1835 1939 1942 1995 Ore
1967 1938 2185 2008 quidem
2206 1937 2500 1999 Christum,
2528 1934 2620 1990 sed
2638 1950 2874 1989 amarem
2897 1942 3114 2002 pectore
3136 1931 3408 1993 mundum,

1837 2029 1926 2094 Et,
1955 2045 2053 2084 ceu
2082 2029 2276 2100 dignus
2305 2043 2476 2091 erant,
2519 2035 2665 2080 tutus
2690 2040 2954 2093 nusquam
2985 2038 3342 2084 remanerem,

1837 2118 1947 2172 Sed
1980 2118 2151 2187 magis
2179 2128 2341 2186 atque
2369 2116 2539 2186 magis
2565 2115 2776 2170 diversa
2809 2115 2965 2168 clade
2989 2111 3247 2167 subactus

1835 2212 2060 2282 Jamque
2090 2213 2208 2267 loco
2235 2213 2465 2282 quodam
2498 2210 2708 2265 noviter
2733 2209 2956 2261 veniens
2982 2207 3306 2269 habitarem,

1838 2303 1920 2357 Ex
1953 2303 2244 2372 improviso
2267 2317 2387 2357 cum
2419 2301 2648 2369 quadam
2678 2298 2838 2353 nocte
2859 2297 3098 2365 j‘acercnt

1847 2393 2050 2447 Somno
2082 2393 2367 2461 depressus
2390 2391 2572 2452 nimio,
2605 2405 2703 2458 per
2724 2405 2929 2442 somnia
2960 2387 3068 2441 vidi

1837 2483 2135 2549 Quemdam
2165 2480 2450 2550 prazvalido
2478 2479 2764 2534 eonanime
2789 2493 2874 2532 me
2902 2476 3211 2538 ferientem;

1839 2574 2077 2643 Tamque
2105 2573 2194 2626 diu
2222 2572 2357 2625 ntira
2383 2570 2496 2626 scio
2527 2584 2612 2624 me
2632 2569 2834 2622 sentire
2864 2565 3071 2635 llagella

1841 2663 1907 2720 Ut
1926 2664 2036 2732 jam
2068 2661 2284 2716 dissolvi
2312 2660 2476 2716 credis
2506 2659 2773 2728 gravitate
2797 2658 3042 2721 viderer;

1839 2755 2015 2822 Atque
2045 2753 2157 2807 lucc
2185 2752 2412 2815 interea,
2444 2749 2591 2804 velut
2627 2757 2712 2804 est
2745 2749 2941 2811 visum,
2968 2747 3270 2804 meditabar

1839 2844 1918 2898 Ex
1946 2844 2151 2898 Domini
2175 2843 2327 2912 jussu
2355 2841 2658 2895 nullatenus
2684 2841 2826 2897 hunc
2856 2839 2970 2894 fore
3000 2840 3245 2900 missum,

1840 2934 1941 3001 Qui
1977 2950 2062 2988 me
2093 2945 2195 2988 tam
2237 2933 2392 3002 longe
2419 2931 2692 2985 cruciaret
2723 2938 2938 2997 tamque
2961 2942 3176 2987 severe;

1841 3023 2080 3092 Denique
2109 3023 2152 3074 si
2187 3021 2416 3084 Domini,
2444 3020 2608 3074 sciret
2637 3019 2764 3072 mihi
2799 3019 2916 3086 plus
2939 3015 3182 3070 misereri
3214 3030 3228 3078 ;

207 3107 328 3164 Nunc
349 3111 502 3196 etiam
550 3124 877 3174 memorans,
910 3109 1052 3179 quod
1085 3124 1189 3162 non
1223 3108 1427 3160 utinam
1459 3106 1572 3173 ipse
1615 3119 1737 3173 pro-
1765 3093 1810 3156 C
1841 3113 1974 3168 Nam
2001 3114 2088 3182 qui
2115 3111 2357 3167 cmdebat
2381 3111 2628 3164 vindicta;
2659 3110 2809 3178 signa
2837 3107 3092 3177 gerebat,

1415 3196 1526 3268 [bat
1543 3212 1624 3252 ιοιι
1651 3197 1662 3249 !

206 3285 381 3348 Nullum
409 3298 513 3343 tam
541 3289 687 3345 durae
713 3289 943 3344 cervicis
963 3288 1016 3344 in
1043 3289 1294 3344 omnibus
1333 3303 1453 3343 esse

203 3378 342 3438 Quam
363 3377 447 3443 qui
474 3377 668 3431 divinis
689 3375 925 3448 imbutus
954 3377 1056 3428 erit
1093 3375 1451 3436 documentis,

206 3465 250 3515 Si
273 3481 315 3532 ιιι
338 3465 384 3519 id
411 3467 459 3518 in
497 3481 740 3520 errorem
784 3465 929 3518 vitiis
958 3465 1274 3535 cogentibus
1300 3475 1451 3519 actus

205 3552 243 3606 il
275 3556 362 3606 Ittis
385 3554 571 3610 lixataa
590 3556 900 3624 conceperit
922 3556 1282 3624 improbitate,

207 3644 239 3696 Τ
269 3662 444 3713 nquam
465 3645 632 3702 Judaei
664 3648 730 3702 de
765 3645 1034 3700 catholico
1059 3645 1248 3700 ordine
1271 3644 1404 3715 lapsi

206 3733 261 3789 Ut
285 3752 480 3807 quoque
499 3747 622 3791 suttt
653 3737 859 3803 cuncti,
883 3735 1018 3791 falso
1046 3735 1130 3806 pia
1160 3735 1294 3790 scita
1321 3733 1509 3798 secuti,

206 3828 418 3892 Quorum
457 3830 712 3884 duritiam
744 3846 867 3885 reor
891 3830 996 3883 illis
1017 3827 1483 3898 aequiparandatn:

207 3916 458 3986 Propteiea
487 3921 714 3974 monitis
741 3921 1007 3990 subjungo
1030 3917 1272 3986 exetnpla
1304 3916 1507 3979 relatis,

207 4005 262 4061 Ut
281 4010 358 4078 qui
381 4025 716 4081 nequaquam
739 4026 836 4080 per
855 4011 1018 4064 verba
1049 4008 1176 4062 velit
1204 4005 1451 4062 renovari

208 4095 358 4152 Discat
383 4101 462 4153 vel
482 4116 642 4155 casus
667 4101 936 4169 trepidare
966 4099 1070 4152 mei
1096 4095 1448 4151 miserandos.

205 4186 239 4239 N
270 4203 350 4244 sco
375 4192 638 4260 equidem,
665 4207 829 4262 nosco
850 4200 1152 4246 commenta
1177 4197 1280 4240 tum
1308 4185 1528 4240 rationis

206 4279 260 4334 Et
279 4283 639 4351 conjecturam,
679 4299 784 4354 qua
805 4291 858 4338 te
879 4282 1183 4353 praecellere
1203 4279 1398 4342 credis,

209 4370 288 4438 Qui
319 4389 402 4443 spe
429 4377 696 4430 mundana
719 4375 1015 4445 dispexeris
1045 4374 1156 4427 haac
1185 4372 1528 4431 documenta,

210 4458 372 4529 Ulpote
401 4465 488 4534 qui
515 4476 695 4520 tecum
725 4465 994 4534 quondam
1021 4460 1233 4516 nitebar
1259 4459 1309 4512 id
1342 4458 1539 4527 ipsum.

209 4548 318 4606 Nam
336 4556 658 4623 perscrutari
682 4556 906 4624 cupiens
932 4552 1149 4608 subtilia
1170 4563 1397 4621 qumque

213 4637 407 4703 Quorum
430 4645 676 4699 notitiam
701 4644 894 4698 ruultos
916 4643 1112 4713 gestire
1133 4641 1402 4702 videbant,

214 4725 386 4786 C';arus
411 4743 465 4787 ut
492 4735 544 4788 in
577 4734 777 4788 mundo
803 4749 902 4787 nec
933 4748 1038 4786 non
1067 4730 1407 4801 prmstantior
1429 4743 1626 4795 essem,

216 4815 352 4873 Omne
372 4822 570 4876 lucrum
596 4824 757 4878 statui
782 4823 1074 4894 gentilibus
1100 4819 1379 4882 associari,

219 4905 322 4963 Cum
352 4913 535 4981 quibus
562 4923 650 4970 est
689 4913 864 4985 major
891 4913 1085 4969 studiis
1115 4911 1426 4969 liberalibus
1449 4911 1630 4968 ardor.

223 4993 303 5047 Sed
326 4999 518 5056 Domini
542 5004 680 5057 mira
709 5006 911 5074 pietate
942 5003 1334 5057 interveniente

223 5079 462 5146 Nlllllmodi
488 5093 701 5164 generis
723 5091 1006 5150 obstacula
1045 5101 1191 5147 tanta
1220 5093 1472 5148 subibant

230 5169 280 5225 Ut
298 5191 385 5243 quo
408 5181 520 5248 plus
548 5198 794 5253 cuperem
825 5181 1085 5253 praedicta
1112 5184 1321 5254 negotia
1354 5183 1450 5236 ιιιιί

227 5259 328 5318 Tam
351 5273 500 5340 magis
523 5288 588 5329 ex
617 5275 792 5340 aliquo
822 5287 957 5328 casu
987 5272 1454 5340 depellererinde;

1841 3207 2076 3261 Verbere
2112 3214 2402 3272 utrumque
2423 3203 2559 3256 latus
2587 3211 2844 3272 tanquam
2873 3199 3181 3266 discerpere
3213 3196 3362 3250 nisus

1838 3297 2019 3353 Nullas
2047 3297 2288 3366 dansque
2312 3309 2490 3348 moras
2518 3294 2656 3347 inter
2683 3293 2922 3347 studium
2951 3289 3176 3343 feriendi

1844 3389 1911 3443 Ut
1938 3401 2100 3456 super
2127 3384 2350 3460 objectis
2386 3383 2576 3437 saltem
2615 3381 2809 3436 mutire
2843 3379 3120 3442 valerem;

1840 3478 2002 3532 Multa
2031 3477 2230 3530 etenim
2261 3473 2461 3526 feriens
2490 3471 2685 3539 objceit
2715 3469 2938 3523 crimina
2968 3477 3126 3528 nota;

1839 3565 1944 3620 Sed
1966 3565 2109 3618 velut
2140 3579 2201 3617 ex
2233 3563 2397 3616 nimia
2424 3568 2726 3614 commotus
2755 3557 2804 3611 id
2832 3557 3021 3610 annuit
3051 3556 3126 3610 ira

1838 3651 2118 3726 Nthtquam
2147 3655 2282 3708 velle
2310 3653 2438 3707 mihi
2467 3651 2548 3704 vel
2579 3665 2799 3720 parcere
2827 3649 2908 3703 vel
2939 3648 3202 3700 misereri.

1848 3747 1892 3802 Ο
1923 3761 2083 3815 quam
2117 3743 2321 3813 prolixa
2355 3740 2600 3794 mihimet
2627 3755 2729 3792 nox
2764 3739 2874 3792 visa
2899 3744 3016 3790 erat
3043 3736 3189 3802 ipsa!

1837 3836 1881 3892 Ο
1911 3851 2070 3905 quam
2101 3835 2379 3889 districtus
2399 3832 2490 3900 qui
2526 3830 2659 3884 tales
2691 3830 2879 3899 ingerit
2910 3829 3078 3895 ictus!

1840 3932 1935 3988 En.
1963 3930 2158 3986 iterum
2180 3928 2372 3992 fateor,
2397 3926 2536 3995 quod
2565 3939 2657 3994 per
2677 3923 2957 3978 Dominum
2981 3934 3193 3989 qquuo
3217 3928 3405 3982 testor,

1837 4019 1968 4073 Tam
1999 4019 2234 4088 graviter
2256 4031 2473 4080 caesum,
2507 4014 2643 4068 sicut
2670 4021 2880 4067 constat
2907 4011 3033 4064 milii
3069 4010 3258 4069 visum,

1840 4108 1931 4170 Ut,
1962 4108 2086 4161 dum
2112 4105 2400 4160 sensissem
2434 4118 2518 4158 me
2547 4101 2720 4171 primo
2746 4099 2936 4153 dehinc
2965 4098 3292 4167 vigilantem,

1839 4197 1970 4253 Tam
1994 4213 2102 4262 nte,
2130 4211 2290 4264 quam
2316 4194 2436 4248 lecti
2467 4201 2759 4246 stramenta
2794 4191 2989 4258 quibus
3019 4188 3292 4249 recubavi,

1838 4287 2131 4359 Sanguinis
2157 4302 2225 4339 ex
2249 4284 2417 4338 nimio
2443 4282 2584 4335 (luxu
2619 4278 2918 4333 madefacta
2947 4284 3214 4344 putarem.

1759 4420 1814 4481 Β
1838 4383 1955 4448 Ast,
1991 4384 2117 4438 dum
2148 4393 2411 4448 corporeo
2441 4391 2544 4430 non
2572 4373 2716 4428 sensi
2749 4372 2873 4426 talia
2900 4371 3016 4424 visu
3037 4410 3052 4433 ,

1841 4473 2121 4528 Hareliam
2151 4471 2344 4525 dubius
2374 4467 2502 4537 quid
2531 4466 2672 4520 circa
2698 4479 2784 4518 me
2810 4463 2947 4518 foret
2974 4472 3152 4517 actum
3181 4479 3194 4514 :

1840 4563 1922 4618 An
1954 4577 2114 4618 carne
2136 4569 2330 4616 exutus
2354 4559 2439 4613 vel
2469 4557 2644 4613 adhuc
2677 4557 2778 4610 sint
2805 4568 3030 4624 corpore
3051 4551 3305 4606 iunctus?

1841 4651 2080 4707 Necdum
2108 4665 2340 4718 namque
2366 4649 2460 4704 Dei
2494 4655 2698 4702 tantam
2729 4644 2852 4700 novi
2881 4643 3179 4699 bonitatem
3347 4646 3352 4648 '

1841 4739 1912 4801 Ut
1939 4741 2250 4811 dignaretur
2275 4753 2360 4792 me
2382 4737 2465 4792 vel
2488 4749 2808 4806 quemquam
2833 4733 3153 4787 sceleratum

1847 4831 1971 4887 Visu
1999 4829 2300 4899 hujusmudi
2327 4835 2687 4897 prosternere,
2719 4824 2832 4880 sive
2861 4837 3105 4887 monere,

1846 4922 2105 4989 Quamvis
2133 4935 2273 4990 szepe
2299 4920 2448 4989 prius
2472 4933 2568 4988 per
2596 4916 2806 4971 somnia
2836 4915 2970 4968 mira
2998 4925 3268 4973 monerer,

1844 5009 1914 5065 Et
1941 5009 2186 5080 quamvis
2211 5009 2375 5064 etiam
2403 5005 2610 5078 pridem
2639 5013 2849 5073 tempus
2877 5015 3210 5058 memorarer

1844 5099 1997 5167 Quod
2025 5101 2090 5155 de
2118 5098 2446 5168 Hieronymo
2472 5104 2657 5150 narrat
2679 5093 2946 5164 scriptura
2976 5095 3172 5149 beato:

1845 5190 1952 5247 Sed
1981 5192 2207 5248 credens
2236 5188 2382 5241 illum
2409 5185 2620 5239 meritis
2645 5184 2713 5239 ad
2738 5183 2926 5240 cmlica
2953 5193 3169 5253 raptum

1845 5282 1931 5338 Nil
1960 5283 2086 5338 milii
2118 5294 2371 5340 perverso
2397 5293 2494 5340 par
2524 5277 2771 5330 evenisse
2800 5273 3060 5337 sciebam,
