3942 5340
523 364 649 446 179'

528 500 656 564 Qua
687 511 811 553 cum
840 495 1115 554 vidissem;
1142 496 1234 551 ξω
1268 502 1317 550 et
1358 510 1424 550 ex
1449 495 1551 552 alio
1581 497 1914 564 didicissem,

520 588 674 644 Clam
707 602 804 657 per
823 589 876 644 id
905 587 1078 643 accito
1107 587 1319 659 signum
1344 598 1652 643 monstrare
1685 589 1890 649 doloris
1915 631 1931 655 ,

522 677 666 733 Tum
697 679 912 734 domum
945 689 1148 742 certus,
1175 677 1306 748 quid
1328 678 1593 749 perferret
1613 694 1829 750 quoque
1850 679 2033 748 flatus,

520 766 634 825 Nec
660 776 836 824 tamen
865 782 1028 823 ausus
1048 784 1196 823 eram
1221 770 1382 825 citius
1407 770 1522 825 htec
1554 771 1733 825 dicere
1758 772 2031 844 cuiquam.

521 856 652 914 Post
676 858 793 923 haec
817 859 1103 914 confeStim
1132 861 1287 915 vario
1318 860 1580 932 languore
1603 872 1893 933 gravatus,

520 947 612 1013 Et,
638 949 782 1020 quod
811 946 1146 1020 cunctigenis
1175 961 1256 1007 est
1282 952 1401 1023 plus
1433 954 1740 1010 miserabile
1761 955 1986 1023 morbis,

523 1037 597 1096 Ut
624 1037 866 1097 defertur
888 1040 957 1096 ab
988 1041 1073 1096 his
1099 1040 1330 1113 queram
1359 1059 1445 1117 me
1469 1060 1599 1100 cura
1627 1045 1833 1109 revisit,

522 1128 681 1186 Nunc
712 1120 867 1201 quasi
895 1128 1244 1205 phreneticus
1273 1135 1358 1189 vix
1388 1151 1417 1189 a
1449 1136 1632 1194 multis
1659 1137 1936 1208 religatus,

522 1218 646 1285 Mox
677 1221 828 1279 velut
850 1222 1120 1279 exanimis
1153 1223 1577 1296 desperatusque
1599 1224 1872 1294 jacebam.

522 1309 652 1368 llaec
685 1320 867 1371 tamen
908 1313 1024 1389 ipse
1063 1315 1209 1381 scio,
1246 1315 1389 1393 quod
1428 1331 1525 1392 per
1565 1317 1852 1376 Dominum
1896 1332 2110 1389 quoque

892 1406 897 1411 ‘
1316 1404 1319 1405 ⁷
1450 1420 1451 1423 ‘
1872 1408 1895 1487 [
1918 1418 2110 1477 testor,

523 1492 683 1564 Saepe
708 1493 782 1548 ita
804 1507 892 1555 me
919 1507 1162 1564 pressum
1189 1504 1457 1551 conventu
1481 1497 1891 1562 daemoniorum,

525 1582 602 1639 Ut
627 1599 728 1639 nec
750 1599 847 1653 pro
868 1580 1049 1652 venia,
1078 1602 1184 1656 qua
1208 1586 1320 1655 jam
1351 1589 1704 1645 moribundus
1732 1590 1979 1663 egebam,

527 1673 821 1735 Catholicae
848 1672 971 1731 ﬁdei
1006 1676 1462 1741 tenuissemscita
1495 1679 1579 1733 vel
1601 1679 1726 1735 ulla.

526 1764 740 1822 interea
769 1754 968 1823 crebro
996 1768 1116 1824 visu
1146 1769 1401 1840 rapiebar
1436 1784 1648 1836 amaro,
1689 1780 1693 1784 '

523 1854 644 1923 Quo
667 1856 830 1917 nimis
851 1857 1151 1934 horrendas
1171 1861 1323 1930 potui
1348 1876 1676 1933 cognoscere
1703 1875 1914 1932 pmnas.

523 1942 641 2005 Hoc
661 1946 875 2016 quoties
901 1946 1080 2005 fuerat
1109 1950 1244 2015 mihi
1266 1951 1440 2011 visum
1469 1960 1555 2007 est
1581 1967 1702 2007 esse
1727 1966 1990 2024 perenne.

521 2026 685 2091 Tunc'
708 2037 922 2098 tandem
952 2039 1096 2095 sensi
1119 2040 1249 2110 quid
1272 2040 1730 2111 jammereantur
1754 2044 1951 2113 iniqui,

520 2121 594 2185 Et
623 2125 843 2185 memini
871 2126 1072 2183 dictum
1104 2144 1119 2183 :
1152 2128 1293 2186 Deus
1321 2131 1539 2203 inspicit
1567 2145 1728 2188 omne
1752 2143 2043 2202 secretum,

525 2218 651 2286 Qui,
684 2219 773 2275 hic
797 2229 994 2276 cuncta
1020 2222 1122 2279 mei
1150 2223 1430 2283 denudans
1460 2225 1649 2280 intima
1678 2226 1890 2293 cordis,

521 2306 734 2367 Indicio
749 2306 901 2377 justo
925 2311 1073 2373 dedit
1096 2327 1180 2369 me
1210 2328 1426 2386 semper
1454 2315 1656 2381 inesse,

525 2397 660 2465 Qua:
678 2398 821 2456 olim
855 2417 978 2458 cum
1011 2401 1239 2478 reliquis
1273 2404 1497 2461 credere
1526 2420 1683 2475 posse
1710 2406 1990 2477 putabam.

520 2488 660 2555 Nam
686 2492 819 2548 nihil
845 2493 1106 2562 iniustum
1139 2513 1222 2552 me
1242 2496 1354 2567 jam
1388 2498 1633 2568 proferre
1663 2500 1963 2570 querebar;

521 2578 728 2636 Verum
759 2584 1000 2640 mirabar
1028 2586 1229 2640 divina:
1261 2587 1368 2641 vim
1400 2588 1623 2657 pietatis

523 2669 791 2742 Tempore
825 2675 925 2731 sub
958 2684 1110 2731 tanto
1134 2676 1389 2732 stolidum
1418 2688 1617 2735 memet
1653 2681 1932 2750 patientis.

525 2765 666 2832 Quid
695 2766 827 2829 mihi
858 2775 989 2847 tunc
1018 2768 1299 2849 Socrates,
1330 2771 1415 2827 vel
1442 2773 1597 2829 Plato
1620 2774 2077 2849 Aristotelesque,

522 2854 732 2923 Tullius
757 2856 873 2931 ipse
902 2859 1108 2925 rhetor,
1140 2848 1426 2918 mundanae
1456 2864 1720 2937 dogmatis
1747 2867 1970 2922 auctor?

523 2945 627 3002 Dic
653 2947 784 3017 quid
813 2948 958 3006 enim
988 2952 1193 3011 misero
1215 2953 1346 3008 mihi
1381 2963 1508 3011 tunc
1532 2958 1789 3025 prodesse
1816 2960 2113 3016 valebant?

528 3036 680 3104 Quos
707 3039 752 3094 si
778 3054 886 3097 non
910 3039 1038 3113 legi,
1070 3059 1167 3113 per
1196 3052 1436 3115 tempora
1470 3048 1636 3103 multa
1667 3051 1844 3120 cupivi

523 3125 844 3200 Aﬂ‘ectuque
872 3130 987 3202 ipso
1015 3133 1257 3190 discendi
1287 3136 1395 3195 adii
1419 3137 1535 3192 loca
1563 3141 1808 3215 quaedam
1829 3182 1844 3206 ,

522 3216 657 3285 Quae
680 3234 780 3289 pro
807 3221 1093 3281 mundanis
1119 3223 1249 3280 mihi
1273 3225 1512 3281 cultibus
1535 3229 1739 3297 Optima
1762 3229 1914 3284 duxi.

522 3306 635 3364 Sed
661 3324 749 3365 me
774 3312 1111 3381 praeveniens
1137 3313 1349 3371 Domini
1374 3314 1663 3373 clementia
1691 3318 1914 3391 ubique,

523 3398 699 3466 Quam
727 3401 879 3471 prius
903 3405 1148 3475 exposui,
1176 3407 1385 3469 ratione
1420 3416 1724 3464 retraxerat
1748 3410 1892 3470 inde.

522 3487 621 3544 Illa
653 3489 920 3563 tripertita
951 3492 1189 3561 Maronis
1214 3505 1268 3552 et
1294 3497 1492 3570 inclyta
1528 3502 1717 3566 verba,

525 3574 716 3637 Lectio
742 3578 969 3648 Lucani,
998 3599 1169 3663 quam,
1187 3588 1420 3649 maxime
1450 3596 1578 3647 tunc
1603 3589 1877 3657 adamavi,

523 3670 599 3741 Et
621 3674 708 3730 cui
730 3672 847 3744 jam
878 3693 1073 3747 nuper,
1099 3679 1297 3735 divinae
1324 3681 1458 3752 legis
1482 3682 1715 3750 adulter,
1996 3708 2033 3741 ι

525 3768 622 3833 Sic
645 3772 885 3828 intentus
904 3788 1053 3829 eram
1085 3776 1228 3844 quod
1257 3776 1345 3830 vix
1368 3792 1588 3847 agerem
1615 3778 1885 3849 reliquum
1910 3779 2063 3848 quid,

526 3857 717 3929 Atque‘
738 3859 1005 3932 legentem
1030 3878 1205 3932 ipsum
1230 3865 1374 3934 cepit
1401 3880 1487 3920 me
1519 3869 1633 3923 haec
1654 3870 1837 3938 passio
1860 3870 2114 3940 primum.

531 3947 642 4003 Sed
664 3951 893 4019 necdum
924 3966 1114 4021 poenas
1142 3956 1372 4010 credens
1400 3948 1598 4017 exinde
1626 3957 1857 4020 futuras,

530 4038 868 4110 Languidus,
902 4049 962 4097 ut
986 4050 1254 4112 poteram,
1286 4044 1390 4117 legi
1417 4046 1689 4105 studiosus
1723 4047 1971 4113 eumdem
1992 4087 2007 4113 ,

530 4128 719 4198 Donec
743 4131 907 4199 ullius
929 4133 1085 4205 vigor
1110 4135 1400 4203 exstiterat
1425 4137 1554 4191 mihi
1581 4150 1792 4203 sensus.

535 4221 708 4289 Quam
732 4223 904 4280 veniae
922 4238 1143 4281 causam
1167 4226 1493 4298 qualemque
1513 4228 1713 4295 dabant
1734 4229 2080 4301 medicinam,

534 4314 670 4370 Cum
704 4331 806 4372 nec
834 4317 990 4389 signa
1019 4319 1200 4374 crucis
1226 4319 1523 4389 potuissem
1553 4335 1755 4391 ponere
1788 4322 1976 4388 fronti,

535 4406 605 4463 Et
629 4408 745 4468 sine
772 4423 870 4480 spe
899 4410 1107 4479 positus
1132 4412 1536 4483 constringerer
1569 4414 1809 4483 undique
1836 4416 2035 4483 poenis,

537 4497 686 4565 Quas
714 4514 814 4555 nec
842 4501 1074 4570 proferri
1103 4501 1263 4559 facile
1288 4518 1410 4559 esse
1434 4519 1558 4559 reor
1581 4519 1756 4574 neque
1781 4505 1953 4577 credi,

535 4586 692 4646 Nunc
722 4587 1009 4649 invisibilis
1035 4592 1249 4661 patiens
1279 4601 1547 4651 tormenta
1575 4594 1796 4660 doloris,
1954 4596 1957 4600 ’

534 4674 659 4745 Mox
682 4693 753 4744 ex
780 4678 979 4740 visibili
1002 4679 1165 4744 nimis
1190 4680 1423 4741 afﬂictus
1440 4684 1682 4739 cruciatu
1710 4684 1723 4741 ε

533 4766 698 4834 Nam,
726 4783 834 4838 quo
856 4777 1172 4840 praeteream
1203 4769 1417 4829 diverSa
1443 4771 1639 4841 quibus
1665 4771 1975 4845 cruciabar,

540 4857 721 4917 Unum
749 4859 1041 4926 demultis,
1071 4859 1215 4930 quod
1234 4860 1347 4933 jam
1375 4849 1622 4931 memini,
1651 4861 1942 4921 reserabo:

539 4948 762 5005 Scilicet
791 4948 846 5004 in
878 4948 970 5005 tali
998 4945 1258 5006 versabar
1288 4964 1430 5021 saepe
1458 4960 1678 5021 sulpure

539 5041 613 5103 Ut
637 5042 729 5111 lux
756 5048 920 5113 atque
943 5042 1059 5098 dies
1087 5041 1208 5113 Quid
1245 5041 1326 5097 vel
1356 5043 1465 5098 sint
1491 5043 1706 5111 nescius
1734 5055 1936 5107 essem,

1541 356 1843 436 mutem
1882 377 2188 437 nomen:
2228 377 2290 435 s.
2330 373 2742 441 EMMERAMMI

3689 381 3787 441 280

2123 504 2171 559 Α
2201 494 2308 551 Sed
2332 511 2453 552 cum
2484 494 2760 566 perpiures
2780 536 2793 556 .
2824 508 2942 564 qua:
2970 509 3159 566 passus
3192 478 3293 552 sim
3328 493 3654 560 referentes,

2104 648 2111 653 ,
2208 588 2276 643 Et
2306 589 2452 658 quod
2482 601 2588 642 non
2619 586 2817 642 frustra
2846 586 3001 642 ﬂeret
3026 588 3301 658 correptio
3328 597 3501 650 tanta,

2206 675 2286 731 Ne
2321 676 2627 731 monachile
2642 677 2828 748 jugum
2856 678 3149 733 suaderent
3175 677 3244 732 ad
3269 677 3640 746 subeundum,

2206 766 2286 822 Re
2308 781 2470 837 super
2499 767 2600 821 hac
2624 766 2821 823 dubius
2855 768 3003 837 cepit
3025 768 3324 838 prcecordia
3354 783 3575 824 sensus.

2207 857 2453 928 Cumque
2481 858 2594 913 dies
2615 858 2771 927 pauci
2800 866 2921 928 post
2945 859 3059 914 haec
3080 868 3263 915 essent
3285 857 3540 925 revoluti,

2207 950 2286 1005 En
2317 952 2508 1004 iterum
2534 950 2712 1005 subito
2748 949 2839 1003 tali
2871 949 3131 1021 languore
3165 950 3438 1020 gravabar

2211 1037 2282 1095 Ut
2304 1054 2654 1094 verrucarum
2686 1047 2866 1094 tumor
2890 1040 3086 1111 ingens
3117 1039 3501 1108 insolitusque,

2209 1128 2491 1183 Horrenda
2512 1128 2715 1184 vultum
2741 1128 3085 1185 circumdans
3105 1123 3369 1199 stigmate
3392 1136 3685 1196 cunctum,

2210 1220 2446 1276 Orbibus
2468 1220 2721 1275 obductis
2748 1219 2937 1276 oculos
2964 1234 3182 1290 quoque
3204 1221 3653 1276 contenebraret.

2208 1310 2478 1367 Prmterea
2505 1325 2701 1382 corpus
2727 1319 2897 1365 totum
2933 1310 3148 1379 capitur
3182 1309 3440 1381 paralysi,

2211 1400 2452 1470 Excepto
2479 1400 2694 1470 linguze,
2727 1401 2821 1455 sed
2848 1408 2904 1455 et
2930 1398 3106 1455 ollicio
3128 1398 3415 1475 labiorum,
3457 1420 3461 1425 τ

2213 1490 2330 1557 Quo
2367 1505 2487 1558 quae
2511 1488 2807 1558 proferrem
2832 1488 2937 1543 fari
2966 1488 3338 1543 tantummodo
3362 1501 3604 1556 possem.

2215 1581 2422 1636 Interea
2470 1580 2579 1659 tali
2610 1596 2732 1635 cum
2778 1581 3171 1651 eomprimerer
3217 1580 3507 1646 cruciatu,

2214 1669 2369 1729 Tunc
2419 1684 2731 1726 memorans
2778 1671 2994 1725 tandem
3036 1683 3157 1739 qua:
3206 1669 3308 1725 sim
3353 1683 3553 1739 passus
3586 1682 3795 1741 quoque

2380 1784 2383 1787 -
3163 1784 3168 1789 -
3454 1758 3477 1833 [
3502 1761 3716 1830 pridem
3737 1801 3753 1825 ,

2135 1848 2181 1909 B
2213 1852 2364 1922 Quod
2385 1862 2574 1909 contra
2598 1853 2877 1910 stimulum
2913 1853 2987 1909 sit
3012 1854 3211 1925 cuique
3245 1852 3504 1910 resistere
3528 1853 3747 1917 durum,

2210 1934 2476 2014 Quodque
2502 1958 2840 2014 supervacue
2867 1945 3069 2001 mundo
3092 1945 3301 2000 servire
3329 1943 3636 2008 studerem,

2208 2033 2425 2090 Christo
2452 2035 2673 2105 promisi
2701 2050 2788 2090 me
2813 2035 2957 2092 ferre
2978 2037 3112 2107 iugo
3140 2034 3459 2092 monachi"-

2210 2124 2325 2181 lloc
2350 2138 2472 2180 cum
2504 2126 2794 2193 vovissem,
2825 2126 3020 2181 melius
3049 2127 3182 2181 mihi
3215 2141 3341 2181 mox
3368 2124 3487 2179 fore
3512 2123 3689 2193 etrapit
3764 2141 3774 2149 ο

2210 2212 2269 2267 1η
2302 2222 2531 2277 tantum,
2565 2222 2625 2268 ut
2648 2214 2863 2271 fruerer
2891 2217 3105 2271 incessu
3133 2231 3289 2270 mane
3315 2215 3594 2285 sequenti.
3624 2227 3628 2231 ‘
3672 2259 3676 2263 t

2102 2316 2105 2319 λ
2130 2348 2139 2354 .
2211 2301 2256 2359 Ο
2281 2302 2527 2359 miranda
2556 2304 2649 2359 Dei
2685 2304 2860 2383 pietas
2885 2314 2941 2359 et
2967 2306 3141 2375 gratia
3172 2304 3402 2367 Christi,

2213 2390 2343 2458 Quae
2373 2403 2573 2449 memet
2598 2395 2856 2451 miserum
2885 2396 3010 2452 totis
3033 2396 3310 2450 contraria
3339 2394 3523 2450 nisum

2214 2481 2346 2537 Tam
2377 2484 2465 2554 pie
2488 2486 2803 2556 prostravit,
2838 2495 2949 2541 tam
2978 2487 3273 2543 clementer
3295 2487 3574 2558 reparavit
3599 2488 3615 2541 ι

2703 2599 3105 2682 CAPtTuLptt
3143 2598 3261 2656 xv.

2214 2686 2457 2755 Qualiter
2477 2697 2592 2759 post
2615 2690 2945 2757 aegritudinis
2967 2680 3130 2745 sane
3154 2687 3369 2759 ﬂagella
3394 2687 3465 2743 ad
3494 2680 3790 2747 monasticis

2658 2759 3002 2829 professionis
3031 2759 3163 2812 redii
3197 2769 3341 2812 vota.
3446 2774 3457 2779 “

2213 2846 2310 2905 llis
2337 2845 2413 2903 ita
2445 2840 2734 2902 transactis
2763 2848 2911 2903 evasi
2938 2847 3155 2903 vincula
3180 2847 3374 2903 mortis

2213 2940 2282 2996 Et
2314 2955 2418 2997 non
2448 2949 2569 3008 post
2595 2939 2822 2994 multum
2851 2940 3012 2994 rediit
3043 2940 3126 2995 vis
3154 2940 3385 3010 pristina
3408 2953 3656 2999 rursum.

2217 3029 2370 3086 Tune
2390 3032 2639 3102 quamvis
2660 3032 2811 3085 vario
2835 3032 3070 3088 carnalis
3091 3033 3318 3103 pignore
3344 3045 3519 3086 nexus

2218 3120 2331 3175 lloe
2360 3129 2528 3177 totum
2557 3121 2828 3193 linquens,
2866 3122 3015 3194 quali
3047 3136 3306 3188 maerore,
3329 3122 3471 3176 Deus
3502 3120 3635 3186 scit,

2137 3194 2184 3257 ο
2219 3212 2289 3268 Ut
2314 3212 2463 3266 rudis
2490 3212 2692 3268 athleta
2723 3227 3045 3282 progressus
3070 3212 3136 3266 ad
3164 3213 3334 3267 altera
3362 3209 3526 3276 bona,

2216 3304 2347 3373 Quae
2375 3304 2526 3375 prius
2556 3304 2981 3375 abjecisecreta
3019 3306 3301 3376 requirere
3330 3305 3494 3374 cwpi.

2214 3392 2350 3448 Nam
2388 3402 2586 3463 praeter
2611 3404 2794 3448 votum
2826 3395 2967 3467 quod
2987 3397 3099 3463 jam
3133 3394 3443 3464 nuperrime
3473 3392 3609 3459 feci,

2217 3480 2358 3537 Olim
2386 3480 2631 3551 promisi,
2656 3497 2778 3537 cum
2802 3498 3003 3560 parvus
3028 3484 3206 3543 adhuc
3228 3496 3364 3557 puer
3387 3496 3567 3537 essem

2216 3574 2296 3629 Ac
2318 3588 2414 3644 spe
2444 3575 2685 3630 discendi
2717 3575 2976 3647 pollerem
3005 3592 3157 3632 more
3180 3575 3439 3641 scholari,
3536 3634 3541 3639 ε

2219 3664 2306 3720 Me
2323 3665 2717 3721 submissurum
2747 3667 2850 3739 legi
2880 3678 3085 3727 sanctae
3113 3670 3530 3727 monachorum.

2220 3755 2373 3828 Quod
2399 3758 2526 3828 quia
2556 3759 2635 3813 sie
2661 3759 2802 3830 gessi
2834 3759 3036 3819 nullius
3052 3758 3177 3827 jure
3201 3768 3448 3825 coactus,

2221 3845 2333 3902 Nec
2361 3848 2462 3915 sub
2490 3858 2627 3904 teste
2655 3850 2983 3919 palam,‘sed
3003 3851 3145 3913 clam
3169 3861 3527 3929 compunctus
3551 3865 3735 3907 amore

2219 3936 2400 3995 Solius
2429 3939 2661 4007 Domini,
2693 3943 2948 4010 quoniam
2980 3943 3116 3999 bene
3141 3945 3348 4001 discere
3374 3946 3538 4016 cmpi,

2222 4030 2289 4086 Et
2315 4032 2442 4101 quia
2470 4048 2592 4092 cum
2626 4036 2904 4090 monachis
2929 4038 3164 4106 primunt
3196 4038 3412 4092 discens
3437 4035 3743 4102 retinebar,

2219 4118 2360 4176 Proh
2390 4119 2567 4176 dolori
2600 4122 2702 4179 hoc
2723 4135 2906 4179 votum
2932 4126 3090 4181 rebar
3120 4127 3401 4197 pueriliter
3426 4133 3616 4181 actum

2219 4201 2564 4292 Consilioque
2590 4214 2691 4273 levi
2734 4218 3056 4286 promissum
3082 4218 3187 4272 tale
3217 4217 3449 4289 neglexi,
3525 4213 3529 4217 ’

2222 4300 2360 4355 Dum
2391 4302 2550 4356 simul
2575 4314 2625 4357 et
2657 4305 2887 4361 mundus
2916 4320 3001 4359 me
3030 4305 3243 4361 falleret
3267 4305 3735 4376 atquejuventus.‘

2223 4392 2328 4447 Sed
2351 4394 2477 4463 quia
2503 4396 2827 4465 promittens
2854 4398 3094 4451 solvendi
3123 4399 3335 4453 debitor
3361 4407 3540 4455 exstat

2142 4490 2147 4497 '
2224 4484 2290 4549 Et
2318 4485 2485 4539 semel
2510 4488 2708 4541 emissa
2736 4489 2842 4542 voti
2871 4490 3134 4543 sententia
3165 4489 3320 4555 recti,

2149 4555 2198 4615 Ῑ)
2229 4577 2401 4645 Quam
2442 4579 2550 4643 cito
2578 4560 2833 4648 persolvi,
2868 4579 3064 4633 nedum
3104 4562 3428 4650 quandoque
3458 4591 3681 4633 necesse
3699 4583 3791 4639 est.

2227 4668 2362 4722 Dum
2387 4669 2546 4721 datur
2573 4670 2674 4733 hac
2698 4670 2805 4723 vita
2833 4668 2979 4740 fungi
3008 4679 3267 4745 tanquam
3296 4670 3557 4735 rediviva,

2222 4762 2352 4818 Inde
2377 4760 2505 4832 iugo
2528 4760 2634 4816 leni
2666 4764 2745 4818 sic
2771 4763 2956 4831 pulsus
2985 4762 3122 4817 colla
3148 4763 3365 4835 subegi,
3413 4810 3416 4815 .
3460 4822 3463 4823 ν

2231 4853 2552 4935 Eliiciorque
2579 4856 2785 4931 pudens
2812 4866 2866 4911 et
2902 4856 3106 4935 mirans
3135 4843 3333 4926 sapius
3354 4872 3419 4918 ex
3449 4856 3573 4943 hoc,

2231 4944 2386 5019 Quod
2415 4954 2531 5025 tam,
2554 4944 2643 5025 vis
2671 4947 2779 5002 adii
2807 4946 3101 5008 servimina
3135 4945 3323 5011 suavia
3348 4945 3576 5008 Christi.

2730 5056 3129 5115 CAPITULUM
3163 5057 3305 5123 XVI,
