3942 5340
204 291 281 352 εςι
1326 292 1416 349 DE
1454 291 1796 349 DOCTRINA
1836 291 2243 347 SPIRITUALI.

1763 411 1813 466 Λ
1843 405 1939 469 Qui
1975 421 2058 458 me
2087 408 2187 460 sub
2215 407 2303 459 tali
2335 407 2670 476 permitteret
2697 407 2998 467 anxietate,

204 406 292 460 Sed
321 418 629 474 quocunque
651 401 826 458 latens
849 403 917 456 sit
947 402 1114 458 libera
1148 412 1269 458 vota
1295 415 1594 468 retentans,

202 499 285 564 Qui
312 496 413 566 jam
455 503 806 562 compunctus
837 495 1045 562 pompis
1086 495 1268 548 mundi
1300 495 1517 548 abdicat
1552 494 1734 564 hujus,

202 593 353 658 Atque
380 588 484 640 Deo
508 587 675 658 gratis
709 587 910 656 proprii
937 586 1095 640 offert
1123 587 1308 640 intima
1335 588 1536 652 cordis,

202 679 426 754 Quwvis
451 679 518 732 sit
545 678 711 742 nullo,
743 678 845 731 nisi
877 687 1085 731 tantum
1111 686 1245 731 teste
1277 693 1510 742 superno
1543 694 1558 740 ;

203 772 314 823 Cum
339 782 563 837 quoque,
591 782 689 820 ceu
720 767 904 829 credo,
935 775 1151 820 maneat
1178 766 1430 820 distantia
1461 765 1628 831 nulla,

205 861 368 916 Utrum
396 859 520 926 quid
549 859 772 912 Domino
800 857 934 910 clam
966 858 1080 911 sive
1108 857 1283 925 palam
1312 869 1597 922 v0veatur,

200 953 268 1007 Ad
292 951 540 1005 vomitum
564 950 759 1019 pergit,
786 949 831 1003 si
861 959 978 1020 post
1008 949 1277 1003 mundana
1307 949 1564 1014 recurrit,

203 1040 296 1096 Nec
319 1056 416 1095 non
445 1039 633 1094 illicita
664 1039 862 1093 fruitur
889 1040 1184 1094 carnaliter
1211 1039 1361 1093 orbe.

202 1136 414 1205 Denique
433 1149 592 1188 nemo
628 1149 844 1189 manum
863 1133 1138 1203 propriam
1156 1132 1373 1185 mittens
1395 1132 1448 1186 in
1473 1139 1738 1197 aratrum,

201 1224 560 1293 Aspiciensque
587 1232 734 1278 retro
761 1223 881 1279 εαξιί
907 1239 1070 1291 regno
1104 1233 1285 1276 manet
1307 1232 1483 1292 aptus,

202 1315 293 1369 Nec
317 1315 504 1382 poterit
531 1329 802 1384 quoquam
831 1314 1094 1385 promissa
1122 1312 1371 1367 refellere
1405 1322 1594 1382 pacto,

200 1404 253 1459 Ni
279 1404 446 1460 reduci
474 1404 646 1471 luctu,
679 1408 824 1475 quod
849 1406 1012 1468 vovit,
1039 1404 1306 1481 compleat
1339 1415 1484 1460 actu.

652 1514 1049 1572 CAPITULUM
1089 1516 1247 1570 XVII.

260 1603 452 1671 Quanta
484 1605 721 1675 pericula
749 1608 1050 1689 lemmionis
1078 1608 1144 1689 .in
1184 1608 1335 1662 initio
1365 1609 1667 1678 pertulerim

766 1693 1137 1731 conversionis.

201 1763 286 1819 Ista
314 1778 403 1834 per
419 1780 701 1820 excessum
730 1767 964 1834 generali
997 1784 1146 1822 more
1168 1768 1397 1833 loeutus,

201 1852 328 1907 Nunc
356 1854 544 1907 iterum
573 1857 820 1924 proprias
844 1857 1001 1926 cupio
1029 1857 1350 1927 subjungcre
1379 1876 1604 1927 causas;

204 1941 388 1996 Scilicet
414 1945 733 2012 explanans,
762 1947 904 2014 quali
937 1963 1148 2016 possum
1183 1951 1415 2015 ratione,

200 2033 322 2100 Quas
341 2043 452 2103 post
487 2035 779 2106 languores
809 2037 1048 2092 diversos
1079 2049 1238 2110 atque
1269 2039 1576 2110 frequentes

204 2121 433 2176 Tentandi
461 2125 740 2178 machinas
769 2126 961 2192 fuerim
991 2143 1280 2196 perpessus
1308 2131 1376 2183 ab
1405 2131 1558 2186 hoste
1588 2150 1603 2186 :

203 2207 259 2263 Ut
277 2211 386 2264 dum
410 2213 687 2267 conversis
714 2216 895 2284 patefit
925 2216 1214 2286 descriptio
1238 2218 1384 2283 talis,

201 2297 306 2354 Plus
331 2302 430 2356 sint
452 2302 690 2369 solliciti,
724 2305 768 2359 si
803 2307 935 2360 forte
966 2308 1133 2362 velint
1162 2310 1433 2376 renovari,

199 2391 264 2442 Ac
285 2404 333 2443 se
359 2405 456 2443 non
487 2390 686 2446 frustra
718 2394 938 2448 credant
968 2398 1239 2464 sprevisse
1265 2401 1490 2454 caduca.

199 2477 309 2533 Nam
337 2481 452 2534 dum
485 2491 635 2536 tanta
669 2485 773 2537 mei
804 2487 1006 2541 nudare
1033 2489 1269 2557 pericula
1301 2491 1512 2552 vellem,

199 2568 358 2632 Qualis
383 2579 434 2624 et
466 2573 670 2628 interea
705 2576 930 2630 Domini’
949 2587 1091 2634 esset
1120 2582 1292 2650 gratia
1329 2597 1557 2644 meeum,

202 2661 315 2727 Quid
338 2663 430 2716 nisi
453 2679 792 2720 communem
819 2667 1024 2722 fueram
1057 2682 1207 2736 ratus
1237 2671 1560 2726 utilitatem?

199 2752 346 2821 Atque
373 2755 572 2809 utinam
603 2757 705 2810 fari
731 2759 890 2829 digno
917 2776 1168 2816 sermone
1193 2763 1450 2830 valerem,

200 2841 408 2907 Qualiter
435 2847 678 2915 impurus
702 2859 755 2903 et
778 2853 845 2904 ad
874 2853 1055 2907 infima
1088 2854 1228 2906 nulla
1253 2857 1521 2910 secnmlus

200 2930 390 3000 Semper
416 2952 512 3004 pro
543 2937 740 2992 studiis
764 2939 1000 2994 intentus
1027 2957 1175 2995 eram
1208 2944 1436 3006 vitiosis,

198 3022 250 3074 Et
270 3039 544 3081 conversus
571 3029 639 3082 ab
675 3030 758 3082 his
780 3042 1010 3098 quantas
1037 3042 1181 3086 artes
1214 3033 1450 3095 inimici,

198 3112 312 3178 Quot
347 3115 560 3172 fraudes
591 3118 809 3174 Satanae
836 3123 979 3176 sensi
1012 3133 1138 3177 tunc
1175 3126 1422 3192 primitus
1449 3125 1500 3178 in
1532 3141 1635 3189 me,

198 3203 433 3260 lnterdum
462 3209 636 3264 solitis
675 3213 945 3266 erratibus
973 3214 1269 3278 illicientis,

200 3293 382 3351 Scilicet
407 3309 461 3353 ut
482 3300 741 3370 legerem,
771 3311 1027 3374 tanquam
1054 3307 1222 3375 prius,
1248 3307 1462 3361 ethnica
1487 3310 1689 3378 scripta

198 3381 322 3440 Nunc
346 3403 433 3456 per
459 3391 737 3458 inexperta
767 3393 1141 3461 phantasmata
1168 3397 1518 3465 prosilientis,

199 3471 265 3528 Me
286 3479 462 3545 quibus
487 3490 750 3550 a‘grotum
789 3483 968 3538 nimiis
997 3494 1050 3538 et
1082 3485 1323 3539 cladibus
1351 3497 1552 3549 actum,

197 3561 287 3619 Nec
311 3583 404 3620 non
429 3568 538 3636 jam
561 3571 824 3638 juvenem
860 3575 1040 3628 carnis
1069 3575 1319 3631 stimulos
1348 3578 1662 3646 patientem,

198 3648 442 3724 Nunquam
465 3674 620 3727 posse
650 3662 760 3730 pati
786 3661 981 3716 bellum
1008 3664 1132 3718 vitae
1163 3665 1323 3731 hujus
1353 3682 1619 3732 amarunt,

201 3739 286 3796 Sed
308 3746 460 3801 multo
486 3751 678 3804 melius
705 3751 977 3820 paulisper
1001 3769 1215 3807 sumere
1237 3755 1379 3810 vires

200 3833 296 3888 Vita
323 3837 368 3890 in
392 3843 640 3909 praesenti
674 3842 984 3897 famulando
1013 3846 1192 3900 carnis
1221 3848 1416 3911 amori,

202 3921 658 3994 Usquejuventutis
687 3933 817 3987 dum
842 3937 1001 3988 noxia
1032 3936 1112 3989 vis
1137 3937 1426 3998 minuatur,

201 4012 253 4066 Et
272 4027 376 4082 post
407 4020 518 4074 haec
542 4021 703 4080 facile
730 4038 816 4077 me
845 4039 1059 4079 sursum
1088 4027 1308 4080 tendere
1334 4042 1510 4096 posse,
1581 4013 1587 4018 ’

198 4103 304 4158 Cum
328 4109 486 4165 virtus
505 4114 682 4168 omnis
706 4129 765 4168 se
793 4125 983 4184 sponte
1015 4117 1290 4186 subegerit
1315 4133 1452 4171 aevo.

196 4189 456 4262 lnspirabat
477 4210 530 4253 et
557 4201 680 4265 hoc,
713 4218 821 4269 quo
850 4203 936 4256 vix
963 4204 1257 4260 subsistere
1285 4208 1429 4273 quivi
1457 4225 1472 4260 :

199 4278 381 4338 Scilicet
407 4276 677 4344 incassum
707 4307 795 4345 me
826 4293 982 4346 talem
1015 4294 1149 4347 velle
1178 4297 1376 4350 reverti

196 4372 385 4442 Aginen,
407 4394 560 4448 quem
593 4391 800 4438 tantum
828 4385 1143 4441 decreverat
1168 4401 1288 4440 esse
1315 4387 1620 4456 profanum,

195 4459 427 4534 Exoptatus
447 4471 609 4528 etiam
640 4474 795 4540 parili
821 4461 908 4528 me
934 4491 1082 4530 more
1109 4477 1351 4544 probari,

197 4551 429 4618 Quatenus
458 4561 585 4616 hinc
611 4561 775 4632 aliqui
805 4565 1074 4619 discentes
1104 4567 1382 4630 aedificari,

193 4639 274 4696 Sed
297 4657 468 4702 contra
495 4650 802 4718 illecebras,
829 4663 884 4706 et
916 4664 1247 4709 tentamenta
1275 4663 1550 4724 pararent,

189 4730 250 4784 Ac
273 4747 652 4794 monstraretur
687 4741 898 4794 Domini
928 4743 1210 4797 clementia
1245 4744 1403 4809 mira,

189 4817 293 4908 liam
316 4841 426 4880 cum
451 4845 536 4903 me
567 4831 780 4902 recipit,
804 4833 1009 4886 nullum
1039 4835 1346 4889 miserando
1376 4835 1651 4908 relinquit.

190 4907 272 4967 Nec
293 4916 523 4974 dubitare
548 4937 696 4990 queo
725 4923 793 4977 de
811 4925 1183 4996 cujuscunque
1210 4928 1406 4992 salute,

191 5001 266 5068 Qui
289 5009 345 5063 de
369 5013 676 5068 commissis
699 5015 914 5070 veniam
941 5019 1134 5086 quaarit
1156 5019 1476 5075 malefactis.

187 5092 377 5156 Plurima
407 5121 604 5174 passus
638 5122 811 5171 eram,
839 5108 1099 5164 miracula
1133 5114 1298 5166 multa
1329 5112 1616 5178 videbam,

189 5187 286 5251 Qua:
311 5209 504 5263 nequeo
537 5197 724 5250 verbis
756 5198 844 5252 hic
875 5213 1144 5266 promere,
1177 5220 1275 5259 nec
1307 5202 1652 5261 reminiscor.

186 5274 280 5334 liae
303 5287 446 5340 modo
480 5286 759 5340 sulliciant
792 5289 993 5340 nostris
1021 5291 1216 5340 inserta
1249 5293 1498 5340 Ιηηιηειῑς-

3307 287 3415 346 283

1837 497 1946 549 Ceu
1975 512 2080 551 non
2115 498 2229 565 ipse
2255 498 2386 551 meis
2418 498 2653 566 peccatis
2681 499 2781 551 hoc
2810 500 3146 562 meruissem,

1840 587 1944 640 Sed
1972 587 2141 655 magis
2176 587 2368 654 injuste
2393 601 2667 654 premerer
2698 588 2910 641 Domini
2935 589 3269 642 austeritate'

1837 677 2022 731 Intulit
2048 687 2103 731 et
2132 677 2352 740 bellum,
2387 679 2524 730 sicut
2555 679 2823 746 praedixit,
2854 694 3094 732 amarum

1839 766 2194 836 Temporibus
2225 766 2408 820 multis
2433 767 2570 820 idem
2598 768 2928 821 saevissimus
2954 769 3128 823 hostis

1838 859 1944 912 Per
1973 860 2150 912 carnis
2178 859 2426 912 stimulos
2453 869 2506 913 et
2535 859 2691 912 luxus
2721 861 3068 915 illecebrosas
3094 879 3108 915 :

1831 950 2104 1006 Praeterea
2136 952 2318 1004 nimiis
2344 952 2675 1006 cruciatibus
2703 962 2754 1006 et
2773 953 3038 1008 diuturn’s

1839 1036 1939 1092 Vix
1968 1050 2020 1093 nt
2049 1049 2102 1094 et
2136 1055 2256 1094 esse
2283 1039 2446 1094 Deum
2476 1042 2722 1094 meditari
2760 1044 3180 1110 prmvaiuissem.

1840 1129 1957 1195 Quo
1987 1137 2168 1184 tamen
2197 1145 2263 1184 ex
2295 1116 2512 1185 stimulo
2537 1140 2686 1185 tanto
2715 1131 2832 1200 plus
2865 1147 2982 1185 sum
3013 1134 3284 1188 cruciatus

1839 1217 2054 1285 Quanto
2078 1218 2190 1286 jam
2216 1219 2418 1273 nullum
2449 1235 2780 1290 cognoscens
2807 1220 2928 1274 talia
2959 1236 3196 1290 passum,

1840 1309 1905 1362 Et
1937 1310 2158 1374 merito;
2189 1310 2445 1379 quoniam
2474 1311 2670 1365 dubius
2697 1311 2875 1364 divina
2904 1311 3172 1379 colebam,

1747 1410 1756 1416 ‘
1839 1398 1972 1454 Cum
2005 1401 2183 1454 mundi
2212 1400 2395 1455 florem
2429 1409 2608 1455 tantos
2637 1411 2856 1470 captare
2883 1402 3141 1458 viderem.

1840 1487 1885 1542 Ο
1915 1488 2244 1543 incredibilis
2271 1490 2432 1543 varia:
2455 1490 2724 1560 suggestio
2754 1489 2956 1545 fraudis

1840 1576 1956 1642 Qua
1987 1578 2416 1634 circumveniens
2442 1579 2695 1647 antiquus
2723 1578 2952 1646 denique
2981 1593 3206 1648 serpens

1841 1669 2036 1724 lllemet
2067 1671 2358 1725 mortiferae
2383 1671 2620 1740 pervasit
2646 1685 2795 1724 more
2824 1669 3034 1735 sagitta:

1769 1735 1814 1793 Β
1843 1760 1968 1814 Haec
1994 1761 2098 1814 nisi
2132 1760 2450 1830 perferrem,
2481 1761 2572 1813 vix
2598 1759 2726 1813 talia
2754 1761 2977 1814 credere
3003 1773 3236 1830 possem.

1844 1850 1948 1905 Sed
1976 1851 2202 1904 Domino
2231 1858 2431 1920 grates,
2460 1850 2584 1918 quia
2619 1858 2798 1904 tantos
2827 1863 2992 1903 nosco
3020 1849 3234 1902 labores

1841 1940 2068 2009 Semper
2101 1941 2148 1995 ei
2173 1950 2374 2011 grates,
2406 1941 2497 2010 qui
2530 1940 2609 1995 sic
2641 1940 2832 1993 tribuit
2858 1940 2986 1994 mihi
3015 1940 3156 1994 vires
3185 1955 3201 1992 :

1843 2031 1913 2086 Ut
1940 2031 2066 2085 licet
2096 2031 2366 2084 interdum
2397 2046 2592 2100 magno
2624 2045 2856 2085 mmrore
2878 2044 3134 2100 gravarer

1840 2121 1918 2175 Ex
1950 2123 2296 2176 tentamcntis
2321 2137 2482 2188 supra
2501 2120 2612 2187 jam
2644 2119 3100 2196 commemoratis,

1841 2208 2049 2279 Saepius
2074 2211 2274 2264 interea
2307 2210 2473 2264 fultus
2497 2211 2696 2264 virtute
2727 2225 2980 2284 superna,

1839 2301 1916 2354 Ac
1943 2301 2122 2354 cordis
2151 2301 2355 2370 gremio
2387 2315 2502 2354 mea
2524 2300 2727 2370 jugiter
2752 2310 2872 2353 acta
2903 2298 3204 2365 revolvens,

1839 2393 1906 2448 Et
1931 2396 2071 2463 quod
2100 2410 2240 2463 saape
2275 2394 2440 2448 refert
2472 2394 2750 2462 Scriptura
2778 2397 2943 2448 Deum
2971 2394 3320 2450 miserantem

1840 2485 1955 2549 llis,
1981 2486 2071 2554 qui
2095 2485 2327 2539 sollicito
2357 2493 2607 2554 quaerunt
2633 2499 2690 2538 se
2710 2491 2765 2538 et
2790 2493 3006 2554 pectore
3042 2492 3174 2548 toto,

1839 2576 2098 2644 Quodque
2129 2575 2270 2630 Deus
2293 2575 2473 2642 justus
2499 2574 2569 2630 nil
2596 2575 2861 2644 permittit
2897 2573 3013 2628 sine
3045 2588 3208 2628 causa

1838 2665 1906 2719 Et
1930 2666 2072 2735 quod
2101 2665 2151 2719 ei
2186 2665 2327 2720 nulla
2363 2681 2451 2719 res
2477 2664 2826 2735 impossibilis
2854 2671 3056 2726 exstat,

1839 2753 1954 2808 Non
1989 2754 2160 2808 solum
2192 2763 2405 2824 paterer
2429 2755 2644 2808 Satana:
2672 2754 2784 2807 bsec
2813 2761 3061 2822 suggesta
3089 2751 3340 2816 libenter,

1839 2845 1894 2901 Si
1921 2847 2078 2900 modo
2109 2848 2377 2911 tristatus,
2415 2856 2536 2915 post
2560 2846 2661 2899 hoc
2694 2846 2802 2899 cito
2834 2843 3172 2907 laetificatus;

1839 2938 1943 2990 Sed
1971 2953 2184 3006 quoque
2208 2938 2251 2991 si
2277 2938 2437 3007 gladii
2469 2936 2647 2989 rabies
2669 2945 2722 2989 et
2748 2934 3024 3004 sanguinis
3052 2942 3205 2987 actor

1841 3026 2130 3100 Exigerent
2163 3036 2413 3089 mortem,
2446 3040 2544 3094 pro
2571 3023 2787 3077 Christo
2812 3031 3093 3092 promptus
3115 3021 3344 3085 adirem,

1838 3116 2084 3185 Perpetis
2106 3128 2162 3169 ut
2186 3131 2357 3185 preme
2383 3123 2590 3168 tantum
2621 3115 2860 3168 salvarer
2886 3114 2952 3168 ab
2979 3115 3122 3182 igne.

1838 3209 1905 3262 Et
1938 3224 2099 3278 quam
2135 3223 2301 3262 suave
2339 3207 2529 3277 jugum
2563 3221 2705 3261 nime
2741 3207 2916 3260 sentio
2944 3203 3412 3272 Christicolarum,

1837 3300 2002 3368 Cujus
2025 3301 2265 3368 quotidie
2295 3301 2543 3352 desidero
2565 3300 2686 3368 jura
2715 3297 2919 3363 subire,

1838 3389 1938 3456 Qui
1967 3390 2114 3443 vitiis
2141 3389 2348 3443 crebris
2379 3397 2636 3442 constans
2670 3387 2900 3456 abjectio
2929 3385 3100 3456 plebis

1835 3480 2046 3534 Exosus
2073 3480 2277 3548 pariter
2306 3478 2544 3548 ipsisque
2571 3478 2884 3545 parentibus
2913 3491 3110 3530 essem.

1838 3571 1971 3625 Nam
2002 3573 2230 3626 reditum
2254 3570 2418 3638 lapsis
2441 3585 2525 3623 me
2554 3569 2751 3637 quippe
2775 3569 2951 3622 minus
2979 3569 3196 3624 violatis

1836 3663 2116 3717 Difﬁcilem
2150 3663 2367 3716 tradens
2401 3661 2502 3714 hoc
2529 3659 2858 3726 impossibile
2889 3660 3080 3723 suasit,

1843 3751 1909 3804 Ut
1941 3750 2092 3812 mibi,
2123 3749 2208 3803 cui
2237 3747 2413 3801 nullus
2444 3747 2512 3801 sit
2539 3761 2828 3815 pravorum
2863 3747 3301 3816 militiparaodus,

1835 3841 1880 3894 Α
1913 3852 2018 3894 tam
2041 3842 2288 3895 districto
2315 3841 2486 3894 veniae
2513 3854 2636 3908 spes
2657 3839 2841 3909 judice
2867 3839 3043 3894 detur.

1837 3933 1882 3989 Ο
1908 3934 2118 4002 quoties
2148 3931 2414 4002 fragilem,
2446 3933 2540 3986 sed
2567 3941 2622 3985 et
2649 3931 2921 3985 infirmum
2959 3929 3073 3985 fore
3101 3937 3308 3984 testans

1837 4025 2107 4095 Compede
2135 4039 2236 4078 ceu
2266 4024 2499 4092 quodam
2527 4023 2853 4079 constrinxit
2881 4031 2936 4076 et
2966 4019 3252 4085 alliciebat,

1839 4115 1915 4170 Ne
1948 4132 2065 4169 mea
2094 4132 2245 4169 mens
2273 4117 2482 4169 stabilis
2509 4115 2574 4170 ad
2606 4114 2940 4182 prepositum
2969 4111 3305 4166 remaneret!

1837 4206 1988 4260 Nunc
2025 4207 2186 4260 niinis
2228 4207 2490 4259 immitem
2525 4205 2653 4258 mihi
2687 4205 2917 4257 finxerat
2952 4202 3410 4270 Omnipotentem.

1835 4297 1952 4365 Ipse
1978 4298 2150 4365 magis
2178 4305 2386 4358 cautus,
2414 4311 2532 4364 quae
2559 4304 2684 4348 sunt
2715 4291 2958 4356 vitanda,
2992 4292 3285 4360 relinquas.

1760 4408 1809 4467 ι)
1837 4388 1949 4441 Νοιι
1977 4389 2139 4455 igitur
2167 4401 2422 4454 spernas;
2455 4385 2579 4453 quia
2607 4399 2694 4437 res
2720 4382 2811 4436 tibi
2841 4382 3055 4452 profero
3085 4391 3286 4452 gestas,

1836 4478 1988 4543 Quod
2015 4477 2171 4530 modo
2203 4486 2252 4529 te
2291 4475 2508 4528 monitis
2533 4488 2675 4527 nunc
2701 4473 2918 4527 casibus
2949 4472 3155 4525 instruo
3185 4469 3408 4524 nostris.

1837 4569 1989 4637 Saepe
2018 4582 2110 4636 per
2138 4565 2441 4634 exemplum
2471 4564 2660 4617 melius
2685 4562 2928 4617 doctrina
2958 4569 3196 4616 notatur.

1835 4662 1903 4713 At
1931 4659 1972 4712 si
2011 4674 2114 4710 non
2139 4657 2316 4710 credis
2342 4665 2492 4710 certe
2521 4654 2848 4724 quandoque
2876 4653 3101 4714 videbis,

1834 4749 1902 4802 Et
1924 4763 2083 4817 quam
2115 4745 2418 4800 districtam
2458 4754 2583 4798 tunc
2604 4743 2901 4813 experieris
2927 4743 3214 4797 habenam.
3269 4809 3272 4811 Α

1833 4836 2128 4894 Peccantes
2153 4837 2380 4907 pariter,
2410 4821 2534 4908 quia
2567 4833 2813 4902 quamvis
2843 4833 2930 4885 hic
2955 4831 3250 4892 varientur,
3360 4811 3368 4828 ’

1831 4927 1912 4982 Ae
1939 4928 2039 4983 sub
2076 4925 2321 4982 dissimili
2357 4923 2728 4980 moderamine
2756 4921 3145 4990 corripiantur,

1833 5019 1939 5075 Par
1961 5020 2032 5094 ibi
2069 5019 2298 5089 ptenalis
2322 5017 2586 5072 sententia
2611 5013 2838 5082 corripit
2869 5010 2996 5071 illos
3021 5031 3036 5066 :

1833 5115 1958 5168 lmle
1985 5113 2086 5166 sibi
2114 5112 2290 5167 nullus
2318 5110 2482 5182 fingat
2507 5109 2696 5163 solatia
2721 5109 2892 5160 lusus.

1831 5205 1942 5261 Aut
1971 5205 2060 5260 hic
2083 5219 2376 5260 conversus
2403 5201 2660 5276 emendat.
2681 5208 2873 5270 sponte
2903 5207 3108 5258 reatus,

1834 5297 1939 5340 Ant
1967 5293 2168 5340 invitus
2194 5292 2264 5340 ibi
2292 5291 2538 5340 mirando
2573 5288 2802 5340 traditur
2831 5285 2964 5340 iuni.
