3942 5340
537 283 654 340 ’283

548 398 620 453 Ut
647 395 774 454 licet
803 397 994 454 inferm
1027 397 1194 454 simus
1223 389 1295 451 de
1317 412 1539 454 carcere
1572 401 1728 463 certi,

547 488 705 544 Hunc
728 489 997 559 trepidare
1023 502 1233 557 parum,
1266 488 1350 542 vel
1376 486 1524 543 forte
1550 489 1683 544 nihil
1709 488 2012 543 videamur.

548 579 808 647 Quamvis
838 580 1113 646 vidissem,
1145 580 1396 650 quamvis
1423 581 1524 635 sim
1553 596 1746 651 passus
1773 581 2047 643 eumdem,

547 670 631 726 Me
661 670 836 725 fateor
865 681 1093 734 mutum,
1126 686 1225 726 nec
1252 672 1545 742 quidquam
1595 688 1841 742 promere
1879 686 2118 742 possum,

546 761 698 827 Quod
727 775 899 828 paena:
934 761 1024 815 tali
1056 762 1202 817 dictu
1232 772 1394 832 queat
1418 764 1764 835 aequiparari,

546 849 608 902 Ni
642 850 850 906 ratione
880 851 1058 921 aliqua
1085 867 1404 922 componam
1441 864 1620 908 metite
1646 853 1913 923 profunda

545 939 694 994 Ilanc
721 941 786 995 ad
811 952 1132 1012 praesentem
1161 957 1374 1012 pmoam
1402 957 1499 996 ceu
1527 959 1723 1012 corpus
1751 947 1818 997 ad
1845 943 2116 997 umbram.

1025 1052 1420 1107 CAPITULUM
1456 1051 1638 1108 XVIII.

581 1143 736 1208 Quod
761 1143 872 1196 lucc
899 1154 1085 1198 cuncta
1127 1144 1194 1196 ad
1225 1143 1416 1196 clerum
1455 1143 1595 1196 dicta
1635 1160 1736 1197 non
1765 1143 1920 1198 aliter
1949 1161 1980 1198 a
2011 1161 2090 1198 me

792 1216 892 1266 nisi
917 1213 1274 1281 compatientis
1305 1230 1481 1266 amore
1506 1215 1606 1266 sint
1637 1214 1865 1282 prolata.

545 1304 671 1360 Ilurc
701 1306 866 1376 igitur
893 1305 1038 1360 clero
1061 1306 1223 1360 statui
1254 1305 1500 1375 proferre
1523 1308 1811 1371 monendo,

543 1397 661 1450 Non
687 1405 747 1450 ut.
774 1411 1043 1466 quemque
1065 1397 1230 1451 sciam
1255 1397 1376 1466 plus
1396 1413 1557 1466 quam
1585 1413 1670 1452 me
1692 1398 2116 1467 corripieudum,

542 1488 638 1543 Cui
670 1487 870 1557 proprii
902 1501 1081 1541 mores
1106 1495 1306 1541 aeterna
1334 1486 1546 1540 silentia
1582 1496 1786 1556 ponunt
1816 1503 1830 1550 ;

543 1577 652 1632 Sed
679 1576 832 1646 quasi
861 1576 1196 1645 compatiens
1222 1576 1383 1630 variis
1412 1577 1692 1630 erroribus
1713 1577 1880 1641 orbis,

541 1670 688 1737 Quos
717 1685 843 1724 reor
865 1669 1050 1739 augeri
1077 1669 1224 1722 vitiis
1256 1683 1417 1737 quam
1445 1669 1680 1722 maxime
1712 1669 1867 1732 cleri,

539 1761 718 1830 Atque
743 1774 844 1830 ope
871 1759 1083 1814 consilii
1115 1760 1375 1828 prodesse
1405 1759 1592 1813 volens
1615 1759 1773 1814 simul
1798 1758 1947 1813 oumi

540 1849 692 1916 Quod
723 1865 810 1905 me
837 1849 1082 1914 laedebat,
1107 1850 1232 1903 dum
1259 1863 1421 1903 nosco
1446 1848 1564 1903 aliis
1591 1849 1918 1912 nociturum,

536 1945 617 1999 Ac
642 1945 784 2014 quod
811 1943 1108 2011 profuerat,
1147 1946 1270 1998 dum
1297 1943 1506 1998 cunctis
1534 1944 1634 1996 hoc
1659 1958 1872 2012 quoque
1901 1942 2112 2007 vellem,

537 2033 796 2103 Promere
822 2035 1054 2104 cogebar
1079 2032 1446 2101 hujuscemodi
1475 2032 1759 2086 rationem.

537 2124 631 2179 Sic
657 2124 928 2194 Evangelii
958 2123 1138 2193 prodit
1168 2137 1384 2192 quoque
1410 2122 1569 2176 lectio
1593 2122 1794 2185 sancti,

536 2215 741 2269 Sanato
769 2215 986 2270 cuidam
1006 2214 1304 2268 Dominum
1337 2222 1604 2282 praecepta
1629 2213 1842 2268 dedisse

537 2301 609 2358 Ut
639 2302 935 2372 divulgarct
965 2318 1084 2371 quae
1106 2304 1242 2357 dona
1271 2302 1412 2356 Deus
1441 2302 1543 2356 sibi
1571 2301 1756 2355 ferret.

535 2391 676 2448 Ilinc
716 2394 1010 2448 instructus
1035 2408 1136 2464 ego
1157 2393 1338 2446 divina
1371 2393 1701 2447 charismata
1737 2393 1881 2456 dico,

537 2486 800 2554 Quodun
830 2486 958 2540 mihi
992 2485 1238 2539 illicitum
1271 2485 1486 2554 propria
1519 2484 1718 2538 virtute
1744 2485 2022 2553 probatur,

533 2575 649 2631 I‘Ioc
673 2576 946 2630 fraternus
975 2591 1151 2640 amor,
1183 2584 1236 2629 ct
1264 2575 1360 2628 zeli
1392 2589 1578 2628 norma
1607 2574 1937 2627 ministrant.

532 2665 730 2720 Audite
757 2681 905 2736 ergo,
935 2679 1146 2734 precor,
1182 2680 1302 2733 qua:
1327 2679 1441 2728 vos,
1471 2665 1596 2718 licet
1629 2664 1867 2730 infimus,
1899 2665 2109 2730 hortor,

531 2756 594 2810 Et
624 2764 844 2826 pensate
877 2756 1052 2810 minus
1077 2756 1198 2824 quis
1223 2757 1349 2822 sim,
1374 2757 1467 2810 sed
1490 2755 1669 2825 qualia
1700 2756 1844 2811 dico.

535 2844 751 2897 Clerum
781 2861 1012 2915 namque
1037 2857 1277 2912 monent,
1308 2847 1358 2900 in
1381 2863 1488 2916 quo
1511 2847 1668 2900 simul
1693 2847 1804 2916 ipse
1832 2848 2114 2914 monebor,

535 2931 652 2986 Non
687 2934 863 2989 minus
893 2935 1094 2990 idcirco
1125 2935 1278 2990 laicis
1306 2937 1527 2990 verbum
1558 2938 1686 2992 dare
1712 2953 1881 2994 curo:

535 3025 654 3090 Quo
677 3024 720 3078 si
753 3025 895 3080 forte
918 3026 1099 3087 velint,
1136 3025 1396 3081 extollere
1426 3040 1485 3081 se
1521 3027 1897 3096 prohibentur,

533 3112 614 3168 Ne
645 3114 788 3170 velut
816 3116 989 3184 ignari
1013 3118 1123 3171 sint
1151 3117 1204 3170 in
1234 3119 1546 3186 peccamine
1573 3119 1694 3185 tuti,

535 3202 642 3258 Sed
671 3205 850 3273 potius
873 3207 1104 3262 humiles
1130 3209 1234 3262 huc
1260 3209 1550 3264 exhibeant
1572 3210 1730 3264 simul
1755 3224 1940 3277 aures,

534 3294 598 3349 EI
631 3297 710 3351 sic
737 3299 1039 3352 communis
1063 3298 1327 3352 habeatur
1353 3314 1532 3352 sermo
1561 3299 1774 3354 salutis.

1029 3388 1430 3444 CAPITULUM
1469 3389 1610 3445 XIX.

834 3477 1135 3532 Admonitio
1167 3480 1320 3533 etiam
1359 3478 1502 3548 facta
1533 3480 1602 3532 ad
1633 3480 1818 3533 (uicos.

534 3567 580 3622 Ο
607 3583 742 3638 quos
769 3569 1004 3640 vulgaris
1033 3569 1197 3624 laicos
1221 3571 1567 3640 cognominat
1592 3585 1743 3633 uStts,

533 3658 644 3712 Vos
666 3659 779 3726 jam
806 3663 1085 3725 convenio,
1117 3664 1270 3719 vobis
1301 3666 1416 3719 haec
1442 3665 1660 3719 vet-bula
1691 3680 1898 3733 promo.

535 3746 789 3817 Ntmquid
812 3752 958 3805 enim
989 3753 1102 3806 sola
1127 3751 1532 3822 Scripturarmn
1561 3757 1884 3810 documenta

535 3840 696 3908 Legis
731 3842 927 3897 divinae
954 3843 1334 3899 demonstrant
1358 3845 1743 3914 cognitionem,

534 3931 614 3984 Ac
644 3945 779 4000 quos
803 3933 1072 4003 contingit
1097 3935 1314 4004 ignaros
1341 3950 1460 3990 esse
1482 3935 1765 4000 librorum,

539 4017 673 4072 Sciti
702 4019 938 4076 cmlestis
961 4038 1054 4077 vos
1080 4038 1343 4078 excusare
1366 4024 1622 4093 potestis?

536 4107 726 4166 Nonne
753 4111 1067 4167 Creatorem
1102 4124 1371 4168 testantur
1405 4123 1596 4169 cuncta
1628 4123 1828 4178 creata,

537 4202 669 4272 Quis
695 4205 840 4260 velut
870 4205 923 4260 in
956 4206 1108 4262 libris
1135 4207 1286 4262 illum
1320 4223 1646 4279 cognoscere
1669 4208 1869 4276 quitis?

536 4294 664 4351 Ilaec
687 4295 814 4352 licet
843 4313 873 4351 a
907 4299 1151 4370 reprobis
1179 4299 1474 4355 indiscrete
1502 4299 1859 4368 accipiantur,

535 4386 712 4456 Atque
737 4388 1110 4444 sinistrorsum
1136 4399 1452 4460 prorumpat
1487 4390 1676 4445 abusio
1707 4404 1895 4444 eorum
1923 4407 1935 4442 ε

538 4477 666 4545 (Per
701 4490 762 4532 se
793 4479 989 4548 quippe
1024 4481 1192 4534 Deum
1229 4481 1516 4550 perhibent
1555 4481 1898 4536 concorditer
1924 4480 2114 4548 unum)

537 4564 678 4631 Quid
710 4568 929 4634 prodest
955 4568 1107 4623 vobis
1132 4579 1404 4638 utcunque
1428 4572 1725 4626 scientibus
1755 4587 1966 4640 aequum

535 4653 832 4722 Explorare
859 4657 991 4719 vias,
1027 4657 1228 4726 quibus
1258 4661 1534 4713 excusatio
1562 4670 1741 4714 vestra

537 4741 593 4804 lu
624 4755 913 4813 conspectu
943 4747 1218 4801 hominum
1246 4750 1492 4804 securior
1518 4751 1846 4815 inveniatur,

537 4833 670 4886 Cum
701 4833 862 4898 Deus,
891 4836 1158 4906 inspector
1184 4839 1362 4893 cordis
1387 4855 1682 4911 renumque
1711 4842 1993 4910 probator,

535 4922 978 4983 Dissimulatores
1002 4942 1184 4982 coram
1211 4943 1269 4982 se
1293 4944 1385 4984 vos
1416 4931 1550 4984 sciat
1578 4933 1740 4986 esse?

536 5011 672 5076 Nam
705 5014 830 5069 licet
854 5016 904 5068 in
931 5016 1108 5082 nobis,
1136 5017 1227 5086 qui
1254 5017 1502 5073 doctores
1531 5020 1896 5089 perbibemur,

537 5102 707 5159 Recte
731 5106 946 5163 vivendi
973 5109 1151 5166 minus
1176 5109 1481 5178 exemplum
1508 5111 1759 5173 videatis,

536 5193 606 5258 Et
632 5197 854 5254 sceleris
879 5200 1042 5255 vestri
1071 5201 1215 5256 velut
1244 5210 1495 5256 auctores
1524 5215 1862 5265 maneamus,

538 5283 648 5340 Vos
675 5289 909 5340 naturali
943 5299 1118 5340 tamen
1145 5291 1362 5340 inuenio
1389 5291 1676 5340 moderati-

1541 285 1844 345 OTIILONI
1880 283 2187 342 MONACIII
2223 284 2283 340 S.
2325 283 2744 344 EMMERAMMI
3687 291 3784 351 εει

2151 402 2198 460 Α
2230 395 2285 450 Si
2309 412 2404 452 vos
2432 396 2586 466 culpa
2618 398 2814 462 minor,
2854 397 3031 455 tamen
3065 408 3214 454 arcet
3253 400 3504 456 conscius
3525 402 3689 457 error.

2165 515 2168 519 ε
2222 484 2326 540 Sed
2359 501 2425 540 ne
2457 485 2734 540 falsidicus
2759 487 2967 553 videar,
2989 504 3110 543 cum
3137 490 3265 544 talia
3293 491 3502 558 scribo,

2223 573 2333 628 IIoc
2359 585 2470 640 est,
2501 590 2623 629 cum
2647 575 2813 631 laicos
2837 578 3154 648 dignoscere
3187 580 3312 634 dico
3349 595 3609 651 superna,

2221 665 2299 720 Eu
2324 667 2515 722 iterum
2545 667 2806 736 exemplis
2833 668 2949 723 haec
2976 679 3293 737 argumenta
3326 671 3592 740 probabo,
3623 706 3674 751 .

2220 755 2278 810 In
2307 755 2524 825 quibus,
2551 765 2805 825 utspero,
2847 757 3137 812 multorum
3175 760 3338 814 corda
3365 761 3614 817 movebo.

2220 844 2405 902 Nostis
2447 847 2591 900 enim
2611 846 2780 900 solem
2821 855 2990 901 totum
3015 847 3248 903 lustrare
3266 863 3366 918 per
3385 850 3601 916 orbem,

2220 937 2297 992 Ac
2318 949 2642 1008 quocunque
2671 935 2782 1000 itis,
2812 938 2964 1004 quasi
2998 947 3318 1007 praesentem
3355 938 3474 994 fore
3503 939 3670 1005 scitis,

2221 1028 2352 1081 Cum
2386 1037 2564 1082 tamen
2595 1038 2653 1082 ut
2679 1042 2870 1084 servus
2894 1026 3188 1082 famuletur
3213 1029 3485 1086 fructibus
3518 1030 3668 1087 orbis

2221 1118 2555 1188 lmperioque
2583 1119 2675 1174 Dei
2701 1136 2916 1191 semper
2935 1120 3008 1176 sit
3038 1121 3287 1179 subditus
3315 1124 3465 1180 omni
3497 1139 3514 1189 ;

2219 1209 2470 1279 Nunquid
2499 1211 2580 1265 sol
2601 1226 2926 1281 quemquam
2968 1214 3034 1268 de
3065 1214 3185 1270 luce
3212 1231 3307 1270 sua
3335 1214 3657 1282 removebit,

2220 1305 2328 1364 Aut
2351 1305 2584 1374 propria:
2605 1305 2740 1361 lueis
2768 1306 2949 1361 radios
2975 1307 3258 1362 abscondit
3283 1309 3353 1363 ab
3377 1308 3526 1362 ullo?

2221 1394 2357 1450 I‘Iinc
2379 1410 2494 1461 vos,
2527 1397 2569 1450 si
2602 1397 2780 1460 vultis,
2812 1398 3023 1477 Domini
3048 1397 3206 1466 jubar
3235 1400 3557 1469 inspicietis,

2219 1483 2393 1550 Quam
2415 1484 2650 1539 clemens
2674 1487 2892 1552 mundo,
2919 1503 3082 1556 quam
3124 1497 3269 1542 totus
3304 1498 3523 1543 constet
3547 1487 3754 1558 ubique,

2219 1573 2355 1628 Dum
2388 1573 2568 1629 lumen
2600 1584 2807 1630 tantum
2837 1577 3002 1632 vestri
3029 1578 3280 1632 concedit
3314 1578 3382 1633 ad
3407 1593 3592 1644 usum,

2220 1664 2383 1732 Cujus
2407 1680 2504 1734 per
2529 1673 2696 1719 totum
2726 1665 2982 1734 splendor
3013 1651 3330 1721 didunditur
3356 1669 3570 1731 orbem,

2149 1733 2192 1823 Β
2224 1753 2313 1808 Sic
2339 1733 2501 1823 super
2533 1733 3045 1826 injustosieﬂ‘ulgens
3083 1767 3141 1811 ut
3170 1771 3333 1826 super
3371 1773 3580 1826 aequos.

2222 1844 2374 1910 Quod
2401 1844 2447 1899 si
2477 1844 2725 1898 dixeritis
2759 1845 2994 1914 aliquem
3033 1861 3189 1915 posse
3225 1848 3329 1902 hoc
3361 1849 3634 1914 dubitare,

2221 1939 2311 1992 Ille
2338 1946 2666 2004 creaturam,
2689 1954 2850 2008 quam
2874 1940 3042 1994 solem
3068 1942 3280 1996 noverit
3302 1958 3445 2006 esse,

2220 2027 2363 2082 Ante
2390 2027 2702 2081 Creatorem
2731 2038 2958 2083 conatur
2993 2045 3193 2098 ponere
3232 2032 3426 2095 solem,

2222 2116 2478 2186 Majorem
2506 2117 2604 2172 soli
2635 2118 2880 2172 tribuens
2915 2119 3020 2172 vim
3057 2135 3220 2189 quam
3248 2120 3643 2190 Oumipoteuti.

2223 2207 2313 2260 Sic
2339 2216 2393 2260 et
2419 2208 2484 2262 de
2513 2207 2734 2278 reliquis
2760 2209 2922 2264 rebus
2951 2225 3180 2279 pensare
3207 2211 3422 2277 valetis,

2223 2297 2278 2351 Si
2306 2308 2480 2354 tamen
2513 2299 2619 2353 ulla
2656 2301 2756 2368 pia)
2777 2301 2950 2369 pulsat
2979 2317 3074 2356 vos
3093 2303 3267 2371 gratia
3298 2304 3440 2356 vitm.

2221 2388 2470 2459 Nunquid
2494 2390 2712 2445 nescitis
2741 2403 2955 2446 terrena
2978 2394 3190 2463 negotia
3223 2393 3448 2447 amare?
3672 2455 3681 2464 ,

2221 2477 2374 2544 Quod
2404 2495 2589 2550 prope,
2617 2481 2759 2548 quod
2797 2481 2954 2551 longe
2977 2497 3250 2553 quoquam
3285 2492 3499 2553 gralum
3530 2481 3784 2548 retinetis,

2223 2570 2391 2639 Ilujus
2413 2579 2686 2625 amatores
2715 2571 2767 2625 iu
2798 2573 3279 2626 vestris‘cordihus
3302 2573 3456 2638 estis,

2221 2659 2330 2714 Nec
2356 2661 2484 2730 quid
2505 2661 2559 2714 in
2593 2661 2692 2715 hoc
2713 2662 2907 2727 durum
2938 2672 3120 2716 censet
3151 2663 3369 2717 dilectio
3396 2679 3602 2718 rerum.

2221 2750 2359 2806 Ilinc
2392 2753 2682 2807 excusandi
2709 2753 2852 2807 nulla
2892 2763 2974 2808 est
3007 2756 3222 2810 occasio
3251 2757 3424 2810 vobis.

2221 2844 2361 2911 Quin
2389 2845 2433 2899 si
2465 2847 2692 2911 curatis,
2727 2855 2782 2900 et
2810 2861 2994 2901 amare
3020 2862 3252 2916 superna
3289 2848 3526 2917 queatis,

2221 2934 2372 3002 Quod
2397 2934 2516 3005 plus
2537 2935 2796 3005 diligitur,
2832 2936 2934 2989 hoc
2964 2937 3315 3004 praepositum
3359 2936 3695 3006 perhibetur.

2735 3023 3130 3080 CAPITULUM
3167 3025 3284 3079 XX.

2400 3113 2537 3180 Quia
2573 3113 2648 3167 nil
2681 3124 2890 3168 (eterna:
2917 3114 3076 3167 saluti
3101 3115 3512 3184 prwponendum
3529 3115 3617 3168 sit.

2221 3227 2276 3282 Si
2305 3228 2388 3281 vis
2415 3227 2634 3290 salvari,
2668 3225 2740 3280 nil
2783 3227 2906 3280 huic
2938 3241 3188 3295 prmpone
3218 3226 3401 3280 saluti.

2220 3317 2352 3370 Nam
2385 3315 2510 3369 licet
2538 3316 2772 3369 audaces
2803 3315 3182 3384 nequiterjam
3208 3315 3390 3368 vivere
3420 3313 3626 3383 plures,

2219 3407 2284 3460 Et
2315 3406 2538 3460 nimium
2572 3405 2722 3458 vanis
2752 3405 2934 3458 videas
2963 3405 3214 3458 insistere
3243 3403 3422 3459 causis

2219 3500 2363 3562 Quas
2393 3495 2714 3566 projustitia
2748 3496 2851 3548 fert
2876 3496 3209 3550 consuetudo
3242 3494 3513 3564 maligna:

2221 3587 2298 3641 Tu
2339 3596 2516 3640 tamen
2547 3587 2803 3639 horresce
2826 3586 2971 3638 vitiis
3001 3585 3052 3638 in
3079 3584 3273 3639 talibus
3302 3598 3446 3649 esse,

2217 3679 2294 3731 Ac
2324 3675 2490 3746 fugito
2517 3676 2710 3729 miram
2733 3676 2946 3730 venturi
2967 3675 3169 3743 judicis
3200 3675 3360 3737 iram,

2219 3767 2318 3832 Qui
2351 3774 2497 3819 tanto
2521 3765 2739 3834 gravius
2765 3767 3042 3819 hominum
3079 3765 3395 3820 discesserit
3420 3772 3596 3826 actus,

2219 3856 2435 3922 Quanto
2456 3869 2598 3910 nunc
2627 3854 2839 3924 patiens
2860 3853 3158 3908 clementer
3183 3853 3422 3908 sustinet
3443 3867 3657 3909 omnes.

2713 3944 3112 4001 CAPITULUM
3158 3945 3300 4002 XXI.

2477 4037 2554 4091 De
2583 4037 2684 4090 cibi
2718 4046 2971 4108 potusque
2991 4037 3245 4106 parcitate
3265 4037 3545 4090 servanda.

2218 4129 2258 4181 A
2293 4128 2518 4196 dapibus
2542 4127 2701 4181 lautis
2740 4127 3035 4195 etzpotihus
3057 4125 3437 4180 immoderatis

2221 4217 2495 4272 Sollicitus
2516 4215 2773 4285 templum
2806 4215 3016 4270 custodi
3044 4215 3289 4283 corporis
3321 4224 3505 4284 aptum
3538 4231 3552 4268 :

2220 4307 2315 4372 Ne,
2348 4307 2473 4361 dmn
2506 4306 2766 4362 fervescis
2793 4321 3007 4374 semper
3031 4305 3343 4359 carnalibus
3375 4305 3539 4369 escis,

2145 4433 2194 4493 υ
2221 4398 2286 4452 Et
2311 4397 2456 4452 velut
2488 4395 2815 4468 hydropicus
2847 4396 2999 4453 nimii
3037 4404 3196 4464 potus
3226 4396 3369 4466 geris
3399 4412 3548 4461 usus,

2221 4491 2341 4546 Jam
2368 4490 2582 4543 divinus
2603 4503 2757 4541 amor
2783 4488 2962 4542 minus
2993 4487 3045 4541 in
3086 4496 3142 4542 te
3177 4489 3250 4542 sit
3275 4487 3587 4550 habitator;

2228 4579 2317 4631 Vis
2345 4577 2546 4632 etenim
2574 4577 2769 4632 mentis
2796 4577 3011 4647 languet
3042 4577 3371 4646 pinguedine
3402 4576 3609 4634 ventris

2222 4669 2300 4723 Ac
2327 4676 2570 4724 crassata
2601 4682 2729 4722 caro
2775 4677 2957 4738 gustat
2982 4667 3228 4722 coelestia
3260 4683 3406 4722 raro.

2556 4818 2562 4823 ,
2721 4754 3115 4810 CAPITULUM
3140 4756 3302 4810 χχιι.

2573 4844 2649 4898 De
2676 4845 2846 4898 somni
2878 4846 3049 4914 quiete
3085 4847 3440 4915 temperanda.

2221 4935 2298 4991 Ne
2325 4936 2490 4990 nimio
2517 4935 2692 4989 soleas
2721 4944 2808 4988 tua
2841 4937 3055 4990 tradere
3079 4937 3318 4990 membra
3345 4935 3527 5004 sopori
3561 4952 3577 4966 ο

2225 5031 2378 5084 Sicut
2397 5028 2542 5082 enim
2569 5042 2698 5081 cura
2722 5027 2898 5081 somni
2923 5027 3056 5081 satis
3078 5035 3159 5080 est
3189 5026 3518 5094 adhibenda,

2225 5118 2294 5174 Ut
2325 5116 2541 5188 fragiles
2567 5123 2718 5170 artus
2740 5116 2884 5170 vires
2907 5115 3112 5184 possint
3135 5128 3416 5183 reparare;

2222 5209 2315 5264 Sic
2342 5207 2600 5262 l‘renanda
2621 5221 2749 5259 caro
2777 5204 2930 5260 nimii
2959 5219 3024 5258 ex
3055 5205 3334 5258 dulcedine
3355 5203 3555 5265 somni,

2223 5300 2297 5340 Νι·
2325 5316 2419 5340 nm-
2447 5310 2714 5340 Inrnnmm
2753 5298 3033 5340 ιΙρςηρςρειι
3074 5295 3215 5340 ferre
3250 5295 3508 5340 lnhnrem-
