3942 5340
524 354 632 448 edi

1519 350 2727 453 OTHLDNIMONACHIS.EMMERAMMI
2815 369 2819 373 ’

3688 378 3801 444 ἔξω

527 503 635 561 Sed
663 486 879 577 quoque
905 512 1023 574 post
1059 503 1283 569 alitum,
1312 504 1355 559 si
1382 520 1469 560 res
1500 508 1685 575 nequit
1712 516 1837 561 ante
1861 506 2032 561 videri
2129 508 2179 569 Α
2207 510 2273 564 Ει
2299 525 2364 564 ne
2394 510 2547 580 plura
2572 502 2722 573 velis,
2747 523 2871 564 cum
2901 507 3002 562 fari
3030 504 3252 584 paucula
3278 476 3459 578 possis
3485 520 3501 563 :

525 597 639 653 Nec
668 605 795 653 tunc
816 607 1065 667 speratur
1091 599 1204 653 haec
1233 598 1297 652 ad
1327 613 1402 651 mi.
1415 599 1548 651 liora
1572 601 1796 668 patrari,

526 688 636 742 Aut
668 689 1033 757 subjectorum
1062 689 1143 741 vel
1175 687 1328 757 culpa
1361 691 1791 758 prtrpositorum,

526 777 690 832 Liber
715 778 820 832 erit
847 778 1069 840 reditus,
1096 790 1144 832 et
1171 779 1481 848 deponenda
1505 789 1766 849 potestas,

527 868 606 923 Ne
634 868 839 938 pariter
868 870 1049 939 pravis
1076 873 1206 925 dare
1230 886 1552 925 toasensuin
1581 864 1833 925 videaris.

529 955 771 1014 Sufﬁciat
806 958 902 1012 soli
929 975 1035 1028 quo
1070 960 1195 1016 aliis
1222 962 1366 1031 prol-
1391 976 1478 1016 sse
1508 978 1539 1014 n
1561 960 1771 1029 'quibis.

526 1045 663 1101 Nam
688 1045 944 1103 miserum
971 1058 1055 1103 est
1084 1050 1239 1104 valJe
1269 1060 1320 1104 te
1348 1059 1555 1105 tantum
1581 1050 1713 1104 velle
1738 1062 1973 1119 prmesse

525 1136 852 1210 Pratlatiqne
872 1140 990 1196 loco
1022 1141 1094 1196 nil
1121 1157 1378 1197 exercere
1409 1143 1648 1214 regendi.

529 1226 609 1282 Ne
635 1230 822 1298 cupias
842 1245 972 1301 ergo
995 1228 1163 1299 judex
1191 1230 1277 1286 his
1297 1231 1557 1286 associari
1690 1302 1691 1305 η

530 1318 644 1373 Sub
669 1318 792 1375 fidei
819 1319 1090 1396 fict:e,_vel
1113 1322 1302 1391 quavis
1323 1321 1650 1386 conditione,

529 1409 677 1477 Quos
701 1420 753 1465 tu
783 1427 888 1467 non
918 1413 1124 1482 poteris
1150 1413 1434 1469 deflectere
1460 1412 1670 1484 legibus
1690 1415 1881 1493 aequis.

531 1504 619 1560 Sit
645 1513 737 1560 tua
765 1520 919 1562 mens
945 1507 1125 1576 potius
1154 1508 1235 1563 sic
1257 1519 1513 1564 constans
1543 1509 1597 1562 in
1631 1508 1873 1564 bonitate

532 1594 603 1652 Ut
631 1609 1009 1665 perVersorum
1036 1597 1299 1675 solidatur
1326 1599 1378 1653 in
1413 1600 1777 1668 improbitate.

533 1685 631 1741 llis
658 1686 953 1758 praelibatis
982 1689 1047 1743 de
1075 1687 1313 1744 fascibus
1339 1677 1669 1759 accipiendis

531 1775 599 1831 Et
626 1791 762 1846 quos
783 1777 1003 1833 omnino
1030 1778 1164 1850 fugit
1191 1778 1585 1835 ecclesiasticus
1612 1780 1767 1846 ordo,

533 1865 689 1923 Nunc
713 1869 993 1925 veniamus
1022 1886 1087 1925 eo
1112 1886 1218 1940 quo
1239 1872 1351 1940 jam
1381 1880 1506 1925 sunt
1532 1870 1725 1924 tradita
1755 1876 2009 1939 sceptra,

538 1959 607 2016 Ut
634 1961 880 2018 doctrina
906 1963 1085 2032 aliqua
1114 1965 1385 2034 prosimus
1407 1962 1732 2017 habentibus
1760 1962 1895 2032 ipsa.

1005 2074 1401 2131 CAPITULUM
1437 2073 1652 2129 XXXII.

537 2160 698 2219 ﬂuuii
734 2179 863 2219 cura
911 2173 961 2219 et
1011 2181 1066 2219 se
1110 2175 1158 2219 et
1210 2152 1510 2219 commissos
1556 2173 1723 2219 rector
1769 2162 2148 2233 unusquisque.

1092 2234 1272 2288 debeat
1296 2235 1581 2288 custodire.

536 2323 680 2394 Ergo
707 2324 933 2381 ell‘ectus
959 2327 1027 2380 ad
1063 2326 1165 2380 hoc
1188 2335 1248 2380 ut
1270 2326 1432 2395 judex
1462 2327 1538 2381 sis
1563 2324 1811 2388 aliorum,

545 2414 639 2470 Vel
671 2415 886 2484 quando
916 2416 1031 2485 ipse
1055 2416 1131 2471 tui
1155 2416 1444 2483 vigilanter
1466 2418 1545 2470 vis
1574 2415 1864 2479 dominari,

537 2503 662 2560 Mox
689 2505 890 2575 probus
921 2521 986 2561 ac
1014 2508 1249 2570 stabilis,
1277 2508 1430 2577 juxta
1464 2523 1643 2562 mores
1673 2506 1979 2576 gravitatis,
2072 2524 2073 2527 ‘

537 2594 618 2649 Ex
647 2595 796 2650 omni
820 2590 975 2665 gestu
1004 2597 1280 2668 speculum
1312 2597 1698 2651 moderaminis
1724 2606 1871 2661 esto,

537 2683 848 2741 Monstrans
875 2687 1125 2756 exemplo
1151 2702 1483 2757 quaecunque
1513 2688 1674 2741 doces
1698 2686 1835 2740 bona
1863 2684 2052 2752 verbo,

537 2773 619 2830 Ne
651 2775 745 2829 tibi
773 2776 985 2829 dicatur
1010 2776 1151 2845 quod
1184 2792 1288 2830 vox
1317 2776 1495 2830 divina
1528 2774 1810 2844 profatur:

539 2868 650 2923 Cur
676 2868 834 2923 oculo
858 2868 1044 2922 fratris
1071 2868 1332 2923 festucam
1361 2878 1471 2922 tam
1500 2868 1636 2923 bene
1663 2868 1843 2922 cernis

539 2957 608 3013 Et
661 2957 840 3011 minus
897 2958 1173 3028 inspectas
1239 2973 1400 3028 quam
1466 2966 1577 3012 tute
1642 2957 1849 3012 trahent
1909 2972 2139 3027 quoque.

701 3112 711 3118 _
746 3106 752 3110 .
1812 3046 2056 3120 [gestas‘l

540 3138 727 3206 Quove
757 3138 915 3194 modo
947 3138 1098 3195 fratri
1122 3139 1328 3211 poteris
1352 3140 1429 3194 sic
1452 3125 1756 3194 consiliari:

541 3228 753 3293 Frater,
784 3226 1045 3283 festucam
1072 3229 1138 3283 de
1160 3229 1279 3283 luce
1316 3236 1405 3282 tua
1429 3229 1546 3282 sine
1574 3227 1766 3282 ducam
1786 3267 1803 3292 ,

541 3317 662 3387 Ipse
698 3318 875 3374 minus
905 3333 1134 3375 cernens
1166 3321 1293 3390 quid
1321 3305 1673 3374 contenebret
1701 3318 1793 3374 tibi
1817 3317 2032 3373 visum?

540 3407 730 3473 Aufer,
759 3424 960 3479 quaeso,
990 3411 1197 3465 trabem
1230 3410 1383 3481 prius
1408 3427 1472 3464 ex
1505 3396 1743 3479 proprio,
1773 3407 2075 3474 simulator,

541 3497 611 3553 Et
637 3506 763 3555 tunc
794 3498 1029 3554 festucas
1057 3515 1124 3553 ex
1156 3499 1339 3554 fratris
1367 3500 1570 3577 lumine
1594 3501 1782 3554 ducas.

541 3588 657 3647 Hoc
686 3590 846 3646 simul
880 3592 1099 3647 attende
1126 3584 1331 3646 dictum
1362 3590 1671 3662 specialiter
1699 3589 1765 3644 ad
1798 3598 1850 3643 te

543 3681 695 3749 Quod
724 3683 982 3737 Dominus
1014 3683 1224 3737 cunctis
1251 3681 1362 3750 jam
1387 3682 1644 3750 prcedieat
1667 3694 1762 3735 ore
1786 3677 2039 3734 Davidis:

540 3771 651 3828 Cur
678 3780 733 3828 tu
759 3762 999 3839 jus-tilias
1024 3772 1144 3826 aliis
1166 3771 1494 3841 perhibendo
1528 3770 1735 3825 revelas

540 3860 619 3915 Ac
647 3860 775 3929 quid
807 3861 858 3914 in
885 3874 981 3914 ore
1015 3869 1106 3915 tuo
1135 3860 1267 3929 legis
1290 3860 1613 3914 documenta
1641 3857 1881 3927 reponis,

542 3948 647 4014 Qui
672 3950 1046 4018 contempsisti
1063 3950 1394 4011 .doetrinam,
1419 3964 1582 4017 quam
1607 3946 1879 4003 retulisti?

541 4040 678 4095 Nam
709 4040 754 4095 si
788 4047 1059 4108 raptorem
1087 4039 1349 4094 cernebas
1377 4048 1540 4108 atque
1568 4038 1859 4099 latronem,

541 4118 812 4188 Currebas
840 4130 1063 4200 pariter,
1095 4138 1151 4185 et
1176 4145 1299 4185 cum
1326 4129 1724 4185 mmehantibus
1755 4127 1894 4182 alter

539 4221 739 4279 Factus
760 4210 1010 4279 adulterii
1041 4210 1091 4279 te
1115 4212 1420 4280 consortem
1450 4223 1701 4294 posuisti,

542 4314 889 4386 Diversisque
923 4315 1061 4371 dolis
1090 4330 1418 4384 componens
1448 4314 1656 4369 semina
1686 4313 1893 4368 fraudis
2062 4383 2065 4389 η

544 4406 832 4472 Scandala,
859 4423 979 4478 quae
1003 4410 1238 4478 poteris,
1274 4417 1461 4464 contra
1500 4406 1726 4461 fratrem
1768 4406 2122 4473 machinaris,

544 4496 671 4551 Haec
698 4496 862 4566 igitur
882 4498 1065 4553 sedula
1090 4508 1267 4555 tecum
1292 4500 1502 4554 ratione
1528 4499 1807 4554 revolvens

542 4584 765 4656 Corrige
791 4595 845 4641 te
872 4588 1130 4655 primum,
1155 4589 1246 4659 qui
1275 4598 1456 4645 rector
1483 4591 1559 4645 sis
1582 4590 1831 4645 aliorum.

541 4674 677 4730 Nam
705 4676 884 4732 domui
910 4679 1141 4748 propria:
1168 4688 1521 4736 contemnens
1555 4681 1656 4736 rite
1678 4695 1913 4751 praeesse

543 4756 827 4831 Quomodo
859 4765 1125 4822 sollicitus
1159 4766 1320 4822 fuerit
1360 4768 1609 4838 provisor
1630 4770 1810 4825 alius?

540 4854 650 4908 Aut
672 4855 760 4910 cui
785 4846 1112 4924 compatitur
1141 4857 1234 4927 qui
1255 4842 1356 4914 nec
1382 4859 1598 4914 sibimet
1623 4861 1950 4918 miseretur?

541 4944 621 5002 Ne
645 4962 998 5018 personarum
1023 4949 1099 5005 sis
1120 4958 1375 5020 acceptor
1400 4952 1670 5006 variarum
1687 4991 1703 5015 ,
1892 5018 1895 5023 ὗ

541 5028 727 5093 Gloria
754 5053 892 5108 quas
919 5040 1102 5093 mundi
1129 5055 1231 5111 pro
1254 5053 1351 5109 spe
1378 5040 1630 5096 conducit
1658 5039 1838 5105 inaui',

543 5127 653 5184 Sed
677 5128 886 5184 Domini
902 5126 1072 5198 jussis
1092 5130 1684 5211 quicunquesubactus
1707 5130 1960 5199 habetur,

539 5219 673 5264 Fin:
695 5235 852 5264 nnem
881 5234 1079 5264 nnmm-
1113 5221 1202 5264 mli
1230 5220 1504 5264 ntrnlinene
1534 5222 1768 5264 militum-
1816 5254 1817 5257 η

2205 602 2336 655 Nam
2366 603 2581 671 sapiens
2611 600 2790 654 verbis
2815 598 3128 668 perstringit
3151 596 3378 665 plurima
3409 600 3614 668 paucis.

2144 678 2157 689 “
2207 691 2315 746 Hm
2344 692 2504 745 etiam
2536 704 2744 744 summa
2773 688 2989 742 studeas
3017 687 3347 755 perpendere
3372 701 3535 740 cura:

2206 784 2338 836 Cum
2367 790 2579 849 tempus
2602 780 2771 842 fandi,
2797 778 2879 832 vel
2904 778 3116 848 quando
3144 777 3215 831 sit
3245 777 3375 831 hora
3407 777 3649 837 tacend'.

2208 874 2442 943 Tempus
2467 872 2816 935 conveniens,
2840 886 2959 939 qua:
2985 879 3174 924 cuncta
3199 870 3411 937 negotia
3440 874 3724 939 qumrunt.

2102 998 2109 1007 ι
2208 965 2447 1035 Eloquiis
2476 965 2660 1028 castis,
2698 963 2971 1017 moderata
3000 976 3131 1015 voce
3153 959 3371 1025 fruaris,

2209 1056 2444 1110 Blandus
2462 1042 2781 1119 mansuetis,
2814 1050 3092 1107 districtus
3116 1059 3172 1105 et
3195 1058 3313 1105 esto
3336 1039 3605 1119 superbis.

2209 1145 2344 1200 Nam
2369 1144 2513 1200 velut
2537 1124 2883 1198 immitis‘das
2911 1138 3161 1196 scandala
3185 1139 3349 1195 multa
3374 1138 3606 1211 pusillis,

2213 1236 2305 1293 Sic
2332 1252 2362 1292 e
2392 1236 2605 1291 diverso
2627 1234 2671 1289 si
2695 1233 2779 1288 vis
2811 1230 2942 1287 levis
2961 1246 3080 1287 esse
3109 1230 3366 1303 superbo,

2211 1326 2464 1385 Ecclesia
2492 1339 2745 1398 magnum
2769 1320 3016 1379 conferre
3042 1321 3226 1378 studes
3256 1321 3686 1389 detrimentum;
3764 1315 3769 1319 ’

2210 1416 2454 1486 Denique
2479 1414 2797 1486 permittens
2820 1425 3050 1482 regnare
3074 1418 3237 1481 caput
3263 1410 3542 1477 vitiorum,

2215 1507 2443 1563 Virtutis
2468 1520 2693 1561 summa:
2722 1503 3032 1559 destructor
3055 1502 3288 1572 carperis
3315 1516 3463 1567 esse,

2216 1599 2388 1667 Atque
2417 1611 2515 1668 per
2542 1596 2684 1650 hanc
2704 1609 2923 1650 causam
2955 1593 3182 1650 Domino
3208 1592 3326 1662 plus
3351 1594 3467 1663 ipse
3498 1591 3716 1648 resistis

2216 1687 2387 1755 Quam
2417 1686 2507 1756 qui
2530 1676 2822 1755 permissus
2852 1683 3096 1761 fortassi;
3127 1685 3342 1739 nescius
3369 1691 3542 1739 errat.

2223 1779 2375 1835 Unde
2399 1779 2549 1849 prius
2574 1777 2841 1832 modicum
2868 1776 3088 1830 tumidis
3116 1775 3401 1831 clementia
3427 1775 3667 1846 prodest,

2145 1854 2189 1913 Β
2220 1869 2334 1935 Qua
2362 1884 2458 1922 sua
2485 1867 2618 1923 cella
2648 1867 2737 1938 pio
2760 1868 3059 1921 doceantur
3084 1866 3318 1921 subdere
3338 1865 3578 1921 Christo.
3620 1933 3632 1943 '

2221 1958 2322 2026 Qui
2348 1958 2479 2013 velit
2502 1957 2588 2012 his
2606 1957 2749 2026 juste
2771 1954 3247 2012 condescendendo
3266 1956 3461 2027 juvarc

2220 2050 2446 2119 Argnat,
2469 2047 2757 2122 admoneat
2776 2046 2973 2101 blanda
2996 2048 3230 2117 primum
3266 2044 3499 2110 ratione,

2222 2137 2424 2193 Mellita
2452 2137 2618 2192 variis
2652 2132 3055 2206 scripturarum
3085 2124 3452 2201 doCumentis;

2222 2228 2462 2298 Cumque
2491 2236 2574 2282 sat
2598 2236 2683 2281 est
2708 2226 2911 2292 verbis,
2943 2226 3160 2296 gravior
3180 2223 3448 2281 sententia
3476 2223 3665 2287 detur,

2223 2320 2394 2387 Quam
2421 2318 2582 2374 simul
2608 2317 2838 2373 assidua:
2866 2317 3044 2387 precis
3066 2314 3290 2372 affectus
3311 2314 3623 2379 'comitetur,

2224 2410 2406 2465 Donec
2430 2409 2714 2474 clarescat,
2740 2408 2788 2464 si
2818 2416 2964 2462 tanta
2987 2405 3137 2483 juvet
3160 2406 3433 2462 medicina

2225 2502 2296 2559 Ut
2317 2510 2706 2558 convertantur
2726 2512 2781 2555 et
2804 2501 2961 2556 mites
2985 2495 3304 2556 efﬁciantur.
3344 2560 3349 2563 ,

2225 2594 2380 2661 Quod
2410 2594 2455 2649 si
2485 2592 2559 2648 nil
2587 2594 2779 2659 horum
2803 2590 3011 2647 vitiosis
3039 2590 3520 2661 proderitqactum,

2224 2686 2271 2741 A
2300 2694 2351 2740 te
2378 2699 2635 2741 secernas
2657 2697 2792 2753 quos
2816 2666 3085 2737 mdiﬁéare
3108 2680 3392 2751 nequibas,

2225 2776 2304 2832 Ne
2334 2777 2551 2848 gravius
2581 2776 2834 2830 damnum
2864 2775 3098 2844 patiatur
3127 2789 3258 2844 grex
3280 2772 3585 2829 meliorum.

2226 2866 2514 2927 Discordes
2543 2879 2760 2930 revoca,
2793 2863 2973 2918 fautor
3002 2863 3355 2918 maerentibus
3378 2863 3544 2932 insta,

2226 2956 2484 3012 Naturam
2509 2955 2776 3022 refovens,
2801 2955 2991 3009 vitium
3021 2952 3297 3010 succidere
3322 2953 3521 3007 nitens.

2228 3048 2306 3105 Ne
2333 3048 2527 3118 duplex
2555 3047 2759 3111 animo,
2789 3060 2890 3109 nec
2918 3032 3251 3113 suspiciosus
3274 3044 3325 3097 in
3353 3041 3485 3105 ullo,

2229 3138 2336 3195 Nec
2364 3139 2440 3195 sis
2466 3136 2765 3208 zelotypus,
2794 3151 2895 3193 nec
2924 3151 3138 3200 avarus,
3162 3150 3266 3189 non
3298 3133 3594 3188 animosus.

2230 3228 2426 3285 Confer
2446 3243 2605 3298 opem
2632 3227 2844 3282 miseris
2869 3240 3245 3296 quamcunque
3272 3223 3421 3279 vales
3443 3234 3499 3278 et
3528 3221 3744 3293 egenis.

2227 3320 2430 3377 Christi
2456 3320 2678 3375 servitio
2706 3334 2869 3389 super
2895 3318 3079 3374 omnia
3106 3316 3319 3371 deditus
3346 3324 3488 3371 esto.

2228 3414 2434 3470 Cuncta
2461 3396 2680 3483 quidem
2711 3413 2867 3468 nobis
2891 3397 3027 3467 tunc
3058 3409 3427 3481 supplementa
3461 3407 3704 3478 parabis,

2244 3504 2287 3560 .i
2318 3520 2446 3570 non,
2472 3505 2710 3569 Christe,
2740 3502 2835 3558 tibi
2865 3501 3099 3572 primum
3125 3488 3373 3553 volumus
3401 3495 3652 3551 famulari
3683 3508 3702 3559 ;

2229 3594 2384 3650 Sicut
2406 3603 2462 3650 et
2487 3602 2708 3651 econtra
2735 3592 3034 3648 succedunt
3063 3604 3322 3659 prospera
3352 3585 3520 3652 nulla,

2229 3685 2286 3742 Si
2312 3686 2520 3741 tibimet
2547 3684 2645 3739 soli
2674 3699 2777 3738 non
2807 3696 3069 3738 conamur
3092 3678 3208 3734 fore
3234 3678 3412 3750 proni.

2227 3777 2436 3850 Jugiter
2465 3777 2568 3832 hoc
2596 3783 2788 3839 tracta,
2816 3788 2886 3829 ne
2916 3772 3043 3844 quid
3067 3769 3237 3826 facias
3264 3769 3382 3824 sine
3409 3780 3599 3832 causa,

2228 3870 2304 3925 Et
2325 3883 2392 3924 ne
2413 3868 2659 3924 laesuram
2689 3879 2785 3933 per
2811 3873 2862 3918 te
2884 3863 3007 3935 quis
3030 3860 3267 3932 perferat
3292 3858 3489 3920 ullam;

2230 3959 2335 4014 Sed
2362 3958 2536 4029 magis
2561 3957 2795 4012 :edilices
2821 3953 2874 4009 in
2898 3953 3108 4009 cunctis
3137 3950 3375 4005 moribus
3395 3963 3609 4003 omnes.

2230 4049 2420 4104 Nullus
2442 4049 2639 4119 quippe
2667 4045 2844 4125 palam
2872 4043 3037 4098 faciet
3065 4039 3163 4098 soli
3195 4040 3296 4095 sibi
3324 4038 3647 4109 quidquam,

2226 4140 2426 4212 llleque
2454 4140 2724 4210 przecipue
2750 4138 2842 4207 qui
2880 4151 2973 4191 rex
3003 4143 3097 4190 aut
3123 4135 3313 4188 doctor
3339 4132 3568 4185 habetur

2229 4232 2355 4288 Sive
2377 4246 2570 4303 gerens
2594 4230 2696 4286 rite
2722 4226 2943 4296 reliquis
2969 4226 3063 4280 dat
3096 4224 3303 4281 semina
3329 4223 3474 4286 vitae,

2227 4322 2324 4378 Vel
2356 4323 2556 4377 faciens
2583 4334 2749 4392 prave
2772 4317 2954 4372 multis
2978 4325 3064 4373 est
3091 4330 3255 4371 causa
3289 4314 3484 4377 ruinae;

2228 4413 2449 4469 Scilicet
2477 4409 2736 4479 exemplis
2762 4408 3050 4478 capiuntur
3076 4405 3333 4473 utrinque
3359 4415 3645 4472 sequaces.

2231 4504 2364 4558 Nam
2395 4501 2545 4557 velut
2569 4500 2820 4555 atteritur
2844 4496 3037 4552 effectu
3070 4509 3163 4551 seu
3188 4501 3480 4549 renovatur

2226 4592 2434 4662 Corpus
2457 4588 2684 4652 carnali,
2717 4587 2796 4642 sic
2827 4601 2978 4641 mens
3007 4600 3075 4641 ex
3101 4582 3387 4653 spirituali.

2227 4682 2291 4738 Et
2321 4698 2426 4737 non
2449 4680 2620 4737 solum
2656 4678 2775 4734 ideo
2804 4678 2968 4733 debes
2989 4676 3225 4731 existere
3251 4682 3467 4738 cautus,

2227 4773 2507 4841 Quatenus
2529 4770 2732 4826 evadas
2760 4768 2949 4823 mortis
2981 4765 3297 4822 discrimina
3326 4763 3497 4826 solus,

2226 4865 2334 4921 Sed
2362 4862 2523 4920 simul
2544 4872 2600 4917 ut
2628 4875 2787 4917 nemo
2807 4874 2906 4931 per
2931 4866 2982 4913 te
3006 4854 3437 4912 reus-ediciatur.
3514 4878 3517 4881 η

2230 4957 2382 5014 Unde
2407 4954 2674 5012 monendo
2696 4967 2890 5024 precor
2915 4960 2976 5007 ut
2995 4951 3040 5007 si
3059 4948 3317 5014 fortasse,
3339 4946 3483 5019 quod
3512 4944 3657 5002 absit
3680 4961 3697 5000 :

2192 5100 2197 5106 .
2229 5045 2497 5106 Peccandi
2518 5044 2697 5102 studio
2725 5042 3051 5100 constrictus
3079 5048 3321 5110 tempore
3348 5036 3509 5107 longo

2229 5139 2338 5196 Pro
2352 5136 2586 5192 minimo
2610 5141 2826 5204 reputes
2852 5141 2907 5188 te
2930 5131 3105 5187 solum
3134 5127 3345 5187 tradere
3374 5124 3557 5192 morti,

2232 5227 2436 5264 Qoltnm
2471 5218 2764 5264 multat-ann
2798 5236 2864 5264 nn
2892 5221 2969 5264 εἰς
2988 5220 3256 5264 homicida
3287 5213 3626 5264 :nimarum‘.
