3942 5340
148 173 244 232 :ss
1281 168 1370 227 os
1410 163 1752 224 DOCTRINA
1793 126 2196 227 srturruau.

1737 281 1788 339 Α
1817 276 1873 331 Si
1906 278 2111 346 pariter
2140 286 2406 346 nequeant
2430 275 2707 332 observari
2738 276 2879 333 bona
2907 256 3172 349 quaedam,

594 281 987 340 CAPITITLUM
1025 278 1260 336 XXXIII.

571 376 647 430 De
695 372 1023 429 discretionis
1074 373 1280 426 virtute.

150 466 258 521 Iam
286 462 446 522 decet
469 465 681 535 adjungi
708 480 828 533 quae
851 462 920 517 sit
942 462 1197 517 discretio
1215 458 1370 527 justi,

152 560 235 621 Ut,
257 556 517 627 quoniam
542 557 723 611 nutrix
749 550 1172 613 eademvirtutis
1197 553 1442 615 habetur,

150 649 242 705 llic
265 634 443 703 etiam
466 647 622 703 nobis
644 662 825 703 comes
848 645 1045 700 existat
1069 644 1310 698 rationis.

151 742 301 808 Copia
332 739 622 805 virtutum,
645 740 771 809 quia
793 752 990 807 corpus
1015 736 1255 792 creditur
1282 749 1466 798 unum,

153 832 235 888 Sic
259 818 599 912 diversorum
631 832 770 887 ratio
795 841 874 888 est
904 829 1227 886 moderanda
1254 830 1516 884 bonorum
1536 868 1553 896 ,

152 922 249 977 Ceu
277 936 501 977 servare
530 922 755 978 studens
783 923 941 977 unius
969 920 1212 990 corporis
1239 929 1390 983 artus

153 1012 361 1082 Singula
390 1014 641 1068 membra
664 1014 777 1068 suis
805 1012 967 1066 debes
995 1025 1187 1066 curare
1215 1009 1453 1073 statutis,

152 1102 325 1158 Utres
349 1111 403 1157 et
430 1111 649 1173 tempus
670 1103 781 1157 sint
802 1101 1044 1171 corporis
1076 1110 1199 1168 apta
1225 1115 1319 1168 per
1342 1113 1488 1153 usus.

155 1196 436 1266 Quodquod
461 1196 609 1271 enim
636 1211 831 1265 corpus
861 1210 1039 1250 coram
1072 1192 1225 1247 nobis
1251 1200 1581 1254 statuaums;

153 1286 210 1342 Ni
230 1288 347 1342 vice
374 1286 597 1341 diversa
624 1285 906 1342 foveantur
938 1283 1149 1354 singula
1180 1282 1418 1336 membra

158 1373 315 1431 Unius
342 1375 413 1429 ob
440 1364 701 1429 damnum
731 1373 1009 1444 patiuntur
1038 1379 1231 1426 cuneta
1260 1367 1541 1437 periclum.

158 1464 292 1520 Haud
320 1465 486 1518 aliter
515 1472 733 1519 constat
757 1450 822 1517 de
845 1461 1066 1530 spiritus
1089 1446 1419 1528 integritate,

159 1556 245 1623 Qui
273 1571 368 1625 per
390 1553 765 1610 membrorum
791 1551 998 1621 species
1034 1548 1203 1603 fertur
1230 1547 1534 1612 variorum;

157 1645 255 1701 luto
281 1644 446 1700 etiam
470 1657 608 1698 cura
635 1640 825 1712 majori
857 1639 1049 1710 dignus
1071 1638 1319 1692 habetur.

160 1733 300 1795 Nam.
328 1732 453 1787 licet
490 1732 549 1787 in
580 1730 767 1800 paucis
794 1728 1052 1782 virtutum
1079 1726 1149 1781 sit
1175 1726 1341 1780 decor
1366 1721 1563 1790 omnis,

159 1822 298 1878 Nulla
325 1830 511 1876 tamen
548 1820 742 1883 virtus,
771 1818 872 1873 nisi
903 1818 950 1871 vi
983 1815 1227 1870 foveatur
1253 1815 1411 1878 alius,

160 1913 275 1967 Esse
300 1917 476 1980 potest
508 1908 723 1963 stabilis
752 1917 937 1962 contra
967 1906 1340 1975 phantasmata
1371 1901 1582 1957 mortis.

161 2002 280 2058 Hinc
305 2012 384 2057 est
410 2002 561 2073 quod
588 1999 758 2063 multi,
791 1998 1069 2068 cupientes
1095 1995 1201 2049 alta
1226 1995 1445 2057 mereri,

163 2095 466 2151 Lassescunt
499 2094 688 2148 subito
717 2091 933 2162 pietatis
962 2092 1029 2144 ab
1058 2089 1247 2143 ordine
1282 2094 1479 2156 coepto,

164 2186 281 2241 Dum
310 2187 440 2240 satis
463 2200 594 2239 esse
621 2182 721 2236 sibi
754 2182 981 2236 credunt
1007 2177 1240 2246 aliquam
1270 2174 1583 2229 bonitatem.

165 2273 297 2329 Sicut
323 2274 461 2328 enim
491 2270 727 2343 pedibus
754 2270 932 2324 obstat
962 2265 1193 2321 defectio
1225 2264 1401 2327 visus;

167 2365 244 2421 Sic
266 2377 469 2435 quoque
495 2360 713 2425 virtuti,
742 2360 786 2414 si
816 2358 953 2413 desit
978 2367 1031 2412 et
1059 2356 1227 2410 altera
1253 2355 1444 2416 virtus,

165 2455 222 2510 Et
242 2460 485 2525 tanquam
526 2466 724 2522 corpus
751 2465 848 2521 per
877 2447 1121 2519 quaiam
1154 2443 1392 2501 membra
1432 2443 1730 2521 minutum,

166 2547 389 2617 Corporis
415 2543 660 2599 olli'ium
688 2542 954 2614 quoddam
983 2538 1253 2608 complere
1281 2535 1563 2607 nequibit;

168 2638 245 2695 Sic
267 2640 423 2693 etiam
454 2640 639 2692 virtus
666 2636 746 2691 sic
774 2650 839 2690 ex
869 2633 991 2688 aliis
1016 2632 1230 2686 viduata
1254 2670 1270 2695 ,

165 2733 258 2786 Aut
283 2732 437 2802 igitur
467 2730 611 2784 nihil
640 2736 744 2793 est,
774 2736 869 2781 aut
897 2724 1210 2795 imperfecta
1244 2729 1476 2778 tenetur.
1550 2709 1555 2713 “

170 2822 260 2878 Sed
284 2822 417 2892 quod
442 2821 560 2877 erit
583 2819 904 2881 membrum,
933 2815 1018 2871 cui
1049 2825 1258 2884 tempus
1279 2822 1543 2883 congruat
1566 2823 1732 2877 unum

171 2897 369 2983 Semper
393 2913 462 2967 ad
488 2910 736 2979 ejusdem
766 2909 841 2964 rei
873 2908 1094 2962 tendens
1119 2903 1523 2961 conditionem?
1712 2892 1715 2899 “

174 3002 240 3057 En
265 3003 472 3072 specqu
500 3000 692 3055 carnis
719 2996 1077 3052 discernimus
1106 2995 1287 3049 abdita
1316 2991 1516 3046 mentis

174 3091 239 3147 Ac
261 3107 348 3161 per
373 3105 703 3160 corporeum
727 3086 838 3157 jam
866 3084 1148 3156 Spirituale
1175 3084 1484 3153 probamus.

175 3182 290 3237 Nam
316 3200 407 3238 ceu
439 3182 629 3236 carnis
656 3195 791 3249 Opus
820 3177 962 3232 nulla
990 3173 1381 3242 constringitur
1408 3171 1540 3224 hora

175 3264 515 3343 Praeterquam
550 3270 807 3342 proprius
834 3276 1042 3321 natura:
1069 3262 1305 3335 postulat
1333 3275 1496 3324 usus;

178 3364 254 3420 Sic
276 3380 481 3436 quoque
508 3379 601 3420 res
629 3363 817 3417 eadem
843 3375 947 3415 non
979 3371 1192 3426 semper
1219 3355 1323 3410 erit
1351 3350 1630 3407 retinenda

177 3454 380 3529 Virtutis
408 3470 602 3518 causa,
630 3452 726 3507 sed
755 3445 856 3520 per
879 3460 1089 3518 tempus
1120 3441 1419 3515 moderata.

178 3545 315 3599 Actio
338 3545 599 3599 virtutum
628 3547 839 3596 constat
865 3536 1125 3609 perfectio
1151 3550 1383 3611 morum.

181 3633 314 3690 Sicut
333 3651 471 3705 saepe
495 3635 703 3689 bonum
728 3640 812 3687 est
836 3639 894 3685 ut
920 3628 1140 3685 claudas
1166 3643 1260 3681 ora
1292 3622 1541 3697 tacendo,
1706 3698 1711 3703 ἡ

180 3724 283 3780 )on
315 3722 485 3782 veniet
525 3736 745 3794 tempus
782 3737 888 3793 quo
921 3721 1039 3792 plus
1076 3720 1203 3774 licet
1232 3716 1629 3786 luec’aperire;

182 3816 313 3875 Ilaud
340 3835 498 3875 secus
524 3827 614 3874 est
644 3817 800 3881 hora,
831 3830 934 3885 qua
964 3812 1211 3885 jejunare
1245 3808 1460 3864 salubre
1493 3815 1598 3864 est.

181 3906 425 3966 Interdum
456 3910 657 3966 melius
679 3906 882 3977 jejunis
914 3907 1165 3975 frangere
1189 3909 1423 3957 constat“.

183 3998 378 4057 Scilicet
408 4004 461 4057 in
491 4001 730 4064 cunctis,
760 4014 867 4068 quo
895 3996 1063 4052 tendit
1091 3992 1308 4062 adoptio
1339 3988 1539 4045 mentis
1562 4027 1577 4053 ,

182 4086 275 4143 Aut
301 4078 509 4145 terrena
547 4098 764 4158 petens,
796 4085 879 4141 vel
907 4085 1094 4140 ctelica
1126 4081 1407 4138 commoda
1435 4092 1705 4147 quaerens,

182 4173 296 4232 Illuc
320 4190 372 4233 et
398 4162 662 4241 studium,
699 4176 792 4231 sed
824 4184 881 4230 et
908 4173 1185 4251 integritas
1217 4171 1554 4224 meritorum.

184 4265 334 4330 Unde,
367 4286 583 4338 precor,
613 4256 797 4337 vigila,
837 4274 1099 4335 cautoque
1136 4261 1419 4316 libramine
1448 4267 1634 4329 pensa,

182 4357 249 4413 Ne
272 4363 390 4429 quid
422 4378 519 4430 per
549 4360 827 4431 proprium
855 4358 1073 4412 studeas
1101 4355 1380 4408 attendere
1406 4360 1613 4418 votUm,

185 4448 276 4503 Sed
304 4452 426 4520 quid
457 4451 763 4507 communis
794 4450 933 4503 ratio
960 4455 1175 4517 appetat
1204 4444 1471 4498 utilitatis.

186 4536 427 4595 Utilitatis
453 4555 607 4595 amor
632 4541 742 4595 cito
769 4538 958 4592 suadet
982 4536 1109 4605 quid
1142 4535 1212 4589 sit
1236 4522 1543 4602 agendum.

187 4628 248 4682 At
274 4631 530 4685 duntaxat.
560 4632 613 4685 in
647 4630 731 4684 bis
762 4630 874 4683 haec
904 4622 1111 4681 utilitas
1142 4625 1399 4693 capienda
1424 4632 1530 4687 est,

188 4716 300 4781 Qum
325 4720 442 4772 vitae
467 4718 645 4774 studio
668 4717 749 4773 vel
779 4730 963 4770 amore
992 4713 1244 4785 perennis
1274 4723 1525 4783 aguntur.

191 4800 394 4875 Semper
419 4807 471 4861 id
497 4808 744 4870 observa,
772 4805 920 4860 velut
945 4818 1010 4857 ex
1037 4805 1237 4874 pietate
1258 4811 1508 4871 paterna,

192 4890 294 4960 Quo
316 4906 469 4967 pacto
500 4897 747 4966 cuiquam
775 4896 1034 4967 prodesse
1061 4902 1116 4950 et
1142 4908 1370 4963 parcere
1399 4891 1595 4963 possis.

195 4980 358 5055 thui
386 4987 613 5042 desudas
638 4986 907 5056 quoddam
938 4983 1196 5038 Ecclesia:
1226 4981 1340 5037 fore
1371 4981 1669 5035 membrum
1690 5022 1705 5046 ,

197 5069 265 5125 'Iu
285 5074 476 5142 pariter
504 5075 720 5145 reliquis
746 5076 823 5130 sis
848 5072 1183 5142 compatiens
1208 5087 1422 5140 quoque
1451 5071 1742 5138 membris;

198 5157 255 5213 Et
279 5170 504 5217 tractans
531 5164 705 5219 animo
728 5162 856 5234 quid
887 5171 1072 5231 poscat
1100 5161 1355 5230 temporis
1378 5158 1529 5224 ordo,

201 5247 301 5313 Quo
327 5256 413 5306 res
433 5261 487 5306 et
516 5260 717 5323 tempus
747 5252 947 5310 divinis
983 5253 1166 5313 usibus
1195 5260 1319 5322 apta

1759 2940 1807 3004 C

1770 4296 1820 4356 ι)

3288 175 3396 232 290

1815 368 2101 421 Anteriora
2133 382 2307 435 geras.
2341 376 2395 421 et
2423 368 2719 437 posteriora
2749 368 3038 439 relinquas.

1818 457 1926 515 Res
1956 474 2185 528 namque
2212 456 2393 513 utilior
2418 458 2613 513 merito
2642 460 2926 529 prasfertur
2953 464 3182 532 agenda.

2260 566 2662 624 CAPITULUM
2703 568 2942 625 XXXIV.

1822 656 1975 722 Quod
1994 657 2183 738 .nullus
2217 657 2539 739 quantolibet
2568 659 2823 725 sapientia
2864 662 2945 739 vel
2971 662 3160 717 virtute
3184 662 3398 739 dilator,

1890 744 1944 780 se
1987 732 2038 779 in
2078 732 2318 797 prwsentt‘
2358 732 2461 782 vita
2504 743 2780 793 securum,
2824 732 3212 803 perfectumque
3254 735 3399 787 arbi-

1892 804 2076 850 (retur.

1822 910 1889 965 Et
1917 908 2173 980 quantum
2203 910 2401 981 sapias,
2429 919 2631 983 quanta
2661 911 2862 967 virtute
2895 913 3149 975 uitescas.

1822 999 2105 1068 Nunquam
2139 1001 2411 1071 perfectus
2437 1002 2757 1072 sapiensque
2789 1003 2884 1057 tibi
2915 1004 3161 1059 videaris.

1824 1089 1929 1145 Sed
1960 1106 2081 1145 cum
2113 1091 2268 1145 miles
2297 1090 2471 1146 adhuc
2499 1090 2638 1146 velut
2673 1092 3057 1149 invictissimus
3079 1102 3260 1151 exstas

1823 1179 1881 1235 In
1912 1179 2085 1251 fragili
2117 1181 2245 1246 vita,
2276 1181 2371 1235 sed
2402 1189 2455 1234 et
2487 1177 2800 1237 inter’tanta
2829 1183 3049 1253 pericla,

1823 1270 1904 1325 Ex
1934 1270 2112 1339 aliqua
2143 1286 2306 1325 causa
2336 1271 2527 1325 credas
2560 1281 2610 1326 te
2639 1287 2799 1342 posse
2829 1273 3017 1339 relabi,

1823 1360 1889 1416 Ni
1921 1361 2383 1433 circumspiciens,
2412 1377 2731 1433 semperque
2758 1362 2939 1418 futura
2968 1381 3276 1436 pavescens,

1825 1449 2009 1506 Hostis
2039 1452 2090 1505 in
2119 1451 2341 1506 insidias
2364 1452 2779 1519 cautelznjacula
2810 1454 3016 1510 mittas.

1826 1538 2016 1597 Omnis
2043 1541 2188 1596 enim
2218 1557 2359 1597 verte
2391 1544 2613 1597 tendens
2643 1543 2709 1597 ad
2736 1545 2929 1614 gaudia
2959 1546 3081 1600 vitae

1751 1609 1802 1669 Β
1829 1630 1944 1686 Non
1974 1642 2083 1686 tam
2119 1633 2406 1701 praeteritis
2431 1632 2701 1688 ltetabitur
2737 1609 2788 1689 in
2819 1635 3133 1699 benefactis.

1828 1721 1999 1787 Quam
2032 1737 2129 1791 pro
2158 1731 2439 1790 SllSpeCIu,
2470 1737 2575 1791 quo
2605 1724 2834 1777 necdum
2872 1735 3045 1778 semet
3078 1726 3144 1781 ad
3172 1741 3407 1799 unguem

1828 1811 2148 1867 Pervenisse
2176 1815 2341 1877 videt,
2369 1815 2451 1869 vel
2474 1815 2649 1884 qualis
2674 1816 2745 1870 sit
2771 1816 2872 1871 sibi
2905 1817 3049 1880 finis,

1829 1900 2105 1957 Sollicitus
2132 1918 2346 1974 semper
2371 1904 2473 1959 hoc
2501 1916 2677 1960 mente
2707 1905 2907 1960 fatetur
2929 1917 2977 1961 et
3010 1923 3128 1973 ore,

1782 2032 1793 2045 .
1830 1992 1900 2047 Se
1935 1991 2162 2047 Domino
2193 1994 2410 2061 digmun
2445 2011 2721 2065 nunquam
2761 1996 2954 2051 fecisse
2985 2012 3120 2066 Opus
3150 1995 3335 2051 ullum.

1829 2080 2023 2136 Verius
2050 2097 2180 2152 ergo
2209 2083 2340 2136 nihil
2368 2086 2567 2153 poterit
2597 2088 2883 2154 quisquam
2912 2086 3185 2154 meditari,

1830 2167 2005 2236 Quam
2040 2169 2083 2223 si
2116 2170 2182 2222 de
2211 2178 2346 2233 toto,
2378 2181 2591 2241 quantm
2616 2173 2686 2226 sit
2714 2172 3029 2242 relligionis,

1831 2258 1902 2312 Se
1934 2266 2111 2311 tamen
2142 2257 2192 2311 in
2225 2258 2368 2312 nulla
2399 2260 2692 2328 perfectum
2714 2259 2825 2326 jam
2855 2261 2993 2316 sciat
3016 2276 3159 2329 esse,

1830 2346 1967 2401 Dum
1998 2349 2119 2402 vitae
2148 2348 2308 2404 flatus
2338 2350 2549 2405 mortali
2580 2366 2742 2406 carne
2770 2362 3045 2423 gravatur.

1829 2437 2069 2509 Denique
2098 2441 2226 2509 quid
2257 2449 2431 2496 nautze
2459 2443 2691 2511 cupienti
2721 2459 2907 2514 aequor
2931 2460 3219 2516 peragrare

1830 2528 2079 2586 Proderit
2109 2532 2376 2602 inceptum
2409 2548 2680 2603 quoquam
2713 2534 2982 2604 deponere
3011 2552 3253 2603 cursum,

1835 2619 1907 2675 Et
1935 2636 2054 2689 qua:
2079 2620 2254 2676 felicis
2283 2621 2431 2691 prius
2456 2630 2538 2677 est
2563 2622 2661 2677 sibi
2688 2622 2855 2692 gloria
2884 2623 3026 2689 finis,

1831 2709 2003 2777 Quam
2031 2712 2206 2782 posita
2230 2728 2391 2782 prora
2422 2714 2585 2768 remis
2611 2713 2677 2767 ad
2701 2713 2900 2769 littoris
2924 2731 3019 2770 ora

1831 2798 1949 2855 Jam
1970 2800 2084 2875 jam
2113 2800 2302 2857 secura
2329 2812 2603 2857 mereatur
2628 2820 2761 2873 pace
2785 2805 2944 2874 potiri
2972 2844 2988 2870 ,
3048 2802 3051 2809 ’

1836 2890 1997 2958 Quid,
2026 2880 2177 2962 rogo,
2207 2891 2399 2955 distat,
2432 2899 2610 2946 utrum
2631 2892 2684 2947 in
2713 2893 2888 2948 medio
2913 2906 3126 2964 aequore
3153 2893 3236 2949 vel
3254 2910 3419 2967 prope

3152 2981 3350 3057 i[littus

1836 3072 2140 3145 Naufragus
2166 3074 2479 3140 occumbas,
2511 3073 2557 3129 si
2587 3089 2689 3129 non
2719 3075 2957 3131 evaseris
2982 3076 3189 3130 undas?

1838 3164 2007 3233 Quam
2035 3182 2201 3236 prope
2230 3165 2301 3220 sit
2324 3166 2477 3221 littus
2501 3166 2553 3220 in
2583 3168 2746 3221 corde
2774 3168 2938 3223 maris
2964 3168 3115 3221 labor
3136 3148 3308 3232 intus,

1827 3250 2179 3325 'Prarsignans
2203 3264 2379 3308 nautae
2405 3255 2585 3311 navim
2614 3255 2964 3310 transdu’cerc
2986 3266 3166 3317 caute,

1838 3334 2018 3400 Donec
2045 3345 2111 3399 ad
2139 3351 2377 3413 optatam
2408 3345 2579 3414 possit
2613 3346 2918 3415 pertingere
2948 3352 3150 3398 terram
3176 3359 3191 3407 ;

1750 3464 1755 3469 -
1841 3433 1932 3489 Sic
1964 3442 2018 3488 et
2046 3433 2097 3486 in
2128 3432 2229 3487 hac
2258 3432 2367 3486 vita
2400 3432 2557 3486 nobis
2585 3436 2719 3501 opus
2746 3442 2831 3486 est
2859 3431 3098 3503 vigilare.

1841 3522 1974 3577 Nam
2005 3537 2247 3592 prmsens
2270 3522 2503 3576 mundus
2526 3521 2653 3591 quid
2682 3523 2786 3576 erit
2811 3522 2911 3576 nisi
2936 3521 3212 3591 quodlibet
3236 3533 3424 3589 aequor

1837 3612 2083 3668 Flatibus
2113 3611 2391 3667 immensis
2420 3610 2561 3680 quod
2589 3626 2804 3680 semper
2832 3617 2885 3664 et
2910 3608 3148 3677 undique
3174 3607 3391 3663 aditur?

1841 3705 1942 3773 Qui
1971 3705 2099 3761 velit
2125 3719 2257 3775 ergo
2282 3704 2425 3757 viam
2451 3711 2643 3758 cautus
2669 3701 2904 3771 migrare
2934 3700 3222 3763 marinam,

1841 3797 2040 3853 Contra
2065 3796 2264 3851 undam
2289 3793 2462 3865 pelagi
2494 3802 2650 3863 paret
2673 3789 3029 3847 instrumenta
3058 3790 3297 3856 meandi,

1844 3886 1918 3943 Ut
1947 3891 2081 3941 cum‘
2102 3893 2395 3954 tempestas
2421 3883 2582 3939 solito
2611 3883 2769 3938 irruit
2795 3893 2915 3938 orta
2941 3884 3145 3947 furore,

1842 3979 1963 4036 Jam
1992 3980 2171 4034 minus
2198 3977 2440 4033 adversis
2468 3976 2709 4046 superari
2743 3977 2913 4046 possit
2937 3976 3006 4031 ab
3032 3966 3175 4029 ullis.

1844 4053 2276 4123 Nouextollatur
2303 4067 2346 4121 si
2376 4082 2604 4136 prosper
2625 4065 2694 4120 sit
2720 4065 2878 4119 modo
2903 4072 3117 4117 ventus.

1847 4160 2000 4229 Saepe
2025 4157 2257 4229 procella
2284 4157 2463 4227 gravis
2488 4157 2631 4210 subit
2657 4154 2763 4209 otia
2795 4140 3192 4222 prosperitatis.

1848 4252 2001 4309 Unde
2026 4267 2125 4306 nec
2151 4249 2393 4304 adversis
2420 4263 2518 4302 nec
2545 4248 2705 4301 rebus
2728 4246 2889 4299 crede
2914 4244 3187 4298 secundis.

1847 4346 1913 4400 Et
1938 4360 2006 4400 ne
2032 4360 2135 4415 pax
2155 4343 2298 4412 jugis
2322 4340 2482 4395 faciat
2512 4348 2563 4393 te
2590 4338 2706 4408 plus
2736 4337 3116 4407 negligentem,

1847 4434 1953 4490 Sed
1981 4446 2194 4501 semper
2218 4429 2421 4485 cladem
2448 4441 2756 4482 memorans
2779 4425 2923 4480 velut
2945 4423 3316 4478 advenientem

1845 4527 1986 4580 Ante
2011 4521 2197 4579 oculos
2224 4534 2381 4586 pone,
2413 4517 2540 4589 quid
2570 4517 2645 4571 sis
2671 4524 2789 4586 post
2816 4530 2984 4586 pauca
3018 4513 3231 4568 futurus
3257 4529 3272 4566 :

1847 4613 2035 4679 Qualis
2064 4610 2306 4666 defectus
2332 4610 2596 4663 humanos
2623 4607 2891 4677 deprimat.
2920 4611 3071 4657 artus
3091 4643 3106 4667 ,

1846 4703 2072 4772 Quando
2098 4702 2314 4773 quidem
2344 4698 2517 4753 sancti
2549 4705 2673 4752 sunt
2701 4698 2752 4751 in
2780 4694 3091 4751 discrimine
3119 4691 3232 4747 tali.

1848 4795 1987 4851 Hinc
2013 4793 2296 4850 Psalmista
2323 4789 2548 4860 loquens
2570 4788 2777 4856 profert
2805 4784 3034 4855 suspiria
3059 4783 3241 4838 dicens
3266 4799 3282 4836 :
3368 4784 3371 4787 “

1850 4884 2009 4940 Salva
2036 4897 2143 4946 me,
2169 4881 2416 4944 Domine,
2445 4878 2569 4948 quia
2598 4877 2797 4933 defecit
2817 4888 3032 4943 quoque
3058 4880 3301 4926 sanctus.

1851 4975 2057 5030 Rursus
2081 4973 2276 5028 abhinc
2304 4972 2443 5026 idem
2473 4968 2723 5037 perhibet
2746 4980 2803 5021 se
2828 4963 3167 5017 deficientem

1849 5063 2055 5119 Exaudi
2081 5079 2168 5119 me
2197 5062 2377 5126 citius,
2404 5072 2624 5130 precor,
2651 5075 2684 5113 ο
2704 5058 2866 5111 Pater
2894 5053 3058 5114 alme,

1851 5151 1968 5206 Iam
1993 5151 2190 5208 defecit
2214 5151 2358 5207 enim
2384 5148 2537 5217 vigor
2561 5156 2619 5200 et
2645 5148 2817 5201 virtus
2843 5156 2928 5195 me
2953 5151 3193 5208 prorsus.

1853 5240 2130 5308 Quomodo
2155 5241 2351 5298 defecit
2378 5237 2470 5309 qui
2497 5245 2648 5294 stare
2680 5232 2856 5291 tamen
2882 5222 3237 5300 perhibetur?

2815 5336 2891 5340 ___
2923 5323 3080 5340 ’.μμ-μζ.
