3942 5340
555 296 657 397 εἰη

1592 326 1895 395 CTHLONl
1931 330 2236 394 MONACHI
2276 334 2338 394 S.
2374 330 2797 393 EMMERAMMI

559 451 675 508 Hoc
702 446 903 504 etenim
930 424 1331 516 multumjuvat
1355 462 1547 503 omnes
1570 450 1831 505 scandere
1856 465 2092 517 sursum,
2172 456 2217 512 Α
2248 446 2349 502 Dat
2374 447 2553 502 subito
2580 446 2795 501 facilem
2821 445 2982 502 studii
3007 446 3170 502 totius
3194 420 3442 518 agonem.

558 542 711 612 Quod
745 542 983 614 provecti
1013 541 1137 595 illuc
1164 540 1449 610 quantavis
1469 540 1747 611 relligione

518 640 526 649 '
557 632 692 688 Cum
722 641 995 688 metantur
1021 631 1197 685 adhuc
1225 644 1284 684 se
1312 629 1497 684 multis
1529 629 1833 695 inferiores,

556 721 795 777 Fletibus
825 719 1058 775 assiduis
1088 719 1216 774 hinc
1245 719 1555 788 compuncti
1586 727 1959 782 macerantur,

552 812 732 881 Atque
758 811 913 867 bonis
939 809 1133 866 studiis
1158 809 1303 864 velut
1326 825 1355 863 a
1385 809 1559 880 primo
1591 815 1936 864 renovantur.

552 900 686 956 Nam
718 902 841 972 quia
870 915 1010 970 saepe
1041 901 1196 956 malis
1227 893 1409 955 veniet
1434 900 1779 969 eompunctio
1806 898 1956 963 talis,

552 994 770 1049 Scilicet
798 1004 858 1049 ut
886 1002 1144 1059 tractent,
1177 1008 1343 1063 quam
1374 991 1553 1046 nmltis
1583 991 1693 1045 sint
1720 990 2029 1061 nequiores,

549 1081 845 1139 Confestim
874 1084 1021 1139 vitiis
1047 1083 1214 1137 nimio
1244 1083 1453 1138 fervore
1484 1081 1685 1136 relictis

548 1170 607 1225 In
639 1173 1004 1228 convertendo
1026 1171 1339 1243 praecedunt
1369 1169 1689 1224 anteriores.

547 1261 658 1318 Hos
687 1264 936 1333 quamvis
962 1264 1134 1334 culpae
1160 1262 1409 1333 capitalis
1439 1261 1557 1315 labe
1582 1271 1850 1327 carentes,

546 1349 787 1419 Quorum
819 1352 1028 1423 relligio
1060 1362 1392 1406 monstratur
1422 1350 1708 1414 desidiosa,

543 1442 613 1496 Et
639 1442 787 1511 prius
812 1443 1039 1497 extremi
1075 1441 1207 1496 fiunt
1236 1440 1530 1509 smpissitne
1557 1439 1753 1509 primi;

543 1531 615 1587 At
647 1534 738 1604 qui
776 1535 855 1588 sic
884 1533 1100 1602 fragiles
1128 1534 1425 1602 persistuut
1448 1541 1502 1586 et
1533 1531 1883 1601 negligentes,

545 1623 617 1680 Ut
644 1625 710 1680 de
736 1625 1072 1691 criminibus,
1103 1642 1222 1695 qua:
1254 1625 1484 1679 maxima
1511 1623 1631 1691 jure
1661 1638 1941 1689 vocamus,

543 1715 781 1786 Quaeque
809 1715 972 1770 refert
1001 1714 1193 1768 Paulus
1222 1728 1472 1769 sermone
1497 1713 1688 1767 crebro
1722 1711 2079 1777 venerandus,

543 1802 931 1861 Demonstrans
956 1805 1101 1859 omni
1133 1820 1354 1874 prorsus
1385 1802 1601 1856 vitamla
1632 1800 1798 1863 fideli,

547 1897 618 1950 Se
651 1913 756 1951 non
786 1897 1116 1960 abstineant,
1150 1911 1249 1950 nec
1277 1905 1474 1950 etetera
1502 1908 1727 1963 qumque
1757 1893 1962 1946 minuta
1983 1931 1999 1958 ,

539 1983 586 2036 Α
615 1984 811 2054 quibus
840 1985 1097 2039 immunis
1130 1984 1244 2038 fieri
1276 2000 1379 2037 non
1412 1982 1665 2052 prmvalet
1693 1981 1856 2047 ullus,

540 2073 886 2130 Emendanda
919 2074 1126 2129 crebris
1156 2075 1447 2128 decernant
1472 2087 1591 2126 esse
1612 2070 1874 2141 querelis,

539 2162 651 2220 Hos
679 2180 778 2235 ego
806 2181 908 2220 non
938 2165 1112 2220 solum
1137 2173 1453 2235 peccatores
1482 2162 1596 2217 fore
1622 2163 1809 2229 credo,

541 2254 646 2310 Sed
675 2271 773 2325 pro
811 2254 1049 2326 perfidia:
1078 2254 1411 2309 damnandos
1442 2253 1736 2322 impietate,

539 2343 718 2414 Atque
740 2359 1095 2414 reprensuros
1121 2359 1291 2414 usque
1318 2343 1386 2399 ad
1409 2343 1693 2397 minimum
1716 2356 1836 2398 esse
1858 2340 2129 2411 quadran-

1907 2430 2060 2503 [ten].

538 2529 619 2584 Ex
648 2529 768 2585 aliis
794 2529 1019 2594 factum,
1051 2529 1194 2599 quod
1220 2528 1323 2584 erit
1350 2526 1616 2581 veniabile
1644 2525 1875 2589 crimen,

544 2621 647 2689 Qui
675 2622 800 2678 licet
830 2638 861 2677 a
888 2622 1033 2677 vitiis
1057 2621 1377 2692 capitalibus
1403 2620 1709 2673 abstineant
1737 2631 1815 2681 se,

537 2713 658 2770 Non
688 2723 867 2769 tamen
898 2714 951 2767 in
981 2712 1219 2767 minimis
1251 2720 1425 2766 semet
1451 2708 1848 2779 reprehendere
1864 2714 2115 2773 cessant;

545 2801 639 2858 Sic
664 2811 720 2857 et
749 2811 805 2856 tu
835 2802 1060 2872 pavidus
1094 2815 1198 2854 non
1227 2814 1378 2854 cessa
1408 2797 1536 2852 ﬂere
1563 2805 1769 2861 reatus,

537 2888 685 2956 Quos
708 2888 853 2959 jugis
889 2886 1101 2944 confert
1129 2896 1186 2943 et
1220 2884 1546 2940 inevitabilis
1576 2899 1729 2939 usus.

537 2979 673 3035 Nam
701 2982 825 3050 quia
856 2980 1096 3049 quotidie
1125 2977 1306 3033 multis
1333 2977 1657 3032 offendimus
1685 2988 1875 3030 omnes

538 3068 647 3123 Aut
676 3068 970 3139 ignorando
999 3077 1287 3137 peccantes
1315 3067 1428 3121 sive
1455 3065 1695 3131 sciendo,

545 3156 754 3223 Verbis,
792 3158 997 3224 auditu,
1029 3158 1123 3213 sed
1153 3167 1208 3212 et
1238 3157 1423 3212 illicito
1451 3155 1735 3220 meditatu,

543 3246 767 3302 Summa
798 3257 978 3303 manet
1008 3249 1177 3303 virtus
1201 3248 1245 3302 si
1273 3247 1557 3315 displiceas
1588 3245 1684 3299 tibi
1712 3259 1947 3315 semper,

538 3336 624 3391 Nil
652 3336 879 3393 credens
909 3347 1086 3392 actum
1107 3377 1122 3404 ,
1151 3338 1276 3392 dum
1309 3336 1605 3406 quidquam
1635 3342 1805 3390 restet
1831 3334 2124 3406 agendum.

997 3446 1397 3504 CAPITULUM
1444 3445 1661 3525 xxxv.

536 3539 616 3594 De
646 3548 901 3595 oratioms
932 3541 1214 3611 instantia,
1257 3552 1304 3594 et
1334 3541 1459 3611 quia
1489 3555 1638 3611 nemo
1680 3538 1915 3610 diﬁidere
1941 3537 2128 3591 debeat

1034 3611 1098 3664 de
1127 3609 1225 3663 Dei
1253 3609 1628 3664 misericordia.

536 3698 663 3755 llaec
687 3698 787 3755 sub
814 3698 1001 3765 corde,
1034 3715 1246 3769 precor,
1279 3701 1496 3768 sapiens
1551 3698 1881 3769 amplectere
1933 3697 2124 3762 lector,

537 3792 605 3844 Et
629 3806 737 3860 quo
761 3789 952 3846 doctus
976 3791 1027 3844 in
1055 3791 1139 3845 his
1161 3791 1324 3846 etiam
1352 3793 1644 3858 persistere
1667 3789 1841 3860 possis
1857 3827 1873 3854 ,

540 3882 827 3937 Continuis
852 3882 1101 3952 precibus
1129 3891 1249 3951 pete
1272 3882 1508 3936 divinam
1540 3883 1816 3952 pietatem.

541 3968 669 4026 llaec
693 3973 893 4026 etenim
927 3981 1071 4026 certa
1106 3974 1453 4028 credentibus
1478 3982 1562 4028 est
1586 3984 1640 4028 et
1667 3982 1876 4042 aperta,

540 4064 610 4118 Et
635 4063 943 4134 quicunque
967 4064 1084 4118 sitit
1106 4063 1190 4119 vel
1212 4062 1504 4134 jejunando
1531 4064 1777 4129 labascit,

541 4155 663 4211 Huc
693 4156 873 4211 veniat
902 4155 1096 4221 lassus,
1129 4157 1234 4211 huc
1264 4165 1464 4226 quanta
1493 4156 1729 4226 pericula
1757 4171 1982 4226 passus;

540 4242 642 4301 Hic
673 4245 813 4311 fons,
846 4247 937 4301 hic
965 4247 1141 4316 panis,
1175 4262 1243 4302 ne
1272 4246 1392 4316 quis
1429 4246 1688 4301 subsistat
1715 4247 1913 4302 inanis.

541 4330 773 4391 Poscere
800 4352 868 4391 ne
893 4337 1124 4402 dubites,
1153 4345 1208 4392 et
1224 4337 1336 4407 jam
1367 4336 1411 4392 si
1443 4347 1686 4392 mortuus
1709 4347 1911 4403 exstes,

542 4425 610 4479 Et
636 4420 997 4495 quodcunque
1023 4426 1199 4481 scelus
1230 4435 1282 4481 te
1308 4427 1643 4482 commisisse
1671 4427 1878 4495 fateris,

542 4513 682 4569 llinc
710 4516 923 4590 veniam
949 4533 1129 4587 spera,
1160 4517 1202 4573 si
1234 4518 1303 4572 sit
1328 4519 1596 4574 confessio
1622 4535 1768 4574 vera.

544 4605 726 4661 Multis
756 4623 950 4678 nempe
975 4608 1129 4663 malis
1156 4610 1277 4665 ideo
1304 4612 1669 4680 permittimur
1699 4614 1802 4679 uri,

544 4695 819 4760 Quatenus
843 4699 1075 4767 experti,
1102 4699 1226 4768 quia
1254 4699 1328 4754 nil
1352 4699 1420 4756 sit
1445 4699 1661 4771 adoptio
1686 4704 1893 4770 mundi,

544 4788 721 4855 Atque
745 4786 878 4841 nihil
904 4789 1104 4843 nostris
1132 4788 1409 4845 valeamus
1435 4790 1617 4846 vivere
1642 4793 1806 4857 votis,

548 4878 750 4933 Saltem
776 4882 852 4934 sic
879 4882 1143 4936 medicum
1169 4897 1424 4953 cogamur
1449 4899 1694 4953 quaerere
1720 4900 1929 4953 verum,

547 4968 649 5037 Qui
677 4985 775 5026 nos
798 4973 865 5025 ad
893 4972 1114 5028 stabiles
1142 4972 1304 5028 faciat
1325 4975 1631 5045 pertingere
1657 4990 1853 5030 mores.

548 5057 650 5113 llic
677 5059 836 5115 sicuti
867 5060 1007 5117 lictis
1034 5079 1140 5118 non
1172 5063 1477 5119 invenietur
1499 5067 1567 5119 ab
1590 5065 1715 5120 ullis
1739 5083 1753 5119 :

549 5146 642 5201 Sic
669 5162 885 5220 quoque
911 5165 1125 5221 semper
1153 5153 1304 5207 adest
1338 5168 1464 5207 vere
1490 5153 1854 5222 quaerentibus
1881 5153 2052 5220 illum,
2088 5196 2093 5201 .

547 5234 737 5293 Debita
763 5240 1038 5310 culparqu
1065 5242 1345 5297 dimittens
1373 5242 1806 5311 omnigenarum.

2237 536 2373 591 Nam
2397 538 2521 606 quia
2546 537 2793 593 conversi
2820 538 3079 594 debemus
3095 538 3217 608 jure
3239 536 3479 607 probari,

2236 626 2319 682 An
2350 628 2632 683 Dominum
2660 642 2786 683 vere
2805 628 3089 683 conversio
3115 636 3296 682 nostra
3326 627 3563 697 requirat
3587 645 3600 681 :

2237 715 2355 782 Quo
2378 716 2550 787 magis
2573 717 2782 771 invisus
2810 718 3087 787 impugnat
3110 732 3211 772 nos
3235 717 3511 783 inimicus,

2238 808 2371 863 Tam
2398 809 2558 865 citius
2582 809 2735 865 nobis
2758 810 3026 864 succurrit
3048 809 3217 880 gratia
3242 807 3465 879 Christi,

2238 898 2294 953 Si
2325 899 2503 954 stabili
2532 909 2660 954 voto
2687 908 2930 971 perstare
2958 900 3202 955 volemus
3229 899 3283 955 in
3313 899 3428 965 illo,

2235 987 2534 1045 Causantes
2564 1005 2780 1061 semper
2806 1006 2905 1045 nos
2934 1005 3053 1045 esse
3084 1005 3208 1045 reos
3233 998 3289 1045 et
3316 1002 3536 1061 egenos.

2680 1100 3081 1158 CAPITULUM
3118 1100 3379 1157 XXXVII.

2238 1186 2377 1256 Quia
2405 1191 2537 1245 nulli
2558 1193 2737 1247 debeat
2768 1195 3113 1264 incongruum
3138 1193 3215 1248 vel
3249 1194 3442 1247 mirum
3477 1190 3640 1264 videri
3674 1194 3811 1263 quod

2481 1272 2659 1317 tantus
2683 1264 2833 1317 labor
2857 1262 3049 1333 agatur
3075 1281 3170 1333 pro
3208 1265 3316 1317 vita
3341 1262 3574 1331 perenni.

2236 1350 2344 1407 Sed
2375 1367 2443 1408 ne
2468 1353 2682 1409 mireris
2708 1354 2835 1425 quia
2869 1354 2989 1410 ta‘lis
3015 1354 3086 1410 sit
3113 1354 3201 1408 via
3229 1354 3382 1409 ccelis

2238 1441 2308 1496 Et
2334 1452 2477 1497 tanta
2510 1458 2637 1513 cura
2665 1456 2941 1513 quaeratur
2964 1446 3074 1499 vita
3108 1445 3286 1499 futura
3305 1483 3319 1510 ,

2235 1531 2368 1587 Cum
2395 1547 2589 1588 noscas
2617 1535 2781 1589 etiam
2812 1535 2993 1590 mundi
3024 1535 3281 1589 vilissima
3311 1546 3539 1604 qumque

2232 1622 2451 1692 Absque
2478 1618 2663 1680 labore
2685 1626 2866 1695 aliquo
2897 1641 2996 1681 nec
3026 1627 3194 1695 qmeri
3220 1641 3320 1681 nec
3348 1625 3596 1681 retineri.

2235 1711 2489 1782 Nunquid
2515 1715 2657 1768 enim
2691 1724 2837 1770 terra
2868 1718 3075 1786 profert
3100 1716 3310 1771 lructus
3349 1715 3452 1771 nisi
3490 1716 3659 1782 culta,

2156 1809 2205 1870 Β
2229 1803 2338 1856 Αυι
2373 1819 2523 1859 mare
2553 1807 2808 1861 transibis
2838 1807 2940 1861 nisi
2975 1823 3096 1862 cum
3130 1807 3411 1863 navalibus
3436 1808 3642 1864 armis?

2230 1891 2368 1946 Num
2404 1893 2531 1964 ligni
2564 1895 2731 1951 moles
2761 1895 2902 1951 ultro
2929 1913 2986 1953 se
3009 1899 3195 1954 condit
3229 1899 3282 1953 in
3318 1900 3493 1962 aedes,

2230 1982 2328 2039 Vel
2354 1987 2524 2054 gratis
2554 1985 2761 2056 lapides
2789 1999 3085 2058 operantur
3105 2000 3278 2045 semet
3300 1991 3352 2045 in
3381 1992 3564 2055 urbes,

2227 2072 2337 2127 Aut
2363 2075 2480 2129 sine
2506 2075 2555 2129 vi
2583 2076 2705 2130 belli
2730 2079 3021 2147 capiuntur
3042 2079 3162 2150 jura
3194 2079 3502 2150 triumphi?

2230 2161 2287 2217 Si
2316 2163 2491 2219 victus
2510 2167 2693 2221 carnis
2718 2168 2915 2223 sudore
2946 2169 3229 2238 parabitur
3258 2171 3460 2235 omnis,

2226 2252 2296 2308 Et
2321 2270 2427 2323 quo
2456 2255 2686 2325 quisque
2719 2257 2899 2312 minus
2921 2258 3103 2313 mundi
3128 2261 3310 2314 studet
3338 2260 3541 2314 addere
3563 2252 3725 2316 rebus

2229 2340 2361 2396 Tam
2394 2344 2565 2413 magis
2585 2344 2772 2400 exsilis
2796 2354 2850 2400 et
2873 2361 3080 2417 pauper
3108 2348 3338 2402 habetur
3360 2346 3414 2402 in
3442 2348 3599 2418 ipsis,

2228 2431 2285 2488 Si
2314 2448 2420 2488 non
2444 2436 2663 2491 miraris
2695 2438 2808 2492 lucc
2839 2449 3033 2494 cuncta
3056 2439 3241 2494 labore
3264 2440 3471 2509 parari,

2229 2524 2363 2580 Cum
2398 2536 2579 2581 tamen
2605 2538 2664 2582 ut
2694 2529 2874 2585 fumus
2907 2529 3119 2585 illorum
3149 2531 3351 2586 deﬂuat
3378 2547 3532 2597 usus,

2225 2615 2356 2683 Qua:
2382 2618 2575 2673 levitas
2611 2619 2754 2685 talis,
2786 2622 3109 2694 negligentia
3136 2641 3258 2697 quae
3283 2626 3536 2698 specialis

2226 2705 2559 2778 Decipieudo
2586 2720 2730 2765 tuam
2755 2720 2993 2768 mentem
3018 2716 3320 2784 possederit
3342 2730 3607 2787 unquam,

2228 2796 2300 2853 Ut
2325 2799 2549 2854 cmleste
2582 2801 2804 2866 bonum,
2833 2807 2975 2874 quod
2999 2807 3105 2861 erit
3131 2822 3294 2877 super
3321 2810 3505 2863 omnia
3536 2808 3734 2875 solum,

2225 2887 2321 2942 Cui
2348 2888 2525 2943 nullus
2552 2889 2674 2945 linis
2704 2907 2803 2947 nec
2826 2909 2991 2949 causa
3023 2895 3083 2950 fit
3111 2896 3214 2950 ulla
3245 2897 3468 2961 doloris,

2226 2976 2333 3034 Sed
2358 2978 2526 3034 semel
2548 2990 2829 3050 acceptum
2858 3000 3132 3054 nunquam
3162 2987 3366 3057 patitur
3394 2986 3799 3053 detrimentum,

2223 3067 2442 3138 Absque
2463 3068 2648 3125 labore
2673 3072 2790 3141 pari
2814 3073 3007 3128 credas
3037 3082 3086 3129 te
3112 3090 3270 3145 posse
3303 3075 3543 3130 mereri?

2153 3151 2200 3213 C
2231 3157 2364 3213 Nam
2387 3161 2431 3214 si
2462 3160 2678 3216 miraris
2703 3162 2771 3217 de
2803 3163 3080 3235 relligione
3103 3168 3382 3236 perennis,

2229 3245 2487 3303 Primitus
2519 3250 2736 3305 attende
2764 3253 3044 3321 prtescnlis
3070 3256 3352 3310 commoda
3383 3255 3513 3311 vita:

2229 3338 2510 3404 Quomodo
2544 3352 2860 3410 quaerantur
2897 3345 3094 3415 quibus
3127 3355 3182 3401 et
3219 3347 3364 3401 curis
3396 3355 3707 3412 teneantur,

2230 3428 2488 3496 Quamvis
2509 3430 2626 3486 haec
2658 3441 2880 3498 cuncta,
2905 3451 3121 3507 quoquo
3149 3439 3259 3493 sint
3295 3437 3494 3516 ordine‘
3516 3438 3703 3507 juncta
3724 3472 3741 3503 ,

2226 3517 2311 3573 Ad
2341 3519 2568 3574 nihilum
2596 3522 2792 3587 subito,
2821 3525 2975 3592 quasi
3006 3540 3113 3580 non
3136 3526 3361 3593 fuerint,
3394 3528 3731 3599 redigantur.
3775 3575 3779 3579 .

2228 3606 2355 3661 Haec
2384 3624 2506 3663 cum
2537 3620 2717 3665 mente
2751 3614 2917 3682 geris,
2944 3614 3090 3669 facili
3121 3618 3331 3672 ratione
3353 3618 3573 3674 doceris

2228 3695 2400 3762 Quam
2422 3698 2494 3751 sit
2522 3713 2686 3754 suave
2711 3698 2922 3770 jugnm,
2953 3706 3094 3774 quod
3128 3715 3448 3775 perpetuum
3478 3709 3633 3764 dabit
3655 3720 3801 3766 usum

2228 3785 2523 3858 Regnaque
2551 3805 2658 3858 quo
2685 3792 2804 3846 ςαξΙί
2832 3796 2973 3850 valet
3001 3799 3370 3870 unusquisque
3399 3801 3623 3858 mereri.

2652 3900 3054 3960 CAPITULUM
3094 3907 3383 3963 XXXVIII.

2229 3984 2301 4041 Ut
2330 3986 2565 4044 divinum
2613 4006 2745 4062 opus
2766 4009 2885 4073 eum
2914 4012 3006 4067 spe
3044 4000 3400 4073 retributionis
3436 4010 3652 4057 retentae
3679 4001 3801 4073 [ideo

2760 4062 2880 4118 liter
2908 4062 3167 4138 agendum
3193 4072 3279 4125 sit.

2225 4146 2462 4203 Rursum
2489 4149 2536 4204 si
2566 4152 2745 4208 credis
2771 4157 2896 4224 quia
2927 4173 3026 4228 per
3046 4160 3234 4214 crebra
3259 4169 3410 4231 gesta
3438 4158 3646 4220 laboris

2227 4236 2418 4309 Magna
2450 4243 2777 4298 caducarum
2807 4255 3094 4315 praestetur
3119 4250 3271 4317 copia
3305 4265 3519 4316 rerum,

2225 4329 2295 4385 Et
2323 4347 2430 4402 quo
2457 4335 2687 4405 quisque
2713 4339 2887 4408 magis
2911 4349 3059 4393 serat
3093 4340 3145 4395 in
3181 4343 3492 4400 carnalibus
3517 4344 3661 4402 actis

2228 4422 2403 4478 Tanto
2428 4424 2547 4494 plus
2567 4425 2774 4480 lucrum
2797 4444 2856 4482 se
2878 4440 3060 4499 sperat
3086 4431 3139 4485 in
3164 4433 3247 4487 his
3281 4434 3631 4502 habiturum;

2152 4493 2202 4553 D
2230 4513 2287 4569 Si
2313 4530 2527 4585 quoque
2555 4518 2805 4572 servilem
2834 4536 3093 4590 passurus
3126 4533 3320 4593 sponte
3349 4525 3595 4581 laborem

2230 4603 2336 4660 Pro
2366 4621 2462 4676 spe
2491 4610 2757 4665 mercedis
2782 4611 2987 4665 homini
3019 4613 3101 4667 vis
3134 4629 3257 4669 esse
3278 4613 3474 4679 ﬁdelis,

2232 4694 2334 4762 Qui
2355 4699 2604 4767 quamvis
2636 4700 2817 4771 largus
2847 4702 2929 4757 vel
2949 4706 3298 4772 quantumvis
3334 4708 3631 4776 opulentus

2233 4784 2456 4841 Summa
2480 4802 2576 4856 pro
2597 4801 2746 4844 certo
2775 4791 2973 4846 nullius
3001 4793 3227 4849 habebis
3256 4795 3309 4850 in
3341 4795 3471 4850 illo:

2232 4874 2383 4932 Vana
2403 4879 2549 4933 salus
2572 4880 2823 4947 hominis,
2855 4880 3142 4939 Psahuista
3173 4900 3408 4956 namque
3435 4885 3679 4951 duceris.

2233 4968 2302 5023 Et
2331 4970 2647 5025 maledictus
2674 4971 2859 5037 homo,
2885 4972 3040 5041 cujus
3068 4991 3194 5046 spes
3215 4986 3299 5032 est
3327 4977 3380 5030 in
3417 4976 3663 5033 bomullo

2232 5057 2358 5122 Cur,
2394 5059 2618 5114 modica:
2645 5058 2789 5125 ﬁdei,
2814 5063 2993 5117 credis
3021 5064 3202 5119 minus
3221 5065 3613 5136 Omnipoteuti,

2234 5146 2338 5214 Qui
2372 5155 2568 5217 praeter
2595 5150 2794 5206 victmn
2825 5152 2945 5207 vita:
2983 5153 3142 5222 hujus
3163 5156 3559 5225 quotidianum,

2236 5238 2354 5305 Quo
2379 5240 2473 5296 tibi
2496 5240 2609 5310 jam
2637 5243 2867 5297 mundus
2895 5247 3062 5298 servit
3085 5248 3485 5316 quodammodo
3509 5259 3671 5313 totus,
