3942 5340
199 235 296 293 293
1300 232 1388 287 DE
1428 229 1768 289 DOCTRINA
1811 230 2218 296 SPlRlTUALl.
2396 296 2401 301 .
3322 250 3430 307 ξω

200 352 358 417 Quam
387 345 633 401 faciendo
655 344 847 416 probes
876 346 1003 416 quid
1024 347 1341 417 permittant
1368 346 1462 401 tibi
1488 346 1664 403 vires?
1779 349 1831 408 Α
1859 347 1964 402 Seu
1993 350 2174 406 divina
2201 354 2375 424 sequi,
2413 366 2532 425 qua:
2560 370 2772 411 sursum
2802 363 2927 411 sunt
2957 358 3227 426 meditari,

180 436 434 519 .Nondum
469 435 704 489 sudabas
727 434 813 488 ubi
844 445 894 489 te
926 450 1029 489 non
1058 449 1217 504 posse
1237 435 1525 505 probabas.
1859 437 2013 495 Unde
2042 440 2186 511 sapit
2210 439 2368 496 llatus
2395 442 2706 499 discernere
2732 445 2973 515 corporis
3001 457 3186 518 actus,

174 529 243 648 ’0
261 529 409 582 labor
427 525 634 591 exsilis,
664 525 753 595 qui
786 540 887 579 nec
909 526 1100 595 probat
1122 534 1241 581 acta
1273 527 1492 592 laboris,
1853 529 1961 583 Aut
1984 531 2164 586 carnis
2192 533 2454 594 studium,
2477 549 2584 604 quo
2611 534 2784 591 fertur
2810 537 2920 591 vita
2949 538 3221 597 deorsum.

206 616 298 648 HM
319 615 486 648 ιιικηήἰ
515 615 764 648 moi-:lnnn
796 614 903 648 ullll
931 614 1072 648 form
1105 630 1201 648 nn:-
1224 615 1649 648 ornari-naulum
1670 632 1683 645 -
1857 620 1993 648 11:..-
2029 621 2132 648 tu..-
2158 629 2233 648 nni
2269 622 2459 648 -..μ-..Α
2511 624 2603 648 ..-Α
2635 632 2773 648 an“...
2805 626 2942 648 ..-.I:.
2973 644 3174 648 ‘___-_,-
3216 640 3221 648 λ

201 616 299 672 Nec
319 615 486 670 bravii
514 615 764 668 meritqu
796 614 909 669 vult
930 614 1072 669 ferre
1105 630 1201 684 per
1224 615 1683 686 experimentum:
1856 620 1995 675 Hinc
2029 621 2132 675 iter
2156 629 2239 677 est
2268 622 2482 687 animm,
2510 624 2603 678 sed
2635 632 2776 679 terra
2805 626 2944 681 redit
2966 644 3181 698 quoque
3215 638 3395 689 terra.

201 707 299 762 Ceu
320 720 422 759 non
444 704 697 773 expediat
717 703 874 759 talem
908 704 1000 758 tibi
1032 705 1169 760 inire
1190 704 1448 770 laborem,
1856 708 2149 780 Propterea
2176 719 2384 766 mentes
2412 721 2627 767 vestras
2651 714 2718 767 ad
2743 723 2889 769 recta
2920 714 3154 774 ferentes

202 796 289 864 Qui
311 809 405 865 per
424 794 695 849 mercedis
725 794 932 864 geritur
950 793 1216 864 promissa
1240 793 1515 865 perennis,
1856 797 2058 854 Discite
2079 798 2206 870 quid
2230 799 2372 866 sitis,
2403 800 2663 856 attendite
2687 816 2795 872 quo
2823 805 3139 874 properatis.

200 893 267 947 Ac
289 889 513 945 Domino
535 887 637 943 soli
664 889 737 943 sit
762 889 907 944 nulla
939 888 1074 945 fides
1101 888 1442 955 adhibenda;
1701 920 1710 935 ι
1856 887 1977 943 Non
2014 903 2111 944 vos
2136 890 2377 956 seducat,
2407 890 2451 946 si
2483 890 2653 961 gloria
2675 906 2869 947 census
2888 894 3155 964 abundat;

202 982 368 1037 Sinon
400 979 664 1049 desperas
693 995 783 1035 res
811 993 1069 1034 exercere
1090 979 1343 1045 caducas,
1858 978 1916 1033 Si
1939 985 2066 1033 sunt
2091 978 2309 1044 divitiae,
2338 995 2433 1050 per
2452 996 2545 1035 eas
2570 981 2735 1037 nolite
2763 983 2973 1051 perire;

200 1075 454 1142 Quatenus
481 1089 552 1130 ex
581 1073 715 1143 ipsis
746 1072 949 1128 habeas
978 1070 1245 1142 stipendia
1273 1069 1472 1133 carnis,
1858 1066 1993 1122 Nam
2023 1068 2164 1124 Deus
2194 1068 2291 1123 has
2321 1068 2563 1125 tribuens
2592 1071 2645 1125 in
2675 1072 2754 1126 eis
2783 1071 3078 1145 interrogat
3106 1091 3294 1134 omnes

200 1164 296 1219 Cur
318 1164 492 1219 minus
519 1172 757 1219 :etemos
785 1161 1011 1216 conﬁdis
1038 1175 1282 1230 quaerere
1304 1159 1510 1214 fructus
1529 1197 1545 1224 ,
1858 1156 1990 1224 Quis
2020 1157 2147 1212 velit
2168 1158 2220 1212 in
2252 1159 2407 1213 donis
2433 1161 2611 1230 potius
2638 1171 2890 1219 constare
2917 1163 3110 1231 fidelis,

205 1256 261 1312 Ut
285 1256 463 1310 tradas
490 1256 735 1310 animam
763 1256 947 1325 regnis
976 1253 1289 1309 cmlestibns
1308 1260 1507 1321 aptam,
1856 1248 1965 1303 Aut
1992 1248 2115 1319 quis
2135 1250 2407 1305 carnalem
2430 1251 2513 1306 vel
2544 1260 2688 1307 amet
2725 1269 2837 1308 rem
2879 1256 3232 1325 spiritualera.

202 1348 301 1415 Qua
338 1348 559 1401 dabitur
596 1346 808 1401 cunctis
839 1360 1054 1415 semper
1081 1344 1314 1416 gaudere
1342 1342 1548 1398 beatis?
1857 1335 1975 1427 Ition
1997 1337 2132 1427 alias
2161 1339 2255 1427 illi.
2270 1340 2594 1427 subiguntur
2620 1342 2901 1397 commoda
2931 1345 3136 1412 mundi,

198 1435 417 1504 Denique
444 1440 733 1505 promptus
754 1433 868 1503 agis
892 1432 1151 1503 quidquid
1173 1432 1331 1486 docet
1367 1430 1515 1501 optio
1539 1428 1754 1483 carnis:
1858 1424 2114 1492 Quamvis
2139 1424 2449 1498 perplures
2475 1430 2696 1507 cypiant
2718 1446 2861 1485 nunc
2890 1447 3009 1487 esse
3028 1442 3296 1504 potentes,

199 1526 293 1580 Cur
309 1540 520 1596 quoque
538 1540 649 1579 non
674 1532 885 1593 gustas,
913 1523 956 1577 si
987 1522 1213 1593 spiritus
1242 1521 1350 1575 ulla
1380 1519 1607 1575 facultas
1861 1517 2080 1574 Scilicet
2107 1520 2298 1575 intenti
2326 1523 2496 1591 magis
2516 1524 2581 1577 ad
2605 1524 2849 1579 convivia
2877 1527 3022 1581 saecli

200 1614 326 1669 Bello
352 1613 560 1670 carnali
582 1613 765 1668 valeat
794 1613 1007 1668 ratione
1031 1612 1228 1667 reniti?
1860 1609 2031 1678 Quam
2064 1612 2208 1666 curis
2228 1613 2421 1667 anima:
2444 1615 2749 1671 commissis
2769 1618 3136 1686 suppeditare.

200 1704 314 1760 Nam
334 1704 380 1759 si
400 1712 677 1776 gustares,
711 1718 985 1772 nunquam
1014 1701 1248 1757 sitiendo
1273 1715 1499 1756 vacares
1524 1716 1540 1767 ;
1787 1688 1833 1749 Β
1861 1702 1971 1757 Vos
1996 1713 2194 1766 autem,
2226 1703 2445 1770 fratres,
2474 1721 2594 1775 qua:
2618 1709 2802 1763 mundi
2834 1717 2962 1764 sunt
2990 1710 3281 1781 fugientes,

201 1795 290 1852 Sed
311 1811 411 1866 quo
435 1795 559 1868 plus
580 1794 818 1861 biberes,
849 1803 1000 1849 tanto
1025 1795 1196 1865 magis
1225 1793 1351 1848 inde
1372 1792 1580 1859 sitires,
1859 1793 2096 1860 Quzerite
2115 1802 2419 1849 vestrarum
2451 1805 2762 1853 constanter
2796 1813 2927 1869 opes
2955 1800 3291 1867 animarum;

200 1887 361 1942 Donec
381 1888 447 1941 ad
477 1896 790 1941 extremum
815 1883 1019 1940 fontem
1049 1884 1347 1940 trahereris
1371 1884 1436 1937 ad
1460 1883 1656 1953 ipsum,
1859 1880 1993 1935 Nam
2026 1882 2152 1951 quid
2182 1884 2356 1938 honor
2378 1885 2616 1955 grandis,
2652 1886 2697 1940 si
2732 1896 2937 1942 tantum
2960 1898 3158 1958 pontus
3182 1885 3437 1944 honoris?

202 1979 343 2049 Cujus
367 1986 724 2048 conspectum
749 1976 899 2048 eupit
932 1977 1110 2033 omnis
1139 1976 1327 2032 caelica
1353 1977 1544 2031 virtus.
1859 1971 1998 2040 Quid
2021 1971 2244 2041 prodest
2270 1973 2508 2040 tandem,
2534 1974 2579 2029 si
2620 1976 2877 2030 mundum
2904 1977 3116 2031 sumitis
3142 1993 3380 2044 onmem,

200 2071 424 2126 Ausculta
454 2071 678 2125 tandem
704 2085 867 2140 quam
892 2085 1035 2125 nunc
1059 2069 1210 2124 trado
1239 2067 1501 2123 rationem
1529 2083 1544 2120 :
1858 2061 1986 2119 Post
2014 2062 2172 2128 hujus
2202 2078 2390 2117 casum
2418 2064 2536 2119 sine
2569 2063 2673 2119 fine
2701 2066 2810 2136 pati
2834 2067 3165 2121 cruciatum?

200 2163 281 2219 Jus
303 2163 344 2218 si
370 2172 509 2217 terra
539 2161 694 2228 colit,
723 2176 831 2232 quo
854 2162 1047 2231 cuique
1069 2162 1226 2215 (idem
1250 2162 1381 2215 dare
1415 2157 1576 2224 norit,
1856 2153 1966 2207 Ah!
2003 2152 2100 2206 ah!
2133 2153 2310 2221 qualis
2345 2153 2534 2220 honor,
2567 2170 2726 2224 quem
2760 2165 2941 2210 tantus
2963 2151 3195 2212 cinxerit
3218 2158 3434 2223 horror,

201 2252 297 2309 Hoc
317 2252 471 2308 etiam
495 2251 648 2322 juris
675 2267 743 2306 ne
768 2252 957 2306 credas
982 2250 1165 2306 defore
1191 2251 1364 2307 caelis.
1856 2242 1990 2298 Cum
2012 2242 2247 2297 vindicta
2276 2244 2457 2314 gravis
2485 2246 3067 2316 successerit-undique
3102 2250 3284 2317 pravis
3311 2250 3324 2303 l

202 2342 291 2400 Sed
311 2360 423 2399 cum
452 2345 544 2399 lex
573 2358 704 2398 vera
729 2342 988 2412 procedat
1008 2344 1078 2398 ab
1102 2358 1226 2398 arce
1254 2357 1483 2413 superna
1856 2332 1973 2387 Non
2001 2333 2184 2396 homo,
2209 2349 2316 2389 non
2346 2349 2537 2388 aurum
2563 2336 2761 2404 poterit
2789 2346 2973 2406 aptare
2999 2337 3217 2393 beatum
3240 2376 3259 2406 ,

200 2436 348 2505 Atque
371 2435 509 2490 Deus
536 2449 731 2499 verax,
756 2443 843 2489 ast
867 2434 1044 2490 omnis
1066 2434 1136 2490 sit
1161 2434 1324 2490 homo
1354 2432 1580 2489 mendax
1596 2471 1612 2498 ,
1859 2424 1963 2482 Sed
1988 2427 2188 2482 virtute
2210 2426 2302 2482 Dei
2329 2426 2575 2484 consistit
2605 2428 2711 2482 vita
2742 2428 2906 2483 beati.

200 2524 309 2580 Ritu
329 2525 513 2596 majori
544 2534 778 2596 possunt
813 2522 1057 2579 coelestia
1089 2524 1254 2579 credi.
1857 2515 1902 2572 Ο
1925 2518 2016 2587 qni
2043 2518 2250 2573 deliciis
2277 2518 2487 2574 felicem
2519 2528 2570 2574 te
2598 2518 2714 2575 fore
2739 2520 2935 2584 credis,

624 2611 1022 2670 CAPITULUM
1060 2612 1303 2669 XXXIX.
1858 2610 1973 2667 lluc
1993 2614 2210 2669 attende
2237 2630 2458 2684 parum,
2489 2630 2792 2670 sermonem
2825 2615 3045 2670 confero
3073 2624 3248 2671 tecum
3278 2635 3292 2671 :

289 2705 599 2760 Exhortatio
630 2705 887 2775 generalis
913 2722 1009 2776 pro
1047 2706 1226 2773 labore
1252 2707 1396 2778 regni
1423 2706 1661 2762 calcatis.
1858 2702 1993 2757 Cum
2025 2719 2219 2759 noscas
2247 2704 2520 2760 hominem
2552 2722 2659 2760 non
2695 2720 2815 2761 esse
2849 2707 3161 2775 perenniter
3196 2722 3429 2764 onmem.

201 2796 282 2852 llis
304 2798 457 2868 igitur
488 2797 661 2852 dictis
688 2797 755 2852 ad
779 2812 896 2863 vos,
923 2797 1234 2868 quicunque
1260 2798 1476 2869 legetis,
1858 2787 1965 2844 Pro
1991 2790 2205 2845 modulo
2231 2791 2412 2860 puncti
2444 2807 2566 2847 cum
2602 2794 2710 2848 sint
2738 2795 2898 2849 simul
2928 2796 3107 2849 omnia
3136 2797 3346 2864 mundi,

200 2886 268 2940 Ad
291 2902 377 2942 vos
404 2888 711 2958 praesertim
738 2888 829 2957 qui
861 2887 1055 2943 talibus
1078 2889 1382 2958 indigeatis,
1859 2876 2031 2944 Quam
2056 2878 2314 2933 moritura
2338 2895 2464 2935 caro
2490 2881 2585 2935 tibi
2610 2897 2759 2951 spem
2787 2882 3053 2952 promittit
3081 2884 3281 2941 avaro?

202 2970 333 3027 Nunc
356 2988 577 3042 quoque
598 2972 876 3027 vobiscum
900 2982 1192 3042 pensantes
1218 2974 1466 3045 dogmata
1488 2983 1752 3040 nostrum,
1782 3019 1829 3045 η
1860 2968 1970 3021 Cur
2000 2969 2158 3024 hodie
2181 2969 2320 3025 ludis
2345 2985 2443 3040 pro
2473 2971 2631 3027 rebus
2662 2988 2785 3045 cras
2815 2973 3067 3042 perituris

202 3064 319 3121 llinc
342 3066 544 3137 aliquid
574 3065 788 3127 moniti,
812 3064 1042 3119 Domino
1067 3080 1162 3119 vos
1190 3065 1402 3121 subdite
1431 3066 1685 3138 prompti,
1782 3060 1831 3083 “
1863 3060 1928 3114 Et
1959 3060 2053 3124 nil,
2082 3061 2269 3128 surde,
2301 3061 2449 3118 doles
2480 3063 2675 3117 animae
2704 3065 2820 3119 sine
2847 3064 2951 3120 line
2979 3065 3244 3133 dolorem,

204 3155 281 3221 Ut,
308 3158 424 3212 dum
455 3156 751 3227 possimus,
782 3155 827 3210 si
859 3162 1067 3209 tantum
1099 3170 1260 3226 posse
1283 3156 1539 3223 velimus,
1861 3152 1917 3207 Si
1942 3153 2248 3218 Dominum,
2270 3152 2391 3207 caeli
2416 3168 2616 3223 regem,
2652 3168 2814 3225 super
2840 3155 3019 3209 omnia
3044 3157 3183 3211 nosti

202 3242 334 3298 Nulla
361 3259 557 3299 manus
583 3250 785 3307 cesset,
813 3240 1010 3298 nullius
1042 3257 1139 3312 pes
1164 3258 1378 3313 quoque
1405 3248 1597 3299 tardet.
1859 3242 1927 3296 Et
1954 3241 2078 3310 quia
2101 3241 2362 3296 sublimes
2379 3240 2543 3297 faciat
2566 3243 2862 3311 saepissime
2892 3244 3070 3309 mites,

202 3331 301 3387 lani
319 3335 432 3389 vice
454 3332 736 3389 communi
770 3346 1122 3403 properemus
1145 3335 1211 3388 ad
1238 3339 1440 3403 optima
1468 3336 1664 3390 summi
1859 3332 2035 3402 Atque
2056 3332 2409 3402 superborum
2434 3332 2604 3387 soleat
2624 3342 2970 3402 prosternere
2991 3336 3229 3391 collum?

204 3422 303 3490 Quo
326 3424 472 3481 labor
503 3434 595 3480 est
630 3424 829 3486 nullus,
862 3439 961 3480 nec
990 3425 1199 3480 venerit
1229 3427 1459 3495 amplius
1489 3426 1655 3483 ullus:
1860 3420 1916 3475 In
1938 3437 2044 3491 quo
2064 3421 2311 3486 confidis,
2339 3422 2464 3490 quia
2511 3430 2563 3477 te
2584 3422 2683 3477 sibi
2713 3424 2941 3479 subdere
2970 3440 3075 3478 non
3104 3425 3228 3479 vis?

205 3513 294 3568 Sed
317 3530 530 3584 semper
563 3515 672 3569 ιωιί
703 3514 1103 3571 remanebimus
1132 3525 1296 3586 atque
1323 3517 1490 3585 quieti
1860 3511 1960 3569 Vel
1984 3528 2080 3567 cur
2113 3512 2229 3583 ipse
2254 3513 2437 3568 studes
2460 3513 2683 3568 exaltari
2710 3530 2874 3584 super
2900 3530 3088 3571 omnes
3110 3557 3126 3580 ,

202 3590 608 3675 Contemplando
629 3605 828 3669 Deum,
887 3606 1142 3675 quinch
1169 3619 1293 3673 spes
1318 3613 1477 3675 atque
1500 3613 1760 3675 tropaeum
1859 3604 1994 3659 Cum
2015 3603 2127 3672 jam
2153 3605 2412 3674 perduras
2444 3604 2510 3657 ad
2542 3619 2630 3659 res
2661 3615 2834 3659 tecum
2863 3607 3171 3676 perituras?

201 3692 249 3748 In
273 3710 325 3750 se
351 3698 630 3753 credentis
651 3705 835 3751 manet
856 3706 911 3751 et
939 3696 1132 3751 fiducia
1169 3697 1384 3751 mentis.
1858 3695 2047 3751 Omnis
2076 3697 2220 3749 enim
2245 3696 2473 3766 cupidus
2502 3698 2841 3752 convincitur
2863 3714 2984 3755 esse
3018 3701 3303 3772 superbus.

202 3785 333 3852 Quod
360 3788 501 3844 Deus
535 3790 591 3843 in
626 3789 784 3843 nobis
816 3798 1075 3858 operetur
1106 3789 1158 3843 in
1193 3787 1443 3843 omnibus
1478 3788 1652 3854 horis,
1858 3788 1965 3853 An,
1997 3787 2122 3855 quia
2158 3786 2294 3841 liber
2322 3786 2431 3842 eris
2459 3788 2593 3842 mira
2622 3788 2868 3846 bonitate
2893 3789 3141 3847 Creantis

202 3875 343 3946 Cujus
367 3887 421 3934 et
445 3880 741 3950 imperium
771 3879 890 3933 sine
919 3879 1025 3935 line
1054 3880 1294 3934 manebit
1327 3879 1378 3932 in
1402 3894 1594 3933 aevum.
1857 3878 1925 3934 Et
1955 3879 2163 3934 diversa
2196 3887 2369 3949 potes,
2399 3879 2528 3933 dum
2552 3893 2684 3934 sano
2709 3895 2938 3952 corpore
2957 3881 3150 3949 ﬂores,

513 3968 709 4024 Sermo
743 3967 813 4021 ad
840 3984 1027 4022 avaros
1056 3968 1134 4023 vel
1155 3969 1421 4037 superbos.
1858 3968 2065 4026 Praeter
2088 3985 2211 4025 eum
2240 3985 2510 4041 quoquam
2540 3986 2726 4041 speras
2751 3972 3040 4042 exquirere
3071 3975 3259 4040 vitam,

201 4059 239 4118 0
261 4061 446 4119 fratres
474 4062 656 4127 cbari,
689 4075 787 4132 per
811 4062 1085 4117 Christum
1122 4077 1338 4131 semper
1366 4063 1604 4129 amandi,
1857 4059 1967 4116 Aut
1990 4061 2107 4131 ejus
2137 4060 2370 4131 gladium
2398 4062 2591 4131 quovis
2617 4061 2849 4118 evadere
2871 4064 3123 4134 justum?

201 4153 314 4209 Cum
332 4171 495 4226 prope
523 4157 600 4211 sit
628 4164 841 4224 tempus
868 4171 976 4225 quo
1002 4156 1233 4211 mundus
1258 4157 1363 4211 erit
1393 4157 1656 4224 ruiturus,
1859 4152 2111 4222 Nunquid
2140 4152 2316 4220 imago
2340 4151 2453 4219 Dei,
2477 4151 2656 4221 primo
2683 4152 2918 4207 similata
2954 4155 3189 4223 parenti,

204 4240 294 4299 Vos
317 4245 401 4314 qui
433 4244 664 4317 diligitis
692 4245 814 4298 vitae
839 4244 1101 4313 promissa
1130 4244 1413 4310 perennis,
1860 4242 2025 4313 Cujus
2054 4242 2307 4312 progenie
2337 4242 2538 4297 retines
2558 4243 2778 4297 exordia
2809 4243 2956 4308 vitm,

202 4330 369 4389 Fortes
393 4336 636 4399 athletae,
663 4348 878 4388 sursum
906 4346 1055 4402 spem
1086 4334 1284 4387 mentis
1309 4333 1533 4397 habete,
1785 4351 1833 4412 υ
1860 4335 1917 4390 In
1943 4342 1996 4388 te
2022 4331 2250 4386 mutavit
2271 4331 2411 4400 quod
2440 4332 2492 4385 in
2527 4330 2620 4385 illo
2645 4331 2809 4387 Patre
2839 4331 3082 4385 creavit?

202 4421 268 4476 Ne
289 4425 408 4493 quid
438 4425 493 4479 in
517 4426 624 4479 hoc
657 4422 859 4497 mundo
883 4421 995 4490 jam
1021 4423 1341 4492 possideatis
1369 4424 1602 4479 amando
1861 4421 2050 4478 Nonne
2072 4419 2244 4485 vides,
2273 4428 2478 4488 gustas,
2509 4420 2716 4490 palpas,
2747 4422 2900 4477 audis
2924 4431 2978 4477 et
2999 4420 3243 4479 adoras?

202 4509 369 4568 Restat
388 4515 534 4569 enim
564 4512 719 4569 vobis
747 4512 958 4567 fruetus
988 4511 1178 4581 patriae
1199 4512 1455 4576 melioris,
1494 4538 1500 4542 -
1864 4511 2015 4567 Unde
2045 4509 2365 4575 merebaris,
2395 4518 2454 4563 ut
2476 4510 2727 4567 sensibus
2751 4512 2836 4571 his
2857 4512 3124 4582 potiaris?

204 4596 252 4654 Si
274 4603 421 4658 modo
441 4604 640 4659 sinceri
668 4601 937 4675 studeatis
961 4601 1066 4656 rite
1094 4601 1310 4656 mereri.
1862 4601 2001 4667 Quid
2023 4600 2171 4670 prius
2197 4599 2419 4654 Auctori
2442 4614 2603 4669 quam
2643 4609 2695 4657 te
2722 4608 2926 4657 taceret
2955 4602 3228 4669 tribuisti,

202 4692 271 4750 Ad
291 4712 441 4768 quam
469 4696 817 4769 quaerendam
842 4696 1431 4767 praesentemspernite
1461 4695 1649 4761 vitam,
1864 4691 1935 4746 Ut
1960 4688 2236 4744 rationalis
2263 4690 2513 4746 animalia
2542 4701 2733 4749 cuncta
2761 4693 3017 4764 prazires?

205 4782 381 4844 Usibus
406 4789 667 4860 exceptis,
697 4801 797 4857 per
822 4800 959 4856 quos
983 4785 1109 4841 illuc
1140 4786 1463 4855 properatis
1861 4778 1929 4832 Et
1958 4788 2157 4844 tamen,
2191 4777 2276 4833 bis
2302 4778 2474 4833 brutis
2502 4782 2869 4850 perstantibus
2895 4781 2949 4836 in
2981 4782 3099 4837 vice
3133 4781 3297 4857 juris,

206 4875 261 4931 Et
279 4879 463 4949 quibus
489 4880 542 4934 in
568 4889 714 4936 terra
747 4876 1036 4934 foveantur
1056 4891 1280 4945 corpora
1306 4884 1507 4931 vestra.
1865 4869 1967 4934 Tu,
2000 4869 2224 4925 rationis
2250 4885 2406 4940 opus,
2430 4886 2537 4926 non
2560 4871 2642 4927 vis
2673 4873 2898 4928 Domino
2928 4872 3043 4928 fore
3074 4886 3294 4942 pronus.

206 4964 319 5022 Nam
340 4970 495 5024 datur
519 4970 583 5025 ad
612 4979 829 5038 tempus
853 4964 1048 5021 anima:
1075 4965 1218 5020 victu
1250 4965 1362 5021 fore
1397 4978 1612 5033 corpus,
1861 4959 2000 5026 Quin
2027 4960 2311 5027 meditare,
2343 4976 2495 5033 rogo,
2526 4964 2755 5020 rationis
2782 4972 2838 5018 et
2864 4970 3018 5018 utere
3042 4963 3203 5028 dono,

205 5054 265 5116 Ut
287 5061 564 5116 meditetur
590 5053 777 5123 homo,
810 5059 941 5113 dum
968 5058 1098 5112 vivit
1128 5059 1180 5112 in
1205 5058 1335 5113 orbe
1359 5057 1584 5119 caduco,
1856 5048 1934 5103 Ac
1962 5065 2058 5120 per
2086 5065 2245 5119 quem
2275 5050 2428 5105 vivas
2463 5049 2735 5110 subtiliter
2763 5050 3004 5121 exprime
3040 5066 3250 5106 causas.

204 5148 420 5184 nmmu-
448 5138 594 5184 movie
619 5148 799 5184 “hanc
831 5156 882 5184 οι
916 5144 1086 5184 vii-ina
1107 5147 1399 5184 enin-inm“:
1859 5140 1994 5184 Nam
2022 5142 2233 5184 nou-im
2259 5142 2477 5184 mndnm
2505 5141 2643 5184 vitm,
2678 5142 2772 5184 and
2795 5142 2977 5184 vivere.
3004 5148 3211 5184 tantum
