3942 5340
541 326 651 384 295
1575 277 1877 379 orntum
1916 315 2222 376 nomen:
2258 316 2320 375 s.
2355 310 2777 375 EMMERAMMI
2826 314 2847 323 '

541 442 843 503 Confestim
870 438 1078 497 variam
1104 432 1378 509 proferres
1400 430 1525 490 inde
1555 438 1831 504 querelam
2156 436 2210 495 Α
2374 431 2546 499 Quam
2581 432 2724 502 magi
2753 430 2990 501 quidam,
3019 428 3243 486 Oriente
3268 430 3463 499 visam,

540 534 619 590 Ac
648 547 835 588 curam
861 530 1052 586 medici
1085 537 1299 597 peteres
1326 540 1488 595 quam
1523 526 1759 579 maxime
1781 523 1948 594 qumri
1974 540 1990 577 :
2378 519 2562 590 Usque
2594 520 2829 590 regalem
2860 519 3189 574 comitantur
3224 520 3416 575 urbem

494 672 497 675 η
541 623 673 687 Cur,
701 635 856 690 rogo,
894 633 1002 673 non
1044 617 1238 671 animae
1266 614 1430 670 simul
1459 614 1696 669 intendis
1727 615 2027 676 medicinae,
2308 676 2339 691 __
2589 610 2644 664 In
2677 608 3038 665 Hierusalem.

540 715 675 771 Cum
702 712 822 783 plus
858 727 925 766 ex
955 710 1136 763 anima
1167 723 1328 778 quam
1362 721 1594 777 corpore
1621 707 1694 760 sit
1725 715 1813 759 tua
1840 705 1993 759 vita?
2307 698 2313 703 ’
2377 699 2445 755 Ει
2483 701 2821 769 requirentes
2850 699 2979 755 inibi
3012 706 3314 765 manentes,

540 804 680 859 Ecce
712 801 913 855 famem
955 798 1180 868 pateris,
1209 812 1373 867 quam
1406 805 1598 866 sponte
1638 794 1748 864 pati
1794 790 2100 863 perltihcris
2377 790 2640 866 lnquiunt
2670 796 2775 851 illis
2816 812 2831 848 :
2865 793 3126 849 Reserate
3168 794 3324 849 nobis

539 892 676 947 Dum
710 889 804 945 tibi
831 886 1149 956 dispositum
1186 887 1449 947 reprobus
1479 884 1770 954 exquirere
1798 882 2024 936 victum.
2377 876 2495 956 Qui)
2520 886 2591 942 sit
2622 877 2711 941 hic
2739 896 2918 951 natus,
2952 885 3111 940 modo
3142 895 3251 939 tam
3276 883 3570 953 probatus,

539 981 701 1036 Certe
723 977 984 1049 quidquid
1012 993 1183 1041 amas,
1215 992 1331 1044 ejus
1356 976 1558 1046 quaaris
1595 972 1935 1039 medicinas.
2548 974 2553 985 ‘
2594 968 2710 1031 Rex
2746 970 3116 1031 Hebreorum?

543 1071 654 1127 Sed
683 1070 813 1141 quid
847 1081 1031 1123 amare
1061 1067 1208 1121 vales
1246 1066 1383 1120 ritus
1421 1063 1605 1118 mundi
1638 1076 1735 1132 per
1761 1067 1968 1130 inanes,
2377 1065 2625 1122 Vidimus
2650 1081 2846 1137 nempe
2880 1079 3044 1135 super
3074 1063 3176 1121 hoc
3212 1058 3435 1136 potente

542 1145 773 1228 Quando
800 1159 967 1213 Deum
1004 1156 1127 1213 caeli
1160 1171 1499 1226 nequaquam
1529 1155 1612 1208 vis
1637 1148 1922 1231 venerari?
2378 1154 2590 1211 Sideris
2620 1155 2743 1210 miri
2788 1154 2972 1209 radios
3001 1153 3158 1209 oriri.
3374 1171 3380 1177 ’
3440 1156 3445 1161 ’

541 1248 800 1318 Quamvis
829 1246 1020 1316 plenus
1042 1260 1203 1314 opum
1229 1260 1323 1300 seu
1366 1245 1436 1299 sit
1467 1243 1673 1313 collega
1703 1250 1985 1312 potentum
2375 1243 2531 1301 llunc
2559 1255 2615 1299 ut
2640 1260 2856 1300 oremus
2890 1245 3008 1299 ideo
3036 1245 3286 1301 venimus

538 1336 799 1407 Appellas
826 1334 1032 1390 frustra
1062 1344 1329 1390 terrarum
1359 1334 1581 1388 numina
1611 1341 1833 1398 cuncta,
2596 1335 2849 1391 Partibus
2895 1335 3036 1391 istis.
3592 1396 3599 1399 _

542 1428 607 1482 Ni
643 1427 795 1498 prius
840 1426 1098 1482 advertas
1138 1427 1229 1497 qui
1267 1426 1341 1480 sit
1378 1441 1540 1495 super
1561 1426 1742 1479 omnia
1774 1424 2000 1495 primas,
2376 1425 2544 1482 Audit
2587 1427 2704 1482 haec
2738 1434 2966 1482 moestus
2996 1425 3222 1481 nimium
3252 1422 3545 1494 scelestus;

543 1514 968 1589 Subjéctumque
995 1517 1098 1572 sibi
1140 1516 1309 1571 facias
1347 1525 1397 1570 te
1426 1525 1646 1586 pectore
1675 1514 1792 1568 niti.
2236 1512 2241 1516 ’
2376 1519 2556 1588 Atque
2578 1533 2701 1573 cum
2739 1518 2867 1572 tutis
2897 1513 3327 1587 llierosolymitis

541 1608 761 1664 Cedunt
791 1614 988 1663 cuncta
1022 1606 1145 1670 tibi,
1170 1606 1215 1661 si
1247 1614 1297 1660 te
1325 1606 1648 1661 submiseris
1675 1604 1772 1658 illi.
2378 1598 2592 1665 Anxius
2613 1625 2744 1664 cura
2776 1610 2989 1678 capitur
3018 1608 3205 1663 dolosa

544 1695 801 1766 Quisquis
828 1694 883 1749 et
909 1696 1013 1751 hoc
1054 1696 1269 1761 renuis,
1316 1697 1589 1751 contraria
1634 1710 1851 1764 semper
1885 1692 2130 1751 habebis.
2447 1758 2456 1763 ,
2595 1698 2780 1753 Hostis
2824 1696 3086 1752 Herodes.

547 1784 723 1852 Quam
779 1786 964 1841 suavis
1002 1786 1174 1850 nisus,
1218 1800 1319 1840 nec
1354 1800 1459 1839 non
1487 1785 1738 1855 optabilis
1775 1801 1926 1852 usus,
2165 1772 2213 1837 Β
2384 1789 2452 1844 Et
2473 1804 2675 1844 vocans
2710 1798 2937 1845 cunctos
2962 1786 3141 1858 populi
3174 1788 3468 1859 magistros

549 1874 687 1931 Veto
724 1876 1001 1931 communi
1030 1876 1074 1931 si
1120 1884 1326 1930 tantum
1357 1874 1639 1931 subdimur
1669 1875 1791 1930 unil
2382 1874 2774 1934 Sciscitahatur
2805 1879 2932 1948 quid
2961 1880 3026 1933 ad
3065 1879 3179 1933 haec
3211 1892 3423 1948 agatur,

546 1964 700 2021 Tunc
727 1981 824 2036 per
846 1982 970 2022 eum
1000 1966 1157 2022 nobis
1182 1966 1414 2021 mundus
1440 1966 1780 2021 submittitur
1807 1966 2004 2023 omnis.
2382 1971 2536 2028 Unde
2573 1971 2645 2025 sit
2678 1969 2951 2037 Christus,
2982 1971 3073 2026 ubi
3105 1971 3300 2041 quippe
3342 1979 3504 2025 natus

546 2052 724 2120 Unde,
749 2071 963 2126 precor,
997 2055 1220 2117 fratres.
1242 2054 1548 2125 postponite
1569 2056 1750 2111 carnis
1772 2057 2024 2116 honores,
2589 2067 2925 2121 Inveniatur.

547 2142 654 2198 Per
690 2161 833 2215 quos
868 2146 981 2215 jam
1007 2152 1193 2216 gratos
1223 2146 1405 2200 veniet
1440 2144 1594 2199 dolor
1624 2145 2042 2214 immoderatus,

1659 2148 2042 2214 υηιοιῐθνίιῑιιεε
2381 2160 2451 2215 At
2481 2160 2727 2230 requisiti
2756 2160 2827 2213 ita
2857 2168 2982 2213 sunt
3010 2150 3171 2212 locuti
3203 2164 3216 2210 ε

546 2232 614 2288 Et
636 2243 860 2303 pensate
886 2230 1060 2305 magis
1088 2235 1216 2305 quid
1254 2236 1326 2289 sit
1357 2248 1480 2305 spes
1526 2230 1849 2304 spiritualis,

2378 2252 2693 2308 Bethlehem
2723 2257 2964 2306 castrum
2992 2250 3134 2320 parit
3159 2262 3289 2317 ergo
3314 2241 3627 2316 Christum;

546 2322 676 2391 Quae
699 2326 859 2381 modo
880 2325 986 2381 fert
1006 2327 1210 2392 tristes,
1234 2327 1326 2382 sed
1357 2337 1480 2397 post
1512 2328 1625 2382 hmo
1653 2342 1864 2397 semper
1888 2330 2132 2384 ovantes.
2381 2346 2581 2417 Sicque
2610 2356 2802 2401 revera
2833 2343 3034 2414 ιρεῖιιιι-
3073 2343 3339 2414 propheta

717 2414 909 2473 Versus
953 2434 1112 2490 super
1146 2420 1467 2491 sequentium
1509 2418 1677 2474 sancti
1723 2414 1969 2490 Spiritus.
2495 2414 2510 2445 τ
2592 2435 2729 2490 [nnc
2765 2433 3078 2490 cecinisse:

543 2507 710 2563 Adsis
730 2507 844 2578 jam
886 2509 1384 2575 nobis,clementia
1413 2509 1649 2579 Spiritus
1679 2509 1830 2575 almi,
2377 2518 2691 2580 Βριιιιειιεηι
2725 2522 2882 2586 Juda,
2908 2521 3017 2577 eris
3056 2518 3201 2577 haud
3233 2517 3445 2575 minuta

547 2596 679 2666 Qum
704 2600 808 2655 sibi
845 2615 941 2654 cor
978 2610 1225 2655 nostrum
1272 2598 1438 2655 faciat
1474 2598 1776 2654 consistere
1821 2597 2098 2685 templum,
2379 2614 2528 2670 ιηιρι-
2555 2604 2743 2670 amueg
2768 2628 3058 2685 procerum
3099 2613 3384 2679 εοιιοι-ιεες

549 2686 842 2757 Expellens
868 2689 995 2745 inde
1020 2700 1363 2759 peccatorum
1398 2698 1568 2759 gends
1595 2705 1776 2744 omne.
2086 2680 2096 2691 ’

2086 2680 2096 2691 ’
2381 2703 2498 2759 Erit
2526 2680 2970 2773 namque-novus
3004 2706 3194 2757 auctor
3221 2717 3248 2755 a
3284 2710 3359 2767 te,

549 2781 787 2852 Spiritus
808 2780 971 2845 alme,
996 2780 1140 2845 veni,
1157 2794 1256 2834 nos
1280 2788 1337 2835 et
1364 2779 1587 2851 dignare
1617 2780 1778 2847 tueri,
2595 2792 2696 2860 Qui
2733 2792 2903 2863 regat‘
2920 2803 3132 2847 omnes.

546 2874 661 2929 Fac
686 2870 873 2943 procul
897 2872 1198 2926 horrendas
1228 2872 1294 2927 de
1333 2880 1519 2926 nostro
1548 2872 1711 2926 corde
1755 2870 2028 2927 tenebras.
2380 2876 2534 2937 Tunc
2580 2876 2750 2951 magis
2796 2879 2902 2934 illis
2928 2872 3133 2949 pariter
3162 2881 3392 2945 vocatis,

547 2965 629 3019 Tu
671 2961 982 3018 consolator
1021 2971 1077 3016 et
1103 2977 1254 3032 pura:
1282 2962 1477 3017 mentis
1502 2971 1730 3028 amator,
2379 2972 2557 3044 Coepit
2589 2970 2800 3026 occulte
2830 2970 2898 3025 ab
2927 2970 3006 3025 eis
3051 2978 3240 3025 notare
3378 3030 3381 3031 ν

546 3047 692 3108 liifer
716 3051 954 3107 chrisma
982 3061 1155 3116 tuum,
1183 3051 1440 3120 clemens,
1481 3053 1532 3105 in
1564 3060 1785 3120 pectora
1822 3059 2108 3116 nostrum;
2167 3111 2209 3132 η
2237 3056 2241 3063 “
2383 3062 2608 3132 Quando
2635 3061 2948 3132 praedictum
2979 3059 3143 3130 jubar
3163 3069 3310 3117 esse:
3337 3070 3541 3127 οτιιιιιι,

549 3141 631 3197 Tu
670 3154 882 3210 quoque
909 3111 1229 3195 cunctorum
1255 3111 1540 3195 mundator
1564 3111 1914 3211 flagitiorum,
2094 3111 2104 3116 ν
2163 3111 2211 3176 C

550 3233 839 3288 Mundatos
872 3232 1108 3287 hominis
1135 3231 1322 3287 oculos
1358 3231 1446 3287 fac
1487 3232 1779 3298 interioris,
2379 3245 2517 3302 Exin
2560 3245 2784 3303 insanus
2812 3246 2885 3301 ait
2917 3238 3002 3300 his
3033 3254 3299 3316 tyrannus
3329 3264 3343 3300 ε

558 3324 632 3381 Ut
669 3325 750 3379 sic
788 3322 1064 3379 cmlestem
1095 3338 1402 3378 mercamur
1428 3338 1658 3379 cernere
1686 3323 1923 3393 Patrem,
2324 3380 2330 3384 ,
2375 3333 2608 3403 ltejam,
2648 3350 2852 3405 quaeso,
2887 3350 3114 3405 puerum
3161 3336 3465 3405 sequendo,

558 3412 732 3482 Quem
760 3422 986 3484 possunt
1015 3412 1156 3469 oculi
1185 3412 1454 3480 justorum
1484 3429 1707 3469 cernere
1733 3415 1854 3471 soli.
2378 3425 2445 3480 Ει
2473 3425 2633 3480 nimis
2675 3434 2836 3480 caute
2863 3426 2952 3481 ubi
2985 3426 3078 3492 sit,
3128 3435 3340 3498 ιιοεειιθ,

551 3504 630 3562 Tu
655 3506 876 3563 sanctos
906 3515 1061 3561 vates
1093 3505 1268 3561 fecisti
1298 3506 1495 3576 degere
1539 3507 1675 3562 tales
2330 3512 2335 3516 ’
2595 3515 2836 3587 Regulus
2880 3516 3050 3572 idem.
3226 3516 3229 3517 ⁷

550 3596 627 3655 Ut
649 3598 899 3653 miranda
923 3597 1021 3653 Dei
1051 3607 1313 3652 canerent
1347 3600 1617 3668 prmconia
1649 3588 1886 3666 Christi;
2378 3607 2626 3679 Cumque
2652 3616 2988 3678 compertum
3020 3609 3250 3666 teneatis
3277 3610 3452 3679 illum,

551 3688 860 3758 Discipulos
899 3687 1104 3743 Christi
1139 3695 1249 3741 tam
1281 3685 1449 3741 fortes
1487 3701 1608 3742 esse
1647 3687 1863 3751 dedisti,
2375 3696 2655 3769 Siquidem
2690 3708 2840 3754 (εει-ιε
2868 3698 3119 3756 mihimet,
3148 3700 3371 3766 πνείει-ιε,

549 3780 682 3850 Ejus
706 3787 767 3834 ut
794 3781 847 3834 in
878 3788 1135 3834 cunctum
1161 3779 1419 3833 veherent
1453 3778 1713 3833 miracula
1755 3778 2038 3834 mundum.
2378 3787 2500 3859 ipse
2524 3780 2632 3860 quo
2660 3802 2843 3860 regem
2876 3803 3104 3845 vemens
3143 3778 3392 3848 eumdem
3450 3786 3453 3787 ⁷

550 3869 686 3925 Cum
714 3869 1025 3924 machinam
1057 3883 1243 3923 rerum
1284 3866 1489 3922 faceret
1517 3869 1658 3923 Dens
1697 3871 2132 3940 omnigenarum,
2334 3876 2337 3881 '
2590 3878 2802 3935 Pronus
2847 3880 3091 3936 adorem;

552 3956 636 4012 Tu
667 3956 878 4010 futurus
905 3969 1075 4025 aquas
1104 3957 1203 4010 has
1221 3954 1343 4040 jure
1374 3963 1465 4009 tuo
1491 3946 1783 4010 solidabas.
2378 3966 2504 4024 nam
2531 3968 2672 4040 magi
2711 3968 2852 4024 diem
2889 3969 3109 4039 capiunt
3145 3970 3352 4027 (ιοιοεπ,

553 4041 634 4097 Tu
664 4041 912 4113 lymphas
942 4041 1135 4111 pandis
1180 4036 1463 4123 animabus
1498 4039 1835 4121 viviﬁcandis
2376 4059 2513 4114 Tum
2544 4036 2737 4116 (ιριίῖηο
2767 4036 2983 4115 ,ιω-ευιῇ
3013 4061 3184 4116 iniere
3222 4077 3463 4127 cursum,

552 4134 785 4203 Ipseque
810 4131 1059 4188 carnales
1103 4131 1222 4187 ﬁeri
1264 4132 1361 4188 das
1397 4131 1727 4202 spirituales'.
2353 4217 2357 4221 ν
2379 4149 2455 4206 Ac
2483 4150 2615 4206 satis
2642 4158 2854 4220 gramm
2886 4150 2987 4204 ειει.
3028 4149 3340 4207 inchoatum

554 4222 638 4279 Tu
670 4236 890 4294 quoque
917 4223 1150 4278 divisum
1184 4235 1283 4293 per
1310 4222 1504 4292 linguae
1533 4222 1824 4276 schismata
1852 4223 2108 4277 mundum

1418 4237 1504 4276 uae
1533 4222 1824 4276 schismata
1852 4223 2133 4286 mundum,
2330 4242 2337 4251 ν
2593 4223 2975 4295 perﬁciebatur.

452 4350 459 4355 ι
552 4311 622 4368 Ει
658 4314 839 4369 varios
878 4313 1019 4369 ritus
1043 4312 1381 4397 coadunasti,
1415 4312 1504 4381 pie
1533 4311 1740 4367 Flatus.
2383 4332 2489 4388 sed
2529 4326 2711 4388 suum
2740 4332 2918 4398 stella,
2940 4331 3160 4388 oriente
3182 4332 3318 4398 vis”,

552 4401 818 4458 ldolatras
851 4413 1062 4474 gentes,
1087 4404 1190 4459 hoc
1217 4412 1302 4458 est
1323 4402 1612 4457 simulacra
1642 4401 1883 4458 colentes
2160 4447 2214 4507 Β
2376 4414 2586 4477 praevia
2626 4422 2746 4477 luce
2775 4437 2959 4478 comes
2984 4432 3071 4478 ρει
3096 4425 3317 4493 ubique,

554 4497 637 4551 Δι]
667 4495 868 4552 cultum
900 4496 1108 4550 Domini
1140 4506 1217 4560 ιιι,
1240 4495 1445 4552 Ρτωευι
1471 4510 1699 4559 summe,
1727 4495 1953 4582 vocasti.
2160 4490 2212 4507 υ
2384 4490 2566 4581 Usque
2608 4512 2735 4566 dum
2775 4526 2939 4581 supra
2977 4490 3281 4568 remaneéet
3312 4514 3427 4582 ipsa

554 4586 711 4643 Nunc
748 4587 918 4652 adsis,
942 4596 1158 4651 sancte,
1182 4585 1339 4641 nobis
1364 4585 1722 4640 clamantibus
1747 4587 1813 4639 ad
1843 4580 1925 4650 te;'
2478 4580 2493 4581 ί
2530 4596 2537 4605 ⁸
2597 4599 2715 4666 ρηο
2750 4580 2853 4655 [οη
2881 4600 3077 4656 infans.

555 4678 692 4733 Nam
723 4679 841 4734 sine
869 4688 922 4733 te
951 4679 1153 4733 frustra
1187 4678 1247 4732 lit
1291 4686 1398 4732 tota
1428 4680 1666 4747 precatio
1705 4681 1909 4733 nostra.
2385 4689 2549 4759 Cujus
2571 4698 2789 4759 aspectu
2831 4690 3055 4746 nimium
3086 4692 3256 4763 gavisi

556 4767 660 4833 Tu,
689 4769 779 4838 qui
800 4776 1122 4824 cunctorum
1144 4768 1374 4823 docuiSti
1403 4769 1566 4823 corda
1599 4769 1812 4839 piorum
2385 4776 2599 4850 lngredi
2636 4790 2825 4834 saneta
2854 4794 3103 4836 meruere
3138 4791 3303 4849 tecta,

556 4859 807 4915 Eliiciens
836 4860 955 4915 illos
985 4858 1202 4930 proprio
1229 4875 1351 4914 cum
1383 4861 1604 4915 numine
1645 4861 1836 4932 dignos
2385 4870 2503 4938 Quo
2524 4884 2658 4940 puer
2682 4868 2838 4924 Jesus
2863 4869 3122 4928 Genetrix
3164 4856 3225 4929 et
3244 4874 3361 4942 ejus

555 4948 760 5005 Christi
783 4950 1092 5021 discipulos,
1117 4950 1280 5007 hodie
1309 4960 1388 5017 tu,
1418 4950 1651 5023 Spiritus
1681 4952 1819 5022 ipse,
2480 4954 2485 4960 ’
2592 4956 2967 5014 Inveniuntur.
3224 4960 3225 4963 “

556 5037 778 5095 lnsolito
806 5040 1017 5095 cunctis
1045 5041 1369 5097 benedicens
1396 5041 1635 5097 munere
1658 5041 1854 5107 smclis,
2388 5046 2617 5117 Moxque
2650 5031 2908 5117 prostrati
2939 5051 3118 5106 studio
3153 5052 3294 5107 fideli

557 5127 715 5185 Hunc
745 5130 947 5185 idcirco
972 5131 1113 5186 diem
1144 5131 1322 5187 fecisti
1357 5131 1482 5201 jure
1510 5128 1801 5187 celebrem.
2385 5132 2667 5206 Supplices
2694 5137 2970 5193 Clu-istum
3002 5144 3332 5197 venerantur
3358 5143 3567 5213 ipsum;

997 5217 1036 5236 Π
1209 5221 1239 5236 ι·
1354 5222 1375 5236 λ
1438 5221 1472 5236 η
