3942 5340
199 216 305 273 £97

323 343 410 402 Ac
433 347 597 418 magi,
625 359 817 403 somno
847 341 1038 403 moniti
1075 361 1329 418 supremo

327 437 404 493 Ut
434 439 616 494 minus
659 455 842 510 regem
875 448 1122 510 repetant
1161 439 1453 507 Herodem,

323 527 475 584 Sunt
495 531 634 584 viam
665 531 771 585 nisi
798 532 958 585 aliam
999 531 1198 587 reverti

533 621 593 675 In
635 623 932 692 regionem.

515 738 523 745 '
557 730 796 801 Ilymmts
842 734 907 788 de
949 733 1134 789 Natali
1167 735 1398 790 Domini.

314 841 366 897 0
406 841 566 897 Salus
593 845 797 907 mundi,
831 844 994 899 Sator
1034 849 1292 912 universi,

315 933 453 988 Sola
481 951 605 1004 spes
628 937 769 999 vitae,
805 937 970 992 decus
997 953 1032 992 ο
1063 952 1318 1007 perenne,

317 1026 546 1081 Debitas
577 1027 765 1082 laudes
807 1028 903 1082 tibi
948 1045 1047 1083 nos
1078 1027 1318 1083 ferentes

395 1103 401 1112 ’
538 1117 767 1187 Suscipe
800 1119 1057 1174 clemens.

311 1209 427 1290 Qui
459 1210 648 1264 volens
678 1195 844 1265 totum
889 1226 1148 1282 reparare
1181 1211 1445 1266 mundum

314 1303 574 1359 Gratiam
620 1305 775 1360 miris
820 1306 1048 1360 dederas
1091 1305 1341 1369 habenis,

319 1391 400 1449 Ne
433 1392 576 1465 jugo
621 1395 756 1466 legis
800 1404 1145 1465 premeretur
1187 1394 1365 1449 omnis

543 1469 834 1561 Pla’smatis
867 1495 1020 1541 tetas.

324 1578 463 1632 Hac
492 1593 661 1648 agens
690 1579 859 1647 gratis
897 1579 1018 1633 vice
1042 1580 1356 1645 cbaritatis,

320 1669 438 1724 Res
471 1669 790 1740 protoplasti
824 1670 1089 1723 miserans
1126 1671 1347 1736 levasti;

320 1757 389 1812 Et
415 1775 678 1829 premens
707 1761 923 1814 tandem
959 1759 1256 1816 Leviathan
1288 1777 1538 1834 anguem,

542 1849 652 1905 Nos
685 1851 972 1907 revocasti.

317 1941 466 1998 Nam
501 1952 834 1997 coacternum
875 1942 993 2007 tibi,
1032 1940 1285 2008 Summe,
1319 1942 1557 2000 Verbum

316 2033 506 2088 Prolis
534 2035 784 2087 humana:
815 2033 1053 2102 speciem
1085 2034 1316 2103 probare

320 2121 558 2177 Miserae
587 2123 728 2186 orbi,
754 2123 874 2176 sine
913 2123 1036 2177 labe
1068 2123 1205 2176 navi

545 2215 767 2284 Virgine
797 2223 1084 2284 sumptam.

311 2305 441 2360 Jam
473 2320 672 2359 novum
705 2306 884 2359 lumen
913 2306 1072 2361 datur
1103 2307 1169 2360 ad
1197 2306 1460 2372 salutem;

331 2394 509 2448 Natus
532 2405 619 2448 est
651 2394 804 2448 nobis
829 2409 999 2449 novus
1023 2395 1228 2450 Auctor
1253 2397 1421 2462 orbis,

317 2485 596 2555 Splendor
636 2485 825 2539 aeterni
864 2485 1042 2540 Patris
1064 2501 1130 2542 ac
1158 2489 1398 2558 superni,

535 2575 654 2630 1am
700 2592 833 2632 earo
863 2577 1058 2633 factus.

315 2666 440 2730 Ille,
474 2667 717 2736 signatas
746 2684 998 2723 reserans
1045 2669 1248 2740 ﬁguras

318 2755 486 2826 Legis
513 2757 760 2811 obscura!
786 2759 1017 2827 lideique
1046 2775 1218 2828 pune,

317 2846 596 2902 Sensibus
621 2850 823 2903 nostris
853 2849 1027 2904 aderit
1056 2850 1310 2920 perennis

539 2937 644 2991 Pro
681 2939 1021 2993 renovandis.

322 3023 482 3079 Nulla
519 3027 600 3081 vis
631 3027 788 3081 nobis
822 3037 1070 3082 remanet
1094 3029 1331 3095 doloris;

320 3116 498 3171 Filius
526 3116 754 3181 Summi,
789 3120 940 3188 vigor
968 3129 1146 3174 exstat
1174 3121 1344 3186 omni,

327 3207 438 3275 Qui
473 3209 579 3263 {ide
610 3225 745 3278 pura
793 3210 1052 3280 vigilique
1087 3226 1221 3267 cura

540 3301 732 3358 Credit
770 3303 823 3358 in
854 3303 1050 3372 ipsum.

326 3388 471 3450 Hinc
498 3391 667 3446 melos
699 3392 880 3462 hymni
912 3409 1230 3452 resonetnus
1260 3395 1335 3450 illi

328 3481 576 3552 Supplici
609 3491 734 3538 voto
768 3483 1052 3553 studioque
1082 3494 1212 3550 toto,

330 3570 410 3627 Ut
441 3573 758 3627 cobazredes
786 3573 1006 3629 sibimet
1037 3574 1222 3630 ﬁdeles

538 3662 906 3718 lnveniamur.

329 3754 480 3809 Laus
502 3754 650 3810 Patri
681 3771 916 3820 summo,
943 3757 1015 3810 sit
1035 3757 1321 3826 honorque
1349 3755 1510 3820 Nato,

327 3844 617 3920 Pneumati
640 3855 833 3901 sancto
860 3848 1023 3903 decus
1044 3857 1208 3918 atque
1237 3849 1400 3912 doxa,

324 3935 455 4004 Qui,
483 3953 711 3993 manens
739 3939 936 4003 tritius,
965 3939 1105 3995 Deus
1138 3950 1224 3996 est
1263 3950 1319 3996 et
1357 3957 1496 3996 unus

547 4028 779 4100 Semper
805 4030 1020 4100 ubique.
1057 4031 1251 4086 Amen.

367 4140 560 4196 Oratio
609 4143 834 4198 metrica
869 4143 940 4196 ad
985 4155 1223 4198 sanctam
1268 4144 1599 4201 Trinitatem.

204 4251 249 4310 ο
270 4253 427 4311 Pater
460 4266 684 4324 aeterne,
726 4257 815 4312 cui
847 4273 1062 4328 semper
1091 4258 1231 4314 idem
1263 4267 1446 4314 manet
1472 4274 1615 4323 esse,

207 4339 440 4401 OPatris
470 4348 733 4411 Verbum,
776 4363 872 4416 per
913 4350 1056 4417 quod
1090 4357 1272 4403 manet
1314 4364 1477 4403 omne
1517 4356 1782 4415 creatum,

210 4428 433 4501 Spiritus
461 4451 494 4491 0
519 4447 731 4502 sancte,
761 4453 868 4506 quo
904 4447 1155 4493 constant
1187 4448 1384 4493 cuncta
1412 4449 1686 4505 sacrante,

209 4519 252 4578 0
277 4528 361 4596 qui
401 4531 649 4598 personis
678 4529 858 4584 tribus
892 4529 976 4584 his
1004 4531 1145 4585 Deus
1171 4546 1308 4584 unus
1329 4529 1568 4595 baberis,

209 4609 398 4673 Ordine
419 4620 510 4689 qui
548 4620 688 4675 miro
719 4619 844 4675 linis
883 4633 1101 4675 conStas
1126 4628 1184 4675 et
1218 4621 1397 4692 origo,

214 4699 368 4776 Leges
392 4719 628 4766 aeternas
651 4725 716 4765 ac
746 4709 898 4764 solus
919 4707 1044 4777 jure
1080 4711 1373 4781 gubernas,

211 4791 307 4862 Qui
332 4815 496 4870 genus
522 4805 822 4858 humanum
853 4804 1164 4871 miseratus,
1186 4806 1570 4863 mortiﬁcatum

217 4883 424 4958 Propter
451 4893 737 4948 mortifera
787 4894 948 4964 primi
988 4895 1181 4951 delicta
1213 4899 1476 4968 parentis,

218 4974 390 5039 Vivere
421 4985 594 5041 fecisti
627 4988 872 5057 pretioso
900 4989 1162 5059 sanguine
1205 4991 1430 5056 Christi,

217 5065 365 5140 Cujus
394 5078 446 5131 in
472 5080 709 5134 adventu
747 5079 1006 5134 mundum
1036 5091 1202 5137 totum
1232 5087 1522 5154 reparasti,

221 5157 364 5231 Cujus
389 5168 594 5236 judicio
623 5177 945 5224 statuentur
971 5184 1161 5230 cuncta
1193 5176 1293 5231 sub
1321 5191 1496 5246 atquo,

221 5249 288 5340 pa
313 5259 431 5314 mibi
463 5259 598 5317 velte
621 5261 854 5325 bonum,
885 5259 1028 5316 vires
1051 5262 1115 5317 ad
1140 5265 1528 5336 perﬁciendum
1549 5288 1568 5340 ;

1341 233 1431 293 DE
1466 235 1811 296 DOCTNNA
1851 235 2253 297 SPlRlTUALI.

1791 355 1840 414 Α
1868 351 2008 405 Exin
2034 352 2266 406 sinceris
2285 352 2536 421 precibus
2558 367 2754 423 precor
2782 364 2840 408 ut
2867 355 2988 424 pius
3019 355 3190 410 adsis.
3240 356 3442 426 forem,

3336 246 3441 304 295

1864 439 1944 492 Da
1977 439 2139 503 mihi,
2167 455 2380 509 quaeso,
2447 441 2637 506 (idem,
2670 457 2768 511 per
2805 457 2967 510 quam
3011 453 3064 498 te
3091 460 3307 515 semper
3345 450 3446 502 ad-

1863 528 2092 598 Quaque
2121 530 2292 584 sciam
2319 531 2477 600 plane
2501 533 2632 601 quid
2656 533 2859 601 justum
2896 533 2969 588 sit
3001 534 3084 588 vel
3119 537 3301 592 inane.

1864 618 2030 689 Spem
2059 629 2295 675 concede
2329 622 2464 676 mihi
2508 622 2689 689 talem,
2723 639 2844 692 spes
2868 625 3029 679 unica
3067 627 3260 692 nostri,

1863 711 1982 776 Qua
2013 710 2236 765 sutl'crre
2259 727 2451 780 queam
2475 714 2600 768 vitae
2623 715 2861 770 cmlestis
2888 717 3173 771 habenam.

1866 799 2059 856 Restat
2087 809 2139 856 in
2169 804 2253 858 his
2277 804 2446 873 prima
2471 805 2642 859 virtus
2665 805 2884 861 dilectio
2914 807 3062 872 bina,

1863 889 1986 957 Qua
2014 900 2068 946 te
2097 892 2356 947 factorem
2386 894 2644 948 debemus
2669 910 2856 950 amare
2884 897 3290 967 hominemque,

1865 977 2065 1045 Quam,
2091 996 2302 1052 precor,
2336 980 2558 1038 infunde
2583 999 2746 1054 super
2781 985 2970 1039 intima
2997 985 3179 1041 cordis
3207 986 3442 1041 abunde.

1871 1068 1990 1125 Non
2016 1086 2137 1126 mea
2169 1088 2344 1139 meus,
2372 1089 2578 1145 qumso,
2607 1075 2824 1132 laetetur
2853 1092 3004 1133 more
3029 1079 3282 1148 superbo.

1869 1162 2136 1218 Adveniat
2164 1165 2267 1218 rite
2287 1175 2470 1220 custos
2501 1168 2759 1237 patientia
2786 1169 2928 1224 vitm.

1871 1249 2018 1306 Mors
2042 1262 2099 1306 et
2123 1255 2356 1323 perditio
2386 1255 2626 1312 discedat
2653 1273 2797 1313 creca
2829 1259 3018 1315 libido.

1873 1342 1958 1398 lite
1983 1360 2215 1415 quoque,
2243 1362 2430 1416 posco,
2457 1364 2634 1419 regas,
2651 1363 2782 1406 cum
2808 1352 2993 1407 videro
3023 1367 3112 1408 res
3131 1352 3357 1418 alienas,

1872 1431 1952 1487 Ne
1979 1434 2110 1502 quid
2139 1434 2194 1488 in
2219 1435 2303 1490 his
2332 1446 2524 1507 captus
2552 1438 2668 1494 ﬁeri
2698 1441 2990 1512 compellar
3015 1458 3233 1499 avarus.

1874 1521 1994 1578 Non
2019 1525 2175 1581 cibus
2204 1535 2298 1580 aut
2319 1537 2479 1597 potus
2507 1543 2594 1584 me
2619 1530 2887 1600 deprimat
2920 1533 3327 1586 immoderatus.

1873 1613 2008 1680 Fac,
2039 1631 2250 1685 precor,
2282 1626 2337 1672 et
2373 1628 2554 1674 vestes
2583 1629 2930 1677 contemnere
2953 1638 3038 1678 me
3063 1625 3349 1693 pretiosas.

1801 1710 1849 1770 Β
1872 1705 1952 1760 Da
1978 1706 2170 1776 vigiles
2193 1717 2347 1762 artus
2373 1709 2440 1762 ad
2469 1719 2665 1764 cuncta
2693 1712 2766 1766 tui
2799 1712 3116 1781 lamiatus,

1873 1798 2051 1866 Atque
2077 1797 2419 1867 quiescentes
2447 1799 2604 1855 solita
2633 1801 2700 1857 de
2729 1800 2922 1860 fraude
2950 1813 3124 1870 tuere,

1874 1884 1952 1940 Ne
1972 1896 2228 1957 corrupta
2255 1904 2386 1945 caro
2409 1906 2599 1946 somno
2630 1893 2878 1949 turbetur
2906 1911 3114 1952 amaro.

1870 1975 1995 2031 Sint
2020 1978 2210 2046 procul
2239 1979 2460 2048 invidia,
2488 1981 2777 2051 iactantia,
2801 1984 2889 2050 lis,
2921 1987 3015 2040 sed
3043 1995 3097 2041 et
3132 1987 3234 2053 ira,

1873 2063 1984 2119 Nec
2010 2065 2172 2120 rebus
2203 2067 2358 2122 vanis
2385 2085 2470 2123 me
2499 2069 2616 2125 laus
2639 2071 2862 2127 seducat
2892 2073 3090 2128 inanis.

1872 2151 1990 2208 Non
2030 2169 2160 2224 rogo
2187 2156 2428 2222 divitias,
2460 2173 2561 2213 nec
2592 2159 2824 2216 honores
2849 2163 3030 2218 carnis
3057 2175 3117 2218 ut
3139 2165 3341 2231 addas;

1873 2242 1982 2298 Sed
2016 2244 2082 2298 da
2104 2247 2372 2315 propitius
2397 2257 2608 2302 tantum
2636 2251 2827 2306 solatia
2870 2253 3062 2318 victus,

1869 2331 2275 2403 Fructiﬁcaque
2305 2337 2435 2390 mihi
2469 2353 2799 2409 quzeeunque
2830 2342 3024 2397 talenta
3054 2344 3273 2408 dedisti,

1874 2422 2159 2488 Quatenus
2187 2441 2406 2480 usuram
2434 2444 2651 2484 merear
2683 2431 2783 2485 tibi
2810 2431 3036 2486 reddere
3058 2431 3268 2502 jussam
3296 2477 3310 2501 ,

1875 2517 2076 2588 Sicque
2113 2534 2260 2575 meos
2284 2509 2462 2577 mores
2487 2523 2539 2577 in
2564 2511 2748 2580 amore
2779 2534 2889 2591 tuo,
2915 2542 3131 2596 precor,
3158 2540 3331 2600 aptes,

1881 2607 1954 2663 Ut
1983 2625 2101 2664 mea
2125 2611 2196 2665 sit
2223 2627 2378 2678 cura,
2406 2614 2536 2684 quid
2567 2624 2741 2685 gestet
2766 2617 2873 2672 vita
2904 2618 3106 2688 futura,

1875 2697 1954 2753 Ac
1982 2714 2145 2770 regno
2171 2700 2371 2756 Christi
2402 2719 2614 2758 merear
2648 2708 2860 2761 tandem
2889 2709 3110 2774 sociari,

1873 2789 1978 2857 Qui
2007 2800 2182 2846 tecum
2211 2791 2394 2857 Pater,
2417 2803 2615 2849 etcum
2641 2795 2938 2852 Pneumate
2960 2808 3150 2869 regnat
3172 2799 3226 2854 in
3259 2816 3451 2856 :cvum‘

2363 2882 2550 2939 Versus
2579 2887 2642 2940 de
2663 2887 2748 2940 die
2766 2888 2981 2957 judicii.

1874 2972 1924 3030 0
1951 2990 2046 3031 vos
2069 2975 2423 3039 Cln‘isticolze,
2455 2977 2546 3047 qui
2563 2979 2675 3048 jam
2701 2982 2996 3036 remanetis
3021 2982 3073 3036 in
3095 2984 3249 3050 orbe,

1799 3073 1849 3135 ς
1949 3066 2082 3120 Dum
2107 3070 2245 3124 bene
2268 3070 2503 3139 possitis,
2532 3071 2741 3142 pergite
2769 3073 2836 3127 de
2856 3073 3024 3128 vitiis.

1874 3159 2009 3216 Nam
2037 3162 2176 3217 valet
2203 3164 2289 3218 hic
2316 3164 2483 3217 multa
2506 3174 2763 3220 constans
2782 3167 2961 3221 oratio
2988 3176 3192 3233 vestra,

1945 3251 2118 3316 Quam
2148 3259 2274 3305 tunc
2300 3267 2398 3321 pro
2420 3253 2593 3307 nihilo
2618 3253 2855 3325 proferet
2881 3257 3062 3312 omnis
3088 3258 3271 3324 homo,

1869 3341 2012 3396 Cum
2041 3359 2293 3413 suprema
2323 3345 2439 3399 dies
2468 3355 2624 3400 actus
2659 3348 2985 3402 reseraverit
3010 3363 3221 3415 omnes,

1951 3435 2015 3490 Et
2041 3435 2184 3489 Deus
2210 3436 2572 3506 omnipotens,
2608 3438 2676 3492 de
2710 3440 2922 3506 superis
2945 3441 3174 3496 veniens

1870 3525 2062 3582 Justos
2085 3527 2140 3581 in
2167 3527 2377 3590 dextra,
2408 3529 2502 3582 sed
2527 3543 2725 3597 pravos
2755 3540 2908 3600 parte
2937 3530 3159 3587 sinistra

1952 3614 2146 3671 Pastor
2169 3625 2226 3670 ut
2255 3633 2322 3671 ex
2350 3618 2519 3674 haedis
2547 3620 2866 3676 dissociabit
2888 3637 3040 3677 oves.

1879 3704 2104 3762 Talibus
2132 3709 2323 3763 intenti
2354 3709 2535 3764 verbis
2566 3711 2746 3766 animo
2775 3713 3007 3782 sapienti

1955 3797 2182 3868 Semper
2214 3808 2464 3864 tractato,
2495 3799 2636 3871 quod
2665 3815 2836 3871 genus
2860 3804 2992 3858 estis
3019 3802 3169 3860 Adae.

1883 3889 2128 3945 Prmsens
2157 3891 2266 3945 vita
2301 3891 2501 3955 brevis,
2537 3891 2631 3948 sed
2656 3894 2761 3948 erit
2787 3905 3015 3950 ventura
3046 3911 3324 3967 perennis.

1957 3979 2156 4050 Nempe
2185 3982 2374 4036 beatus
2406 3983 2566 4038 homo
2595 3983 2825 4054 despicit
2852 3996 2972 4056 apta
3002 3988 3181 4044 modo.

1885 4068 2142 4125 [Ediﬁcat
2169 4087 2367 4137 mores,
2402 4073 2468 4127 ad
2501 4089 2656 4129 veros
2688 4077 2858 4130 tendit
2880 4077 3153 4144 honores;

1957 4160 2089 4216 Nam
2119 4164 2262 4234 quod
2294 4164 2527 4220 mundus
2555 4176 2723 4232 amat,
2738 4168 2852 4224 hrec
2874 4170 3018 4224 velut
3044 4172 3258 4236 umbra,
3292 4173 3460 4228 labat.

1883 4250 1993 4306 Sed
2026 4269 2123 4308 nos
2153 4271 2218 4310 ex
2249 4256 2416 4311 variis
2447 4258 2825 4326 cognoscimus
2852 4260 3040 4316 ultima
3071 4262 3262 4332 signis,

1959 4345 2097 4400 llinc
2136 4346 2312 4400 minus
2344 4347 2543 4401 incauti
2575 4349 2790 4403 turbine
2812 4350 3023 4420 judicii.

1818 4423 1865 4486 D
1889 4435 2018 4506 Ejus
2047 4437 2098 4489 in
2130 4451 2412 4491 occursum
2445 4445 2730 4496 teneamus
2754 4452 2975 4512 pectora
3003 4459 3240 4513 sursum,

1963 4527 2032 4586 Ut
2063 4528 2320 4583 Dominus
2343 4531 2569 4586 veniens
2599 4533 2841 4589 inveniat
2870 4534 3099 4608 vigiles;

1889 4621 2024 4676 Nam
2054 4619 2136 4675 sol
2159 4628 2215 4676 et
2237 4619 2366 4675 luna
2391 4622 2690 4692 pallescent
2714 4626 2834 4696 lege
2864 4628 2965 4684 sub
2997 4641 3123 4694 una,

1962 4711 2144 4767 Rebus
2167 4711 2365 4768 abhinc
2393 4714 2516 4770 linis
2537 4719 2770 4786 coeperit
2793 4733 2913 4773 esse
2938 4719 3100 4776 cinis.

1887 4803 2129 4872 Denique
2169 4805 2244 4858 ml
2276 4814 2467 4874 restat,
2500 4807 2604 4861 nisi
2628 4810 2772 4878 quod
2788 4825 2916 4880 spes
2945 4810 3133 4867 ultima
3158 4821 3416 4882 praestat;

1959 4892 2111 4960 Quod
2140 4895 2369 4952 mortale
2396 4894 2516 4963 fuit,
2546 4896 2647 4953 hoc
2684 4899 2964 4956 moriendo
2993 4903 3102 4957 ruit
3128 4920 3142 4956 :

1889 4986 1988 5041 Ast
2016 4985 2212 5040 animae
2239 4987 2489 5041 meritum
2522 4992 2788 5046 mercedis
2813 4993 3040 5061 percipit
3077 5010 3252 5049 usum.

1959 5077 2054 5132 Sic
2082 5079 2350 5146 quondam
2380 5079 2516 5134 lenis
2551 5084 2924 5153 propitiusque
2951 5085 3134 5151 nimis,

1885 5170 1958 5226 At
1990 5177 2117 5222 tunc
2146 5170 2425 5225 districtus
2453 5169 2635 5224 veniet
2664 5173 3000 5240 nimiumque
3029 5175 3329 5238 verendus;

1960 5256 2112 5312 Tunc
2138 5273 2353 5328 quoque
2377 5260 2704 5315 monstrabit
2735 5259 2956 5316 vulnera
2982 5277 3102 5331 qua:
3133 5264 3317 5316 subiit.
