3942 5340
407 108 513 173 299

406 228 578 285 Porro
607 230 725 286 dies
755 230 842 287 illa
877 232 1166 303 complebit
1203 240 1328 289 vata
1358 236 1587 308 sibyllae,

460 319 655 389 .Atque
677 322 1065 392 prophetarum
1097 324 1412 395 comprobat
1435 327 1711 383 indicium.
1758 372 1763 379 .

396 407 677 467 Cordiset
699 426 895 465 arcana
924 411 1051 466 (ient
1080 413 1184 468 hoc
1207 422 1452 484 tempore
1481 417 1662 486 plana.
1700 421 1704 425 ’
1756 450 1761 456 -

477 497 587 552 Illic
614 511 738 554 sero
767 508 964 570 gemet,
998 516 1160 571 quem
1189 505 1350 561 modo
1377 506 1522 562 risus
1546 508 1732 563 habet.

401 583 494 639 llla
521 587 635 642 dies
662 588 811 648 mirae
837 590 1017 659 pravis
1043 593 1324 648 advenerit
1346 594 1462 662 irai,
1522 640 1529 649 .

474 674 619 740 Quos
647 689 902 745 reparare
929 679 1089 735 modo
1110 680 1259 736 nulla
1295 683 1437 737 valet
1467 683 1645 757 ratio:
1758 736 1763 740 .

403 761 510 818 Sed
541 766 692 834 quasi
724 767 899 822 securi
928 776 1200 825 sectantes
1228 773 1511 828 commoda
1542 773 1749 840 mundi,

450 852 583 913 .Nec
610 868 805 913 curant
830 861 1046 918 animas
1066 862 1341 919 aediﬁcare
1374 871 1525 920 'suas.
1691 912 1695 919 .
1830 918 1833 923 .

397 943 507 1001 Illic
533 961 696 1005 causa
714 950 923 1025 gravis,
961 967 1122 1021 quam
1160 969 1322 1022 nunc,
1342 953 1652 1012 incredulus
1680 957 1854 1021 audis,

472 1034 516 1091 Ο
547 1037 715 1093 miser
743 1040 1082 1110 imprudens,
1113 1044 1348 1113 pessima
1385 1060 1612 1117 quaeque
1640 1048 1870 1118 gerens!

396 1123 544 1181 Nolis
573 1128 687 1183 sive
711 1129 865 1197 velis,
898 1132 1003 1188 hoc
1032 1132 1296 1204 judicium
1328 1136 1574 1205 patieris,

467 1215 645 1271 Pestis
669 1227 725 1272 et
751 1218 868 1288 ipse
897 1220 993 1275 tibi
1025 1221 1401 1279 discutiendus
1431 1224 1526 1296 ibi.

397 1303 551 1363 Tunc
584 1306 748 1376 igitur
775 1308 1024 1380 linquens
1049 1312 1257 1393 invitus,
1279 1296 1724 1392 carnisamores,
1878 1384 1879 1387 η

472 1396 557 1452 Nil
590 1400 860 1456 mercedis
886 1402 1112 1470 habens,
1153 1405 1240 1462 his
1265 1407 1389 1477 quia
1416 1423 1560 1464 nunc
1589 1407 1786 1464 frueris
1810 1425 1825 1475 ;

395 1593 984 1630 H

1363 121 1663 179 0Tlll.ONl
1690 121 1964 181 .HONAGI

2070 123 2110 179 5.
2153 117 2578 179 ΕΜΜΕΒΛΜΜΙ
2746 115 2771 125 ’
3551 119 3675 175 δοο

1824 246 1825 249 ‘
2019 239 2067 299 Α
2099 234 2207 292 Sed
2238 236 2410 307 magis
2438 244 2699 292 aeternum
2731 247 2829 305 pro
2860 231 3055 290 talibus
3081 232 3186 295 ibis
3211 233 3268 289 in
3307 233 3512 304 ignem,

2163 328 2280 396 Quo
2309 328 2481 395 dolor,
2510 328 2603 393 ah,
2626 333 2683 382 et
2703 341 2783 381 va:
2803 340 3019 397 semper
3045 326 3149 381 erit
3170 325 3426 396 sinespe.

2086 418 2136 474 0
2169 417 2396 473 nimium
2426 417 2633 483 miseri,
2660 416 2855 472 sentite
2878 414 3053 471 locum
3078 414 3390 480 miserandi,

2163 507 2230 562 Et
2251 507 2334 561 vel
2364 507 2541 561 adhuc
2570 506 2726 562 vobis
2751 502 3085 576 parcitejam
3114 503 3355 559 miseris!

2092 597 2230 653 Ecce
2258 606 2449 667 parata
2479 597 2647 662 salus,
2676 612 2744 652 en
2771 595 3108 667 acceptabile
3136 594 3380 664 tempus!

2163 688 2402 756 Quasrite
2425 674 2711 754 fautorem,
2741 676 2948 760 poscite
2969 672 3121 757 pacis
3147 672 3325 755 opem.
3452 743 3456 748 ,

2090 777 2326 844 Currite,
2355 780 2482 832 dum
2512 780 2701 848 quitis,
2730 787 2785 831 et
2814 777 2943 831 vita:
2971 775 3151 829 lumen
3182 774 3429 840 habetis,'

2158 870 2296 924 Dum
2327 882 2544 925 maneat
2574 860 2804 939 tempus,
2836 884 2942 924 non
2974 867 3291 939 neglegatur
3314 882 3494 939 opus:

2085 958 2155 1012 At
2189 958 2475 1031 neglegens
2498 958 2707 1030 tempus
2729 957 2894 1015 fuerit
2924 945 3041 1014 Siue
3064 959 3170 1013 [ine
3190 957 3495 1029 neglectus,

2159 1047 2312 1116 Quod
2341 1049 2442 1104 sibi
2465 1050 2697 1120 quisque
2726 1049 2874 1120 legit,
2901 1049 3004 1103 hoc
3026 1044 3309 1104 habiturus
3335 1047 3462 1102 erit.

1988 1184 2009 1191 ..
2087 1140 2221 1196 Nam
2244 1146 2496 1198 sermone
2519 1142 2665 1198 brevi
2689 1142 3033 1198 concluditur
3053 1140 3142 1195 hic
3173 1138 3361 1194 modus
3385 1138 3509 1203 avi,

2161 1232 2376 1304 Pracpes
2404 1234 2512 1288 vita
2541 1233 2719 1299 bonis,
2758 1248 2904 1288 mors
2935 1232 3052 1286 sine
3080 1233 3188 1286 [ine
3219 1229 3398 1284 malis.

2087 1320 2213 1377 Haec
2244 1333 2465 1393 pensate
2491 1320 2612 1387 viri,
2639 1323 2805 1379 libeat
2832 1323 3034 1378 virtute
3056 1320 3216 1391 potiri
3239 1337 3254 1385 ;

2159 1413 2236 1471 Ne
2264 1416 2456 1471 mortis
2485 1416 2641 1471 turba
2674 1430 2772 1471 vos
2800 1414 2979 1484 capiat
3003 1412 3203 1468 subito.

988 1606 3654 1647 MM

1034 1711 1974 1931 nausiantis
2055 1700 2868 1909 omnem

866 2033 1441 2211 LIBER
1603 1999 3193 2209 PROVERBIORUM.

554 2262 793 2327 Erulus
824 2284 902 2327 ea:
935 2264 1071 2328 cod.
1109 2266 1531 2346 autographa,
1572 2267 1640 2346 in
1670 2265 1907 2343 inclyta
1929 2268 2313 2346 monasterio
2344 2244 3105 2346 Sonat-Emmerammensi
3133 2273 3475 2340 asservato,

990 2364 1023 2404 a
1055 2360 1181 2405 rev.
1216 2344 1289 2404 DL
1326 2344 1516 2406 Patre
1546 2344 1823 2439 Casparo
1859 2344 2236 2421 Alttecltner,
2265 2345 2667 2441 Benedictino
2697 2344 3063 2407 Mellic‘enst'.

671 2532 849 2607 (Apud
875 2533 941 2588 Β.
969 2531 1031 2589 Ρ.
1066 2529 1401 2589 Bcrnardum
1430 2531 1673 2599 Pezium,
1710 2529 2011 2589 Thesaurus
2041 2532 2238 2588 Anecd.
2265 2534 2456 2590 noviss.
2489 2533 2734 2611 tom..,lll,
2765 2518 2921 2606 parte
2944 2516 3008 2601 ll,
3037 2547 3163 2604 pag.
3195 2532 3350 2606 483.)

1852 2704 2278 2730 ..ὼ-α

1222 2894 1631 2976 INCIPIT
1709 2893 2252 3006 PROLOGUS
2315 2876 2867 2979 OTHLONJ

456 3119 591 3181 Cum
633 3132 805 3191 nuper
834 3090 928 3172 illa.
951 3098 1073 3186 quae
1110 3114 1365 3170 dicuntur
1393 3112 1615 3169 Senecae
1654 3112 1966 3184 proverbia,
1992 3098 2048 3174 VB
2074 3111 2270 3165 ueneris
2292 3111 2345 3164 in
2373 3127 2587 3182 regnum
2611 3121 2780 3179 tuum,
2805 3128 3010 3171 scmms
3035 3122 3275 3174 omnium
3302 3122 3518 3178 Veniam
3537 3138 3667 3194 pec.

387 3230 486 3289 per
530 3208 804 3289 alphabeti
848 3205 1095 3282 ordinem
1136 3203 1415 3269 distincta,
1471 3203 1744 3274 legissem,
1795 3203 1971 3273 primo

385 3307 605 3380 quidem
641 3299 884 3357 mirabar
908 3306 1112 3353 tantam
1140 3296 1394 3365 cuiquam
1419 3295 1712 3350 inﬁdelium
1735 3292 1974 3363 pruden-

388 3399 521 3453 tiam
550 3396 733 3467 inesse
754 3390 1024 3469 potuisse,
1052 3396 1252 3458 quanta
1292 3387 1347 3441 in
1391 3385 1712 3467 quibusdam
1756 3398 1993 3465 eorumj

384 3488 507 3543 dem
574 3481 986 3559 proverbiorum
1026 3476 1188 3532 dictis
1257 3475 1567 3555 reperitur.
1610 3472 1815 3558 Deinde
1862 3484 1969 3525 non

384 3591 574 3647 parum
607 3572 875 3629 incitabar
903 3571 970 3625 ad
996 3569 1098 3623 hoc
1124 3575 1183 3622 ut
1218 3581 1341 3621 eum
1372 3566 1557 3647 aliquo
1599 3564 1760 3620 simili
1792 3562 1970 3618 studio

384 3669 667 3731 imitarer,
710 3662 1028 3738 colligendo
1079 3660 1287 3716 scilicet
1332 3670 1441 3714 tam
1502 3674 1570 3715 ex
1619 3657 1970 3713 saecularibus

384 3773 550 3829 quam
589 3772 656 3812 ex
685 3755 858 3810 sacris
886 3753 1102 3816 litteris,
1137 3763 1251 3807 tum
1283 3752 1446 3807 etiam
1493 3765 1559 3829 es
1600 3748 1799 3804 nostris
1841 3763 1972 3818 pro-

382 3825 569 3905 verbia
598 3846 777 3918 aliqua
807 3846 874 3900 ad
904 3843 1315 3900 aedificationem
1347 3825 1582 3896 ﬁdelium
1609 3854 1867 3909 congrua.
1909 3836 1967 3893 Si

383 3938 531 3993 enim
558 3938 698 3992 idem
728 3936 954 3999 Seneca,
977 3934 1174 3989 nullam
1200 3932 1359 3988 tidem
1388 3941 1442 3986 et
1469 3945 1617 4001 Spem
1641 3944 1739 3999 pro
1762 3936 1966 3983 aeterna

381 4027 493 4083 vita
539 4026 828 4082 obtinenda
874 4025 1129 4089 babeus,‘
1164 4023 1258 4078 sed
1306 4020 1676 4077 tantummodo
1724 4020 1776 4076 in
1806 4017 1966 4088 hujus

380 4119 509 4175 vita:
563 4116 807 4174 moribus
861 4116 1100 4171 honestis
1148 4114 1483 4180 delectatus,
1541 4112 1746 4169 studuit
1797 4120 1854 4166 et
1907 4125 1967 4166 se

381 4211 659 4281 corrigere
685 4218 740 4264 et
764 4208 900 4263 alios
925 4207 993 4262 ad
1013 4204 1402 4262 correctionem
1441 4204 1730 4269 instruere,
1764 4213 1967 4273 quanto

384 4301 559 4372 magis
587 4290 707 4371 ego,
737 4298 829 4369 qui
852 4283 1022 4354 credo
1049 4297 1218 4352 Deum
1246 4298 1445 4367 ubique
1468 4311 1590 4352 esse
1615 4283 1960 4366 praesentem,

382 4376 967 4460 aeternamquevitam
1019 4387 1365 4459 diligentibus
1408 4401 1467 4443 se
1518 4388 1960 4457 promittentem,

383 4483 585 4553 quique
612 4481 730 4536 scio
751 4468 1003 4535 omnibus
1025 4478 1257 4534 dictum:
1284 4477 1387 4543 Qui
1416 4478 1585 4543 audit,
1609 4476 1784 4530 dicat:
1811 4472 1970 4541 Veni;

383 4581 439 4629 et
468 4590 482 4627 :
515 4571 722 4638 Clama,
753 4560 818 4626 ne
846 4558 1032 4633 cesses,
1058 4574 1106 4624 et
1132 4571 1389 4624 annuntio
1416 4568 1607 4638 populo
1629 4553 1748 4621 meo.
1772 4554 1967 4621 scelera

382 4680 583 4725 eorum.
601 4663 669 4723 Et
689 4650 846 4734 juxta
874 4660 1241 4732 evangelicam
1266 4658 1598 4730 parabolam,
1618 4656 1708 4710 alii
1729 4655 1973 4739 quinque

385 4756 585 4811 talenta
618 4755 684 4809 ad
731 4768 949 4815 usuram
979 4753 1102 4806 data
1134 4747 1516 4825 [narrantem],
1547 4747 1638 4801 alii
1670 4761 1797 4803 vero
1836 4746 1963 4829 duo,

379 4848 475 4904 alii
498 4855 677 4902 autem
701 4833 888 4908 unum,
914 4842 1303 4914 patrel‘amilias
1319 4840 1533 4895 dicente
1563 4854 1578 4894 :
1612 4839 1965 4908 Negotiamim

379 4937 507 4994 dum
535 4939 702 5001 venio,
733 4936 940 5004 aliquos
978 4950 1073 5004 per
1112 4946 1371 5009 concessa
1418 4930 1660 4983 scientiae
1702 4931 1838 4982 dona
1895 4929 1962 4983 ad

381 5028 793 5087 aediﬁcationem
826 5026 1042 5083 trahere
1064 5022 1253 5076 debeo.
1283 5020 1349 5074 Et
1372 5035 1532 5097 quam
1552 5018 1848 5088 jucundum
1900 5034 1964 5073 ac

382 5135 551 5175 suave
575 5119 744 5173 videri
801 5118 961 5170 debet
1015 5100 1306 5180 unicuique
1346 5119 1403 5164 ut
1456 5112 1633 5180 aliqua
1682 5102 1977 5166 sementim

383 5209 718 5264 brevissima:
767 5203 1014 5265 verbula,
1056 5215 1152 5269 per
1197 5215 1317 5268 qtae
1350 5200 1620 5257 emendari
1669 5200 1864 5262 valeat,
1909 5199 1963 5253 in

387 5290 568 5340 mmiln
588 5280 952 5340 “muni-intum
971 5309 1064 5340 sua
1089 5292 1285 5340 iugiter
1306 5301 1508 5340 teneat:
1534 5293 1965 5340 mmndnmiiilem

2074 3207 2318 3254 calorum
2364 3215 2586 3255 suorum
2636 3201 2989 3272 impetrasse!
3045 3208 3240 3274 Quem,
3269 3208 3418 3282 rego,
3452 3212 3656 3269 intelli-

2072 3291 2267 3360 gentiae
2289 3291 2488 3345 donum
2513 3292 2681 3347 albeo
2702 3294 3060 3363 postulantem
3092 3299 3321 3355 edocere
3345 3317 3450 3356 non
3486 3312 3663 3374 potest

2073 3381 2306 3452 qualiter
2347 3383 2452 3438 hoc
2484 3384 2747 3447 obtineat,
2795 3386 2841 3441 si
2887 3386 3037 3465 illum
3068 3390 3409 3447 'versiculum
3459 3393 3659 3464 saepius

2071 3489 2255 3530 secum
2287 3476 2523 3530 ruminat
2556 3494 2569 3530 :
2598 3475 2902 3532 Intellectus
2944 3479 3107 3535 bonus
3146 3483 3387 3537 omnibus
3414 3477 3662 3552 facienti-

2071 3566 2165 3619 bus
2195 3567 2353 3620 eum?
2399 3566 2560 3622 Certe
2587 3569 2632 3624 si
2671 3572 3044 3627 tantummodo
3073 3587 3289 3628 sensum
3340 3576 3659 3633 earumdem

2070 3653 2359 3710 verborum
2405 3656 2566 3722 sciat,
2593 3656 2987 3729 veritatemque
3037 3660 3090 3715 iu
3142 3662 3226 3717 his
3270 3677 3391 3718 esse
3437 3666 3653 3731 credat,

2069 3744 2315 3803 sullicere
2342 3747 2389 3802 ei
2422 3756 2648 3818 possunt
2667 3749 2734 3804 ad
2750 3750 3001 3805 salutem.
3021 3748 3473 3823 Doceutnamque
3500 3753 3655 3811 illum

2069 3841 2216 3909 quia,
2244 3841 2288 3894 si
2317 3840 2368 3893 id
2408 3840 2607 3894 bonum
2636 3842 2778 3910 quod
2796 3842 2909 3913 jam
2957 3843 3204 3913 intelligit
3225 3843 3408 3910 faciat,
3431 3846 3664 3917 amplior

2068 3930 2119 3985 ei
2163 3931 2462 3986 intellectura
2491 3931 2685 3988 veniat.
2731 3931 2920 3990 Nonne
2948 3935 3250 4005 hujusmodi
3292 3930 3549 4003 doctrina
3601 3948 3661 3995 et

2068 4023 2356 4093 promissio
2387 4022 2755 4093 amplectenda
2783 4034 2867 4080 est
2894 4026 3040 4080 omni
3068 4026 3265 4081 modo?
3290 4025 3500 4082 Similis
3524 4043 3661 4098 quo-

2069 4130 2174 4184 que
2195 4113 2440 4170 doctrina
2466 4125 2644 4184 potest
2667 4116 2897 4171 inveniri
2928 4118 2982 4172 in
3008 4117 3191 4172 multis
3210 4119 3495 4175 sententiis
3517 4136 3659 4191 quas

2068 4207 2157 4262 bic
2198 4194 2367 4277 posui.
2405 4198 2511 4263 Sed
2542 4208 2850 4278 praedictam
2889 4204 3260 4266 sententiolam
3303 4212 3356 4266 in
3386 4211 3490 4267 hoc
3528 4228 3659 4283 pro-

2067 4296 2188 4366 logo
2213 4298 2334 4352 ideo
2356 4298 2579 4367 exposui
2610 4306 2667 4351 ut
2695 4298 2913 4354 lectoris
2932 4289 3170 4355 animum
3193 4301 3263 4355 ad
3291 4301 3516 4371 legenda
3541 4317 3653 4357 non

2068 4388 2241 4443 solum
2264 4388 2363 4442 ista
2380 4404 2496 4457 qua:
2527 4388 2615 4443 hic
2638 4375 2965 4460 collegi,-sed
2988 4390 3151 4445 etiam
3175 4391 3242 4446 ad
3269 4394 3449 4448 omnia
3480 4408 3655 4453 sacra

1999 4480 2042 4541 C
2076 4468 2373 4548 Scripturae
2419 4480 2562 4533 dicta
2611 4481 2918 4535 incitarem.
2950 4480 3089 4536 Nulli
3127 4482 3271 4537 enim
3306 4484 3374 4538 ad
3419 4484 3654 4541 salutem

2072 4566 2287 4637 prolicit
2307 4568 2452 4638 quod
2480 4583 2636 4623 sacra
2670 4568 2833 4624 verba
2874 4571 2990 4625 sine
3019 4571 3200 4625 cordis
3228 4573 3527 4629 intentione
3552 4590 3654 4629 au-

2071 4658 2151 4713 dit
2178 4668 2231 4713 et
2259 4658 2409 4745 legit.
2439 4659 2591 4745 Unde
2638 4670 2694 4717 et
2740 4663 2997 4719 Dominus
3024 4674 3209 4721 noster
3254 4668 3309 4721 in
3360 4667 3656 4737 Evangelia

2071 4746 2347 4802 auditores
2393 4764 2520 4803 suos
2563 4750 2759 4820 smpius
2818 4753 3070 4808 admouet
3099 4770 3112 4807 :
3146 4752 3251 4819 Qui
3290 4755 3443 4809 habet
3493 4772 3655 4812 aures

2071 4839 2343 4904 audiendi,
2371 4837 2588 4905 audiat;
2616 4856 2681 4896 ac
2720 4842 2765 4897 si
2794 4843 2999 4900 diceret
3035 4861 3047 4896 :
3079 4845 3180 4911 Qui
3209 4844 3374 4900 habet
3398 4830 3661 4901 voluntas

2072 4938 2178 4982 tem
2210 4937 2265 4981 et
2292 4928 2641 4984 intentionem
2669 4931 2812 4986 illam
2843 4942 2921 4998 ul,
2956 4924 3237 5003 praceptis
3276 4937 3475 4990 divinis
3520 4916 3653 5003 obe;

2070 5020 2395 5085 dieus,bona
2412 5037 2531 5092 qua:
2550 5023 2799 5093 intelligit
2835 5026 3017 5090 faciat,
3041 5029 3321 5082 docentem
3345 5044 3430 5084 me
3443 5029 3648 5094 audiat,

2071 5111 2308 5181 alioquin
2332 5111 2463 5166 nihil
2492 5115 2538 5166 ei
2568 5116 2784 5178 prodest
2812 5110 2975 5171 verba
3000 5108 3124 5171 mea
3156 5119 3364 5172 audire.
3500 5102 3507 5105 ⁷

2145 5202 2556 5259 Proverbiorum
2579 5216 2756 5261 autem
2782 5207 2868 5262 hic
2886 5207 3233 5279 cullectorum
3258 5198 3648 5278 dictis‘parvuli

2074 5295 2299 5340 nnililmt
2342 5295 2633 5340 sanlnslini-
2665 5297 2707 5340 Ri
2751 5296 2822 5340 ita
2872 5299 3120 5340 mninmtm
3163 5300 3383 5340 nlmmnt.
3424 5307 3645 5340 lmannl
