3942 5340
1504 309 1708 369 LIBER
1747 316 2310 381 PROVERBIORUM.

295 409 528 465 ’δηιοδθ
566 412 759 468 “iam
783 415 956 482 δεξιάς
985 416 1079 472 Sed
1108 419 1163 473 εὶ
1185 420 1401 475 Utiliora
1435 437 1592 492 quam
1622 428 1866 495 quaedam
1895 415 1942 493 Δ
1973 433 2176 504 aliquid
2203 453 2299 507 pro
2327 448 2465 497 bono
2493 459 2679 501 eorum
2705 411 2948 518 introitu,
2984 455 3038 509 id
3063 465 3164 522 est,
3193 473 3294 528 pro
3314 460 3559 521 disccadi

295 496 504 528 ’,σιΙΛι-ἶο
536 502 697 528 nun—lu.
775 517 890 528 An.“
943 515 1168 528 --._-_---
1216 520 1395 528 -..Α,--
1432 523 1442 528 -
1481 527 1486 528 ,
1553 525 1562 528 Α
1746 517 1757 527 ι
1800 525 1807 528 .
1847 517 1860 528 Ι
1900 525 1911 528 -
1971 525 1981 528 -
2034 527 2039 528 ,
2079 527 2085 528 ,

274 496 506 553 Catonis
536 502 724 566 verba,
772 517 892 571 quae
943 515 1171 574 utraque
1209 520 1400 564 omnes
1432 491 1568 579 pene
1620 491 1866 583 magistri
1899 491 1915 545 ί

275 588 457 660 legere
484 591 668 648 solent
710 585 776 648 ad
824 596 994 664 prima
1041 612 1332 666 puerorum
1378 601 1722 669 documenta,
1756 621 1866 661 non

274 681 628 738 attendentes
691 685 816 752 quia
869 696 976 741 tam
1042 692 1281 759 parvulis
1333 710 1495 764 quam
1563 699 1868 756 senioribus

187 817 192 820 .
268 770 479 824 Christi
524 772 777 829 ﬁdelibus
821 790 977 830 sacra
1025 780 1204 846 petins
1235 797 1397 851 quam
1449 786 1668 852 gentilia
1716 789 1866 844 rudi-

269 869 452 914 menta
480 860 738 930 primitus
765 865 872 918 sint
893 867 1218 933 exhibenda,
1240 883 1318 934 ut,
1348 872 1399 925 in
1425 873 1509 926 his
1523 872 1864 943 aliquatenus

264 954 544 1018 instructi,
571 964 757 1023 postea
801 958 1088 1014 saculares
1111 961 1322 1016 litteras
1357 965 1458 1018 arti
1489 968 1859 1036 grammatica:

261 1057 539 1111 congruas
575 1044 820 1100 securius
846 1046 1076 1102 discant.
1111 1048 1243 1103 Nam
1276 1051 1402 1106 licet
1439 1055 1648 1122 parvuli
1684 1057 1863 1113 minus

262 1131 444 1184 idonei
467 1132 580 1187 sint
598 1133 911 1192 discernere
934 1139 1075 1192 inter
1097 1141 1294 1195 bonum
1318 1154 1374 1198 et
1398 1144 1618 1209 malum,
1647 1146 1860 1202 facilius

265 1227 450 1272 tamen
478 1229 536 1274 et
567 1224 810 1278 tenacius
854 1226 936 1280 eis
981 1227 1244 1285 inhaerere
1285 1232 1423 1287 solet
1459 1235 1660 1289 malum
1697 1252 1862 1306 quam

263 1310 492 1366 bonum.
525 1312 764 1384 Ideoque
805 1318 897 1387 qui
945 1320 1173 1378 studiosi
1207 1339 1328 1380 esse
1357 1325 1523 1380 velint
1568 1341 1668 1396 pro
1715 1327 1859 1384 bono

259 1405 710 1463 instruendorum
757 1410 1107 1480 parvulorum
1151 1416 1338 1483 exitu,
1391 1419 1643 1474 studeant
1686 1421 1855 1477 etiam

1969 525 2159 592 initio,
2191 531 2472 603 sciantque
2503 539 2628 606 quia
2653 541 3023 601 dillicillimum
3055 559 3137 604 est
3165 525 3369 608 homini
3406 570 3557 612 rece«

1969 614 2098 670 dere
2135 633 2164 672 a
2196 621 2338 676 malo
2368 627 2507 692 quod
2539 644 2636 682 usu
2674 637 3082 702 comprehendit
3105 641 3380 698 diuturno.
3409 630 3554 704 Prte-

1969 713 2114 762 terea
2133 713 2515 770 attendendum
2533 724 2772 790 estquia,
2792 741 2912 781 cum
2932 730 3070 783 Deus
3088 735 3382 803 prospiciat
3398 753 3557 810 super

1968 795 2105 853 lilios
2157 801 2477 873 hominum,
2538 821 2596 864 ut
2656 814 2838 870 videat
2894 820 2939 874 si
2987 795 3420 896 est-intelligens
3461 795 3558 886 aut

1967 889 2250 957 requirens
2280 894 2474 963 Deum,
2501 903 2680 956 cernit
2706 907 2868 961 etiam
2899 927 3014 979 qua:
3041 913 3111 968 sit
3139 930 3268 971 cura
3292 927 3349 972 et
3373 921 3554 976 inten-

1970 978 2046 1033 tio
2099 984 2481 1054 magistrorum
2531 991 2588 1046 in
2638 995 2882 1054 doctrina
2934 1003 3341 1075 discipulorum,
3370 1020 3553 1067 utrum

1968 1081 2063 1170 eos
2093 1073 2321 1131 doceant
2350 1095 2448 1148 pro
2473 1088 2773 1153 appetenda
2799 1100 2854 1146 et
2876 1073 3162 1152 obtinenda
3186 1101 3360 1170 gloria
3387 1120 3555 1161 siccu-

1967 1158 2087 1224 lari,
2120 1178 2187 1216 an
2213 1182 2313 1235 pro
2346 1171 2638 1238 spirituali.

2035 1249 2160 1352 limo
2189 1271 2300 1321 vos,
2335 1261 2603 1333 discipuli,
2639 1270 2949 1342 pariterque
2973 1285 3176 1343 notate,
3209 1281 3430 1352 agistri;

2033 1339 2178 1412 llam,
2210 1362 2358 1418 rogo,
2385 1353 2596 1423 devote,
2624 1362 2778 1427 pueri
2805 1339 3126 1436 ct‘juvcnes,
3157 1339 3400 1440 legitote.

1715 1621 2048 1645 h—

932 1769 1340 1856 lNCIPIT
1417 1782 1925 1866 LIBELLUS
1990 1747 2820 1886 PROVERBIORUM.

783 2031 1011 2090 CAPUT
1049 2033 1334 2093 PRIMUM.

1878 2051 1928 2117 B
2023 2058 2102 2114 Ad
2142 2077 2334 2134 magna
2363 2068 2555 2136 gaudia
2593 2071 2863 2139 perveniri
2914 2089 3019 2130 non
3068 2087 3246 2148 potest
3290 2083 3396 2142 nisi
3444 2103 3544 2159 per

337 2119 679 2190 Adjutorium
710 2132 952 2177 nostrum
981 2126 1037 2180 in
1085 2129 1304 2185 nomine
1333 2130 1566 2201 Domini,
1598 2137 1690 2208 qui
1726 2136 1853 2195 iecit
1955 2167 2180 2224 magnos
2212 2119 2447 2214 tzborzs,

260 2211 466 2266 (mlum
502 2223 558 2268 et
591 2221 814 2270 terram.

334 2304 542 2378 Allevat
586 2306 849 2363 Dominus
877 2325 1066 2368 omnes
1111 2314 1202 2383 qui
1253 2326 1535 2386 corruunt,
1588 2330 1643 2374 et
1691 2323 1851 2393 erigit
1951 2335 2002 2388 di

254 2410 454 2452 omnes
488 2398 674 2453 elisos.
1841 2463 1845 2467 .

328 2485 484 2555 Apud
503 2489 788 2544 Dominum
805 2507 1023 2562 gressus
1045 2494 1279 2552 hominis
1300 2497 1618 2568 dirigentur,
1635 2509 1688 2554 et
1705 2502 1844 2559 viam

250 2579 378 2649 ejus
407 2581 569 2634 volet.
653 2571 658 2577 ’

330 2671 483 2742 Apud
539 2672 826 2728 Dominum
886 2676 1294 2746 misericordia,
1345 2691 1400 2735 et
1446 2683 1661 2752 copiosa
1701 2685 1840 2754 apud

251 2778 379 2817 cum
400 2763 718 2834 redemptio.

329 2854 735 2922 Apprehendite
776 2857 1142 2929 disciplinam,
1186 2878 1254 2918 ne
1303 2864 1520 2933 quando
1571 2866 1842 2921 irascatur

251 2944 540 3012 Dominus,
580 2956 634 3001 et
659 2951 898 3017 pereatis
927 2952 992 3007 de
1029 2953 1113 3007 via
1133 2955 1303 3024 justa.

324 3036 520 3090 Anima
547 3052 667 3107 qua:
694 3043 1020 3109 peccaverit,
1047 3046 1160 3114 ipsa
1186 3048 1458 3103 morietur.

324 3132 490 3187 Arcta
517 3145 571 3188 et
593 3148 835 3208 angusta
854 3140 939 3193 via
960 3150 1042 3195 est
1071 3155 1188 3211 qua:
1215 3142 1366 3198 ducit
1393 3145 1461 3199 ad
1491 3145 1674 3201 vitam.

323 3223 517 3278 Anima
543 3225 672 3294 justi
703 3229 860 3285 sedes
880 3240 963 3286 est
987 3233 1283 3303 sapientia).

320 3314 546 3371 Aversio
575 3321 921 3388 parvulorum
966 3324 1253 3382 interﬁciet
1282 3342 1396 3396 eos,
1426 3339 1480 3385 et
1505 3332 1834 3402 prosperitas

242 3405 540 3460 stultorum
569 3410 759 3476 perdet
792 3411 930 3467 illos.

319 3495 617 3566 Argentum
646 3499 876 3555 electum
911 3503 1087 3572 lingua
1112 3506 1264 3575 justi.

320 3585 664 3643 Abominatio
690 3601 772 3644 est
803 3593 1028 3648 Domino
1053 3597 1136 3649 via
1165 3598 1336 3668 impii.

317 3678 556 3732 Audiens
579 3680 795 3748 sapiens
826 3684 1120 3752 sapientior
1134 3688 1258 3742 erit.
1349 3725 1351 3727 ι

315 3768 522 3824 Altiora
560 3781 610 3827 te
638 3789 705 3830 ne
734 3777 1037 3846 (lUlUSlOl‘lS.

317 3860 615 3920 Ambulans
647 3878 794 3922 recto
828 3870 1022 3924 itinere
1043 3880 1097 3924 et
1120 3871 1316 3926 timens
1346 3872 1513 3925 Deum
1537 3872 1829 3942 despicitur

242 3949 319 4008 ab
346 3969 410 4007 eo
432 3957 523 4024 qui
554 3957 737 4012 infanti
769 3961 1020 4030 graditur
1044 3961 1149 4016 via.
1209 3982 1211 3984 ·

315 4042 535 4097 Amicus
561 4045 853 4101 stultorum
880 4049 1143 4104 etlicietur
1170 4051 1382 4105 similis.

317 4129 523 4185 Avarus
546 4148 650 4187 non
671 4134 925 4204 impletur
947 4139 1196 4207 pecunia,
1223 4149 1276 4194 et
1296 4141 1388 4209 qui
1411 4151 1556 4196 amat
1586 4142 1821 4209 divitias,

243 4217 455 4276 fructus
483 4238 590 4277 non
621 4225 794 4293 capiet
825 4239 891 4278 ex
922 4227 1021 4280 cis.

312 4310 592 4368 Accedens
621 4315 687 4368 ad
718 4316 1036 4371 servitutem
1086 4312 1201 4384 Dei,
1234 4330 1317 4376 sta
1349 4322 1635 4391 iniustitia
1682 4335 1737 4380 et
1760 4328 1824 4381 ti-

236 4415 412 4467 more,
440 4411 495 4458 et
521 4419 762 4475 przepara
796 4409 1034 4460 animam
1067 4417 1212 4464 tuam
1243 4412 1310 4466 ad
1341 4414 1717 4469 tentationeni'.

309 4490 448 4547 Ante
477 4495 688 4549 ruinam
724 4495 996 4552 exaltatur
1021 4513 1134 4567 cor,
1164 4511 1218 4556 et
1248 4511 1374 4558 ante
1402 4503 1627 4574 gloriam
1653 4506 1824 4561 humi-

237 4579 416 4635 liatur.
549 4583 554 4586 ’

309 4671 458 4726 Alter
498 4657 723 4732 alterius
753 4693 922 4734 onera
977 4658 1299 4750 portate,ct
1343 4684 1421 4739 sic
1457 4685 1820 4756 adimplcbitis

237 4760 408 4830 legem
432 4763 653 4821 Christi.

310 4852 565 4910 Animalis
592 4857 754 4915 homo
782 4877 890 4916 non
924 4863 1152 4932 percipit
1179 4881 1242 4921 ea
1286 4882 1406 4938 quae
1439 4879 1566 4925 sunt
1592 4871 1813 4940 spiritus

237 4940 355 4994 Dei.
1101 4968 1106 4972 ·

306 5031 563 5093 Ardentes
590 5039 785 5095 diaboli
831 5041 1046 5110 sagitta:
1065 5041 1393 5115 jejuniorum
1424 5058 1478 5103 et
1505 5051 1809 5121 vigiliarum

232 5117 432 5190 frigore
458 5137 576 5181 sunt
614 5131 1033 5201 restinguendae.

306 5212 466 5268 Amor
491 5218 580 5273 Dei
610 5219 886 5292 nunquam
918 5225 1239 5286 estotiosus.

483 5321 597 5340 Anon
646 5314 817 5340 ..ιι-...ἔρ
877 5326 1039 5340 III-nm
1091 5317 1182 5340 “-0

483 5321 597 5340 Anon
646 5314 817 5340 ιιι-...ξι
877 5326 1039 5340 IIl-nm
1091 5317 1154 5340 Π-

2022 2243 2345 2314 Arrogantia
2375 2263 2495 2318 qua:
2525 2251 2716 2309 divites
2755 2255 2809 2309 in
2855 2259 3048 2326 opibus
3079 2264 3312 2332 extollit,
3343 2270 3534 2327 eadem

2011 2335 2143 2391 vites
2174 2338 2227 2391 in
2257 2341 2461 2409 verbis,
2495 2343 2547 2398 id
2581 2355 2684 2414 est,
2718 2348 3048 2420 dialecticos,
3081 2357 3378 2426 smpissitne
3408 2364 3537 2418 sub-

1951 2425 2135 2479 vertit.

2016 2513 2201 2569 Ardua
2228 2519 2467 2576 scienlize
2498 2522 2637 2579 dona
2666 2525 2970 2585 humilitate
3002 2533 3244 2605 indigent
3271 2541 3529 2597 maxima.

2015 2604 2221 2660 Aurum
2249 2608 2461 2666 ditlicile
2487 2624 2571 2669 est
2596 2616 2650 2670 in
2679 2616 2791 2672 luto
2818 2635 3082 2690 quzercre.

2013 2699 2192 2756 Ardor
2220 2715 2506 2773 corporum
2546 2705 2914 2778 frigidioribus
2963 2716 3101 2777 cibis
3138 2724 3522 2791 temperandus

1948 2797 2051 2844 081..
2069 2815 2074 2819 ·

2012 2882 2255 2939 Arduum
2304 2895 2386 2942 est
2422 2888 2528 2944 iter
2563 2891 2851 2961 castitatis,
2879 2899 2995 2965 .sed
3044 2914 3242 2970 magna
3295 2912 3422 2957 sunt
3481 2906 3530 2959 ei

1940 2976 2162 3042 praemia

2009 3066 2161 3137 Aqua
2216 3070 2371 3125 nobis
2431 3073 2484 3126 in
2543 3074 2720 3128 vinum
2772 3078 3022 3144 vertitur,
3087 3082 3302 3150 quando
3373 3099 3528 3139 sacra

1937 3154 2164 3211 historia
2191 3159 2243 3213 in
2271 3163 2605 3230 spiritualem
2644 3165 2800 3222 nobis
2846 3168 3252 3240 intelligentiam
3280 3188 3527 3231 commn-

1940 3253 2107 3300 tatur.

2005 3335 2144 3390 Ante
2195 3339 2605 3395 conversionem
2638 3341 2902 3413 'procedit
2946 3347 3100 3402 turba
3147 3360 3516 3420 peccatorum,

1938 3435 2060 3495 post
2126 3432 2531 3487 conversionem
2585 3450 2712 3492 vero
2771 3441 3016 3508 sequitur
3067 3445 3220 3497 turba
3272 3445 3525 3498 tentatio-

1938 3534 2090 3572 num.

2003 3610 2158 3678 Apud
2203 3613 2448 3670 homines
2487 3630 2583 3671 cor
2629 3633 2692 3673 ex
2743 3621 2942 3688 verbis,
2977 3623 3118 3693 apud
3168 3623 3338 3680 Deum
3388 3625 3552 3682 vero

1933 3701 2096 3755 verba
2123 3715 2420 3772 pensantur
2443 3722 2506 3761 ex
2536 3711 2720 3766 corde.

2001 3789 2198 3845 Amare
2219 3803 2303 3847 est
2325 3795 2580 3865 ﬁliorum,
2606 3800 2799 3856 timere
2826 3812 2910 3858 est
2935 3819 3230 3860 servorum.

2003 3893 2237 3963 Agnum,
2276 3911 2597 3969 quocunque
2652 3902 2800 3971 ierit,
2830 3906 3005 3971 seoui,
3048 3907 3356 3976 specialiter
3383 3925 3515 3966 con-

1929 3985 2075 4054 gruit
2102 3985 2424 4056 virginibus.
2504 4012 2509 4016 ·

1957 4153 1960 4159 ι
1999 4089 2412 4147 Attendentibus
2452 4109 2708 4152 concessa
2755 4098 2949 4154 divina:
2994 4101 3215 4170 pietatis
3254 4104 3394 4160 dona
3419 4105 3511 4174 ju-

1927 4183 2065 4253 giter
2093 4187 2389 4240 succedunt
2423 4187 2550 4242 alia.

1993 4282 2347 4340 Adversarius
2372 4288 2614 4343 omnium
2653 4290 2959 4360 iniquorum
2985 4308 3165 4348 sermo
3203 4296 3297 4351 Dei
3327 4307 3430 4352 est.

1954 4357 1958 4362 ’
1993 4376 2204 4430 Avarus
2232 4379 2462 4446 propria:
2508 4389 2592 4433 est
2644 4395 2806 4436 causa
2837 4384 3090 4452 miseriae,
3121 4385 3377 4456 ingerens
3405 4389 3539 4466 sibi.

1924 4463 2066 4518 sitim
2095 4467 2333 4521 avaritiae

1991 4566 2203 4620 Avarus
2239 4568 2373 4622 nihil
2412 4554 2558 4626 recte
2599 4571 2750 4640 facit,
2782 4577 2886 4631 nisi
2911 4579 3054 4648 quod
3083 4583 3311 4637 moritur

1987 4659 2165 4714 Avaro
2203 4669 2312 4716 tam
2369 4664 2522 4722 deest
2568 4668 2717 4738 quod
2754 4670 2948 4740 habet,
2997 4691 3160 4746 quam
3211 4678 3354 4748 quod
3395 4693 3502 4734 non

1842 4741 1896 4800 D
1921 4750 2100 4806 habet.

1990 4845 2232 4902 Avaritia
2259 4863 2473 4920 semper
2509 4853 2742 4917 odiosos,
2776 4857 2999 4928 largitas
3023 4860 3200 4917 claros
3227 4861 3369 4916 facit.

1989 4938 2230 4996 Avaritia
2261 4944 2583 5002 desideratis
2609 4950 2802 5020 opibus
2846 4966 2954 5006 non
2995 4954 3376 5028 exstinguitur,
3405 4958 3500 5008 sed

1918 5046 2166 5109 augetur.

1985 5128 2257 5196 Abjiciens
2282 5135 2621 5206 disciplinam
2653 5142 2764 5195 cito
2793 5140 2990 5196 sentiet
3029 5144 3260 5199 ruinam.

1986 5227 2330 5296 Argumentis
2358 5249 2454 5304 per
2479 5251 2598 5305 quae
2631 5239 2854 5294 meliora
2907 5240 3159 5306 qualibet
3201 5249 3494 5308 agnoscere
