  <div class='ocr_page' id='page_1' title='image "/cluster/home/n/w/nwhite01/storage/ocr_20150623/146/hvd.32044015471832/157.png"; bbox 0 0 3942 5340; ppageno 0'>
   <div class='ocr_carea' id='block_1_1' title="bbox 411 329 518 386">
    <p class='ocr_par' dir='ltr' id='par_1_1' title="bbox 411 329 518 386">
     <span class='ocr_line' id='line_1_1' title="bbox 411 329 518 386; baseline -0.019 0"><span class='ocrx_word' id='word_1_1' title='bbox 411 329 518 386; x_wconf 73' lang='grc'><strong>’505</strong></span> 
     </span>
    </p>
   </div>
   <div class='ocr_carea' id='block_1_2' title="bbox 1439 327 2638 387">
    <p class='ocr_par' dir='ltr' id='par_1_2' title="bbox 1439 327 2638 387">
     <span class='ocr_line' id='line_1_2' title="bbox 1439 327 2638 387; baseline -0.003 0"><span class='ocrx_word' id='word_1_2' title='bbox 1439 329 1740 387; x_wconf 58' lang='grc' dir='ltr'><strong>υτηιιοδι</strong></span> <span class='ocrx_word' id='word_1_3' title='bbox 1780 329 2089 386; x_wconf 77' lang='lat' dir='ltr'><strong>MONACHI</strong></span> <span class='ocrx_word' id='word_1_4' title='bbox 2128 327 2186 384; x_wconf 88' lang='lat' dir='ltr'><strong>S.</strong></span> <span class='ocrx_word' id='word_1_5' title='bbox 2218 328 2638 385; x_wconf 80' lang='lat' dir='ltr'><strong>EMMERAMMI</strong></span> 
     </span>
    </p>
   </div>
   <div class='ocr_carea' id='block_1_3' title="bbox 3578 323 3690 384">
    <p class='ocr_par' dir='ltr' id='par_1_3' title="bbox 3578 323 3690 384">
     <span class='ocr_line' id='line_1_3' title="bbox 3578 323 3690 384; baseline 0 0"><span class='ocrx_word' id='word_1_6' title='bbox 3578 323 3690 384; x_wconf 67' lang='grc' dir='ltr'><strong>ὅθι</strong></span> 
     </span>
    </p>
   </div>
   <div class='ocr_carea' id='block_1_4' title="bbox 457 404 3693 510">
    <p class='ocr_par' dir='ltr' id='par_1_4' title="bbox 457 404 3693 510">
     <span class='ocr_line' id='line_1_4' title="bbox 457 404 3693 510; baseline -0.001 -16"><span class='ocrx_word' id='word_1_7' title='bbox 457 440 562 494; x_wconf 72' lang='grc' dir='ltr'><strong>-Λά</strong></span> <span class='ocrx_word' id='word_1_8' title='bbox 593 445 820 494; x_wconf 88' lang='lat' dir='ltr'><strong>mortem</strong></span> <span class='ocrx_word' id='word_1_9' title='bbox 846 404 1197 510; x_wconf 78' lang='lat' dir='ltr'><strong>preperantes</strong></span> <span class='ocrx_word' id='word_1_10' title='bbox 1227 426 1402 510; x_wconf 82' lang='lat' dir='ltr'><strong>magis</strong></span> <span class='ocrx_word' id='word_1_11' title='bbox 1428 441 1681 496; x_wconf 86' lang='lat' dir='ltr'><strong>convenit</strong></span> <span class='ocrx_word' id='word_1_12' title='bbox 1712 439 1992 510; x_wconf 87' lang='lat' dir='ltr'><strong>impedire,</strong></span> <span class='ocrx_word' id='word_1_13' title='bbox 2023 441 2076 502; x_wconf 73' lang='grc' dir='ltr'><strong>Α</strong></span> <span class='ocrx_word' id='word_1_14' title='bbox 2169 437 2368 494; x_wconf 99' lang='lat' dir='ltr'><strong>Beatus</strong></span> <span class='ocrx_word' id='word_1_15' title='bbox 2421 439 2584 493; x_wconf 86' lang='lat' dir='ltr'><strong>homo</strong></span> <span class='ocrx_word' id='word_1_16' title='bbox 2621 437 2712 508; x_wconf 86' lang='lat' dir='ltr'><strong>qui</strong></span> <span class='ocrx_word' id='word_1_17' title='bbox 2762 450 2978 506; x_wconf 85' lang='lat' dir='ltr'><strong>semper</strong></span> <span class='ocrx_word' id='word_1_18' title='bbox 3023 443 3107 495; x_wconf 88' lang='lat' dir='ltr'><strong>est</strong></span> <span class='ocrx_word' id='word_1_19' title='bbox 3145 434 3394 506; x_wconf 69' lang='lat' dir='ltr'><strong>pavidus,</strong></span> <span class='ocrx_word' id='word_1_20' title='bbox 3432 435 3527 508; x_wconf 83' lang='lat' dir='ltr'><strong>qui</strong></span> <span class='ocrx_word' id='word_1_21' title='bbox 3555 451 3693 496; x_wconf 84' lang='lat' dir='ltr'><strong>vero</strong></span> 
     </span>
    </p>
   </div>
   <div class='ocr_carea' id='block_1_5' title="bbox 415 531 1042 603">
    <p class='ocr_par' dir='ltr' id='par_1_5' title="bbox 415 531 1042 603">
     <span class='ocr_line' id='line_1_5' title="bbox 415 531 1042 603; baseline -0.002 -18"><span class='ocrx_word' id='word_1_22' title='bbox 415 547 578 603; x_wconf 87' lang='lat' dir='ltr'><strong>quam</strong></span> <span class='ocrx_word' id='word_1_23' title='bbox 610 532 690 587; x_wconf 91' lang='lat' dir='ltr'><strong>eis</strong></span> <span class='ocrx_word' id='word_1_24' title='bbox 713 531 1042 587; x_wconf 89' lang='lat' dir='ltr'><strong>consentire.</strong></span> 
     </span>
    </p>
   </div>
   <div class='ocr_carea' id='block_1_6' title="bbox 485 620 2000 696">
    <p class='ocr_par' dir='ltr' id='par_1_6' title="bbox 485 620 2000 696">
     <span class='ocr_line' id='line_1_6' title="bbox 485 620 2000 696; baseline -0.004 -16"><span class='ocrx_word' id='word_1_25' title='bbox 485 625 566 680; x_wconf 87' lang='lat' dir='ltr'><strong>Ad</strong></span> <span class='ocrx_word' id='word_1_26' title='bbox 596 634 822 681; x_wconf 89' lang='lat' dir='ltr'><strong>mortem</strong></span> <span class='ocrx_word' id='word_1_27' title='bbox 845 632 1116 696; x_wconf 80' lang='lat' dir='ltr'><strong>properat,</strong></span> <span class='ocrx_word' id='word_1_28' title='bbox 1160 625 1252 696; x_wconf 85' lang='lat' dir='ltr'><strong>qui</strong></span> <span class='ocrx_word' id='word_1_29' title='bbox 1306 623 1416 680; x_wconf 92' lang='lat' dir='ltr'><strong>cito</strong></span> <span class='ocrx_word' id='word_1_30' title='bbox 1445 625 1510 680; x_wconf 90' lang='lat' dir='ltr'><strong>de</strong></span> <span class='ocrx_word' id='word_1_31' title='bbox 1562 639 1832 695; x_wconf 90' lang='lat' dir='ltr'><strong>quoquam</strong></span> <span class='ocrx_word' id='word_1_32' title='bbox 1857 620 2000 693; x_wconf 86' lang='lat' dir='ltr'><strong>judi-</strong></span> 
     </span>
    </p>
   </div>
   <div class='ocr_carea' id='block_1_7' title="bbox 411 715 1605 786">
    <p class='ocr_par' dir='ltr' id='par_1_7' title="bbox 411 715 1605 786">
     <span class='ocr_line' id='line_1_7' title="bbox 411 715 1605 786; baseline -0.001 -16"><span class='ocrx_word' id='word_1_33' title='bbox 411 725 522 781; x_wconf 78' lang='lat' dir='ltr'><strong>cat,</strong></span> <span class='ocrx_word' id='word_1_34' title='bbox 544 724 600 770; x_wconf 90' lang='lat' dir='ltr'><strong>et</strong></span> <span class='ocrx_word' id='word_1_35' title='bbox 634 715 687 770; x_wconf 90' lang='lat' dir='ltr'><strong>in</strong></span> <span class='ocrx_word' id='word_1_36' title='bbox 714 729 821 786; x_wconf 91' lang='lat' dir='ltr'><strong>quo</strong></span> <span class='ocrx_word' id='word_1_37' title='bbox 850 715 1041 769; x_wconf 86' lang='lat' dir='ltr'><strong>vilium</strong></span> <span class='ocrx_word' id='word_1_38' title='bbox 1083 715 1363 785; x_wconf 77' lang='lat' dir='ltr'><strong>quodlibet</strong></span> <span class='ocrx_word' id='word_1_39' title='bbox 1395 723 1605 786; x_wconf 83' lang='lat' dir='ltr'><strong>regnat.</strong></span> 
     </span>
    </p>
   </div>
   <div class='ocr_carea' id='block_1_8' title="bbox 486 807 1484 879">
    <p class='ocr_par' dir='ltr' id='par_1_8' title="bbox 486 807 1484 879">
     <span class='ocr_line' id='line_1_8' title="bbox 486 807 1484 879; baseline 0.002 -17"><span class='ocrx_word' id='word_1_40' title='bbox 486 809 656 864; x_wconf 84' lang='lat' dir='ltr'><strong>Amor</strong></span> <span class='ocrx_word' id='word_1_41' title='bbox 680 807 863 862; x_wconf 84' lang='lat' dir='ltr'><strong>saeculi</strong></span> <span class='ocrx_word' id='word_1_42' title='bbox 888 816 1230 879; x_wconf 91' lang='lat' dir='ltr'><strong>contemptus</strong></span> <span class='ocrx_word' id='word_1_43' title='bbox 1254 818 1338 864; x_wconf 88' lang='lat' dir='ltr'><strong>est</strong></span> <span class='ocrx_word' id='word_1_44' title='bbox 1367 809 1484 864; x_wconf 91' lang='lat' dir='ltr'><strong>Dei.</strong></span> 
     </span>
    </p>
   </div>
   <div class='ocr_carea' id='block_1_9' title="bbox 487 897 1450 956">
    <p class='ocr_par' dir='ltr' id='par_1_9' title="bbox 487 897 1450 956">
     <span class='ocr_line' id='line_1_9' title="bbox 487 897 1450 956; baseline 0.001 -2"><span class='ocrx_word' id='word_1_45' title='bbox 487 900 655 955; x_wconf 82' lang='lat' dir='ltr'><strong>Amor</strong></span> <span class='ocrx_word' id='word_1_46' title='bbox 679 897 863 954; x_wconf 61' lang='lat' dir='ltr'><strong>saeculi</strong></span> <span class='ocrx_word' id='word_1_47' title='bbox 892 898 1227 954; x_wconf 87' lang='lat' dir='ltr'><strong>thesaurizat</strong></span> <span class='ocrx_word' id='word_1_48' title='bbox 1264 900 1450 956; x_wconf 89' lang='lat' dir='ltr'><strong>morti.</strong></span> 
     </span>
    </p>
   </div>
   <div class='ocr_carea' id='block_1_10' title="bbox 486 992 2001 1063">
    <p class='ocr_par' dir='ltr' id='par_1_10' title="bbox 486 992 2001 1063">
     <span class='ocr_line' id='line_1_10' title="bbox 486 992 2001 1063; baseline 0.002 -18"><span class='ocrx_word' id='word_1_49' title='bbox 486 993 653 1047; x_wconf 80' lang='lat' dir='ltr'><strong>Amor</strong></span> <span class='ocrx_word' id='word_1_50' title='bbox 671 1004 962 1063; x_wconf 83' lang='lat' dir='ltr'><strong>perversus</strong></span> <span class='ocrx_word' id='word_1_51' title='bbox 989 1006 1056 1047; x_wconf 82' lang='lat' dir='ltr'><strong>ex</strong></span> <span class='ocrx_word' id='word_1_52' title='bbox 1082 992 1229 1059; x_wconf 93' lang='lat' dir='ltr'><strong>odio,</strong></span> <span class='ocrx_word' id='word_1_53' title='bbox 1260 992 1442 1047; x_wconf 93' lang='lat' dir='ltr'><strong>odium</strong></span> <span class='ocrx_word' id='word_1_54' title='bbox 1475 1001 1682 1048; x_wconf 90' lang='lat' dir='ltr'><strong>rectum</strong></span> <span class='ocrx_word' id='word_1_55' title='bbox 1713 1007 1780 1048; x_wconf 81' lang='lat' dir='ltr'><strong>ex</strong></span> <span class='ocrx_word' id='word_1_56' title='bbox 1813 1007 2001 1048; x_wconf 86' lang='lat' dir='ltr'><strong>amore</strong></span> 
     </span>
    </p>
   </div>
   <div class='ocr_carea' id='block_1_11' title="bbox 419 1090 630 1138">
    <p class='ocr_par' dir='ltr' id='par_1_11' title="bbox 419 1090 630 1138">
     <span class='ocr_line' id='line_1_11' title="bbox 419 1090 630 1138; baseline -0.009 0"><span class='ocrx_word' id='word_1_57' title='bbox 419 1090 522 1138; x_wconf 88' lang='lat' dir='ltr'><strong>est.</strong></span> <span class='ocrx_word' id='word_1_58' title='bbox 628 1097 630 1099; x_wconf 74' lang='grc'><em>’</em></span> 
     </span>
    </p>
   </div>
   <div class='ocr_carea' id='block_1_12' title="bbox 486 1174 1770 1247">
    <p class='ocr_par' dir='ltr' id='par_1_12' title="bbox 486 1174 1770 1247">
     <span class='ocr_line' id='line_1_12' title="bbox 486 1174 1770 1247; baseline -0.002 -16"><span class='ocrx_word' id='word_1_59' title='bbox 486 1174 726 1231; x_wconf 84' lang='lat' dir='ltr'><strong>Alterius</strong></span> <span class='ocrx_word' id='word_1_60' title='bbox 762 1175 980 1231; x_wconf 89' lang='lat' dir='ltr'><strong>virtutis</strong></span> <span class='ocrx_word' id='word_1_61' title='bbox 1001 1191 1102 1246; x_wconf 90' lang='lat' dir='ltr'><strong>ope</strong></span> <span class='ocrx_word' id='word_1_62' title='bbox 1133 1177 1308 1231; x_wconf 89' lang='lat' dir='ltr'><strong>virtus</strong></span> <span class='ocrx_word' id='word_1_63' title='bbox 1337 1175 1543 1247; x_wconf 86' lang='lat' dir='ltr'><strong>indiget</strong></span> <span class='ocrx_word' id='word_1_64' title='bbox 1567 1175 1770 1229; x_wconf 91' lang='lat' dir='ltr'><strong>omnis.</strong></span> 
     </span>
    </p>
   </div>
   <div class='ocr_carea' id='block_1_13' title="bbox 490 1267 2004 1342">
    <p class='ocr_par' dir='ltr' id='par_1_13' title="bbox 490 1267 2004 1342">
     <span class='ocr_line' id='line_1_13' title="bbox 490 1267 2004 1342; baseline -0.004 -14"><span class='ocrx_word' id='word_1_65' title='bbox 490 1273 691 1328; x_wconf 88' lang='lat' dir='ltr'><strong>Amare</strong></span> <span class='ocrx_word' id='word_1_66' title='bbox 718 1280 865 1328; x_wconf 88' lang='lat' dir='ltr'><strong>recta</strong></span> <span class='ocrx_word' id='word_1_67' title='bbox 896 1287 1002 1326; x_wconf 93' lang='lat' dir='ltr'><strong>non</strong></span> <span class='ocrx_word' id='word_1_68' title='bbox 1033 1271 1258 1342; x_wconf 85' lang='lat' dir='ltr'><strong>poteris,</strong></span> <span class='ocrx_word' id='word_1_69' title='bbox 1300 1271 1405 1328; x_wconf 86' lang='lat' dir='ltr'><strong>nisi</strong></span> <span class='ocrx_word' id='word_1_70' title='bbox 1452 1285 1551 1342; x_wconf 93' lang='lat' dir='ltr'><strong>pro</strong></span> <span class='ocrx_word' id='word_1_71' title='bbox 1575 1267 1794 1324; x_wconf 89' lang='lat' dir='ltr'><strong>Christo</strong></span> <span class='ocrx_word' id='word_1_72' title='bbox 1828 1268 2004 1324; x_wconf 91' lang='lat' dir='ltr'><strong>humi-</strong></span> 
     </span>
    </p>
   </div>
   <div class='ocr_carea' id='block_1_14' title="bbox 422 1363 1788 1419">
    <p class='ocr_par' dir='ltr' id='par_1_14' title="bbox 422 1363 1788 1419">
     <span class='ocr_line' id='line_1_14' title="bbox 422 1363 1788 1419; baseline -0.005 -1"><span class='ocrx_word' id='word_1_73' title='bbox 422 1363 592 1419; x_wconf 87' lang='lat' dir='ltr'><strong>iieris.</strong></span> <span class='ocrx_word' id='word_1_74' title='bbox 1785 1407 1788 1411; x_wconf 85' lang='lat'><strong>.</strong></span> 
     </span>
    </p>
   </div>
   <div class='ocr_carea' id='block_1_15' title="bbox 490 1451 2007 1525">
    <p class='ocr_par' dir='ltr' id='par_1_15' title="bbox 490 1451 2007 1525">
     <span class='ocr_line' id='line_1_15' title="bbox 490 1451 2007 1525; baseline -0.004 -16"><span class='ocrx_word' id='word_1_75' title='bbox 490 1452 575 1509; x_wconf 77' lang='lat' dir='ltr'><strong>Ad</strong></span> <span class='ocrx_word' id='word_1_76' title='bbox 601 1451 962 1508; x_wconf 83' lang='lat' dir='ltr'><strong>humilitatem</strong></span> <span class='ocrx_word' id='word_1_77' title='bbox 1003 1467 1111 1508; x_wconf 90' lang='lat' dir='ltr'><strong>non</strong></span> <span class='ocrx_word' id='word_1_78' title='bbox 1158 1461 1310 1522; x_wconf 91' lang='lat' dir='ltr'><strong>potes</strong></span> <span class='ocrx_word' id='word_1_79' title='bbox 1337 1454 1645 1525; x_wconf 81' lang='lat' dir='ltr'><strong>pervenire,</strong></span> <span class='ocrx_word' id='word_1_80' title='bbox 1679 1451 1782 1508; x_wconf 86' lang='lat' dir='ltr'><strong>nisi</strong></span> <span class='ocrx_word' id='word_1_81' title='bbox 1815 1463 2007 1522; x_wconf 87' lang='lat' dir='ltr'><strong>magna</strong></span> 
     </span>
    </p>
   </div>
   <div class='ocr_carea' id='block_1_16' title="bbox 423 1543 1349 1614">
    <p class='ocr_par' dir='ltr' id='par_1_16' title="bbox 423 1543 1349 1614">
     <span class='ocr_line' id='line_1_16' title="bbox 423 1543 1349 1614; baseline -0.002 -16"><span class='ocrx_word' id='word_1_82' title='bbox 423 1543 708 1614; x_wconf 89' lang='lat' dir='ltr'><strong>utriusque</strong></span> <span class='ocrx_word' id='word_1_83' title='bbox 728 1543 963 1599; x_wconf 84' lang='lat' dir='ltr'><strong>hominis</strong></span> <span class='ocrx_word' id='word_1_84' title='bbox 1001 1543 1349 1598; x_wconf 86' lang='lat' dir='ltr'><strong>contritione.</strong></span> 
     </span>
    </p>
   </div>
   <div class='ocr_carea' id='block_1_17' title="bbox 499 1633 2007 1704">
    <p class='ocr_par' dir='ltr' id='par_1_17' title="bbox 499 1633 2007 1704">
     <span class='ocr_line' id='line_1_17' title="bbox 499 1633 2007 1704; baseline -0.005 -13"><span class='ocrx_word' id='word_1_85' title='bbox 499 1636 722 1691; x_wconf 80' lang='lat' dir='ltr'><strong>Animus</strong></span> <span class='ocrx_word' id='word_1_86' title='bbox 746 1635 1084 1690; x_wconf 90' lang='lat' dir='ltr'><strong>dominorum</strong></span> <span class='ocrx_word' id='word_1_87' title='bbox 1107 1650 1169 1690; x_wconf 81' lang='lat' dir='ltr'><strong>ex</strong></span> <span class='ocrx_word' id='word_1_88' title='bbox 1201 1635 1384 1690; x_wconf 85' lang='lat' dir='ltr'><strong>habitu</strong></span> <span class='ocrx_word' id='word_1_89' title='bbox 1403 1633 1681 1704; x_wconf 87' lang='lat' dir='ltr'><strong>judicatur</strong></span> <span class='ocrx_word' id='word_1_90' title='bbox 1708 1646 2007 1688; x_wconf 81' lang='lat' dir='ltr'><strong>servorum.</strong></span> 
     </span>
    </p>
   </div>
   <div class='ocr_carea' id='block_1_18' title="bbox 494 1724 2011 1797">
    <p class='ocr_par' dir='ltr' id='par_1_18' title="bbox 494 1724 2011 1797">
     <span class='ocr_line' id='line_1_18' title="bbox 494 1724 2011 1797; baseline -0.003 -16"><span class='ocrx_word' id='word_1_91' title='bbox 494 1727 750 1797; x_wconf 84' lang='lat' dir='ltr'><strong>Apertius</strong></span> <span class='ocrx_word' id='word_1_92' title='bbox 775 1733 830 1781; x_wconf 89' lang='lat' dir='ltr'><strong>et</strong></span> <span class='ocrx_word' id='word_1_93' title='bbox 859 1725 1054 1780; x_wconf 89' lang='lat' dir='ltr'><strong>melius</strong></span> <span class='ocrx_word' id='word_1_94' title='bbox 1079 1740 1179 1795; x_wconf 91' lang='lat' dir='ltr'><strong>per</strong></span> <span class='ocrx_word' id='word_1_95' title='bbox 1207 1741 1374 1795; x_wconf 80' lang='lat' dir='ltr'><strong>opera</strong></span> <span class='ocrx_word' id='word_1_96' title='bbox 1405 1741 1568 1795; x_wconf 88' lang='lat' dir='ltr'><strong>quam</strong></span> <span class='ocrx_word' id='word_1_97' title='bbox 1602 1740 1698 1795; x_wconf 87' lang='lat' dir='ltr'><strong>per</strong></span> <span class='ocrx_word' id='word_1_98' title='bbox 1733 1724 1894 1779; x_wconf 89' lang='lat' dir='ltr'><strong>verba</strong></span> <span class='ocrx_word' id='word_1_99' title='bbox 1927 1724 2011 1778; x_wconf 89' lang='lat' dir='ltr'><strong>in-</strong></span> 
     </span>
    </p>
   </div>
   <div class='ocr_carea' id='block_1_19' title="bbox 425 1818 838 1875">
    <p class='ocr_par' dir='ltr' id='par_1_19' title="bbox 425 1818 838 1875">
     <span class='ocr_line' id='line_1_19' title="bbox 425 1818 838 1875; baseline -0.007 0"><span class='ocrx_word' id='word_1_100' title='bbox 425 1819 674 1875; x_wconf 82' lang='lat' dir='ltr'><strong>sinuatur</strong></span> <span class='ocrx_word' id='word_1_101' title='bbox 703 1818 838 1872; x_wconf 82' lang='lat' dir='ltr'><strong>vita.</strong></span> 
     </span>
    </p>
   </div>
   <div class='ocr_carea' id='block_1_20' title="bbox 492 1904 1916 1978">
    <p class='ocr_par' dir='ltr' id='par_1_20' title="bbox 492 1904 1916 1978">
     <span class='ocr_line' id='line_1_20' title="bbox 492 1904 1916 1978; baseline -0.004 -14"><span class='ocrx_word' id='word_1_102' title='bbox 492 1908 742 1964; x_wconf 81' lang='lat' dir='ltr'><strong>Amicum</strong></span> <span class='ocrx_word' id='word_1_103' title='bbox 765 1921 849 1963; x_wconf 92' lang='lat' dir='ltr'><strong>res</strong></span> <span class='ocrx_word' id='word_1_104' title='bbox 873 1907 1123 1962; x_wconf 85' lang='lat' dir='ltr'><strong>secundae</strong></span> <span class='ocrx_word' id='word_1_105' title='bbox 1161 1914 1378 1978; x_wconf 79' lang='lat' dir='ltr'><strong>parant,</strong></span> <span class='ocrx_word' id='word_1_106' title='bbox 1399 1906 1643 1962; x_wconf 72' lang='lat' dir='ltr'><strong>adversm</strong></span> <span class='ocrx_word' id='word_1_107' title='bbox 1665 1904 1916 1977; x_wconf 88' lang='lat' dir='ltr'><strong>probant.</strong></span> 
     </span>
    </p>
   </div>
   <div class='ocr_carea' id='block_1_21' title="bbox 494 1995 2011 2068">
    <p class='ocr_par' dir='ltr' id='par_1_21' title="bbox 494 1995 2011 2068">
     <span class='ocr_line' id='line_1_21' title="bbox 494 1995 2011 2068; baseline -0.003 -13"><span class='ocrx_word' id='word_1_108' title='bbox 494 2000 694 2055; x_wconf 82' lang='lat' dir='ltr'><strong>Arcum</strong></span> <span class='ocrx_word' id='word_1_109' title='bbox 743 1999 914 2054; x_wconf 90' lang='lat' dir='ltr'><strong>nimia</strong></span> <span class='ocrx_word' id='word_1_110' title='bbox 939 1997 1141 2068; x_wconf 79' lang='lat' dir='ltr'><strong>frangit</strong></span> <span class='ocrx_word' id='word_1_111' title='bbox 1170 1997 1427 2064; x_wconf 86' lang='lat' dir='ltr'><strong>intensio,</strong></span> <span class='ocrx_word' id='word_1_112' title='bbox 1478 1997 1718 2052; x_wconf 91' lang='lat' dir='ltr'><strong>animum</strong></span> <span class='ocrx_word' id='word_1_113' title='bbox 1761 2011 1889 2053; x_wconf 90' lang='lat' dir='ltr'><strong>vero</strong></span> <span class='ocrx_word' id='word_1_114' title='bbox 1931 1995 2011 2051; x_wconf 91' lang='lat' dir='ltr'><strong>in-</strong></span> 
     </span>
    </p>
   </div>
   <div class='ocr_carea' id='block_1_22' title="bbox 425 2087 1116 2161">
    <p class='ocr_par' dir='ltr' id='par_1_22' title="bbox 425 2087 1116 2161">
     <span class='ocr_line' id='line_1_22' title="bbox 425 2087 1116 2161; baseline -0.004 -16"><span class='ocrx_word' id='word_1_115' title='bbox 425 2104 662 2161; x_wconf 88' lang='lat' dir='ltr'><strong>congrua</strong></span> <span class='ocrx_word' id='word_1_116' title='bbox 685 2089 813 2143; x_wconf 74' lang='lat' dir='ltr'><strong>vita:</strong></span> <span class='ocrx_word' id='word_1_117' title='bbox 843 2087 1116 2142; x_wconf 89' lang='lat' dir='ltr'><strong>remissio.</strong></span> 
     </span>
    </p>
   </div>
   <div class='ocr_carea' id='block_1_23' title="bbox 493 2175 1807 2248">
    <p class='ocr_par' dir='ltr' id='par_1_23' title="bbox 493 2175 1807 2248">
     <span class='ocr_line' id='line_1_23' title="bbox 493 2175 1807 2248; baseline 0.001 -16"><span class='ocrx_word' id='word_1_118' title='bbox 493 2178 732 2234; x_wconf 83' lang='lat' dir='ltr'><strong>Ambitio</strong></span> <span class='ocrx_word' id='word_1_119' title='bbox 757 2177 952 2232; x_wconf 90' lang='lat' dir='ltr'><strong>multos</strong></span> <span class='ocrx_word' id='word_1_120' title='bbox 972 2175 1228 2232; x_wconf 82' lang='lat' dir='ltr'><strong>mortales</strong></span> <span class='ocrx_word' id='word_1_121' title='bbox 1256 2175 1424 2232; x_wconf 88' lang='lat' dir='ltr'><strong>falsos</strong></span> <span class='ocrx_word' id='word_1_122' title='bbox 1457 2175 1573 2231; x_wconf 90' lang='lat' dir='ltr'><strong>fieri</strong></span> <span class='ocrx_word' id='word_1_123' title='bbox 1599 2175 1807 2248; x_wconf 82' lang='lat' dir='ltr'><strong>coegit.</strong></span> 
     </span>
    </p>
   </div>
   <div class='ocr_carea' id='block_1_24' title="bbox 497 2267 1621 2340">
    <p class='ocr_par' dir='ltr' id='par_1_24' title="bbox 497 2267 1621 2340">
     <span class='ocr_line' id='line_1_24' title="bbox 497 2267 1621 2340; baseline -0.001 -17"><span class='ocrx_word' id='word_1_124' title='bbox 497 2269 680 2324; x_wconf 83' lang='lat' dir='ltr'><strong>Ardua</strong></span> <span class='ocrx_word' id='word_1_125' title='bbox 719 2267 853 2324; x_wconf 82' lang='lat' dir='ltr'><strong>fides</strong></span> <span class='ocrx_word' id='word_1_126' title='bbox 882 2268 1133 2323; x_wconf 87' lang='lat' dir='ltr'><strong>robustos</strong></span> <span class='ocrx_word' id='word_1_127' title='bbox 1163 2267 1329 2340; x_wconf 87' lang='lat' dir='ltr'><strong>exigit</strong></span> <span class='ocrx_word' id='word_1_128' title='bbox 1359 2281 1550 2322; x_wconf 86' lang='lat' dir='ltr'><strong>annos.</strong></span> <span class='ocrx_word' id='word_1_129' title='bbox 1611 2323 1621 2332; x_wconf 86' lang='lat'><strong>_</strong></span> 
     </span>
    </p>
   </div>
   <div class='ocr_carea' id='block_1_25' title="bbox 493 2356 1794 2428">
    <p class='ocr_par' dir='ltr' id='par_1_25' title="bbox 493 2356 1794 2428">
     <span class='ocr_line' id='line_1_25' title="bbox 493 2356 1794 2428; baseline -0.004 -13"><span class='ocrx_word' id='word_1_130' title='bbox 493 2360 736 2416; x_wconf 75' lang='lat' dir='ltr'><strong>Affectus</strong></span> <span class='ocrx_word' id='word_1_131' title='bbox 765 2358 964 2425; x_wconf 85' lang='lat' dir='ltr'><strong>carnis,</strong></span> <span class='ocrx_word' id='word_1_132' title='bbox 981 2358 1082 2414; x_wconf 93' lang='lat' dir='ltr'><strong>nisi</strong></span> <span class='ocrx_word' id='word_1_133' title='bbox 1107 2358 1305 2413; x_wconf 90' lang='lat' dir='ltr'><strong>mentis</strong></span> <span class='ocrx_word' id='word_1_134' title='bbox 1321 2356 1794 2428; x_wconf 88' lang='lat' dir='ltr'><strong>jurepremantur,</strong></span> 
     </span>
    </p>
   </div>
   <div class='ocr_carea' id='block_1_26' title="bbox 497 2450 1983 2522">
    <p class='ocr_par' dir='ltr' id='par_1_26' title="bbox 497 2450 1983 2522">
     <span class='ocr_line' id='line_1_26' title="bbox 497 2450 1983 2522; baseline -0.005 -13"><span class='ocrx_word' id='word_1_135' title='bbox 497 2451 947 2522; x_wconf 87' lang='lat' dir='ltr'><strong>Unumquemque</strong></span> <span class='ocrx_word' id='word_1_136' title='bbox 977 2451 1253 2507; x_wconf 83' lang='lat' dir='ltr'><strong>hominem</strong></span> <span class='ocrx_word' id='word_1_137' title='bbox 1277 2451 1480 2506; x_wconf 92' lang='lat' dir='ltr'><strong>ducunt</strong></span> <span class='ocrx_word' id='word_1_138' title='bbox 1508 2451 1574 2504; x_wconf 88' lang='lat' dir='ltr'><strong>ad</strong></span> <span class='ocrx_word' id='word_1_139' title='bbox 1602 2450 1983 2520; x_wconf 83' lang='lat' dir='ltr'><strong>perditionem.</strong></span> 
     </span>
    </p>
   </div>
   <div class='ocr_carea' id='block_1_27' title="bbox 495 2542 1900 2616">
    <p class='ocr_par' dir='ltr' id='par_1_27' title="bbox 495 2542 1900 2616">
     <span class='ocr_line' id='line_1_27' title="bbox 495 2542 1900 2616; baseline -0.004 -15"><span class='ocrx_word' id='word_1_140' title='bbox 495 2547 580 2602; x_wconf 79' lang='lat' dir='ltr'><strong>Ad</strong></span> <span class='ocrx_word' id='word_1_141' title='bbox 611 2555 823 2616; x_wconf 86' lang='lat' dir='ltr'><strong>tempus</strong></span> <span class='ocrx_word' id='word_1_142' title='bbox 851 2543 1099 2611; x_wconf 89' lang='lat' dir='ltr'><strong>credens,</strong></span> <span class='ocrx_word' id='word_1_143' title='bbox 1127 2543 1221 2599; x_wconf 88' lang='lat' dir='ltr'><strong>sed</strong></span> <span class='ocrx_word' id='word_1_144' title='bbox 1252 2559 1376 2598; x_wconf 83' lang='lat' dir='ltr'><strong>mox</strong></span> <span class='ocrx_word' id='word_1_145' title='bbox 1400 2542 1597 2598; x_wconf 91' lang='lat' dir='ltr'><strong>exinde</strong></span> <span class='ocrx_word' id='word_1_146' title='bbox 1624 2544 1900 2602; x_wconf 86' lang='lat' dir='ltr'><strong>recedens,</strong></span> 
     </span>
    </p>
   </div>
   <div class='ocr_carea' id='block_1_28' title="bbox 500 2633 1781 2704">
    <p class='ocr_par' dir='ltr' id='par_1_28' title="bbox 500 2633 1781 2704">
     <span class='ocr_line' id='line_1_28' title="bbox 500 2633 1781 2704; baseline -0.008 -10"><span class='ocrx_word' id='word_1_147' title='bbox 500 2637 595 2694; x_wconf 89' lang='lat' dir='ltr'><strong>Est</strong></span> <span class='ocrx_word' id='word_1_148' title='bbox 622 2637 815 2694; x_wconf 88' lang='lat' dir='ltr'><strong>similis</strong></span> <span class='ocrx_word' id='word_1_149' title='bbox 847 2645 1007 2690; x_wconf 79' lang='lat' dir='ltr'><strong>vento</strong></span> <span class='ocrx_word' id='word_1_150' title='bbox 1036 2635 1128 2704; x_wconf 90' lang='lat' dir='ltr'><strong>qui</strong></span> <span class='ocrx_word' id='word_1_151' title='bbox 1160 2649 1285 2688; x_wconf 87' lang='lat' dir='ltr'><strong>raro</strong></span> <span class='ocrx_word' id='word_1_152' title='bbox 1315 2642 1524 2704; x_wconf 92' lang='lat' dir='ltr'><strong>perstat</strong></span> <span class='ocrx_word' id='word_1_153' title='bbox 1563 2633 1617 2685; x_wconf 90' lang='lat' dir='ltr'><strong>in</strong></span> <span class='ocrx_word' id='word_1_154' title='bbox 1654 2647 1781 2686; x_wconf 92' lang='lat' dir='ltr'><strong>uno.</strong></span> 
     </span>
    </p>
   </div>
   <div class='ocr_carea' id='block_1_29' title="bbox 496 2723 1818 2796">
    <p class='ocr_par' dir='ltr' id='par_1_29' title="bbox 496 2723 1818 2796">
     <span class='ocr_line' id='line_1_29' title="bbox 496 2723 1818 2796; baseline -0.005 -12"><span class='ocrx_word' id='word_1_155' title='bbox 496 2730 638 2786; x_wconf 81' lang='lat' dir='ltr'><strong>Ante</strong></span> <span class='ocrx_word' id='word_1_156' title='bbox 666 2729 760 2784; x_wconf 91' lang='lat' dir='ltr'><strong>Dei</strong></span> <span class='ocrx_word' id='word_1_157' title='bbox 788 2727 995 2783; x_wconf 80' lang='lat' dir='ltr'><strong>vultum</strong></span> <span class='ocrx_word' id='word_1_158' title='bbox 1027 2726 1101 2781; x_wconf 91' lang='lat' dir='ltr'><strong>nil</strong></span> <span class='ocrx_word' id='word_1_159' title='bbox 1126 2725 1276 2796; x_wconf 81' lang='lat' dir='ltr'><strong>pravi</strong></span> <span class='ocrx_word' id='word_1_160' title='bbox 1306 2733 1521 2795; x_wconf 80' lang='lat' dir='ltr'><strong>constat</strong></span> <span class='ocrx_word' id='word_1_161' title='bbox 1551 2723 1818 2778; x_wconf 78' lang='lat' dir='ltr'><strong>inuitum-</strong></span> 
     </span>
    </p>
   </div>
   <div class='ocr_carea' id='block_1_30' title="bbox 497 2814 1905 2890">
    <p class='ocr_par' dir='ltr' id='par_1_30' title="bbox 497 2814 1905 2890">
     <span class='ocr_line' id='line_1_30' title="bbox 497 2814 1905 2890; baseline -0.009 -12"><span class='ocrx_word' id='word_1_162' title='bbox 497 2821 609 2878; x_wconf 79' lang='lat' dir='ltr'><strong>Aut</strong></span> <span class='ocrx_word' id='word_1_163' title='bbox 627 2819 751 2890; x_wconf 88' lang='lat' dir='ltr'><strong>quis</strong></span> <span class='ocrx_word' id='word_1_164' title='bbox 782 2827 972 2887; x_wconf 87' lang='lat' dir='ltr'><strong>sponte</strong></span> <span class='ocrx_word' id='word_1_165' title='bbox 1001 2831 1097 2871; x_wconf 89' lang='lat' dir='ltr'><strong>sua</strong></span> <span class='ocrx_word' id='word_1_166' title='bbox 1127 2814 1266 2869; x_wconf 88' lang='lat' dir='ltr'><strong>mala</strong></span> <span class='ocrx_word' id='word_1_167' title='bbox 1306 2815 1480 2885; x_wconf 88' lang='lat' dir='ltr'><strong>punit,</strong></span> <span class='ocrx_word' id='word_1_168' title='bbox 1517 2815 1637 2869; x_wconf 84' lang='lat' dir='ltr'><strong>&#39;sive</strong></span> <span class='ocrx_word' id='word_1_169' title='bbox 1667 2822 1905 2872; x_wconf 87' lang='lat' dir='ltr'><strong>coactus.</strong></span> 
     </span>
    </p>
   </div>
   <div class='ocr_carea' id='block_1_31' title="bbox 495 2904 1797 2964">
    <p class='ocr_par' dir='ltr' id='par_1_31' title="bbox 495 2904 1797 2964">
     <span class='ocr_line' id='line_1_31' title="bbox 495 2904 1797 2964; baseline -0.008 0"><span class='ocrx_word' id='word_1_170' title='bbox 495 2907 721 2964; x_wconf 80' lang='lat' dir='ltr'><strong>Arbitrii</strong></span> <span class='ocrx_word' id='word_1_171' title='bbox 749 2907 950 2962; x_wconf 88' lang='lat' dir='ltr'><strong>donum</strong></span> <span class='ocrx_word' id='word_1_172' title='bbox 980 2904 1134 2959; x_wconf 89' lang='lat' dir='ltr'><strong>nobis</strong></span> <span class='ocrx_word' id='word_1_173' title='bbox 1157 2918 1322 2959; x_wconf 85' lang='lat' dir='ltr'><strong>causa</strong></span> <span class='ocrx_word' id='word_1_174' title='bbox 1345 2911 1428 2958; x_wconf 89' lang='lat' dir='ltr'><strong>est</strong></span> <span class='ocrx_word' id='word_1_175' title='bbox 1455 2904 1797 2957; x_wconf 88' lang='lat' dir='ltr'><strong>meritorum.</strong></span> 
     </span>
    </p>
   </div>
   <div class='ocr_carea' id='block_1_32' title="bbox 496 2993 1866 3064">
    <p class='ocr_par' dir='ltr' id='par_1_32' title="bbox 496 2993 1866 3064">
     <span class='ocr_line' id='line_1_32' title="bbox 496 2993 1866 3064; baseline -0.004 -12"><span class='ocrx_word' id='word_1_176' title='bbox 496 2998 680 3053; x_wconf 82' lang='lat' dir='ltr'><strong>Ardua</strong></span> <span class='ocrx_word' id='word_1_177' title='bbox 710 3011 797 3052; x_wconf 88' lang='lat' dir='ltr'><strong>res</strong></span> <span class='ocrx_word' id='word_1_178' title='bbox 825 2996 1054 3051; x_wconf 90' lang='lat' dir='ltr'><strong>nimium</strong></span> <span class='ocrx_word' id='word_1_179' title='bbox 1083 2994 1330 3048; x_wconf 79' lang='lat' dir='ltr'><strong>famulari</strong></span> <span class='ocrx_word' id='word_1_180' title='bbox 1359 3003 1482 3064; x_wconf 87' lang='lat' dir='ltr'><strong>post</strong></span> <span class='ocrx_word' id='word_1_181' title='bbox 1507 2993 1866 3047; x_wconf 85' lang='lat' dir='ltr'><strong>dominatum.</strong></span> 
     </span>
    </p>
   </div>
   <div class='ocr_carea' id='block_1_33' title="bbox 501 3084 1833 3158">
    <p class='ocr_par' dir='ltr' id='par_1_33' title="bbox 501 3084 1833 3158">
     <span class='ocr_line' id='line_1_33' title="bbox 501 3084 1833 3158; baseline -0.004 -13"><span class='ocrx_word' id='word_1_182' title='bbox 501 3090 720 3158; x_wconf 81' lang='lat' dir='ltr'><strong>Absque</strong></span> <span class='ocrx_word' id='word_1_183' title='bbox 743 3087 854 3143; x_wconf 92' lang='lat' dir='ltr'><strong>Deo</strong></span> <span class='ocrx_word' id='word_1_184' title='bbox 882 3086 1059 3158; x_wconf 87' lang='lat' dir='ltr'><strong>nullus</strong></span> <span class='ocrx_word' id='word_1_185' title='bbox 1089 3087 1287 3156; x_wconf 89' lang='lat' dir='ltr'><strong>poterit</strong></span> <span class='ocrx_word' id='word_1_186' title='bbox 1309 3086 1607 3140; x_wconf 85' lang='lat' dir='ltr'><strong>consistere</strong></span> <span class='ocrx_word' id='word_1_187' title='bbox 1629 3084 1833 3140; x_wconf 86' lang='lat' dir='ltr'><strong>salvus.</strong></span> 
     </span>
    </p>
   </div>
   <div class='ocr_carea' id='block_1_34' title="bbox 453 3173 1845 3255">
    <p class='ocr_par' dir='ltr' id='par_1_34' title="bbox 453 3173 1845 3255">
     <span class='ocr_line' id='line_1_34' title="bbox 453 3173 1845 3255; baseline -0.005 -21"><span class='ocrx_word' id='word_1_188' title='bbox 453 3253 456 3255; x_wconf 12' lang='grc' dir='ltr'><strong>Α</strong></span> <span class='ocrx_word' id='word_1_189' title='bbox 500 3181 719 3251; x_wconf 89' lang='lat' dir='ltr'><strong>Absque</strong></span> <span class='ocrx_word' id='word_1_190' title='bbox 751 3179 946 3235; x_wconf 89' lang='lat' dir='ltr'><strong>timore</strong></span> <span class='ocrx_word' id='word_1_191' title='bbox 968 3177 1063 3233; x_wconf 87' lang='lat' dir='ltr'><strong>Dei</strong></span> <span class='ocrx_word' id='word_1_192' title='bbox 1092 3178 1268 3232; x_wconf 88' lang='lat' dir='ltr'><strong>virtus</strong></span> <span class='ocrx_word' id='word_1_193' title='bbox 1292 3177 1480 3245; x_wconf 87' lang='lat' dir='ltr'><strong>nequit</strong></span> <span class='ocrx_word' id='word_1_194' title='bbox 1506 3175 1613 3229; x_wconf 91' lang='lat' dir='ltr'><strong>ulla</strong></span> <span class='ocrx_word' id='word_1_195' title='bbox 1646 3173 1845 3228; x_wconf 89' lang='lat' dir='ltr'><strong>timeri.</strong></span> 
     </span>
    </p>
   </div>
   <div class='ocr_carea' id='block_1_35' title="bbox 502 3263 1872 3334">
    <p class='ocr_par' dir='ltr' id='par_1_35' title="bbox 502 3263 1872 3334">
     <span class='ocr_line' id='line_1_35' title="bbox 502 3263 1872 3334; baseline -0.008 -8"><span class='ocrx_word' id='word_1_196' title='bbox 502 3273 548 3326; x_wconf 79' lang='grc' dir='ltr'><strong>Δ</strong></span> <span class='ocrx_word' id='word_1_197' title='bbox 575 3270 804 3326; x_wconf 92' lang='lat' dir='ltr'><strong>Domino</strong></span> <span class='ocrx_word' id='word_1_198' title='bbox 833 3277 1029 3324; x_wconf 88' lang='lat' dir='ltr'><strong>cuncta</strong></span> <span class='ocrx_word' id='word_1_199' title='bbox 1060 3267 1202 3321; x_wconf 88' lang='lat' dir='ltr'><strong>bona</strong></span> <span class='ocrx_word' id='word_1_200' title='bbox 1228 3275 1353 3321; x_wconf 92' lang='lat' dir='ltr'><strong>sunt</strong></span> <span class='ocrx_word' id='word_1_201' title='bbox 1379 3265 1600 3320; x_wconf 91' lang='lat' dir='ltr'><strong>omnino</strong></span> <span class='ocrx_word' id='word_1_202' title='bbox 1627 3263 1872 3334; x_wconf 89' lang='lat' dir='ltr'><strong>petenda.</strong></span> 
     </span>
    </p>
   </div>
   <div class='ocr_carea' id='block_1_36' title="bbox 505 3355 1553 3425">
    <p class='ocr_par' dir='ltr' id='par_1_36' title="bbox 505 3355 1553 3425">
     <span class='ocr_line' id='line_1_36' title="bbox 505 3355 1553 3425; baseline -0.007 -10"><span class='ocrx_word' id='word_1_203' title='bbox 505 3359 743 3425; x_wconf 81' lang='lat' dir='ltr'><strong>Alternis</strong></span> <span class='ocrx_word' id='word_1_204' title='bbox 780 3359 883 3425; x_wconf 92' lang='lat' dir='ltr'><strong>uti,</strong></span> <span class='ocrx_word' id='word_1_205' title='bbox 928 3357 987 3412; x_wconf 89' lang='lat' dir='ltr'><strong>fit</strong></span> <span class='ocrx_word' id='word_1_206' title='bbox 1014 3357 1328 3413; x_wconf 87' lang='lat' dir='ltr'><strong>delectabile</strong></span> <span class='ocrx_word' id='word_1_207' title='bbox 1351 3355 1553 3410; x_wconf 88' lang='lat' dir='ltr'><strong>multis.</strong></span> 
     </span>
    </p>
   </div>
   <div class='ocr_carea' id='block_1_37' title="bbox 504 3446 1796 3519">
    <p class='ocr_par' dir='ltr' id='par_1_37' title="bbox 504 3446 1796 3519">
     <span class='ocr_line' id='line_1_37' title="bbox 504 3446 1796 3519; baseline -0.006 -11"><span class='ocrx_word' id='word_1_208' title='bbox 504 3451 782 3508; x_wconf 73' lang='lat' dir='ltr'><strong>Auxilium</strong></span> <span class='ocrx_word' id='word_1_209' title='bbox 809 3451 1020 3508; x_wconf 88' lang='lat' dir='ltr'><strong>Domini</strong></span> <span class='ocrx_word' id='word_1_210' title='bbox 1048 3451 1246 3507; x_wconf 91' lang='lat' dir='ltr'><strong>debent</strong></span> <span class='ocrx_word' id='word_1_211' title='bbox 1270 3449 1558 3519; x_wconf 85' lang='lat' dir='ltr'><strong>exquirere</strong></span> <span class='ocrx_word' id='word_1_212' title='bbox 1593 3446 1796 3503; x_wconf 90' lang='lat' dir='ltr'><strong>cuncti.</strong></span> 
     </span>
    </p>
   </div>
   <div class='ocr_carea' id='block_1_38' title="bbox 516 3540 1780 3610">
    <p class='ocr_par' dir='ltr' id='par_1_38' title="bbox 516 3540 1780 3610">
     <span class='ocr_line' id='line_1_38' title="bbox 516 3540 1780 3610; baseline -0.005 -13"><span class='ocrx_word' id='word_1_213' title='bbox 516 3544 676 3598; x_wconf 83' lang='lat' dir='ltr'><strong>Aetio</strong></span> <span class='ocrx_word' id='word_1_214' title='bbox 705 3543 967 3597; x_wconf 89' lang='lat' dir='ltr'><strong>virtutum</strong></span> <span class='ocrx_word' id='word_1_215' title='bbox 994 3549 1203 3596; x_wconf 90' lang='lat' dir='ltr'><strong>constat</strong></span> <span class='ocrx_word' id='word_1_216' title='bbox 1250 3540 1514 3610; x_wconf 82' lang='lat' dir='ltr'><strong>perfectio</strong></span> <span class='ocrx_word' id='word_1_217' title='bbox 1549 3553 1780 3593; x_wconf 88' lang='lat' dir='ltr'><strong>morum.</strong></span> 
     </span>
    </p>
   </div>
   <div class='ocr_carea' id='block_1_39' title="bbox 505 3630 1738 3702">
    <p class='ocr_par' dir='ltr' id='par_1_39' title="bbox 505 3630 1738 3702">
     <span class='ocr_line' id='line_1_39' title="bbox 505 3630 1738 3702; baseline -0.003 -15"><span class='ocrx_word' id='word_1_218' title='bbox 505 3634 588 3688; x_wconf 82' lang='lat' dir='ltr'><strong>Ad</strong></span> <span class='ocrx_word' id='word_1_219' title='bbox 612 3633 899 3689; x_wconf 85' lang='lat' dir='ltr'><strong>Dominum</strong></span> <span class='ocrx_word' id='word_1_220' title='bbox 924 3631 1114 3702; x_wconf 77' lang='lat' dir='ltr'><strong>fugite,</strong></span> <span class='ocrx_word' id='word_1_221' title='bbox 1147 3630 1239 3701; x_wconf 89' lang='lat' dir='ltr'><strong>qui</strong></span> <span class='ocrx_word' id='word_1_222' title='bbox 1267 3630 1463 3686; x_wconf 87' lang='lat' dir='ltr'><strong>salvari</strong></span> <span class='ocrx_word' id='word_1_223' title='bbox 1488 3630 1738 3701; x_wconf 86' lang='lat' dir='ltr'><strong>cupiatis.</strong></span> 
     </span>
    </p>
   </div>
   <div class='ocr_carea' id='block_1_40' title="bbox 502 3724 1879 3792">
    <p class='ocr_par' dir='ltr' id='par_1_40' title="bbox 502 3724 1879 3792">
     <span class='ocr_line' id='line_1_40' title="bbox 502 3724 1879 3792; baseline -0.002 -13"><span class='ocrx_word' id='word_1_224' title='bbox 502 3724 793 3780; x_wconf 82' lang='lat' dir='ltr'><strong>Auctorem</strong></span> <span class='ocrx_word' id='word_1_225' title='bbox 818 3739 1070 3792; x_wconf 85' lang='lat' dir='ltr'><strong>magnum</strong></span> <span class='ocrx_word' id='word_1_226' title='bbox 1104 3733 1376 3778; x_wconf 88' lang='lat' dir='ltr'><strong>testantur</strong></span> <span class='ocrx_word' id='word_1_227' title='bbox 1403 3725 1642 3778; x_wconf 84' lang='lat' dir='ltr'><strong>maxima</strong></span> <span class='ocrx_word' id='word_1_228' title='bbox 1672 3738 1879 3778; x_wconf 90' lang='lat' dir='ltr'><strong>rerum.</strong></span> 
     </span>
    </p>
   </div>
   <div class='ocr_carea' id='block_1_41' title="bbox 1068 3855 1398 3912">
    <p class='ocr_par' dir='ltr' id='par_1_41' title="bbox 1068 3855 1398 3912">
     <span class='ocr_line' id='line_1_41' title="bbox 1068 3855 1398 3912; baseline -0.003 -2"><span class='ocrx_word' id='word_1_229' title='bbox 1068 3855 1297 3912; x_wconf 84' lang='lat' dir='ltr'><strong>CAPUT</strong></span> <span class='ocrx_word' id='word_1_230' title='bbox 1334 3855 1398 3910; x_wconf 84' lang='lat' dir='ltr'><strong>ll.</strong></span> 
     </span>
    </p>
   </div>
   <div class='ocr_carea' id='block_1_42' title="bbox 506 3989 2022 4061">
    <p class='ocr_par' dir='ltr' id='par_1_42' title="bbox 506 3989 2022 4061">
     <span class='ocr_line' id='line_1_42' title="bbox 506 3989 2022 4061; baseline -0.002 -13"><span class='ocrx_word' id='word_1_231' title='bbox 506 3990 658 4048; x_wconf 85' lang='lat' dir='ltr'><strong>Beati</strong></span> <span class='ocrx_word' id='word_1_232' title='bbox 683 4005 914 4060; x_wconf 89' lang='lat' dir='ltr'><strong>quorum</strong></span> <span class='ocrx_word' id='word_1_233' title='bbox 941 3989 1182 4045; x_wconf 72' lang='lat' dir='ltr'><strong>remissa:</strong></span> <span class='ocrx_word' id='word_1_234' title='bbox 1211 3998 1336 4044; x_wconf 90' lang='lat' dir='ltr'><strong>sunt</strong></span> <span class='ocrx_word' id='word_1_235' title='bbox 1365 3990 1695 4061; x_wconf 89' lang='lat' dir='ltr'><strong>iniquitates,</strong></span> <span class='ocrx_word' id='word_1_236' title='bbox 1713 3999 1766 4045; x_wconf 93' lang='lat' dir='ltr'><strong>et</strong></span> <span class='ocrx_word' id='word_1_237' title='bbox 1792 4005 2022 4060; x_wconf 91' lang='lat' dir='ltr'><strong>quorum</strong></span> 
     </span>
    </p>
   </div>
   <div class='ocr_carea' id='block_1_43' title="bbox 436 4087 1020 4151">
    <p class='ocr_par' dir='ltr' id='par_1_43' title="bbox 436 4087 1020 4151">
     <span class='ocr_line' id='line_1_43' title="bbox 436 4087 1020 4151; baseline 0 -16"><span class='ocrx_word' id='word_1_238' title='bbox 436 4089 585 4137; x_wconf 89' lang='lat' dir='ltr'><strong>tecta</strong></span> <span class='ocrx_word' id='word_1_239' title='bbox 619 4088 748 4136; x_wconf 90' lang='lat' dir='ltr'><strong>sunt</strong></span> <span class='ocrx_word' id='word_1_240' title='bbox 777 4087 1020 4151; x_wconf 91' lang='lat' dir='ltr'><strong>peccata.</strong></span> 
     </span>
    </p>
   </div>
   <div class='ocr_carea' id='block_1_44' title="bbox 510 4171 2023 4242">
    <p class='ocr_par' dir='ltr' id='par_1_44' title="bbox 510 4171 2023 4242">
     <span class='ocr_line' id='line_1_44' title="bbox 510 4171 2023 4242; baseline -0.001 -15"><span class='ocrx_word' id='word_1_241' title='bbox 510 4171 710 4227; x_wconf 87' lang='lat' dir='ltr'><strong>Beatus</strong></span> <span class='ocrx_word' id='word_1_242' title='bbox 731 4173 823 4242; x_wconf 90' lang='lat' dir='ltr'><strong>qui</strong></span> <span class='ocrx_word' id='word_1_243' title='bbox 855 4171 1102 4242; x_wconf 78' lang='lat' dir='ltr'><strong>intelligit</strong></span> <span class='ocrx_word' id='word_1_244' title='bbox 1140 4186 1303 4242; x_wconf 87' lang='lat' dir='ltr'><strong>super</strong></span> <span class='ocrx_word' id='word_1_245' title='bbox 1331 4185 1560 4240; x_wconf 89' lang='lat' dir='ltr'><strong>egenum</strong></span> <span class='ocrx_word' id='word_1_246' title='bbox 1605 4180 1658 4226; x_wconf 93' lang='lat' dir='ltr'><strong>et</strong></span> <span class='ocrx_word' id='word_1_247' title='bbox 1687 4187 1975 4242; x_wconf 87' lang='lat' dir='ltr'><strong>pauperem</strong></span> <span class='ocrx_word' id='word_1_248' title='bbox 2006 4187 2023 4226; x_wconf 86' lang='lat'><strong>:</strong></span> 
     </span>
    </p>
   </div>
   <div class='ocr_carea' id='block_1_45' title="bbox 437 4263 1523 4320">
    <p class='ocr_par' dir='ltr' id='par_1_45' title="bbox 437 4263 1523 4320">
     <span class='ocr_line' id='line_1_45' title="bbox 437 4263 1523 4320; baseline -0.001 -2"><span class='ocrx_word' id='word_1_249' title='bbox 437 4263 494 4318; x_wconf 86' lang='lat' dir='ltr'><strong>in</strong></span> <span class='ocrx_word' id='word_1_250' title='bbox 525 4263 612 4318; x_wconf 92' lang='lat' dir='ltr'><strong>die</strong></span> <span class='ocrx_word' id='word_1_251' title='bbox 642 4264 783 4318; x_wconf 90' lang='lat' dir='ltr'><strong>mala</strong></span> <span class='ocrx_word' id='word_1_252' title='bbox 813 4264 1062 4320; x_wconf 88' lang='lat' dir='ltr'><strong>liberabit</strong></span> <span class='ocrx_word' id='word_1_253' title='bbox 1087 4279 1211 4319; x_wconf 91' lang='lat' dir='ltr'><strong>eum</strong></span> <span class='ocrx_word' id='word_1_254' title='bbox 1242 4264 1523 4319; x_wconf 90' lang='lat' dir='ltr'><strong>Dominus.</strong></span> 
     </span>
    </p>
   </div>
   <div class='ocr_carea' id='block_1_46' title="bbox 505 4351 2024 4424">
    <p class='ocr_par' dir='ltr' id='par_1_46' title="bbox 505 4351 2024 4424">
     <span class='ocr_line' id='line_1_46' title="bbox 505 4351 2024 4424; baseline 0.001 -17"><span class='ocrx_word' id='word_1_255' title='bbox 505 4351 735 4410; x_wconf 86' lang='lat' dir='ltr'><strong>Brachia</strong></span> <span class='ocrx_word' id='word_1_256' title='bbox 766 4363 1109 4424; x_wconf 87' lang='lat' dir='ltr'><strong>peccatorum</strong></span> <span class='ocrx_word' id='word_1_257' title='bbox 1133 4363 1507 4418; x_wconf 90' lang='lat' dir='ltr'><strong>conterentur,</strong></span> <span class='ocrx_word' id='word_1_258' title='bbox 1539 4352 1825 4410; x_wconf 84' lang='lat' dir='ltr'><strong>confirmat</strong></span> <span class='ocrx_word' id='word_1_259' title='bbox 1844 4363 2024 4409; x_wconf 90' lang='lat' dir='ltr'><strong>autem</strong></span> 
     </span>
    </p>
   </div>
   <div class='ocr_carea' id='block_1_47' title="bbox 433 4443 928 4512">
    <p class='ocr_par' dir='ltr' id='par_1_47' title="bbox 433 4443 928 4512">
     <span class='ocr_line' id='line_1_47' title="bbox 433 4443 928 4512; baseline 0.008 -16"><span class='ocrx_word' id='word_1_260' title='bbox 433 4443 611 4512; x_wconf 86' lang='lat' dir='ltr'><strong>justos</strong></span> <span class='ocrx_word' id='word_1_261' title='bbox 650 4445 928 4500; x_wconf 90' lang='lat' dir='ltr'><strong>Dominus.</strong></span> 
     </span>
    </p>
   </div>
   <div class='ocr_carea' id='block_1_48' title="bbox 511 4534 2105 4607">
    <p class='ocr_par' dir='ltr' id='par_1_48' title="bbox 511 4534 2105 4607">
     <span class='ocr_line' id='line_1_48' title="bbox 511 4534 2105 4607; baseline 0.001 -17"><span class='ocrx_word' id='word_1_262' title='bbox 511 4535 834 4591; x_wconf 88' lang='lat' dir='ltr'><strong>Benedictus</strong></span> <span class='ocrx_word' id='word_1_263' title='bbox 862 4537 1124 4591; x_wconf 90' lang='lat' dir='ltr'><strong>Dominus</strong></span> <span class='ocrx_word' id='word_1_264' title='bbox 1149 4535 1291 4591; x_wconf 89' lang='lat' dir='ltr'><strong>Deus</strong></span> <span class='ocrx_word' id='word_1_265' title='bbox 1312 4535 1502 4604; x_wconf 87' lang='lat' dir='ltr'><strong>Israel,</strong></span> <span class='ocrx_word' id='word_1_266' title='bbox 1527 4537 1620 4607; x_wconf 90' lang='lat' dir='ltr'><strong>qni</strong></span> <span class='ocrx_word' id='word_1_267' title='bbox 1645 4536 1777 4592; x_wconf 89' lang='lat' dir='ltr'><strong>facit</strong></span> <span class='ocrx_word' id='word_1_268' title='bbox 1804 4537 2026 4591; x_wconf 83' lang='lat' dir='ltr'><strong>tnirahi-</strong></span> <span class='ocrx_word' id='word_1_269' title='bbox 2053 4534 2105 4590; x_wconf 91' lang='lat' dir='ltr'><strong>D</strong></span> 
     </span>
    </p>
   </div>
   <div class='ocr_carea' id='block_1_49' title="bbox 440 4627 705 4683">
    <p class='ocr_par' dir='ltr' id='par_1_49' title="bbox 440 4627 705 4683">
     <span class='ocr_line' id='line_1_49' title="bbox 440 4627 705 4683; baseline -0.004 -1"><span class='ocrx_word' id='word_1_270' title='bbox 440 4628 512 4683; x_wconf 86' lang='lat' dir='ltr'><strong>lia</strong></span> <span class='ocrx_word' id='word_1_271' title='bbox 536 4627 705 4683; x_wconf 88' lang='lat' dir='ltr'><strong>solus.</strong></span> 
     </span>
    </p>
   </div>
   <div class='ocr_carea' id='block_1_50' title="bbox 513 4719 2023 4791">
    <p class='ocr_par' dir='ltr' id='par_1_50' title="bbox 513 4719 2023 4791">
     <span class='ocr_line' id='line_1_50' title="bbox 513 4719 2023 4791; baseline -0.002 -14"><span class='ocrx_word' id='word_1_272' title='bbox 513 4719 711 4777; x_wconf 87' lang='lat' dir='ltr'><strong>Beatus</strong></span> <span class='ocrx_word' id='word_1_273' title='bbox 748 4719 840 4789; x_wconf 90' lang='lat' dir='ltr'><strong>qui</strong></span> <span class='ocrx_word' id='word_1_274' title='bbox 872 4719 1075 4775; x_wconf 88' lang='lat' dir='ltr'><strong>tenebit</strong></span> <span class='ocrx_word' id='word_1_275' title='bbox 1097 4729 1154 4775; x_wconf 92' lang='lat' dir='ltr'><strong>et</strong></span> <span class='ocrx_word' id='word_1_276' title='bbox 1182 4719 1366 4776; x_wconf 90' lang='lat' dir='ltr'><strong>allidet</strong></span> <span class='ocrx_word' id='word_1_277' title='bbox 1397 4719 1652 4791; x_wconf 87' lang='lat' dir='ltr'><strong>parvulos</strong></span> <span class='ocrx_word' id='word_1_278' title='bbox 1681 4735 1807 4776; x_wconf 91' lang='lat' dir='ltr'><strong>suos</strong></span> <span class='ocrx_word' id='word_1_279' title='bbox 1836 4722 1902 4776; x_wconf 90' lang='lat' dir='ltr'><strong>ad</strong></span> <span class='ocrx_word' id='word_1_280' title='bbox 1933 4735 2023 4786; x_wconf 82' lang='lat' dir='ltr'><strong>pe-</strong></span> 
     </span>
    </p>
   </div>
   <div class='ocr_carea' id='block_1_51' title="bbox 448 4819 612 4864">
    <p class='ocr_par' dir='ltr' id='par_1_51' title="bbox 448 4819 612 4864">
     <span class='ocr_line' id='line_1_51' title="bbox 448 4819 612 4864; baseline -0.006 0"><span class='ocrx_word' id='word_1_281' title='bbox 448 4819 612 4864; x_wconf 88' lang='lat' dir='ltr'><strong>trann.</strong></span> 
     </span>
    </p>
   </div>
   <div class='ocr_carea' id='block_1_52' title="bbox 520 4901 2032 4972">
    <p class='ocr_par' dir='ltr' id='par_1_52' title="bbox 520 4901 2032 4972">
     <span class='ocr_line' id='line_1_52' title="bbox 520 4901 2032 4972; baseline -0.001 -16"><span class='ocrx_word' id='word_1_282' title='bbox 520 4901 918 4972; x_wconf 87' lang='lat' dir='ltr'><strong>Beneplacitum</strong></span> <span class='ocrx_word' id='word_1_283' title='bbox 949 4911 1033 4957; x_wconf 91' lang='lat' dir='ltr'><strong>est</strong></span> <span class='ocrx_word' id='word_1_284' title='bbox 1071 4901 1300 4959; x_wconf 90' lang='lat' dir='ltr'><strong>Domino</strong></span> <span class='ocrx_word' id='word_1_285' title='bbox 1334 4917 1498 4972; x_wconf 89' lang='lat' dir='ltr'><strong>super</strong></span> <span class='ocrx_word' id='word_1_286' title='bbox 1525 4903 1778 4958; x_wconf 88' lang='lat' dir='ltr'><strong>timentes</strong></span> <span class='ocrx_word' id='word_1_287' title='bbox 1807 4917 1951 4967; x_wconf 91' lang='lat' dir='ltr'><strong>eum,</strong></span> <span class='ocrx_word' id='word_1_288' title='bbox 1975 4909 2032 4957; x_wconf 88' lang='lat' dir='ltr'><strong>ct</strong></span> 
     </span>
    </p>
   </div>
   <div class='ocr_carea' id='block_1_53' title="bbox 443 4995 1742 5066">
    <p class='ocr_par' dir='ltr' id='par_1_53' title="bbox 443 4995 1742 5066">
     <span class='ocr_line' id='line_1_53' title="bbox 443 4995 1742 5066; baseline -0.002 -15"><span class='ocrx_word' id='word_1_289' title='bbox 443 4995 502 5051; x_wconf 77' lang='lat' dir='ltr'><strong>in</strong></span> <span class='ocrx_word' id='word_1_290' title='bbox 525 4995 606 5051; x_wconf 86' lang='lat' dir='ltr'><strong>eis</strong></span> <span class='ocrx_word' id='word_1_291' title='bbox 629 4995 722 5066; x_wconf 88' lang='lat' dir='ltr'><strong>qui</strong></span> <span class='ocrx_word' id='word_1_292' title='bbox 751 5004 971 5064; x_wconf 85' lang='lat' dir='ltr'><strong>sperant</strong></span> <span class='ocrx_word' id='word_1_293' title='bbox 1001 5010 1166 5066; x_wconf 89' lang='lat' dir='ltr'><strong>super</strong></span> <span class='ocrx_word' id='word_1_294' title='bbox 1195 4995 1566 5050; x_wconf 88' lang='lat' dir='ltr'><strong>misericordia</strong></span> <span class='ocrx_word' id='word_1_295' title='bbox 1607 4997 1742 5065; x_wconf 89' lang='lat' dir='ltr'><strong>ejus.</strong></span> 
     </span>
    </p>
   </div>
   <div class='ocr_carea' id='block_1_54' title="bbox 517 5085 2028 5156">
    <p class='ocr_par' dir='ltr' id='par_1_54' title="bbox 517 5085 2028 5156">
     <span class='ocr_line' id='line_1_54' title="bbox 517 5085 2028 5156; baseline -0.004 -14"><span class='ocrx_word' id='word_1_296' title='bbox 517 5085 666 5142; x_wconf 87' lang='lat' dir='ltr'><strong>Beati</strong></span> <span class='ocrx_word' id='word_1_297' title='bbox 699 5087 790 5155; x_wconf 92' lang='lat' dir='ltr'><strong>qui</strong></span> <span class='ocrx_word' id='word_1_298' title='bbox 822 5088 1070 5142; x_wconf 88' lang='lat' dir='ltr'><strong>esuriunt</strong></span> <span class='ocrx_word' id='word_1_299' title='bbox 1106 5094 1163 5142; x_wconf 87' lang='lat' dir='ltr'><strong>et</strong></span> <span class='ocrx_word' id='word_1_300' title='bbox 1223 5087 1412 5140; x_wconf 90' lang='lat' dir='ltr'><strong>sitiunt</strong></span> <span class='ocrx_word' id='word_1_301' title='bbox 1453 5086 1742 5156; x_wconf 87' lang='lat' dir='ltr'><strong>justitiam,</strong></span> <span class='ocrx_word' id='word_1_302' title='bbox 1771 5097 2028 5154; x_wconf 77' lang='lat' dir='ltr'><strong>quoniam</strong></span> 
     </span>
    </p>
   </div>
   <div class='ocr_carea' id='block_1_55' title="bbox 445 5174 984 5248">
    <p class='ocr_par' dir='ltr' id='par_1_55' title="bbox 445 5174 984 5248">
     <span class='ocr_line' id='line_1_55' title="bbox 445 5174 984 5248; baseline 0 -17"><span class='ocrx_word' id='word_1_303' title='bbox 445 5174 548 5248; x_wconf 86' lang='lat' dir='ltr'><strong>ipsi</strong></span> <span class='ocrx_word' id='word_1_304' title='bbox 575 5179 984 5233; x_wconf 88' lang='lat' dir='ltr'><strong>saturabuntur.</strong></span> 
     </span>
    </p>
   </div>
   <div class='ocr_carea' id='block_1_56' title="bbox 515 5265 1958 5340">
    <p class='ocr_par' dir='ltr' id='par_1_56' title="bbox 515 5265 1958 5340">
     <span class='ocr_line' id='line_1_56' title="bbox 515 5265 1958 5340; baseline -0.004 -16"><span class='ocrx_word' id='word_1_305' title='bbox 515 5268 700 5326; x_wconf 88' lang='lat' dir='ltr'><strong>Bonus</strong></span> <span class='ocrx_word' id='word_1_306' title='bbox 721 5281 908 5340; x_wconf 87' lang='lat' dir='ltr'><strong>pastor</strong></span> <span class='ocrx_word' id='word_1_307' title='bbox 932 5271 1172 5326; x_wconf 88' lang='lat' dir='ltr'><strong>animam</strong></span> <span class='ocrx_word' id='word_1_308' title='bbox 1194 5282 1348 5324; x_wconf 90' lang='lat' dir='ltr'><strong>suam</strong></span> <span class='ocrx_word' id='word_1_309' title='bbox 1380 5267 1470 5321; x_wconf 88' lang='lat' dir='ltr'><strong>dat</strong></span> <span class='ocrx_word' id='word_1_310' title='bbox 1492 5280 1590 5336; x_wconf 89' lang='lat' dir='ltr'><strong>pro</strong></span> <span class='ocrx_word' id='word_1_311' title='bbox 1609 5265 1800 5320; x_wconf 87' lang='lat' dir='ltr'><strong>ovibus</strong></span> <span class='ocrx_word' id='word_1_312' title='bbox 1826 5266 1958 5320; x_wconf 90' lang='lat' dir='ltr'><strong>suis.</strong></span> 
     </span>
    </p>
   </div>
   <div class='ocr_carea' id='block_1_57' title="bbox 2101 524 3168 583">
    <p class='ocr_par' dir='ltr' id='par_1_57' title="bbox 2101 524 3168 583">
     <span class='ocr_line' id='line_1_57' title="bbox 2101 524 3168 583; baseline -0.002 -1"><span class='ocrx_word' id='word_1_313' title='bbox 2101 528 2302 583; x_wconf 87' lang='lat' dir='ltr'><strong>mentis</strong></span> <span class='ocrx_word' id='word_1_314' title='bbox 2330 536 2415 582; x_wconf 87' lang='lat' dir='ltr'><strong>est</strong></span> <span class='ocrx_word' id='word_1_315' title='bbox 2440 528 2589 582; x_wconf 63' lang='lat' dir='ltr'><strong>durae</strong></span> <span class='ocrx_word' id='word_1_316' title='bbox 2619 535 2837 582; x_wconf 87' lang='lat' dir='ltr'><strong>corruet</strong></span> <span class='ocrx_word' id='word_1_317' title='bbox 2863 526 2916 581; x_wconf 89' lang='lat' dir='ltr'><strong>in</strong></span> <span class='ocrx_word' id='word_1_318' title='bbox 2946 524 3168 579; x_wconf 88' lang='lat' dir='ltr'><strong>malum.</strong></span> 
     </span>
    </p>
   </div>
   <div class='ocr_carea' id='block_1_58' title="bbox 2170 617 3270 689">
    <p class='ocr_par' dir='ltr' id='par_1_58' title="bbox 2170 617 3270 689">
     <span class='ocr_line' id='line_1_58' title="bbox 2170 617 3270 689; baseline -0.003 -14"><span class='ocrx_word' id='word_1_319' title='bbox 2170 620 2480 675; x_wconf 86' lang='lat' dir='ltr'><strong>Benedictio</strong></span> <span class='ocrx_word' id='word_1_320' title='bbox 2505 619 2716 674; x_wconf 88' lang='lat' dir='ltr'><strong>Domini</strong></span> <span class='ocrx_word' id='word_1_321' title='bbox 2747 633 2908 689; x_wconf 86' lang='lat' dir='ltr'><strong>super</strong></span> <span class='ocrx_word' id='word_1_322' title='bbox 2933 627 3095 688; x_wconf 83' lang='lat' dir='ltr'><strong>caput</strong></span> <span class='ocrx_word' id='word_1_323' title='bbox 3122 617 3270 686; x_wconf 82' lang='lat' dir='ltr'><strong>justi.</strong></span> 
     </span>
    </p>
   </div>
   <div class='ocr_carea' id='block_1_59' title="bbox 2171 712 3453 784">
    <p class='ocr_par' dir='ltr' id='par_1_59' title="bbox 2171 712 3453 784">
     <span class='ocr_line' id='line_1_59' title="bbox 2171 712 3453 784; baseline -0.004 -17"><span class='ocrx_word' id='word_1_324' title='bbox 2171 712 2315 769; x_wconf 86' lang='lat' dir='ltr'><strong>Bene</strong></span> <span class='ocrx_word' id='word_1_325' title='bbox 2339 714 2619 784; x_wconf 85' lang='lat' dir='ltr'><strong>consurgit</strong></span> <span class='ocrx_word' id='word_1_326' title='bbox 2642 712 2899 775; x_wconf 91' lang='lat' dir='ltr'><strong>diluculo,</strong></span> <span class='ocrx_word' id='word_1_327' title='bbox 2939 714 3030 782; x_wconf 93' lang='lat' dir='ltr'><strong>qui</strong></span> <span class='ocrx_word' id='word_1_328' title='bbox 3063 713 3205 768; x_wconf 87' lang='lat' dir='ltr'><strong>bona</strong></span> <span class='ocrx_word' id='word_1_329' title='bbox 3237 712 3453 782; x_wconf 73' lang='lat' dir='ltr'><strong>quzerit.</strong></span> 
     </span>
    </p>
   </div>
   <div class='ocr_carea' id='block_1_60' title="bbox 2175 801 3700 875">
    <p class='ocr_par' dir='ltr' id='par_1_60' title="bbox 2175 801 3700 875">
     <span class='ocr_line' id='line_1_60' title="bbox 2175 801 3700 875; baseline 0.001 -18"><span class='ocrx_word' id='word_1_330' title='bbox 2175 803 2385 857; x_wconf 89' lang='lat' dir='ltr'><strong>Bonum</strong></span> <span class='ocrx_word' id='word_1_331' title='bbox 2431 812 2514 860; x_wconf 91' lang='lat' dir='ltr'><strong>est</strong></span> <span class='ocrx_word' id='word_1_332' title='bbox 2544 804 2683 870; x_wconf 82' lang='lat' dir='ltr'><strong>viro,</strong></span> <span class='ocrx_word' id='word_1_333' title='bbox 2709 819 2832 859; x_wconf 91' lang='lat' dir='ltr'><strong>cum</strong></span> <span class='ocrx_word' id='word_1_334' title='bbox 2872 804 3168 874; x_wconf 75' lang='lat' dir='ltr'><strong>portaverit</strong></span> <span class='ocrx_word' id='word_1_335' title='bbox 3187 801 3375 875; x_wconf 86' lang='lat' dir='ltr'><strong>jugum</strong></span> <span class='ocrx_word' id='word_1_336' title='bbox 3401 803 3470 858; x_wconf 88' lang='lat' dir='ltr'><strong>ab</strong></span> <span class='ocrx_word' id='word_1_337' title='bbox 3499 802 3700 859; x_wconf 81' lang='lat' dir='ltr'><strong>adole-</strong></span> 
     </span>
    </p>
   </div>
   <div class='ocr_carea' id='block_1_61' title="bbox 2103 897 2456 952">
    <p class='ocr_par' dir='ltr' id='par_1_61' title="bbox 2103 897 2456 952">
     <span class='ocr_line' id='line_1_61' title="bbox 2103 897 2456 952; baseline 0 0"><span class='ocrx_word' id='word_1_338' title='bbox 2103 897 2307 952; x_wconf 88' lang='lat' dir='ltr'><strong>scentia</strong></span> <span class='ocrx_word' id='word_1_339' title='bbox 2336 912 2456 952; x_wconf 86' lang='lat' dir='ltr'><strong>sua.</strong></span> 
     </span>
    </p>
   </div>
   <div class='ocr_carea' id='block_1_62' title="bbox 2174 985 3706 1057">
    <p class='ocr_par' dir='ltr' id='par_1_62' title="bbox 2174 985 3706 1057">
     <span class='ocr_line' id='line_1_62' title="bbox 2174 985 3706 1057; baseline 0.002 -20"><span class='ocrx_word' id='word_1_340' title='bbox 2174 985 2354 1039; x_wconf 88' lang='lat' dir='ltr'><strong>Bonus</strong></span> <span class='ocrx_word' id='word_1_341' title='bbox 2393 996 2477 1040; x_wconf 90' lang='lat' dir='ltr'><strong>est</strong></span> <span class='ocrx_word' id='word_1_342' title='bbox 2528 986 2790 1042; x_wconf 89' lang='lat' dir='ltr'><strong>Dominus</strong></span> <span class='ocrx_word' id='word_1_343' title='bbox 2829 986 3176 1057; x_wconf 88' lang='lat' dir='ltr'><strong>sperantibus</strong></span> <span class='ocrx_word' id='word_1_344' title='bbox 3221 987 3275 1042; x_wconf 90' lang='lat' dir='ltr'><strong>in</strong></span> <span class='ocrx_word' id='word_1_345' title='bbox 3325 1003 3472 1056; x_wconf 87' lang='lat' dir='ltr'><strong>cum,</strong></span> <span class='ocrx_word' id='word_1_346' title='bbox 3499 989 3706 1044; x_wconf 60' lang='lat' dir='ltr'><strong>anima</strong></span> 
     </span>
    </p>
   </div>
   <div class='ocr_carea' id='block_1_63' title="bbox 2105 1077 2575 1146">
    <p class='ocr_par' dir='ltr' id='par_1_63' title="bbox 2105 1077 2575 1146">
     <span class='ocr_line' id='line_1_63' title="bbox 2105 1077 2575 1146; baseline 0.004 -16"><span class='ocrx_word' id='word_1_347' title='bbox 2105 1077 2368 1146; x_wconf 57' lang='lat' dir='ltr'><strong>quaerenti</strong></span> <span class='ocrx_word' id='word_1_348' title='bbox 2405 1077 2575 1132; x_wconf 88' lang='lat' dir='ltr'><strong>illum.</strong></span> 
     </span>
    </p>
   </div>
   <div class='ocr_carea' id='block_1_64' title="bbox 2177 1167 3522 1242">
    <p class='ocr_par' dir='ltr' id='par_1_64' title="bbox 2177 1167 3522 1242">
     <span class='ocr_line' id='line_1_64' title="bbox 2177 1167 3522 1242; baseline 0.005 -23"><span class='ocrx_word' id='word_1_349' title='bbox 2177 1167 2364 1221; x_wconf 80' lang='lat' dir='ltr'><strong>Brevis</strong></span> <span class='ocrx_word' id='word_1_350' title='bbox 2392 1169 2570 1223; x_wconf 91' lang='lat' dir='ltr'><strong>omnis</strong></span> <span class='ocrx_word' id='word_1_351' title='bbox 2607 1168 2811 1225; x_wconf 89' lang='lat' dir='ltr'><strong>malitia</strong></span> <span class='ocrx_word' id='word_1_352' title='bbox 2835 1186 2999 1242; x_wconf 90' lang='lat' dir='ltr'><strong>super</strong></span> <span class='ocrx_word' id='word_1_353' title='bbox 3025 1171 3232 1226; x_wconf 89' lang='lat' dir='ltr'><strong>malitia</strong></span> <span class='ocrx_word' id='word_1_354' title='bbox 3255 1170 3522 1227; x_wconf 89' lang='lat' dir='ltr'><strong>mulieris.</strong></span> 
     </span>
    </p>
   </div>
   <div class='ocr_carea' id='block_1_65' title="bbox 2177 1258 3699 1334">
    <p class='ocr_par' dir='ltr' id='par_1_65' title="bbox 2177 1258 3699 1334">
     <span class='ocr_line' id='line_1_65' title="bbox 2177 1258 3699 1334; baseline 0.003 -22"><span class='ocrx_word' id='word_1_355' title='bbox 2177 1258 2378 1314; x_wconf 87' lang='lat' dir='ltr'><strong>Beatus</strong></span> <span class='ocrx_word' id='word_1_356' title='bbox 2427 1260 2516 1328; x_wconf 89' lang='lat' dir='ltr'><strong>qui</strong></span> <span class='ocrx_word' id='word_1_357' title='bbox 2547 1261 2709 1315; x_wconf 88' lang='lat' dir='ltr'><strong>habet</strong></span> <span class='ocrx_word' id='word_1_358' title='bbox 2737 1271 2947 1332; x_wconf 89' lang='lat' dir='ltr'><strong>partem</strong></span> <span class='ocrx_word' id='word_1_359' title='bbox 2977 1263 3029 1317; x_wconf 92' lang='lat' dir='ltr'><strong>in</strong></span> <span class='ocrx_word' id='word_1_360' title='bbox 3051 1265 3462 1319; x_wconf 80' lang='lat' dir='ltr'><strong>resurrectione</strong></span> <span class='ocrx_word' id='word_1_361' title='bbox 3489 1265 3699 1334; x_wconf 85' lang='lat' dir='ltr'><strong>prima.</strong></span> 
     </span>
    </p>
   </div>
   <div class='ocr_carea' id='block_1_66' title="bbox 2177 1350 3701 1428">
    <p class='ocr_par' dir='ltr' id='par_1_66' title="bbox 2177 1350 3701 1428">
     <span class='ocr_line' id='line_1_66' title="bbox 2177 1350 3701 1428; baseline 0.007 -24"><span class='ocrx_word' id='word_1_362' title='bbox 2177 1350 2375 1406; x_wconf 88' lang='lat' dir='ltr'><strong>Beatus</strong></span> <span class='ocrx_word' id='word_1_363' title='bbox 2404 1352 2485 1406; x_wconf 85' lang='lat' dir='ltr'><strong>vir</strong></span> <span class='ocrx_word' id='word_1_364' title='bbox 2513 1355 2605 1424; x_wconf 86' lang='lat' dir='ltr'><strong>qui</strong></span> <span class='ocrx_word' id='word_1_365' title='bbox 2632 1353 2824 1410; x_wconf 73' lang='lat' dir='ltr'><strong>suffert</strong></span> <span class='ocrx_word' id='word_1_366' title='bbox 2853 1358 3223 1418; x_wconf 89' lang='lat' dir='ltr'><strong>tentationem.</strong></span> <span class='ocrx_word' id='word_1_367' title='bbox 3252 1359 3534 1428; x_wconf 88' lang='lat' dir='ltr'><strong>quoniam,</strong></span> <span class='ocrx_word' id='word_1_368' title='bbox 3569 1375 3701 1414; x_wconf 90' lang='lat' dir='ltr'><strong>cum</strong></span> 
     </span>
    </p>
   </div>
   <div class='ocr_carea' id='block_1_67' title="bbox 2108 1445 3306 1518">
    <p class='ocr_par' dir='ltr' id='par_1_67' title="bbox 2108 1445 3306 1518">
     <span class='ocr_line' id='line_1_67' title="bbox 2108 1445 3306 1518; baseline 0.004 -19"><span class='ocrx_word' id='word_1_369' title='bbox 2108 1445 2368 1515; x_wconf 91' lang='lat' dir='ltr'><strong>probatus</strong></span> <span class='ocrx_word' id='word_1_370' title='bbox 2401 1445 2589 1513; x_wconf 90' lang='lat' dir='ltr'><strong>fuerit,</strong></span> <span class='ocrx_word' id='word_1_371' title='bbox 2623 1449 2851 1518; x_wconf 90' lang='lat' dir='ltr'><strong>accipiet</strong></span> <span class='ocrx_word' id='word_1_372' title='bbox 2881 1464 3141 1505; x_wconf 89' lang='lat' dir='ltr'><strong>coronam</strong></span> <span class='ocrx_word' id='word_1_373' title='bbox 3167 1452 3306 1505; x_wconf 65' lang='lat' dir='ltr'><strong>vitae.</strong></span> 
     </span>
    </p>
   </div>
   <div class='ocr_carea' id='block_1_68' title="bbox 2180 1540 3711 1610">
    <p class='ocr_par' dir='ltr' id='par_1_68' title="bbox 2180 1540 3711 1610">
     <span class='ocr_line' id='line_1_68' title="bbox 2180 1540 3711 1610; baseline 0.003 -17"><span class='ocrx_word' id='word_1_374' title='bbox 2180 1540 2324 1595; x_wconf 90' lang='lat' dir='ltr'><strong>Bene</strong></span> <span class='ocrx_word' id='word_1_375' title='bbox 2359 1541 2501 1610; x_wconf 87' lang='lat' dir='ltr'><strong>loqui</strong></span> <span class='ocrx_word' id='word_1_376' title='bbox 2531 1552 2586 1595; x_wconf 93' lang='lat' dir='ltr'><strong>et</strong></span> <span class='ocrx_word' id='word_1_377' title='bbox 2623 1542 2765 1598; x_wconf 88' lang='lat' dir='ltr'><strong>male</strong></span> <span class='ocrx_word' id='word_1_378' title='bbox 2799 1542 2980 1598; x_wconf 81' lang='lat' dir='ltr'><strong>vivere</strong></span> <span class='ocrx_word' id='word_1_379' title='bbox 3021 1543 3154 1598; x_wconf 88' lang='lat' dir='ltr'><strong>nihil</strong></span> <span class='ocrx_word' id='word_1_380' title='bbox 3190 1551 3274 1597; x_wconf 91' lang='lat' dir='ltr'><strong>est</strong></span> <span class='ocrx_word' id='word_1_381' title='bbox 3313 1542 3458 1598; x_wconf 88' lang='lat' dir='ltr'><strong>aliud</strong></span> <span class='ocrx_word' id='word_1_382' title='bbox 3506 1543 3612 1599; x_wconf 88' lang='lat' dir='ltr'><strong>nisi</strong></span> <span class='ocrx_word' id='word_1_383' title='bbox 3642 1556 3711 1598; x_wconf 74' lang='lat' dir='ltr'><strong>se</strong></span> 
     </span>
    </p>
   </div>
   <div class='ocr_carea' id='block_1_69' title="bbox 2113 1631 2596 1702">
    <p class='ocr_par' dir='ltr' id='par_1_69' title="bbox 2113 1631 2596 1702">
     <span class='ocr_line' id='line_1_69' title="bbox 2113 1631 2596 1702; baseline 0.008 -18"><span class='ocrx_word' id='word_1_384' title='bbox 2113 1631 2287 1702; x_wconf 87' lang='lat' dir='ltr'><strong>ipsum</strong></span> <span class='ocrx_word' id='word_1_385' title='bbox 2319 1645 2596 1689; x_wconf 81' lang='lat' dir='ltr'><strong>damnare.</strong></span> 
     </span>
    </p>
   </div>
   <div class='ocr_carea' id='block_1_70' title="bbox 2183 1722 3712 1797">
    <p class='ocr_par' dir='ltr' id='par_1_70' title="bbox 2183 1722 3712 1797">
     <span class='ocr_line' id='line_1_70' title="bbox 2183 1722 3712 1797; baseline 0.001 -21"><span class='ocrx_word' id='word_1_386' title='bbox 2183 1722 2389 1779; x_wconf 91' lang='lat' dir='ltr'><strong>Bonum</strong></span> <span class='ocrx_word' id='word_1_387' title='bbox 2419 1725 2752 1782; x_wconf 88' lang='lat' dir='ltr'><strong>intellectum</strong></span> <span class='ocrx_word' id='word_1_388' title='bbox 2800 1726 2986 1792; x_wconf 87' lang='lat' dir='ltr'><strong>habet,</strong></span> <span class='ocrx_word' id='word_1_389' title='bbox 3017 1726 3107 1796; x_wconf 89' lang='lat' dir='ltr'><strong>qui</strong></span> <span class='ocrx_word' id='word_1_390' title='bbox 3161 1727 3305 1797; x_wconf 90' lang='lat' dir='ltr'><strong>quod</strong></span> <span class='ocrx_word' id='word_1_391' title='bbox 3337 1735 3484 1782; x_wconf 87' lang='lat' dir='ltr'><strong>recte</strong></span> <span class='ocrx_word' id='word_1_392' title='bbox 3507 1724 3712 1782; x_wconf 59' lang='lat' dir='ltr'><strong>intellio</strong></span> 
     </span>
    </p>
   </div>
   <div class='ocr_carea' id='block_1_71' title="bbox 2042 1805 2362 1884">
    <p class='ocr_par' dir='ltr' id='par_1_71' title="bbox 2042 1805 2362 1884">
     <span class='ocr_line' id='line_1_71' title="bbox 2042 1805 2362 1884; baseline 0.013 -19"><span class='ocrx_word' id='word_1_393' title='bbox 2042 1805 2089 1865; x_wconf 91' lang='lat' dir='ltr'><strong>B</strong></span> <span class='ocrx_word' id='word_1_394' title='bbox 2117 1813 2196 1884; x_wconf 90' lang='lat' dir='ltr'><strong>git</strong></span> <span class='ocrx_word' id='word_1_395' title='bbox 2216 1813 2362 1870; x_wconf 89' lang='lat' dir='ltr'><strong>facit.</strong></span> 
     </span>
    </p>
   </div>
   <div class='ocr_carea' id='block_1_72' title="bbox 2184 1906 3710 1980">
    <p class='ocr_par' dir='ltr' id='par_1_72' title="bbox 2184 1906 3710 1980">
     <span class='ocr_line' id='line_1_72' title="bbox 2184 1906 3710 1980; baseline 0.001 -19"><span class='ocrx_word' id='word_1_396' title='bbox 2184 1906 2458 1963; x_wconf 88' lang='lat' dir='ltr'><strong>Bonorum</strong></span> <span class='ocrx_word' id='word_1_397' title='bbox 2503 1923 2657 1964; x_wconf 90' lang='lat' dir='ltr'><strong>mens</strong></span> <span class='ocrx_word' id='word_1_398' title='bbox 2693 1925 2802 1980; x_wconf 92' lang='lat' dir='ltr'><strong>quo</strong></span> <span class='ocrx_word' id='word_1_399' title='bbox 2833 1909 3050 1965; x_wconf 90' lang='lat' dir='ltr'><strong>duriora</strong></span> <span class='ocrx_word' id='word_1_400' title='bbox 3079 1924 3179 1979; x_wconf 93' lang='lat' dir='ltr'><strong>pro</strong></span> <span class='ocrx_word' id='word_1_401' title='bbox 3212 1909 3440 1965; x_wconf 89' lang='lat' dir='ltr'><strong>veritate</strong></span> <span class='ocrx_word' id='word_1_402' title='bbox 3487 1907 3710 1974; x_wconf 82' lang='lat' dir='ltr'><strong>tolerat,</strong></span> 
     </span>
    </p>
   </div>
   <div class='ocr_carea' id='block_1_73' title="bbox 2111 1999 3240 2071">
    <p class='ocr_par' dir='ltr' id='par_1_73' title="bbox 2111 1999 3240 2071">
     <span class='ocr_line' id='line_1_73' title="bbox 2111 1999 3240 2071; baseline 0 -17"><span class='ocrx_word' id='word_1_403' title='bbox 2111 2013 2178 2054; x_wconf 89' lang='lat' dir='ltr'><strong>eo</strong></span> <span class='ocrx_word' id='word_1_404' title='bbox 2206 1999 2410 2055; x_wconf 90' lang='lat' dir='ltr'><strong>certius</strong></span> <span class='ocrx_word' id='word_1_405' title='bbox 2433 2001 2756 2057; x_wconf 68' lang='lat' dir='ltr'><strong>mternitatis</strong></span> <span class='ocrx_word' id='word_1_406' title='bbox 2783 2001 3002 2071; x_wconf 72' lang='lat' dir='ltr'><strong>prmmia</strong></span> <span class='ocrx_word' id='word_1_407' title='bbox 3036 2009 3240 2070; x_wconf 88' lang='lat' dir='ltr'><strong>sperat.</strong></span> 
     </span>
    </p>
   </div>
   <div class='ocr_carea' id='block_1_74' title="bbox 2183 2086 3406 2160">
    <p class='ocr_par' dir='ltr' id='par_1_74' title="bbox 2183 2086 3406 2160">
     <span class='ocr_line' id='line_1_74' title="bbox 2183 2086 3406 2160; baseline 0.002 -20"><span class='ocrx_word' id='word_1_408' title='bbox 2183 2086 2510 2144; x_wconf 84' lang='lat' dir='ltr'><strong>Beneficium</strong></span> <span class='ocrx_word' id='word_1_409' title='bbox 2544 2091 2634 2160; x_wconf 91' lang='lat' dir='ltr'><strong>qui</strong></span> <span class='ocrx_word' id='word_1_410' title='bbox 2660 2090 2793 2145; x_wconf 86' lang='lat' dir='ltr'><strong>dare</strong></span> <span class='ocrx_word' id='word_1_411' title='bbox 2828 2091 3023 2155; x_wconf 87' lang='lat' dir='ltr'><strong>nescit,</strong></span> <span class='ocrx_word' id='word_1_412' title='bbox 3049 2089 3248 2160; x_wconf 79' lang='lat' dir='ltr'><strong>injuste</strong></span> <span class='ocrx_word' id='word_1_413' title='bbox 3271 2090 3406 2160; x_wconf 87' lang='lat' dir='ltr'><strong>petit</strong></span> 
     </span>
    </p>
   </div>
   <div class='ocr_carea' id='block_1_75' title="bbox 2183 2177 3710 2252">
    <p class='ocr_par' dir='ltr' id='par_1_75' title="bbox 2183 2177 3710 2252">
     <span class='ocr_line' id='line_1_75' title="bbox 2183 2177 3710 2252; baseline 0.003 -19"><span class='ocrx_word' id='word_1_414' title='bbox 2183 2177 2376 2235; x_wconf 90' lang='lat' dir='ltr'><strong>Bibere</strong></span> <span class='ocrx_word' id='word_1_415' title='bbox 2397 2191 2450 2236; x_wconf 88' lang='lat' dir='ltr'><strong>et</strong></span> <span class='ocrx_word' id='word_1_416' title='bbox 2471 2185 2795 2239; x_wconf 88' lang='lat' dir='ltr'><strong>manducare</strong></span> <span class='ocrx_word' id='word_1_417' title='bbox 2824 2181 2950 2236; x_wconf 90' lang='lat' dir='ltr'><strong>nulli</strong></span> <span class='ocrx_word' id='word_1_418' title='bbox 2972 2197 3290 2238; x_wconf 81' lang='lat' dir='ltr'><strong>concessum</strong></span> <span class='ocrx_word' id='word_1_419' title='bbox 3315 2190 3397 2237; x_wconf 90' lang='lat' dir='ltr'><strong>est</strong></span> <span class='ocrx_word' id='word_1_420' title='bbox 3418 2181 3485 2236; x_wconf 89' lang='lat' dir='ltr'><strong>ad</strong></span> <span class='ocrx_word' id='word_1_421' title='bbox 3518 2182 3710 2252; x_wconf 86' lang='lat' dir='ltr'><strong>gulam</strong></span> 
     </span>
    </p>
   </div>
   <div class='ocr_carea' id='block_1_76' title="bbox 2113 2271 3631 2342">
    <p class='ocr_par' dir='ltr' id='par_1_76' title="bbox 2113 2271 3631 2342">
     <span class='ocr_line' id='line_1_76' title="bbox 2113 2271 3631 2342; baseline 0.001 -18"><span class='ocrx_word' id='word_1_422' title='bbox 2113 2271 2456 2341; x_wconf 77' lang='lat' dir='ltr'><strong>explendam,</strong></span> <span class='ocrx_word' id='word_1_423' title='bbox 2485 2275 2578 2330; x_wconf 91' lang='lat' dir='ltr'><strong>sed</strong></span> <span class='ocrx_word' id='word_1_424' title='bbox 2605 2274 2670 2329; x_wconf 90' lang='lat' dir='ltr'><strong>ad</strong></span> <span class='ocrx_word' id='word_1_425' title='bbox 2700 2274 2877 2329; x_wconf 88' lang='lat' dir='ltr'><strong>famen</strong></span> <span class='ocrx_word' id='word_1_426' title='bbox 2901 2274 3154 2342; x_wconf 85' lang='lat' dir='ltr'><strong>sitimque</strong></span> <span class='ocrx_word' id='word_1_427' title='bbox 3179 2275 3631 2342; x_wconf 64' lang='lat' dir='ltr'><strong>restringendam.</strong></span> 
     </span>
    </p>
   </div>
   <div class='ocr_carea' id='block_1_77' title="bbox 2186 2363 3715 2435">
    <p class='ocr_par' dir='ltr' id='par_1_77' title="bbox 2186 2363 3715 2435">
     <span class='ocr_line' id='line_1_77' title="bbox 2186 2363 3715 2435; baseline 0.003 -19"><span class='ocrx_word' id='word_1_428' title='bbox 2186 2363 2511 2421; x_wconf 87' lang='lat' dir='ltr'><strong>Balnearum</strong></span> <span class='ocrx_word' id='word_1_429' title='bbox 2560 2367 2798 2422; x_wconf 86' lang='lat' dir='ltr'><strong>fomenta</strong></span> <span class='ocrx_word' id='word_1_430' title='bbox 2829 2367 2980 2422; x_wconf 90' lang='lat' dir='ltr'><strong>sanis</strong></span> <span class='ocrx_word' id='word_1_431' title='bbox 3011 2375 3063 2422; x_wconf 92' lang='lat' dir='ltr'><strong>et</strong></span> <span class='ocrx_word' id='word_1_432' title='bbox 3086 2364 3379 2435; x_wconf 85' lang='lat' dir='ltr'><strong>juvenibus</strong></span> <span class='ocrx_word' id='word_1_433' title='bbox 3428 2380 3536 2419; x_wconf 91' lang='lat' dir='ltr'><strong>non</strong></span> <span class='ocrx_word' id='word_1_434' title='bbox 3577 2375 3715 2420; x_wconf 83' lang='lat' dir='ltr'><strong>sunt</strong></span> 
     </span>
    </p>
   </div>
   <div class='ocr_carea' id='block_1_78' title="bbox 2117 2456 2534 2526">
    <p class='ocr_par' dir='ltr' id='par_1_78' title="bbox 2117 2456 2534 2526">
     <span class='ocr_line' id='line_1_78' title="bbox 2117 2456 2534 2526; baseline -0.002 -14"><span class='ocrx_word' id='word_1_435' title='bbox 2117 2456 2534 2526; x_wconf 83' lang='lat' dir='ltr'><strong>frequentanda.</strong></span> 
     </span>
    </p>
   </div>
   <div class='ocr_carea' id='block_1_79' title="bbox 2148 2544 3715 2618">
    <p class='ocr_par' dir='ltr' id='par_1_79' title="bbox 2148 2544 3715 2618">
     <span class='ocr_line' id='line_1_79' title="bbox 2148 2544 3715 2618; baseline -0.003 -14"><span class='ocrx_word' id='word_1_436' title='bbox 2148 2591 2150 2593; x_wconf 50' lang='grc'><strong>›</strong></span> <span class='ocrx_word' id='word_1_437' title='bbox 2185 2550 2330 2604; x_wconf 79' lang='lat' dir='ltr'><strong>Bene</strong></span> <span class='ocrx_word' id='word_1_438' title='bbox 2347 2550 2554 2604; x_wconf 86' lang='lat' dir='ltr'><strong>docens</strong></span> <span class='ocrx_word' id='word_1_439' title='bbox 2579 2557 2633 2604; x_wconf 92' lang='lat' dir='ltr'><strong>et</strong></span> <span class='ocrx_word' id='word_1_440' title='bbox 2658 2547 2798 2604; x_wconf 85' lang='lat' dir='ltr'><strong>male</strong></span> <span class='ocrx_word' id='word_1_441' title='bbox 2823 2549 3013 2604; x_wconf 80' lang='lat' dir='ltr'><strong>vivens</strong></span> <span class='ocrx_word' id='word_1_442' title='bbox 3035 2548 3265 2603; x_wconf 83' lang='lat' dir='ltr'><strong>virtutes</strong></span> <span class='ocrx_word' id='word_1_443' title='bbox 3285 2561 3420 2618; x_wconf 92' lang='lat' dir='ltr'><strong>quas</strong></span> <span class='ocrx_word' id='word_1_444' title='bbox 3445 2544 3715 2615; x_wconf 72' lang='lat' dir='ltr'><strong>przcdicat</strong></span> 
     </span>
    </p>
   </div>
   <div class='ocr_carea' id='block_1_80' title="bbox 2118 2639 2640 2697">
    <p class='ocr_par' dir='ltr' id='par_1_80' title="bbox 2118 2639 2640 2697">
     <span class='ocr_line' id='line_1_80' title="bbox 2118 2639 2640 2697; baseline -0.006 0"><span class='ocrx_word' id='word_1_445' title='bbox 2118 2641 2363 2697; x_wconf 75' lang='lat' dir='ltr'><strong>moribus</strong></span> <span class='ocrx_word' id='word_1_446' title='bbox 2395 2639 2640 2695; x_wconf 86' lang='lat' dir='ltr'><strong>infamat.</strong></span> 
     </span>
    </p>
   </div>
   <div class='ocr_carea' id='block_1_81' title="bbox 2188 2733 3177 2802">
    <p class='ocr_par' dir='ltr' id='par_1_81' title="bbox 2188 2733 3177 2802">
     <span class='ocr_line' id='line_1_81' title="bbox 2188 2733 3177 2802; baseline 0 -14"><span class='ocrx_word' id='word_1_447' title='bbox 2188 2733 2408 2788; x_wconf 88' lang='lat' dir='ltr'><strong>Beatius</strong></span> <span class='ocrx_word' id='word_1_448' title='bbox 2438 2741 2522 2788; x_wconf 84' lang='lat' dir='ltr'><strong>est</strong></span> <span class='ocrx_word' id='word_1_449' title='bbox 2554 2733 2685 2788; x_wconf 87' lang='lat' dir='ltr'><strong>dare</strong></span> <span class='ocrx_word' id='word_1_450' title='bbox 2709 2747 2872 2802; x_wconf 87' lang='lat' dir='ltr'><strong>quam</strong></span> <span class='ocrx_word' id='word_1_451' title='bbox 2909 2733 3177 2802; x_wconf 89' lang='lat' dir='ltr'><strong>accipere.</strong></span> 
     </span>
    </p>
   </div>
   <div class='ocr_carea' id='block_1_82' title="bbox 2187 2826 3711 2897">
    <p class='ocr_par' dir='ltr' id='par_1_82' title="bbox 2187 2826 3711 2897">
     <span class='ocr_line' id='line_1_82' title="bbox 2187 2826 3711 2897; baseline -0.006 -13"><span class='ocrx_word' id='word_1_452' title='bbox 2187 2830 2367 2884; x_wconf 90' lang='lat' dir='ltr'><strong>Bonus</strong></span> <span class='ocrx_word' id='word_1_453' title='bbox 2397 2844 2504 2884; x_wconf 90' lang='lat' dir='ltr'><strong>non</strong></span> <span class='ocrx_word' id='word_1_454' title='bbox 2549 2837 2662 2893; x_wconf 90' lang='lat' dir='ltr'><strong>est,</strong></span> <span class='ocrx_word' id='word_1_455' title='bbox 2704 2842 2867 2897; x_wconf 88' lang='lat' dir='ltr'><strong>quem</strong></span> <span class='ocrx_word' id='word_1_456' title='bbox 2907 2827 3171 2882; x_wconf 91' lang='lat' dir='ltr'><strong>malorum</strong></span> <span class='ocrx_word' id='word_1_457' title='bbox 3229 2826 3552 2895; x_wconf 76' lang='lat' dir='ltr'><strong>improortas</strong></span> <span class='ocrx_word' id='word_1_458' title='bbox 3599 2838 3711 2876; x_wconf 88' lang='lat' dir='ltr'><strong>non</strong></span> 
     </span>
    </p>
   </div>
   <div class='ocr_carea' id='block_1_83' title="bbox 2115 2919 2388 2977">
    <p class='ocr_par' dir='ltr' id='par_1_83' title="bbox 2115 2919 2388 2977">
     <span class='ocr_line' id='line_1_83' title="bbox 2115 2919 2388 2977; baseline -0.015 0"><span class='ocrx_word' id='word_1_459' title='bbox 2115 2919 2388 2977; x_wconf 70' lang='lat' dir='ltr'><strong>probavit.</strong></span> 
     </span>
    </p>
   </div>
   <div class='ocr_carea' id='block_1_84' title="bbox 2189 3007 3538 3079">
    <p class='ocr_par' dir='ltr' id='par_1_84' title="bbox 2189 3007 3538 3079">
     <span class='ocr_line' id='line_1_84' title="bbox 2189 3007 3538 3079; baseline -0.004 -14"><span class='ocrx_word' id='word_1_460' title='bbox 2189 3011 2336 3066; x_wconf 90' lang='lat' dir='ltr'><strong>Bona</strong></span> <span class='ocrx_word' id='word_1_461' title='bbox 2369 3010 2580 3079; x_wconf 88' lang='lat' dir='ltr'><strong>cepisse</strong></span> <span class='ocrx_word' id='word_1_462' title='bbox 2606 3018 2660 3064; x_wconf 93' lang='lat' dir='ltr'><strong>et</strong></span> <span class='ocrx_word' id='word_1_463' title='bbox 2691 3024 2798 3062; x_wconf 90' lang='lat' dir='ltr'><strong>non</strong></span> <span class='ocrx_word' id='word_1_464' title='bbox 2832 3009 3092 3078; x_wconf 85' lang='lat' dir='ltr'><strong>perlicere</strong></span> <span class='ocrx_word' id='word_1_465' title='bbox 3126 3007 3254 3062; x_wconf 91' lang='lat' dir='ltr'><strong>nulli</strong></span> <span class='ocrx_word' id='word_1_466' title='bbox 3296 3008 3538 3077; x_wconf 86' lang='lat' dir='ltr'><strong>prodest.</strong></span> 
     </span>
    </p>
   </div>
   <div class='ocr_carea' id='block_1_85' title="bbox 2192 3099 3713 3172">
    <p class='ocr_par' dir='ltr' id='par_1_85' title="bbox 2192 3099 3713 3172">
     <span class='ocr_line' id='line_1_85' title="bbox 2192 3099 3713 3172; baseline -0.004 -15"><span class='ocrx_word' id='word_1_467' title='bbox 2192 3102 2551 3172; x_wconf 69' lang='lat' dir='ltr'><strong>Blasphemite</strong></span> <span class='ocrx_word' id='word_1_468' title='bbox 2578 3102 2745 3156; x_wconf 88' lang='lat' dir='ltr'><strong>verba</strong></span> <span class='ocrx_word' id='word_1_469' title='bbox 2771 3104 2983 3158; x_wconf 90' lang='lat' dir='ltr'><strong>cunctis</strong></span> <span class='ocrx_word' id='word_1_470' title='bbox 3023 3102 3271 3157; x_wconf 84' lang='lat' dir='ltr'><strong>ﬁdelibus</strong></span> <span class='ocrx_word' id='word_1_471' title='bbox 3307 3110 3433 3155; x_wconf 90' lang='lat' dir='ltr'><strong>sunt</strong></span> <span class='ocrx_word' id='word_1_472' title='bbox 3464 3099 3713 3152; x_wconf 82' lang='lat' dir='ltr'><strong>vitanda.</strong></span> 
     </span>
    </p>
   </div>
   <div class='ocr_carea' id='block_1_86' title="bbox 2043 3177 3717 3263">
    <p class='ocr_par' dir='ltr' id='par_1_86' title="bbox 2043 3177 3717 3263">
     <span class='ocr_line' id='line_1_86' title="bbox 2043 3177 3717 3263; baseline -0.002 -15"><span class='ocrx_word' id='word_1_473' title='bbox 2043 3177 2090 3240; x_wconf 67' lang='grc' dir='ltr'><strong>(ἶ</strong></span> <span class='ocrx_word' id='word_1_474' title='bbox 2191 3193 2399 3248; x_wconf 84' lang='lat' dir='ltr'><strong>Bonum</strong></span> <span class='ocrx_word' id='word_1_475' title='bbox 2430 3195 2474 3248; x_wconf 87' lang='lat' dir='ltr'><strong>si</strong></span> <span class='ocrx_word' id='word_1_476' title='bbox 2508 3193 2690 3250; x_wconf 83' lang='lat' dir='ltr'><strong>facere</strong></span> <span class='ocrx_word' id='word_1_477' title='bbox 2738 3210 2998 3263; x_wconf 88' lang='lat' dir='ltr'><strong>nequeas,</strong></span> <span class='ocrx_word' id='word_1_478' title='bbox 3053 3210 3160 3249; x_wconf 86' lang='lat' dir='ltr'><strong>non</strong></span> <span class='ocrx_word' id='word_1_479' title='bbox 3215 3202 3394 3247; x_wconf 87' lang='lat' dir='ltr'><strong>tamen</strong></span> <span class='ocrx_word' id='word_1_480' title='bbox 3445 3190 3632 3262; x_wconf 87' lang='lat' dir='ltr'><strong>culpes</strong></span> <span class='ocrx_word' id='word_1_481' title='bbox 3659 3200 3717 3245; x_wconf 91' lang='lat' dir='ltr'><strong>et</strong></span> 
     </span>
    </p>
   </div>
   <div class='ocr_carea' id='block_1_87' title="bbox 2119 3283 2432 3356">
    <p class='ocr_par' dir='ltr' id='par_1_87' title="bbox 2119 3283 2432 3356">
     <span class='ocr_line' id='line_1_87' title="bbox 2119 3283 2432 3356; baseline 0 -18"><span class='ocrx_word' id='word_1_482' title='bbox 2119 3283 2432 3356; x_wconf 80' lang='lat' dir='ltr'><strong>prohibeas.</strong></span> 
     </span>
    </p>
   </div>
   <div class='ocr_carea' id='block_1_88' title="bbox 2193 3370 3716 3443">
    <p class='ocr_par' dir='ltr' id='par_1_88' title="bbox 2193 3370 3716 3443">
     <span class='ocr_line' id='line_1_88' title="bbox 2193 3370 3716 3443; baseline -0.003 -16"><span class='ocrx_word' id='word_1_483' title='bbox 2193 3371 2339 3430; x_wconf 89' lang='lat' dir='ltr'><strong>Bona</strong></span> <span class='ocrx_word' id='word_1_484' title='bbox 2366 3373 2700 3430; x_wconf 90' lang='lat' dir='ltr'><strong>conscientia</strong></span> <span class='ocrx_word' id='word_1_485' title='bbox 2726 3373 2779 3428; x_wconf 91' lang='lat' dir='ltr'><strong>in</strong></span> <span class='ocrx_word' id='word_1_486' title='bbox 2811 3373 3048 3428; x_wconf 90' lang='lat' dir='ltr'><strong>tenebris</strong></span> <span class='ocrx_word' id='word_1_487' title='bbox 3074 3372 3413 3443; x_wconf 87' lang='lat' dir='ltr'><strong>splendorem</strong></span> <span class='ocrx_word' id='word_1_488' title='bbox 3429 3370 3716 3443; x_wconf 87' lang='lat' dir='ltr'><strong>proprium</strong></span> 
     </span>
    </p>
   </div>
   <div class='ocr_carea' id='block_1_89' title="bbox 2126 3475 2290 3521">
    <p class='ocr_par' dir='ltr' id='par_1_89' title="bbox 2126 3475 2290 3521">
     <span class='ocr_line' id='line_1_89' title="bbox 2126 3475 2290 3521; baseline -0.006 0"><span class='ocrx_word' id='word_1_489' title='bbox 2126 3475 2290 3521; x_wconf 91' lang='lat' dir='ltr'><strong>tenet.</strong></span> 
     </span>
    </p>
   </div>
   <div class='ocr_carea' id='block_1_90' title="bbox 2197 3555 3716 3627">
    <p class='ocr_par' dir='ltr' id='par_1_90' title="bbox 2197 3555 3716 3627">
     <span class='ocr_line' id='line_1_90' title="bbox 2197 3555 3716 3627; baseline -0.002 -14"><span class='ocrx_word' id='word_1_490' title='bbox 2197 3559 2478 3615; x_wconf 87' lang='lat' dir='ltr'><strong>Blanditiis</strong></span> <span class='ocrx_word' id='word_1_491' title='bbox 2509 3557 2860 3615; x_wconf 70' lang='lat' dir='ltr'><strong>smcularibus</strong></span> <span class='ocrx_word' id='word_1_492' title='bbox 2887 3555 3044 3612; x_wconf 81' lang='lat' dir='ltr'><strong>facile</strong></span> <span class='ocrx_word' id='word_1_493' title='bbox 3076 3555 3566 3627; x_wconf 75' lang='lat' dir='ltr'><strong>decipiturft&#39;agilis</strong></span> <span class='ocrx_word' id='word_1_494' title='bbox 3593 3557 3716 3610; x_wconf 82' lang='lat' dir='ltr'><strong>ani-</strong></span> 
     </span>
    </p>
   </div>
   <div class='ocr_carea' id='block_1_91' title="bbox 2125 3669 2268 3708">
    <p class='ocr_par' dir='ltr' id='par_1_91' title="bbox 2125 3669 2268 3708">
     <span class='ocr_line' id='line_1_91' title="bbox 2125 3669 2268 3708; baseline -0.014 0"><span class='ocrx_word' id='word_1_495' title='bbox 2125 3669 2268 3708; x_wconf 77' lang='lat' dir='ltr'><strong>Inus.</strong></span> 
     </span>
    </p>
   </div>
   <div class='ocr_carea' id='block_1_92' title="bbox 2195 3737 3714 3809">
    <p class='ocr_par' dir='ltr' id='par_1_92' title="bbox 2195 3737 3714 3809">
     <span class='ocr_line' id='line_1_92' title="bbox 2195 3737 3714 3809; baseline -0.005 -11"><span class='ocrx_word' id='word_1_496' title='bbox 2195 3743 2440 3798; x_wconf 83' lang='lat' dir='ltr'><strong>Brevitas</strong></span> <span class='ocrx_word' id='word_1_497' title='bbox 2464 3742 2587 3796; x_wconf 82' lang='lat' dir='ltr'><strong>vitae</strong></span> <span class='ocrx_word' id='word_1_498' title='bbox 2611 3742 2894 3809; x_wconf 69' lang='lat' dir='ltr'><strong>praesentis</strong></span> <span class='ocrx_word' id='word_1_499' title='bbox 2924 3739 3196 3808; x_wconf 87' lang='lat' dir='ltr'><strong>pensanda</strong></span> <span class='ocrx_word' id='word_1_500' title='bbox 3215 3749 3298 3796; x_wconf 87' lang='lat' dir='ltr'><strong>est</strong></span> <span class='ocrx_word' id='word_1_501' title='bbox 3325 3739 3394 3794; x_wconf 91' lang='lat' dir='ltr'><strong>ab</strong></span> <span class='ocrx_word' id='word_1_502' title='bbox 3417 3737 3714 3793; x_wconf 87' lang='lat' dir='ltr'><strong>universis.</strong></span> 
     </span>
    </p>
   </div>
   <div class='ocr_carea' id='block_1_93' title="bbox 2197 3829 3718 3903">
    <p class='ocr_par' dir='ltr' id='par_1_93' title="bbox 2197 3829 3718 3903">
     <span class='ocr_line' id='line_1_93' title="bbox 2197 3829 3718 3903; baseline -0.003 -16"><span class='ocrx_word' id='word_1_503' title='bbox 2197 3832 2401 3887; x_wconf 86' lang='lat' dir='ltr'><strong>Bellum</strong></span> <span class='ocrx_word' id='word_1_504' title='bbox 2421 3833 2683 3903; x_wconf 90' lang='lat' dir='ltr'><strong>optimum</strong></span> <span class='ocrx_word' id='word_1_505' title='bbox 2717 3833 2915 3903; x_wconf 87' lang='lat' dir='ltr'><strong>agitur,</strong></span> <span class='ocrx_word' id='word_1_506' title='bbox 2945 3847 3068 3886; x_wconf 90' lang='lat' dir='ltr'><strong>cum</strong></span> <span class='ocrx_word' id='word_1_507' title='bbox 3100 3832 3322 3900; x_wconf 85' lang='lat' dir='ltr'><strong>spiritus</strong></span> <span class='ocrx_word' id='word_1_508' title='bbox 3343 3831 3492 3886; x_wconf 88' lang='lat' dir='ltr'><strong>carni</strong></span> <span class='ocrx_word' id='word_1_509' title='bbox 3518 3829 3718 3884; x_wconf 84' lang='lat' dir='ltr'><strong>adver-</strong></span> 
     </span>
    </p>
   </div>
   <div class='ocr_carea' id='block_1_94' title="bbox 2126 3936 2300 3981">
    <p class='ocr_par' dir='ltr' id='par_1_94' title="bbox 2126 3936 2300 3981">
     <span class='ocr_line' id='line_1_94' title="bbox 2126 3936 2300 3981; baseline -0.017 0"><span class='ocrx_word' id='word_1_510' title='bbox 2126 3936 2300 3981; x_wconf 86' lang='lat' dir='ltr'><strong>satur.</strong></span> 
     </span>
    </p>
   </div>
   <div class='ocr_carea' id='block_1_95' title="bbox 2195 4011 3715 4084">
    <p class='ocr_par' dir='ltr' id='par_1_95' title="bbox 2195 4011 3715 4084">
     <span class='ocr_line' id='line_1_95' title="bbox 2195 4011 3715 4084; baseline -0.005 -12"><span class='ocrx_word' id='word_1_511' title='bbox 2195 4018 2302 4072; x_wconf 87' lang='lat' dir='ltr'><strong>Bos</strong></span> <span class='ocrx_word' id='word_1_512' title='bbox 2329 4017 2417 4072; x_wconf 92' lang='lat' dir='ltr'><strong>hic</strong></span> <span class='ocrx_word' id='word_1_513' title='bbox 2443 4031 2549 4070; x_wconf 92' lang='lat' dir='ltr'><strong>non</strong></span> <span class='ocrx_word' id='word_1_514' title='bbox 2577 4014 2845 4078; x_wconf 84' lang='lat' dir='ltr'><strong>comedat,</strong></span> <span class='ocrx_word' id='word_1_515' title='bbox 2869 4014 2962 4084; x_wconf 92' lang='lat' dir='ltr'><strong>qui</strong></span> <span class='ocrx_word' id='word_1_516' title='bbox 2990 4013 3100 4084; x_wconf 89' lang='lat' dir='ltr'><strong>jam</strong></span> <span class='ocrx_word' id='word_1_517' title='bbox 3127 4013 3256 4084; x_wconf 85' lang='lat' dir='ltr'><strong>juga</strong></span> <span class='ocrx_word' id='word_1_518' title='bbox 3287 4011 3432 4068; x_wconf 89' lang='lat' dir='ltr'><strong>ferre</strong></span> <span class='ocrx_word' id='word_1_519' title='bbox 3482 4018 3715 4067; x_wconf 81' lang='lat' dir='ltr'><strong>recusat</strong></span> 
     </span>
    </p>
   </div>
   <div class='ocr_carea' id='block_1_96' title="bbox 2200 4108 3544 4182">
    <p class='ocr_par' dir='ltr' id='par_1_96' title="bbox 2200 4108 3544 4182">
     <span class='ocr_line' id='line_1_96' title="bbox 2200 4108 3544 4182; baseline -0.004 -17"><span class='ocrx_word' id='word_1_520' title='bbox 2200 4110 2339 4182; x_wconf 80' lang='lat' dir='ltr'><strong>(Hoc</strong></span> <span class='ocrx_word' id='word_1_521' title='bbox 2368 4119 2450 4165; x_wconf 88' lang='lat' dir='ltr'><strong>est</strong></span> <span class='ocrx_word' id='word_1_522' title='bbox 2477 4109 2753 4179; x_wconf 90' lang='lat' dir='ltr'><strong>lascivus).</strong></span> <span class='ocrx_word' id='word_1_523' title='bbox 2787 4108 2896 4162; x_wconf 89' lang='lat' dir='ltr'><strong>Sed</strong></span> <span class='ocrx_word' id='word_1_524' title='bbox 2923 4119 2976 4163; x_wconf 90' lang='lat' dir='ltr'><strong>et</strong></span> <span class='ocrx_word' id='word_1_525' title='bbox 3009 4109 3118 4162; x_wconf 85' lang='lat' dir='ltr'><strong>otia</strong></span> <span class='ocrx_word' id='word_1_526' title='bbox 3150 4122 3289 4162; x_wconf 85' lang='lat' dir='ltr'><strong>vana</strong></span> <span class='ocrx_word' id='word_1_527' title='bbox 3323 4115 3544 4162; x_wconf 90' lang='lat' dir='ltr'><strong>secutus</strong></span> 
     </span>
    </p>
   </div>
   <div class='ocr_carea' id='block_1_97' title="bbox 2199 4198 3546 4256">
    <p class='ocr_par' dir='ltr' id='par_1_97' title="bbox 2199 4198 3546 4256">
     <span class='ocr_line' id='line_1_97' title="bbox 2199 4198 3546 4256; baseline -0.005 0"><span class='ocrx_word' id='word_1_528' title='bbox 2199 4202 2502 4256; x_wconf 81' lang='lat' dir='ltr'><strong>Mercedem</strong></span> <span class='ocrx_word' id='word_1_529' title='bbox 2535 4199 2735 4254; x_wconf 87' lang='lat' dir='ltr'><strong>nullam</strong></span> <span class='ocrx_word' id='word_1_530' title='bbox 2764 4200 2862 4254; x_wconf 90' lang='lat' dir='ltr'><strong>sibi</strong></span> <span class='ocrx_word' id='word_1_531' title='bbox 2890 4200 3105 4253; x_wconf 82' lang='lat' dir='ltr'><strong>noverit</strong></span> <span class='ocrx_word' id='word_1_532' title='bbox 3135 4199 3259 4253; x_wconf 91' lang='lat' dir='ltr'><strong>inde</strong></span> <span class='ocrx_word' id='word_1_533' title='bbox 3285 4198 3546 4252; x_wconf 88' lang='lat' dir='ltr'><strong>futuram.</strong></span> 
     </span>
    </p>
   </div>
   <div class='ocr_carea' id='block_1_98' title="bbox 2201 4289 3389 4359">
    <p class='ocr_par' dir='ltr' id='par_1_98' title="bbox 2201 4289 3389 4359">
     <span class='ocr_line' id='line_1_98' title="bbox 2201 4289 3389 4359; baseline -0.004 -14"><span class='ocrx_word' id='word_1_534' title='bbox 2201 4291 2436 4346; x_wconf 78' lang='lat' dir='ltr'><strong>Bellator</strong></span> <span class='ocrx_word' id='word_1_535' title='bbox 2460 4289 2642 4354; x_wconf 86' lang='lat' dir='ltr'><strong>fortis,</strong></span> <span class='ocrx_word' id='word_1_536' title='bbox 2665 4289 2754 4359; x_wconf 92' lang='lat' dir='ltr'><strong>qui</strong></span> <span class='ocrx_word' id='word_1_537' title='bbox 2785 4305 2844 4343; x_wconf 92' lang='lat' dir='ltr'><strong>se</strong></span> <span class='ocrx_word' id='word_1_538' title='bbox 2873 4289 3074 4358; x_wconf 90' lang='lat' dir='ltr'><strong>poterit</strong></span> <span class='ocrx_word' id='word_1_539' title='bbox 3109 4301 3389 4358; x_wconf 86' lang='lat' dir='ltr'><strong>superare.</strong></span> 
     </span>
    </p>
   </div>
   <div class='ocr_carea' id='block_1_99' title="bbox 2201 4368 3494 4450">
    <p class='ocr_par' dir='ltr' id='par_1_99' title="bbox 2201 4368 3494 4450">
     <span class='ocr_line' id='line_1_99' title="bbox 2201 4368 3494 4450; baseline -0.005 -14"><span class='ocrx_word' id='word_1_540' title='bbox 2201 4382 2348 4436; x_wconf 87' lang='lat' dir='ltr'><strong>Bella</strong></span> <span class='ocrx_word' id='word_1_541' title='bbox 2375 4368 2469 4435; x_wconf 93' lang='lat' dir='ltr'><strong>Dei</strong></span> <span class='ocrx_word' id='word_1_542' title='bbox 2494 4391 2682 4435; x_wconf 83' lang='lat' dir='ltr'><strong>sancta</strong></span> <span class='ocrx_word' id='word_1_543' title='bbox 2710 4389 2958 4450; x_wconf 65' lang='lat' dir='ltr'><strong>quaerunt</strong></span> <span class='ocrx_word' id='word_1_544' title='bbox 2985 4379 3279 4433; x_wconf 72' lang='lat' dir='ltr'><strong>fortissima</strong></span> <span class='ocrx_word' id='word_1_545' title='bbox 3310 4375 3494 4431; x_wconf 90' lang='lat' dir='ltr'><strong>corda.</strong></span> 
     </span>
    </p>
   </div>
   <div class='ocr_carea' id='block_1_100' title="bbox 2203 4463 3604 4542">
    <p class='ocr_par' dir='ltr' id='par_1_100' title="bbox 2203 4463 3604 4542">
     <span class='ocr_line' id='line_1_100' title="bbox 2203 4463 3604 4542; baseline -0.008 -15"><span class='ocrx_word' id='word_1_546' title='bbox 2203 4472 2293 4527; x_wconf 86' lang='lat' dir='ltr'><strong>Bis</strong></span> <span class='ocrx_word' id='word_1_547' title='bbox 2321 4478 2532 4542; x_wconf 83' lang='lat' dir='ltr'><strong>graium</strong></span> <span class='ocrx_word' id='word_1_548' title='bbox 2551 4468 2759 4532; x_wconf 85' lang='lat' dir='ltr'><strong>tribuit,</strong></span> <span class='ocrx_word' id='word_1_549' title='bbox 2795 4468 2886 4536; x_wconf 88' lang='lat' dir='ltr'><strong>qui</strong></span> <span class='ocrx_word' id='word_1_550' title='bbox 2911 4467 3051 4537; x_wconf 84' lang='lat' dir='ltr'><strong>quod</strong></span> <span class='ocrx_word' id='word_1_551' title='bbox 3075 4466 3241 4521; x_wconf 83' lang='lat' dir='ltr'><strong>debet</strong></span> <span class='ocrx_word' id='word_1_552' title='bbox 3268 4465 3373 4520; x_wconf 91' lang='lat' dir='ltr'><strong>cilo</strong></span> <span class='ocrx_word' id='word_1_553' title='bbox 3405 4463 3604 4519; x_wconf 85' lang='lat' dir='ltr'><strong>reddit.</strong></span> 
     </span>
    </p>
   </div>
   <div class='ocr_carea' id='block_1_101' title="bbox 2197 4555 3602 4626">
    <p class='ocr_par' dir='ltr' id='par_1_101' title="bbox 2197 4555 3602 4626">
     <span class='ocr_line' id='line_1_101' title="bbox 2197 4555 3602 4626; baseline -0.008 -11"><span class='ocrx_word' id='word_1_554' title='bbox 2197 4562 2441 4615; x_wconf 84' lang='lat' dir='ltr'><strong>Blandus</strong></span> <span class='ocrx_word' id='word_1_555' title='bbox 2469 4559 2763 4614; x_wconf 83' lang='lat' dir='ltr'><strong>mansuetis</strong></span> <span class='ocrx_word' id='word_1_556' title='bbox 2793 4559 2890 4622; x_wconf 89' lang='lat' dir='ltr'><strong>sis,</strong></span> <span class='ocrx_word' id='word_1_557' title='bbox 2923 4559 3307 4625; x_wconf 80' lang='lat' dir='ltr'><strong>districtusque</strong></span> <span class='ocrx_word' id='word_1_558' title='bbox 3336 4555 3602 4626; x_wconf 87' lang='lat' dir='ltr'><strong>superbis.</strong></span> 
     </span>
    </p>
   </div>
   <div class='ocr_carea' id='block_1_102' title="bbox 2203 4647 3390 4718">
    <p class='ocr_par' dir='ltr' id='par_1_102' title="bbox 2203 4647 3390 4718">
     <span class='ocr_line' id='line_1_102' title="bbox 2203 4647 3390 4718; baseline -0.005 -13"><span class='ocrx_word' id='word_1_559' title='bbox 2203 4652 2385 4707; x_wconf 88' lang='lat' dir='ltr'><strong>Bestia</strong></span> <span class='ocrx_word' id='word_1_560' title='bbox 2409 4650 2644 4706; x_wconf 88' lang='lat' dir='ltr'><strong>crudelis</strong></span> <span class='ocrx_word' id='word_1_561' title='bbox 2673 4657 2755 4704; x_wconf 88' lang='lat' dir='ltr'><strong>est</strong></span> <span class='ocrx_word' id='word_1_562' title='bbox 2792 4665 2888 4703; x_wconf 89' lang='lat' dir='ltr'><strong>cor</strong></span> <span class='ocrx_word' id='word_1_563' title='bbox 2920 4664 3100 4718; x_wconf 70' lang='lat' dir='ltr'><strong>pravae</strong></span> <span class='ocrx_word' id='word_1_564' title='bbox 3128 4647 3390 4702; x_wconf 86' lang='lat' dir='ltr'><strong>mulieris.</strong></span> 
     </span>
    </p>
   </div>
   <div class='ocr_carea' id='block_1_103' title="bbox 2748 4755 3096 4813">
    <p class='ocr_par' dir='ltr' id='par_1_103' title="bbox 2748 4755 3096 4813">
     <span class='ocr_line' id='line_1_103' title="bbox 2748 4755 3096 4813; baseline -0.011 0"><span class='ocrx_word' id='word_1_565' title='bbox 2748 4756 2975 4813; x_wconf 79' lang='lat' dir='ltr'><strong>CAPUT</strong></span> <span class='ocrx_word' id='word_1_566' title='bbox 3010 4755 3096 4810; x_wconf 82' lang='grc' dir='ltr'><strong>ιιι.</strong></span> 
     </span>
    </p>
   </div>
   <div class='ocr_carea' id='block_1_104' title="bbox 2205 4867 3720 4942">
    <p class='ocr_par' dir='ltr' id='par_1_104' title="bbox 2205 4867 3720 4942">
     <span class='ocr_line' id='line_1_104' title="bbox 2205 4867 3720 4942; baseline -0.004 -12"><span class='ocrx_word' id='word_1_567' title='bbox 2205 4874 2340 4930; x_wconf 81' lang='lat' dir='ltr'><strong>C(eli</strong></span> <span class='ocrx_word' id='word_1_568' title='bbox 2371 4881 2630 4929; x_wconf 89' lang='lat' dir='ltr'><strong>enarrant</strong></span> <span class='ocrx_word' id='word_1_569' title='bbox 2656 4871 2881 4942; x_wconf 87' lang='lat' dir='ltr'><strong>gloriam</strong></span> <span class='ocrx_word' id='word_1_570' title='bbox 2908 4870 3025 4936; x_wconf 90' lang='lat' dir='ltr'><strong>Dei,</strong></span> <span class='ocrx_word' id='word_1_571' title='bbox 3049 4878 3100 4924; x_wconf 90' lang='lat' dir='ltr'><strong>et</strong></span> <span class='ocrx_word' id='word_1_572' title='bbox 3119 4884 3284 4940; x_wconf 88' lang='lat' dir='ltr'><strong>opera</strong></span> <span class='ocrx_word' id='word_1_573' title='bbox 3315 4884 3572 4924; x_wconf 88' lang='lat' dir='ltr'><strong>manuum</strong></span> <span class='ocrx_word' id='word_1_574' title='bbox 3597 4867 3720 4935; x_wconf 74' lang='lat' dir='ltr'><strong>eius</strong></span> 
     </span>
    </p>
   </div>
   <div class='ocr_carea' id='block_1_105' title="bbox 2135 4965 2874 5020">
    <p class='ocr_par' dir='ltr' id='par_1_105' title="bbox 2135 4965 2874 5020">
     <span class='ocr_line' id='line_1_105' title="bbox 2135 4965 2874 5020; baseline -0.008 0"><span class='ocrx_word' id='word_1_575' title='bbox 2135 4965 2422 5020; x_wconf 86' lang='lat' dir='ltr'><strong>annuntiat</strong></span> <span class='ocrx_word' id='word_1_576' title='bbox 2453 4966 2874 5016; x_wconf 78' lang='lat' dir='ltr'><strong>ﬁrmamentum.</strong></span> 
     </span>
    </p>
   </div>
   <div class='ocr_carea' id='block_1_106' title="bbox 2204 5059 3722 5129">
    <p class='ocr_par' dir='ltr' id='par_1_106' title="bbox 2204 5059 3722 5129">
     <span class='ocr_line' id='line_1_106' title="bbox 2204 5059 3722 5129; baseline -0.003 -13"><span class='ocrx_word' id='word_1_577' title='bbox 2204 5061 2338 5116; x_wconf 82' lang='lat' dir='ltr'><strong>Cum</strong></span> <span class='ocrx_word' id='word_1_578' title='bbox 2367 5061 2539 5116; x_wconf 86' lang='lat' dir='ltr'><strong>electo</strong></span> <span class='ocrx_word' id='word_1_579' title='bbox 2575 5059 2776 5116; x_wconf 91' lang='lat' dir='ltr'><strong>electus</strong></span> <span class='ocrx_word' id='word_1_580' title='bbox 2799 5059 2930 5125; x_wconf 88' lang='lat' dir='ltr'><strong>eris,</strong></span> <span class='ocrx_word' id='word_1_581' title='bbox 2969 5067 3022 5114; x_wconf 91' lang='lat' dir='ltr'><strong>et</strong></span> <span class='ocrx_word' id='word_1_582' title='bbox 3052 5073 3175 5114; x_wconf 90' lang='lat' dir='ltr'><strong>cum</strong></span> <span class='ocrx_word' id='word_1_583' title='bbox 3209 5071 3466 5129; x_wconf 83' lang='lat' dir='ltr'><strong>perverso</strong></span> <span class='ocrx_word' id='word_1_584' title='bbox 3493 5070 3722 5127; x_wconf 77' lang='lat' dir='ltr'><strong>perver-</strong></span> 
     </span>
    </p>
   </div>
   <div class='ocr_carea' id='block_1_107' title="bbox 2136 5151 2290 5208">
    <p class='ocr_par' dir='ltr' id='par_1_107' title="bbox 2136 5151 2290 5208">
     <span class='ocr_line' id='line_1_107' title="bbox 2136 5151 2290 5208; baseline -0.013 -2"><span class='ocrx_word' id='word_1_585' title='bbox 2136 5151 2290 5208; x_wconf 83' lang='lat' dir='ltr'><strong>ieris.</strong></span> 
     </span>
    </p>
   </div>
   <div class='ocr_carea' id='block_1_108' title="bbox 2203 5243 3718 5314">
    <p class='ocr_par' dir='ltr' id='par_1_108' title="bbox 2203 5243 3718 5314">
     <span class='ocr_line' id='line_1_108' title="bbox 2203 5243 3718 5314; baseline -0.006 -9"><span class='ocrx_word' id='word_1_586' title='bbox 2203 5249 2310 5305; x_wconf 85' lang='lat' dir='ltr'><strong>Cor</strong></span> <span class='ocrx_word' id='word_1_587' title='bbox 2335 5249 2625 5305; x_wconf 79' lang='lat' dir='ltr'><strong>contritum</strong></span> <span class='ocrx_word' id='word_1_588' title='bbox 2653 5259 2707 5302; x_wconf 92' lang='lat' dir='ltr'><strong>et</strong></span> <span class='ocrx_word' id='word_1_589' title='bbox 2750 5248 3094 5304; x_wconf 78' lang='lat' dir='ltr'><strong>bumiliatum</strong></span> <span class='ocrx_word' id='word_1_590' title='bbox 3126 5247 3266 5302; x_wconf 83' lang='lat' dir='ltr'><strong>Deus</strong></span> <span class='ocrx_word' id='word_1_591' title='bbox 3290 5261 3392 5301; x_wconf 89' lang='lat' dir='ltr'><strong>non</strong></span> <span class='ocrx_word' id='word_1_592' title='bbox 3431 5243 3718 5314; x_wconf 88' lang='lat' dir='ltr'><strong>despiciet.</strong></span> 
     </span>
    </p>
   </div>
  </div>
