3942 5340
318 401 428 457 505

1522 409 1724 468 LIBER
1762 412 2320 475 PliOV’ERBlORUM.

3479 427 3584 481 306

393 519 528 575 Cum
550 517 760 573 dederit
779 518 989 575 dilectis
1015 519 1128 576 auis
1154 535 1425 591 somnum,
1457 542 1584 583 ecce
1610 529 1902 587 brereditas
1930 537 1977 594 Α
2077 533 2288 590 Cadens
2310 546 2525 604 apertos
2562 536 2747 593 oculos
2772 536 2959 602 habet,
2981 523 3070 608 qui
3099 547 3244 594 recte
3271 540 3486 609 quidem
3513 547 3584 597 lo-

317 609 566 664 Ihunhd!

393 696 637 752 Custodit
666 699 924 756 Dominus
967 716 1158 758 omnes
1206 703 1488 775 diligentes
1513 723 1593 776 se,
1633 720 1688 764 et
1717 726 1907 767 omnes

315 795 642 855 peccatores
674 789 970 857 disperdel.

387 877 523 934 Cum
553 878 689 934 facis
713 881 1132 955 eleemosynam,
1159 889 1366 944 nesciat
1392 889 1611 945 sinistra
1639 901 1727 945 tua
1776 892 1905 962 quid

308 969 481 1024 faciat
513 972 739 1027 dextera
777 983 888 1028 tua.

385 1057 594 1114 Caelum
635 1070 688 1115 et
723 1057 879 1117 terra'
900 1067 1224 1134 transibunt,
1257 1073 1416 1127 verba
1442 1083 1625 1128 autem
1663 1075 1756 1130 Dei
1796 1092 1903 1130 non

309 1150 650 1203 transibunt.

384 1238 570 1296 Caecus
593 1241 639 1295 si
661 1256 806 1299 czeco
841 1242 1092 1301 ducatum
1131 1259 1374 1320 praestet,
1406 1254 1566 1310 ambo
1595 1256 1647 1310 iu
1693 1255 1904 1312 foveam

305 1329 535 1384 cadunt.

381 1417 650 1490 Cogitatio
689 1424 910 1480 humani
941 1429 1120 1485 cordis
1154 1445 1327 1501 prona
1379 1444 1465 1490 est
1504 1438 1556 1491 in
1599 1438 1804 1495 malum
1836 1441 1903 1498 ab

303 1506 682 1566 adolescentia
710 1530 829 1568 sua.

381 1607 607 1666 Curatio
630 1631 848 1672 cessare
885 1617 1012 1673 facut
1038 1631 1259 1688 peccata
1291 1625 1549 1681 maxima.

378 1697 514 1751 Cum
576 1701 880 1770 placuerint
929 1707 1159 1763 Domino
1210 1712 1311 1767 vite
1355 1714 1610 1783 hominis,
1652 1719 1903 1778 inimicos

299 1799 522 1857 quoque
554 1791 672 1858 ejus
709 1807 990 1851 convertet
1023 1800 1089 1852 ad
1127 1816 1336 1870 pacem.

378 1876 751 1948 Cogitationes
766 1885 1037 1954 justormn
1055 1889 1277 1959 judicia.

375 1969 481 2024 Cor
499 1973 643 2043 regis
667 1976 719 2029 in
751 1991 912 2032 manu
945 1978 1084 2050 Dei;
1112 1983 1422 2058 ubicunque
1471 1989 1704 2048 voluerit
1739 1995 1900 2052 incli-

296 2067 402 2112 nat
435 2060 590 2116 illud.

375 2153 669 2210 Considera
697 2174 859 2230 opera
891 2163 1002 2230 Dei,
1025 2166 1167 2235 quod
1206 2184 1366 2226 nemo
1398 2174 1575 2242 possit
1604 2191 1726 2231 eum
1773 2193 1899 2234 cor-

300 2243 486 2315 rigere
515 2264 678 2317 qucm
704 2251 792 2306 ille
823 2255 1152 2325 despexerit.
1290 2249 1302 2262 “

375 2333 628 2395 Circulus
652 2357 852 2399 aureus
875 2346 928 2400 in
952 2349 1176 2406 naribus
1215 2353 1328 2409 suis
1373 2356 1568 2413 mulier
1593 2359 1817 2431 pulchra
1844 2372 1899 2419 et

293 2427 475 2486 fatua.

373 2519 481 2577 Cor
513 2524 750 2581 hominis
777 2529 1015 2600 disponit
1035 2533 1177 2589 viam
1200 2551 1372 2604 suam,
1404 2541 1497 2596 sed
1526 2543 1621 2598 Dei
1645 2554 1730 2600 est
1759 2545 1893 2601 diri-

293 2623 428 2677 gere
455 2627 676 2683 gressus
706 2617 845 2686 ejus.

333 2709 478 2855 l)Ctlir
503 2715 830 2784 sapientium
862 2721 951 2776 ubi
983 2723 1212 2782 tristitia.
1235 2738 1338 2794 est,
1385 2739 1440 2786 et
1468 2747 1565 2788 cor
1602 2735 1890 2793 stultorum

376 2819 390 2854 t
440 2805 631 2855 anilia.

290 2805 390 2855 ubi
421 2805 631 2861 latitia.

371 2894 479 2950 Cor
513 2901 658 2968 quod
691 2903 842 2989 novit
861 2907 1274 2966 amaritudinem
1300 2915 1494 2972 animm
1524 2933 1653 2986 sme,
1683 2918 1733 2974 in
1756 2936 1890 2992 gau-

294 2984 394 3040 dio
421 2986 537 3053 ejus
568 3007 673 3044 non
706 2985 1028 3051 miscebitur
1047 3009 1361 3059 extraneus.

369 3075 700 3136 Convertere
736 3086 804 3138 ad
835 3085 1139 3155 Dominum,
1164 3100 1218 3146 et
1249 3094 1492 3166 relinque
1522 3109 1741 3170 peccata
1773 3108 1883 3158 tua.

369 3165 502 3223 Cani
532 3181 658 3226 sunt
683 3188 876 3231 sensus
904 3178 1162 3248 hominis,
1187 3195 1240 3238 et
1266 3165 1415 3243 aetas,
1438 3165 1735 3247 senectutis
1773 3194 1883 3249 vita

291 3258 664 3319 immaculata.

368 3359 591 3417 Cunctis
621 3365 811 3422 diebus
841 3369 954 3424 suis
985 3371 1185 3442 impius
1218 3379 1481 3447 superbit.

366 3451 462 3508 Cui
482 3456 707 3512 multum
746 3459 930 3526 datur,
963 3465 1186 3520 multum
1212 3470 1279 3522 ab
1302 3487 1371 3524 eo
1398 3471 1653 3544 exigitur.

367 3549 760 3610 Confortamini
814 3557 870 3611 in
917 3557 1188 3629 Domino,
1225 3573 1280 3617 et
1313 3564 1365 3618 in
1399 3568 1638 3635 potentia
1669 3569 1884 3627 virtutis

293 3655 432 3708 ejus.

367 3739 542 3795 Corde
564 3745 810 3800 creditur
838 3749 908 3803 ad
947 3747 1247 3821 iustitiam;
1276 3768 1373 3810 ore
1406 3765 1586 3812 autem
1612 3759 1882 3817 confessio

291 3827 354 3882 ﬁt
380 3831 445 3883 ad
468 3833 718 3888 salutem.

363 3919 502 3974 Caro
539 3927 874 3995 concupiscit
901 3931 1166 3988 adversus
1213 3934 1486 4005 spiritum,
1525 3938 1751 4008 spiritus
1785 3957 1883 3996 au-

291 4019 399 4091 tem
426 4013 683 4072 adversus
710 4033 956 4076 carnem.

287 4126 300 4132 ·
359 4115 592 4182 Corpus.
619 4118 764 4186 quod
796 4123 1189 4192 corrumpitur,
1229 4138 1489 4198 aggravat
1539 4131 1779 4188 animam
1823 4142 1880 4190 ct

285 4201 544 4274 deprimit
567 4226 788 4266 sensum
822 4214 989 4269 multa
1013 4220 1360 4289 cogitantem.

355 4296 703 4358 Confiteniini
752 4305 1074 4363 alterutrum
1119 4324 1341 4382 peccata
1390 4326 1571 4372 vestra
1618 4328 1672 4374 et
1724 4331 1876 4378 orate

285 4401 389 4456 pro
421 4390 684 4459 invicem,
709 4406 767 4450 ιιι
799 4401 1105 4456 salvemini.

353 4485 518 4560 Cujus
536 4492 653 4546 vult
674 4493 818 4551 Deus
839 4497 1156 4565 miseretur,
1192 4511 1246 4556 et
1281 4519 1442 4571 quem
1480 4507 1594 4561 vult
1633 4509 1870 4569 indurat.

352 4575 720 4650 Corrumpunt
751 4599 930 4642 mores
956 4587 1129 4646 bonos
1157 4591 1420 4661 colloquia
1460 4596 1618 4652 mala.

352 4666 517 4737 Cujus
542 4674 656 4728 vita
685 4675 1005 4745 despicitur,
1039 4691 1204 4735 restat
1237 4692 1294 4736 ut
1314 4684 1430 4752 ejus
1461 4687 1708 4745 doctrina
1743 4707 1874 4750 con-

280 4768 579 4822 temnatur.

350 4863 592 4935 Cmpisse
615 4869 757 4923 bona
783 4872 1076 4928 multorum
1101 4885 1217 4942 est;
1257 4892 1610 4946 perseverare
1650 4901 1776 4944 vero
1811 4888 1867 4943 in

276 4954 451 5022 bonis,
485 4975 809 5028 paucorum.

338 5045 518 5112 Causa
549 5066 672 5120 qua:
705 5068 808 5108 non
840 5056 1170 5124 przevjdetur
1206 5075 1311 5116 non
1356 5065 1624 5133 permittit
1668 5084 1860 5138 quem-

274 5152 436 5208 quam
467 5143 534 5194 ad
564 5143 793 5198 meliora
822 5149 1109 5216 proficere.

338 5237 474 5274 nuru
508 5241 650 5274 “nunc
705 5246 881 5274 Δις-..2-
920 5247 1106 5274 fana..-
1151 5238 1316 5274 ----§.

1927 1877 1978 1940 Β

1980 627 2099 697 ’(ιυί
2129 628 2254 693 scit,
2285 629 2377 683 sed
2408 637 2555 684 recte
2586 631 2768 685 vivere
2805 639 3118 685 contemnit.

2073 718 2269 773 Curam
2331 719 2384 774 in
2440 721 2600 775 rebus
2645 721 2867 776 minime
2901 721 3230 778 necessariis
3280 725 3585 793 expendere

2006 818 2285 879 peccatum
2325 819 2406 863 est
2428 809 2650 879 grande.

2075 911 2310 981 Cupiens
2333 927 2626 982 agnoscere
2659 923 2857 983 quanta
2893 916 2985 972 Dei
3024 918 3198 987 gratia
3247 919 3318 973 sit
3348 919 3493 974 circa
3528 935 3586 974 se

2007 1003 2266 1072 inspiciat
2321 1004 2476 1068 alios,
2527 1013 2579 1060 et
2630 1007 3064 1078 quantiscunque
3109 1010 3231 1080 plus
3277 1012 3477 1067 habere
3524 1026 3584 1066 se

2005 1095 2240 1149 senserit
2265 1096 2316 1148 in
2350 1096 2611 1165 sospitate
2639 1097 2721 1151 vel
2753 1097 3106 1169 intelligentia
3142 1101 3225 1156 vel
3275 1101 3327 1156 in
3372 1116 3587 1172 posscs-

2005 1183 2160 1238 sione
2182 1183 2412 1254 alicujus
2441 1185 2565 1251 rei,
2608 1185 2776 1242 tantis
2818 1185 3043 1244 sciatse
3081 1203 3199 1245 esse
3236 1189 3485 1246 ditiorem
3530 1191 3586 1246 in

2005 1273 2179 1342 gratia
2217 1273 2330 1328 Dei.

2075 1364 2284 1434 Corpus
2311 1381 2409 1436 pro
2437 1381 2626 1434 puero,
2667 1367 2846 1422 anima
2870 1384 3001 1426 vero
3029 1384 3128 1439 pro
3152 1369 3446 1442 paedagogo
3466 1385 3586 1427 esse

2007 1455 2244 1511 refertur
2270 1472 2301 1509 ει
2340 1456 2693 1529 pltil050phis.

2075 1557 2362 1613 Cervicum
2409 1558 2624 1616 inﬂexio
2651 1560 2726 1616 nil
2754 1561 2998 1633 prodest,
3054 1562 3098 1617 si
3147 1577 3252 1618 non
3306 1561 3589 1634 deponitur

2006 1651 2190 1705 cordis
2215 1653 2442 1707 erectio.

2076 1740 2284 1796 Canum
2317 1753 2372 1798 et
2401 1743 2680 1799 volucrum
2706 1744 2868 1801 ludus
2885 1761 2914 1800 a
2935 1744 3147 1802 cunctis
3171 1745 3404 1812 clericis,
3431 1746 3588 1817 quasi

2007 1830 2182 1896 nefas,
2209 1843 2292 1888 est
2328 1832 2573 1890 vitandus

2075 1921 2427 1979 Considerata
2453 1925 2740 1982 inﬁrmitas
2771 1941 2986 1997 propria
3017 1926 3159 1982 mala
3188 1926 3356 1996 nobis
3382 1925 3584 1997 levigat

2006 2011 2203 2067 ahena.

2065 2116 2367 2172 Concordia
2407 2132 2589 2188 parva:
2617 2132 2705 2175 res
2733 2127 3007 2186 crescunt,
3035 2119 3302 2176 discordia
3331 2119 3585 2175 maximae

2000 2204 2336 2261 dilabuntur.

2066 2295 2305 2352 Consilio
2335 2312 2472 2368 opus
2492 2310 2578 2354 est
2603 2298 2768 2354 facto.

2059 2389 2300 2446 Credens
2325 2389 2494 2445 Deum
2529 2391 2709 2446 omnia
2730 2405 2891 2459 posse
2912 2398 3190 2460 prmstare,
3225 2390 3393 2460 petita
3422 2391 3582 2446 citius

1995 2489 2240 2537 meretur
2265 2481 2512 2536 obtinere

2065 2573 2262 2629 Custos
2291 2572 2561 2629 castitatis
2585 2581 2668 2628 est
2689 2572 2861 2628 virtus
2885 2571 3225 2648 humilitatis.

2067 2672 2416 2728 Continentia
2449 2688 2555 2728 non
2591 2673 2860 2743 corporis,
2890 2673 2982 2729 sed
3013 2672 3178 2729 animi
3206 2682 3290 2729 est
3315 2673 3510 2730 virtus.

2063 2763 2251 2819 Caecus
2288 2763 2579 2818 multorum
2605 2763 2666 2818 fit
2693 2780 2792 2835 pro
2818 2764 3027 2820 cautela
3067 2763 3296 2819 aliorum
3373 2772 3433 2818 ut
3461 2778 3582 2820 oni-

1990 2854 2075 2907 nis
2115 2861 2274 2907 homo
2299 2853 2424 2908 hinc
2453 2853 2689 2908 monitus
2717 2853 2996 2925 provideat
3017 2868 3086 2910 ne
3115 2852 3368 2924 similiter
3393 2852 3580 2912 cadat.

2057 2942 2180 2998 Cito
2216 2945 2268 2998 in
2293 2944 2524 2999 crimina
2558 2945 2762 3016 majora
2791 2945 3020 3010 corruit,
3053 2944 3148 3015 qui
3181 2959 3346 3016 parva
3375 2960 3475 3016 pro
3492 2945 3580 3000 ni-

1989 3035 2100 3092 hilo
2131 3035 2301 3089 ducit.

2055 3128 2230 3196 Caput
2253 3137 2337 3183 est
2369 3128 2652 3190 discordiae
2677 3129 2768 3199 qui
2816 3144 2882 3185 ex
2930 3129 3311 3187 conununibus
3341 3130 3563 3200 propria

1912 3233 1957 3296 ς
1989 3221 2164 3274 studet
2198 3217 2394 3273 facere.

2058 3317 2191 3375 Cum
2225 3319 2408 3374 dolore
2437 3318 2800 3376 abscindenda
2829 3328 2954 3377 sunt
2991 3335 3111 3391 quae
3146 3321 3344 3376 leniter
3387 3320 3593 3378 sanari.

1990 3426 2097 3466 non
2131 3420 2362 3481 possunt

2057 3501 2365 3556 Cavendum
2420 3511 2504 3558 est
2546 3505 2752 3559 cunctis
2795 3519 2864 3559 ne
2911 3503 3170 3558 vilissima
3223 3511 3277 3557 et
3333 3501 3572 3573 pessima

1985 3602 2288 3666 proponant
2310 3593 2546 3663 optimis.

2055 3683 2254 3739 Clerici
2300 3683 2541 3738 liberalis
2606 3681 2850 3738 scientiae
2897 3682 3062 3738 nimis
3110 3682 3306 3751 ignari,
3361 3679 3570 3738 nullum

1985 3773 2376 3831 sacerdotalem
2412 3775 2637 3842 gradum
2660 3774 2909 3844 accipere
2935 3782 3060 3828 sunt
3085 3773 3256 3845 digni.

2051 3866 2354 3938 Captivitas
2388 3877 2474 3922 est
2497 3865 2755 3931 maxima,
2786 3865 2880 3921 ubi
2918 3865 3113 3920 anima:
3136 3871 3360 3935 peccato
3401 3863 3574 3937 capti-

1981 3974 2062 4014 va:
2091 3959 2382 4014 ducuntur.
2789 3960 2791 3962 ’

2051 4051 2218 4121 Cujus
2237 4053 2465 4123 quisque
2492 4052 2621 4108 facit
2654 4067 2840 4122 opera,
2868 4052 2986 4121 ejus
3015 4059 3241 4107 vocatur
3262 4049 3420 4108 illius.

2050 4143 2149 4198 Cui
2176 4153 2392 4214 gratum
2424 4143 2495 4198 sit
2516 4143 2698 4198 vocari
2730 4143 2872 4197 filius
2920 4142 3036 4208 Dei,
3064 4150 3352 4196 veneretur
3396 4139 3565 4195 Deum

1980 4241 2040 4288 ut
2067 4232 2307 4298 Patrem,
2339 4233 2543 4288 faciens
2575 4232 2691 4302 ejus
2717 4233 3071 4288 voluntatem.

2053 4333 2349 4390 Commoda
2381 4349 2628 4404 qumque,
2662 4349 2785 4388 cum
2812 4333 3102 4399 habentur,
3159 4345 3326 4402 parva
3377 4325 3577 4388 viden?

1871 4444 1888 4470 κ
1978 4434 2095 4490 ιιιι·;
2129 4439 2250 4480 cum
2285 4437 2416 4478 vero
2444 4421 2737 4489 defuerint,
2769 4431 3214 4492 apparetquanta
3240 4419 3460 4477 fuerint.

2047 4524 2238 4580 Carnis
2265 4515 2573 4594 virginitas,
2597 4523 2846 4593 quamvis
2895 4522 2964 4579 sit
3001 4522 3188 4579 cmlica
3226 4523 3419 4590 virtus,

1904 4586 1955 4651 υ
2048 4616 2164 4672 Non
2191 4586 2409 4686 prodest
2430 4586 2680 4686 cuiquam
2706 4615 2823 4670 sine
2848 4613 3045 4671 mentis
3081 4613 3408 4686 virginitate.

2047 4710 2316 4766 Constans
2343 4718 2399 4764 et
2433 4709 2592 4774 lenis,
2623 4717 2683 4763 ut
2705 4724 2793 4764 res
2821 4708 3151 4780 expostulat,
3181 4708 3341 4764 esto.‘

2045 4799 2390 4855 Consuetudo
2416 4798 2555 4854 mala
2579 4799 2669 4853 vix
2703 4808 2796 4853 aut
2819 4815 3095 4868 nunquam
3129 4806 3435 4868 superatur.

2044 4888 2276 4956 leum,
2308 4905 2413 4946 non
2438 4890 2681 4945 animum
2706 4899 2918 4945 mutant
2953 4889 3043 4960 qui
3072 4897 3226 4945 trans
3256 4903 3404 4944 mare
3431 4903 3556 4943 cur-

3313 4980 3478 5051 [runt.

2041 5071 2256 5130 Crescit
2323 5089 2476 5130 amor
2553 5072 2760 5129 nummi
2829 5081 3090 5142 quantum
3155 5071 3273 5141 ipsa
3325 5070 3552 5138 pecunia

3240 5161 3482 5237 [crescit.

2039 5263 2074 5274 l"
2155 5261 2175 5274 ρ
2513 5262 2525 5274 ο
2624 5263 2636 5273 ι
3091 5272 3094 5273 ν
3187 5259 3282 5274 γΙνκ
3339 5259 3384 5274 ,ιο
3432 5265 3523 5274 Α-ις
