3942 5340
465 245 568 300 307

1486 253 1788 345 OTHLONl
1823 257 2131 326 moment
2168 261 2228 322 s.
2268 264 2689 325 EMMERAMMI

3623 279 3730 334 308

540 365 679 420 Cum
705 374 867 435 caput
895 374 1142 437 mgrotat,
1176 385 1374 440 corpus
1402 371 1560 427 simul
1599 391 1761 435 omne
1807 376 2034 438 laborat.

2218 383 2350 438 Dum
2379 394 2589 456 tempus
2618 389 2908 455 habemus,
2933 405 3230 461 operemur
3266 405 3464 446 bonum
3495 394 3566 472 ad
3607 408 3728 474 om:

538 459 764 516 Cessent
790 469 1032 529 peccata,
1061 462 1293 517 cessabit
1321 471 1375 519 et
1406 464 1568 534 impia
1608 467 1773 522 fama.

540 550 799 618 Corporis
830 561 1053 607 ornatus
1082 555 1362 614 monachis
1400 557 1562 613 nimis
1604 569 1688 615 est
1733 560 2041 632 fugiendus.

538 641 885 697 Confundens
907 643 1064 707 alios,
1101 647 1294 701 merito
1321 648 1671 706 confunditur
1694 653 1828 722 ipse.

537 733 751 789 Crimen
774 735 1018 789 avaritia:
1038 737 1147 792 cito
1173 738 1402 792 destruit
1426 742 1627 808 optima
1652 758 1898 813 quaeque.

536 823 681 878 Crux
717 833 774 879 et
799 839 949 881 mors
975 823 1178 881 Christi
1204 838 1416 884 constat
1440 834 1706 901 reparatio
1727 835 1933 889 mundi.

1082 939 1310 998 CAPUT
1340 941 1432 997 Ν.

539 1048 806 1106 Dominus
835 1050 901 1107 de
928 1051 1067 1108 etelo
1088 1055 1351 1124 prospicit
1381 1070 1547 1126 super
1572 1057 1708 1113 filios
1739 1057 2032 1128 hominum,

464 1148 522 1193 ut
554 1140 738 1197 videat
771 1143 814 1197 si
843 1153 928 1198 est
955 1144 1265 1213 intelligens
1287 1156 1381 1201 aut
1410 1149 1693 1218 requirens
1724 1149 1914 1204 Deum.

471 1255 473 1257 ί
534 1232 797 1292 Dominus
829 1236 1127 1308 interrogat
1146 1239 1353 1309 ju’Stum
1379 1250 1438 1295 et
1465 1241 1723 1311 impium;
1745 1242 1837 1311 qui
1863 1251 2042 1298 autem

461 1323 640 1395 diligit
661 1326 1022 1396 iniquitatem,
1055 1331 1168 1385 odit
1198 1332 1434 1386 animam
1462 1349 1635 1388 suam.

463 1439 466 1444 -
534 1414 798 1486 Dominus
827 1418 1087 1488 virtutum
1116 1420 1232 1489 ipse
1261 1433 1346 1478 est
1371 1439 1465 1478 rex
1491 1424 1695 1493 gloriae.

533 1505 676 1560 Deus
699 1505 888 1574 iudex,
908 1509 1111 1579 justus,
1141 1511 1299 1568 fortis
1323 1523 1378 1568 et
1404 1516 1638 1584 patiens.

468 1635 469 1638 η
529 1593 822 1650 Diminutte
845 1607 972 1652 sunt
997 1601 1257 1662 veritates
1281 1616 1312 1664 ει,
1335 1602 1461 1656 filiis
1491 1603 1794 1667 hominum.

533 1684 821 1756 Disperdet
844 1689 1106 1745 Dominus
1134 1691 1390 1746 universa
1419 1691 1561 1747 labia
1600 1693 1807 1760 dolosa,
1839 1705 1894 1762 et
1937 1696 2039 1760 lin-

463 1788 624 1842 guam
653 1777 1080 1848 magniloquam].
1337 1837 1341 1841 Α

533 1866 799 1925 Dominus
821 1872 1110 1929 manifeste
1138 1874 1323 1930 veniet
1352 1883 1407 1930 ct
1430 1892 1535 1930 non
1568 1876 1766 1932 silebit.
1843 1933 1846 1938 ,
2027 1937 2030 1941 ,

530 1962 793 2020 Dominus
823 1967 1078 2044 virtutem
1103 1971 1302 2041 populo
1331 1988 1430 2029 suo
1463 1974 1640 2040 dabit;
1668 1975 1926 2032 Dominus
1955 1977 2049 2032 be-

459 2055 674 2134 nedicet
696 2057 892 2126 populo
913 2074 1012 2114 suo
1043 2061 1096 2115 in
1121 2078 1276 2132 pace.

533 2143 718 2200 Dulcis
743 2156 797 2202 et
830 2158 1011 2206 rectus
1038 2153 1316 2221 Dominus,
1345 2163 1568 2225 propter
1600 2157 1702 2212 hoc
1753 2156 1922 2229 legem
1953 2158 2048 2213 da-

454 2236 534 2292 bit
561 2236 999 2316 delinquentibus
1028 2243 1080 2298 in
1110 2245 1217 2300 via.
1401 2307 1406 2310 _

530 2329 736 2401 Divites
760 2344 1024 2402 eguerunt
1043 2344 1097 2391 et
1127 2338 1466 2404 esurierunt;
1502 2339 1838 2409 inquirentes
1865 2351 2046 2398 autem

445 2407 741 2476 Dominum
771 2439 878 2478 non
911 2425 1227 2482 minuentur
1253 2431 1401 2484 onmi
1429 2433 1591 2494 bono.

527 2510 807 2585 Delectare
829 2514 882 2570 in
904 2515 1153 2586 Domino,
1181 2527 1236 2573 et
1257 2518 1407 2574 dabit
1436 2521 1528 2574 tibi
1560 2523 1848 2591 petitiones
1867 2525 2046 2582 cordis

462 2602 565 2656 ttti.
1041 2635 1044 2638 ~
1198 2591 1202 2596 ’

522 2697 740 2753 Declina
775 2715 806 2779 a
829 2700 971 2757 malo
994 2709 1048 2758 et
1075 2702 1162 2759 fac
1192 2704 1416 2760 bonum.

453 2833 456 2836 .
526 2785 793 2866 Dominus
817 2791 969 2847 dabit
1009 2793 1235 2850 verbum
1271 2796 1768 2867 evangelizantibus
1790 2800 2041 2856 virtutem

451 2864 701 2934 multam.
1418 2864 1436 2867 ⁷
1725 2954 1732 2957 _

525 2966 790 3043 Dominus
839 2971 946 3027 scit
1002 2974 1364 3046 cogitationes
1411 2977 1732 3044 hominum,
1786 2981 2040 3048 quoniam

455 3073 608 3114 vana:
636 3069 781 3116 SUDI.

523 3149 680 3224 Date,
709 3160 763 3223 et
785 3154 1003 3220 dabitur
1027 3156 1198 3216 vobis.

521 3239 808 3308 Dimittite,
839 3255 894 3298 et
919 3244 1221 3300 dimittetur
1242 3247 1418 3303 vobis.

524 3332 664 3412 Deus
685 3349 788 3407 non
817 3346 900 3392 est
929 3347 1284 3406 mortuorum,
1311 3342 1404 3396 sed
1435 3343 1749 3399 viventium.

518 3426 726 3499 Dignus
746 3439 832 3485 est
853 3433 1138 3501 Operarius
1160 3418 1415 3490 mercede
1446 3451 1562 3490 sua.

515 3516 717 3590 Diliges
751 3519 1042 3594 Dominum
1073 3522 1241 3598 Deum
1271 3532 1419 3577 tuum
1453 3541 1521 3579 ex
1569 3535 1680 3581 toto
1723 3526 1886 3590 corde
1919 3536 2031 3593 tuo,

453 3615 508 3661 et
532 3609 836 3678 proximum
871 3617 1020 3667 tuum
1044 3612 1184 3674 sicut
1209 3621 1261 3668 te
1291 3614 1490 3683 ipsum.

437 3749 440 3756 .
519 3700 665 3776 Deus
688 3701 862 3772 ﬁdelis
892 3710 946 3755 et
976 3702 1182 3772 absque
1211 3705 1316 3771 ulla
1340 3707 1650 3776 iniquitate.

517 3775 659 3845 Deus
687 3806 979 3861 pauperem
1011 3792 1161 3866 facit,
1195 3775 1462 3862 humiliat,
1491 3807 1544 3850 et
1576 3799 1852 3860 sublimat.

517 3882 776 3951 Dominus
801 3884 1092 3939 mortificat
1112 3893 1166 3939 et
1201 3887 1460 3953 vivificat,
1485 3891 1704 3947 deducit
1730 3894 1797 3948 ad
1824 3894 2030 3956 inferos

449 3983 504 4040 et
537 3975 765 4046 reducit.
900 4041 903 4046 Α

516 4068 685 4121 Deum
713 4067 861 4135 time,
891 4075 944 4124 et
970 4071 1223 4126 mandata
1249 4072 1367 4142 ejus
1396 4075 1646 4140 observa,
1678 4079 1778 4134 hoc
1808 4089 1891 4135 est
1917 4095 2031 4156 om:

443 4157 528 4212 nis
553 4157 734 4213 homo.
2012 4157 2013 4160 η

514 4247 658 4324 Doce
680 4248 912 4317 justum,
951 4260 1006 4306 et
1033 4251 1313 4309 festinabit
1339 4255 1606 4326 accipere.

513 4338 860 4413 Disciplinam
897 4331 1212 4421 Domini'ne
1248 4345 1491 4419 abjicias,
1526 4363 1625 4426 nec
1655 4351 1874 4409 deficias
1901 4369 2022 4410 cum

441 4432 510 4486 ab
538 4445 603 4485 eo
631 4433 876 4503 argueris
1494 4426 1498 4433 ’

509 4522 730 4593 Diligite
758 4526 1054 4595 justitiam,
1093 4529 1183 4600 qui
1206 4529 1463 4598 iudicatis
1506 4543 1729 4605 terram.

509 4612 768 4670 Doctrina
802 4617 905 4671 viri
935 4635 1033 4688 per
1060 4621 1378 4689 patientiam
1411 4627 1671 4683 noscitur.
1731 4608 1738 4615 ”

445 4775 448 4778 ῃ
507 4705 720 4768 Divitiae
747 4707 937 4762 salutis
960 4712 1224 4780 sapientia
1250 4715 1562 4769 ct'scientia

509 4797 652 4866 Deus
677 4799 926 4868 superbis
952 4801 1175 4868 resistit,
1202 4789 1513 4860 humilibus~
1531 4816 1711 4862 autem
1753 4811 1846 4864 dat
1893 4828 2016 4882 gra~

439 4888 592 4955 tiam.
675 4904 677 4907 ·
1136 4957 1140 4962 _

509 4984 652 5040 Deus
690 4987 932 5044 cbaritas
963 4999 1066 5055 est,
1097 4999 1150 5046 ct
1179 4992 1269 5060 qui
1319 4999 1502 5045 manet
1542 4991 1594 5044 in
1644 4992 1910 5046 cbaritate
1962 4994 2016 5049 in

434 5071 548 5127 Deo
583 5082 787 5141 manet,
817 5085 872 5131 et
892 5077 1036 5133 Deus
1062 5079 1114 5133 in
1146 5093 1230 5134 eo.

510 5164 735 5222 Dilectio
761 5169 992 5237 proximi
1019 5171 1216 5226 malum
1246 5187 1352 5226 non
1385 5183 1659 5242 operatur.

514 5257 682 5312 Deum
706 5276 866 5316 nemo
889 5263 1027 5333 vidit
1051 5280 1308 5335 unquam.

2145 489 2264 540 nes,
2297 478 2533 534 maxime
2560 488 2742 534 autem
2770 481 2836 536 ad
2863 482 3188 537 domesticos
3211 482 3356 542 fidei.

2215 565 2383 620 Deum
2412 583 2660 637 quaerens
2681 569 2932 639 gaudium
2953 572 3163 640 quaerit.

2207 641 2501 726 Disciplina
2531 667 2586 712 et
2613 645 2986 714 misericordia
3032 660 3262 740 multum
3316 663 3648 730 destituitur,
3681 667 3729 744 si

2145 759 2250 800 una
2283 746 2400 821 sine
2428 748 2598 824 altera
2624 750 2981 819 relinquatur.
3097 737 3100 740 ’

2210 836 2494 893 Dolentem
2519 855 2626 893 non
2660 826 2840 910 potest
2857 841 3152 913 consolari,
3181 843 3273 922 qui
3300 857 3407 898 non
3430 845 3728 923 concordat

2145 926 2481 991 condolendo
2506 928 2730 996 dolenti.
3210 919 3217 929 δ
3447 919 3451 922 λ

2215 1016 2482 1073 Discretio
2511 1028 2596 1074 est
2625 1028 2800 1075 mater
2820 1021 3099 1076 virtutum.

2213 1107 2385 1163 Deum
2417 1110 2605 1165 timere
2634 1120 2691 1166 et
2721 1125 2926 1178 amare,
2958 1112 3193 1166 maxima
3232 1127 3395 1167 causa
3425 1121 3513 1168 est
3539 1112 3731 1167 salutis

2150 1189 2421 1254 humanm.

2221 1291 2366 1348 Deus
2421 1293 2541 1349 ideo
2589 1294 2788 1350 dicitur
2835 1309 3032 1372 creans
3085 1295 3249 1362 mala,
3307 1296 3433 1367 quia
3488 1296 3732 1368 peccatis

2145 1385 2351 1441 nostris
2381 1386 2626 1440 immittit
2653 1386 2888 1456 ﬂagella.
3225 1462 3228 1464 γ

2219 1476 2442 1530 Divinus
2469 1491 2648 1542 sermo
2682 1477 2823 1530 sicut
2851 1477 3123 1549 mysteriis
3155 1478 3453 1548 prudentes
3479 1485 3730 1550 exercet,

2146 1568 2218 1623 ita
2242 1567 2527 1637 superficie
2551 1568 2821 1637 simplices
2852 1570 3076 1625 refovet.

2217 1658 2355 1712 Dum
2387 1658 2572 1729 injusti
2599 1660 2848 1725 smviunt,
2875 1661 3004 1730 justi
3034 1670 3352 1734 purgantur.

2075 1725 2120 1806 Β
2219 1725 2514 1806 Deliciaavet
2542 1749 2823 1821 epularum
2861 1725 3094 1806 varietas
3130 1725 3369 1810 fomenta
3411 1756 3549 1824 sunt;
3575 1753 3734 1818 luxus

2149 1855 2264 1895 TltB.
2492 1887 2494 1892 .

2221 1928 2508 1985 Difficilius
2535 1931 2844 2002 arrogantia
2872 1945 3033 2001 quam
3065 1947 3199 1988 auro
3226 1940 3279 1986 et
3303 1932 3533 2003 gemmis
3568 1946 3729 2010 care:

2147 2034 2288 2075 mus.
2499 2067 2501 2072 .
3452 2013 3458 2018 ’

2217 2111 2614 2167 Detrimentum
2642 2111 2856 2183 pecoris
2892 2111 3186 2184 ignominia
3217 2122 3299 2170 est
3325 2117 3586 2185 pastoris.
3659 2187 3663 2190 ν

2216 2203 2460 2276 Duplicis
2513 2207 2721 2275 peccati
2777 2221 2904 2262 reus
2947 2215 3051 2272 est,
3083 2208 3174 2278 qui
3212 2223 3320 2263 non
3367 2218 3452 2264 est
3504 2219 3733 2266 sanctus

2146 2299 2290 2370 quod
2321 2301 2581 2367 creditur,
2615 2310 2671 2356 et
2700 2309 2882 2356 tamen
2913 2300 3131 2356 simulat
3154 2317 3212 2356 se
3241 2316 3360 2357 esse
3383 2312 3659 2358 sanctum.

2217 2392 2330 2447 Deo
2357 2392 2492 2446 nihil
2543 2392 2670 2446 mali
2718 2401 2804 2447 est
2853 2393 3249 2464 imputandum,
3291 2395 3733 2466 quandoquidem

2145 2484 2262 2555 ipso
2288 2484 2428 2539 malo
2456 2483 2626 2538 utitur
2650 2484 2718 2538 ad
2743 2484 2965 2539 bonum.

2213 2572 2439 2632 Difﬁcile
2493 2574 2785 2656 corrigitur
2813 2575 3053 2645 nequitia
3081 2590 3242 2647 quam
3271 2578 3509 2648 concipit
3533 2577 3658 2648 quis
3682 2578 3735 2633 in

2143 2666 2373 2737 pueritia
2912 2665 2915 2668 ’

2215 2757 2441 2813 Difﬁcile
2468 2767 2551 2814 est
2588 2758 2844 2828 cuiquam
2869 2773 3170 2833 agnoscere
3201 2759 3452 2836 sanitatis
3469 2759 3727 2833 gratiam,

2081 2901 2083 2904 .
2145 2847 2251 2903 nisi
2275 2861 2376 2918 per
2395 2843 2729 2904 infirmitatis
2755 2848 3116 2919 disciplinam.

2211 2937 2437 2996 Dillio-ile
2465 2941 2763 2997 custoditur
2790 2941 2931 3010 quod
2959 2941 3168 2996 insidiis
3191 2941 3370 2997 aditur
3390 2941 3597 3002 multis.

2215 3030 2438 3104 Difﬁcile
2463 3039 2548 3086 est
2570 3031 2799 3100 gloriam
2819 3032 3023 3086 virtute
3054 3047 3334 3103 superare,
3367 3031 3513 3087 etab
3540 3031 3628 3086 his
3657 3028 3737 3094 die

2136 3123 2226 3197 ligi
2250 3137 2385 3192 quos
2409 3125 2705 3193 praeeedas.

2208 3214 2357 3270 Dona
2383 3215 2479 3270 Dei
2504 3230 2601 3285 per
2631 3216 2737 3271 hoc
2768 3215 3005 3278 maxime
3029 3223 3401 3288 agnoscuntur
3439 3214 3587 3285 quod
3635 3213 3725 3280 in-g

2139 3308 2351 3362 terdum
2383 3306 2723 3362 auferuntur.

2207 3399 2424 3466 Deliciis
2455 3407 2510 3453 et
2538 3397 2903 3469 voluptatibus
2933 3398 3214 3464 afﬂuentes
3256 3404 3536 3470 nequeunt
3581 3413 3726 3468 peng

2135 3508 2258 3550 sare
2279 3508 2399 3562 quae
2428 3492 2521 3548 Dei
2560 3501 2706 3547 sunt.

2206 3583 2412 3654 Duplici
2438 3591 2589 3638 reatu
2613 3580 3006 3652 constringitur
3035 3582 3127 3651 qui
3157 3587 3214 3637 et
3244 3580 3296 3635 in
3321 3596 3380 3636 se
3413 3580 3534 3651 ipso
3557 3591 3734 3650 prava

2136 3676 2441 3737 committit,
2477 3683 2530 3731 et
2563 3675 2702 3730 alios
2730 3675 3007 3744 pravitate
3036 3689 3131 3728 sua
3156 3675 3479 3743 corrumpit.

2205 3765 2519 3834 Desperatio
2542 3764 2714 3820 solum
2743 3765 2950 3820 crimen
2977 3772 3060 3819 est
3091 3763 3234 3834 quod
3267 3763 3483 3818 veniam
3535 3778 3732 3829 consee

2132 3859 2221 3928 qui
2246 3875 2351 3914 non
2382 3867 2578 3928 potest.

2203 3948 2278 4005 De
2307 3960 2530 4020 peccato
2582 3950 2636 4004 in
2675 3958 2960 4020 peccatum
2985 3955 3252 4004 corruunt
3286 3947 3380 4019 qui
3426 3947 3599 4004 Deum
3661 3947 3730 4002 ti-

2130 4032 2278 4094 mere
2307 4048 2361 4094 et
2387 4055 2571 4094 amare
2596 4039 2892 4108 negligunt.

2201 4129 2378 4187 Decor
2399 4132 2720 4186 clericorum
2749 4145 2857 4185 non
2905 4130 3060 4193 decet
3109 4144 3230 4212 esse
3285 4129 3490 4212 nimius
3538 4127 3622 4183 vel
3669 4127 3726 4196 in

2128 4224 2470 4280 vestimentis
2490 4223 2574 4278 vel
2599 4223 2650 4276 in
2681 4223 2800 4278 aliis
2825 4223 3010 4278 rebus.

2203 4312 2319 4366 Duo
2367 4320 2495 4366 sunt
2539 4311 2697 4366 nobis
2746 4309 2953 4381 jugiter
3002 4309 3332 4366 attendenda
3360 4326 3374 4363 :
3402 4318 3458 4364 et
3496 4319 3722 4380 peccata

2049 4423 2101 4483 ι)
2128 4419 2249 4474 quae
2274 4403 2667 4468 commisimus,
2722 4410 2778 4456 et
2806 4402 3198 4457 inaestimabilis
3251 4401 3348 4458 Dei
3394 4402 3571 4473 gratia
3603 4415 3723 4471 qua:

2079 4515 2081 4518 ⁴
2129 4509 2228 4548 nos
2250 4492 2473 4562 pertulit
2495 4493 2633 4546 inter
2659 4492 2847 4547 eadem
2877 4502 3124 4562 peccata.

2199 4585 2297 4638 Diu
2321 4584 2509 4654 jacens
2534 4583 2587 4636 in
2616 4584 2877 4654 peccatis,
2900 4584 2991 4638 diu
3015 4599 3252 4654 quoque,
3275 4584 3320 4640 si
3348 4586 3597 4640 converti
3628 4600 3720 4639 vo-

2128 4675 2290 4729 luerit
2386 4674 2665 4730 diabolica:
2731 4675 3158 4746 impugnationis
3223 4675 3502 4731 molestias
3557 4675 3718 4731 susti-

2125 4769 2274 4827 nebit

2196 4860 2460 4915 Diuturna
2494 4862 2648 4930 quies
2675 4861 2823 4914 vitiis
2855 4861 3107 4915 alimenta
3136 4860 3427 4915 ministrat.

2135 4987 2139 4989 -
2196 4952 2307 5006 Deo
2341 4953 2509 5021 magis
2538 4952 2713 5021 placet
2741 4951 2832 5020 qui
2859 4951 2962 5005 sibi
2993 4967 3181 5020 puras,
3206 4967 3368 5020 quam
3408 4950 3502 5019 qui
3533 4951 3714 5022 plenas

2127 5057 2319 5096 manus
2345 5042 2567 5110 praebet.
2881 5089 2885 5092 .
3110 5091 3113 5094 _
3404 5081 3405 5084 η

2197 5133 2426 5204 Dapsilis
2447 5142 2504 5197 et
2541 5134 2724 5204 largus
2753 5132 2966 5189 eunetis
2991 5131 3171 5201 placet
3195 5129 3536 5186 mortalibus.

2199 5226 2398 5280 Doctus
2422 5226 2488 5279 ab
2513 5226 2735 5285 indocto
2786 5225 2986 5292 poterit
3028 5223 3172 5278 bona
3218 5225 3428 5278 discere
3464 5222 3667 5277 crebro
3698 5239 3713 5285 ;

2193 5314 2248 5340 C2
2273 5331 2499 5340 .AAn-A-A
2530 5316 2657 5340 ..ι-12.
2695 5317 2803 5340 ἰι-..ι
2825 5315 2892 5340 ΑῘΙ
2920 5315 3216 5340 κηηῖΛηΙξΑ-
