3942 5340
216 374 323 433 δυο
1474 380 1678 440 unm
1717 356 2279 438 rnovunmonun.
2414 374 2417 379 ·
2804 462 2809 467 Α
3026 464 3035 469 ν
3362 385 3483 469 3,0

287 486 577 543 Discordes
603 500 815 553 revoca,
846 484 1026 544 fautor
1052 491 1409 547 merentibus
1436 492 1600 549 insta.
1698 488 1703 493 ’
1818 493 1870 553 Α
1965 489 2134 545 Error
2150 489 2257 544 erit
2291 487 2488 543 nimius
2509 502 2632 543 cum
2662 495 2919 559 praetores
2941 486 3102 544 simul
3124 498 3331 545 errant.

284 576 362 634 De
383 576 551 635 rebus
573 578 748 635 dubiis
776 578 882 635 noli
906 582 1229 637 contendere
1253 584 1433 639 verbis
1969 580 2129 635 Errat
2161 594 2505 650 summopere
2522 581 2615 650 qui
2641 594 2747 634 non
2771 579 2909 651 fugit
2930 580 3094 651 impia
3121 597 3352 653 quaeque

286 668 363 723 De
398 667 631 723 Domino
660 669 746 723 vix
779 671 907 740 quid
934 670 1174 741 perfecta
1203 671 1429 728 scientia
1467 674 1652 730 sentit.
1888 670 1893 675 ’
1968 672 2103 727 Esse
2127 671 2237 725 Deo
2262 670 2539 741 pr0prium
2576 672 2786 727 cunctis
2809 681 2892 728 est
2908 671 3033 740 jure
3050 674 3351 730 sciendum.

282 754 498 810 Divitiae
528 772 671 810 vene
692 767 819 812 sunt
842 759 1101 814 virtutum
1142 761 1282 816 bona
1308 777 1556 832 qumque.
1968 760 2175 835 Eyiers
2202 759 2463 815 doctrinm
2486 761 2737 817 tenebras
2770 763 3005 833 patietur
3027 763 3248 835 ubique.

282 846 443 903 Dives
464 848 749 915 dicendus,
776 850 861 904 cui
888 863 1087 917 parvus
1115 826 1355 923 suppetit
1381 826 1528 909 usus.
1966 826 2136 909 illecti
2165 849 2347 919 pauci.
2381 849 2533 904 multi
2567 860 2694 906 sunt
2720 826 2849 906 vero
2872 852 3066 907 vocati.

845 940 1073 998 CAPUT
1112 944 1176 1000 V.
1969 936 2225 992 Ecclesia:
2254 946 2440 1007 pastor
2469 939 2748 1009 speculum
2775 939 2945 1011 plebis
2973 940 3090 996 fore
3117 942 3299 998 debet.

281 1029 544 1087 Excelsus
572 1016 737 1104 super
755 1047 943 1089 omnes
970 1042 1159 1115 gentes
1207 1034 1490 1106 Dominus,
1544 1047 1598 1094 ei
1636 1053 1799 1109 super
1970 1028 2066 1084 Est
2085 1030 2243 1099 quasi
2271 1044 2367 1085 vas
2396 1045 2647 1096 vacuum,
2688 1032 2775 1086 cui
2799 1047 2929 1087 cura
2958 1024 3110 1089 deest
3149 1022 3476 1089 animarum.

212 1120 379 1184 caelos
403 1122 578 1195 gloria
617 1125 754 1194 ejus.
955 1130 961 1137 ’
1770 1136 1775 1143 ·
1918 1123 1922 1129 ⁷
2050 1120 2055 1127 ’
2509 1123 2737 1180 CAPUT
2774 1123 2861 1179 Vl.
3382 1138 3389 1145 '

279 1212 548 1282 Exspecta
583 1215 901 1285 Dominum,»
919 1216 1149 1272 viriliter
1183 1233 1279 1290 age
1304 1260 1318 1285 ,
1367 1227 1424 1274 et
1460 1220 1799 1281 confortetur
1967 1213 2172 1271 Fidelis
2200 1214 2465 1270 Dominus
2489 1216 2541 1268 in
2573 1214 2826 1269 omnibus
2853 1212 3034 1270 verbis
3061 1215 3194 1283 suis,
3242 1224 3297 1272 et
3350 1231 3474 1272 san.

209 1319 304 1361 cor
339 1313 515 1370 tuum,
548 1316 606 1363 et
631 1309 839 1363 sustine
864 1309 1173 1364 Dominum.
1896 1315 2016 1361 ctus
2046 1305 2101 1359 in
2136 1305 2389 1360 omnibus
2418 1304 2674 1373 operibus
2705 1304 2841 1359 suis.
3008 1318 3016 1325 '
3094 1298 3099 1303 ’
3452 1314 3461 1325 ‘

278 1391 419 1448 Ecce
452 1409 618 1465 quam
658 1395 859 1451 bonum
906 1404 960 1453 et
1004 1412 1165 1469 quam
1202 1397 1502 1468 jucundum
1553 1399 1797 1461 habitare
1969 1392 2395 1449 Firmamentum
2424 1401 2509 1449 est
2537 1394 2798 1449 Dominus
2828 1393 3143 1451 timentibus
3164 1411 3306 1451 eum.
3382 1398 3387 1405 '

208 1477 403 1534 fratres
424 1479 479 1533 in
508 1496 679 1559 unum
706 1484 720 1537 ι
984 1486 990 1495 ’
1967 1483 2195 1539 Flumen
2224 1483 2320 1539 Dei
2350 1483 2612 1555 repletum
2639 1492 2722 1539 est
2750 1478 2925 1555 aquis.
2968 1480 2969 1489 “

277 1570 464 1627 Estote
484 1573 781 1643 prudentes
806 1575 947 1631 sicut
976 1584 1278 1646 serpentes,
1331 1587 1386 1634 ει
1414 1578 1688 1650 simplices
1719 1566 1794 1636 si;
1965 1573 2137 1629 Filius
2163 1573 2401 1629 hominis
2448 1588 2556 1629 non
2602 1573 2751 1629 venit
2807 1574 3127 1641 ministrari,
3177 1578 3269 1631 sed
3322 1575 3478 1633 mini-

210 1670 302 1718 cut
327 1663 601 1721 columba.
714 1672 718 1676 ‘
1547 1657 1551 1660 ’
1897 1676 2091 1731 strare,
2108 1668 2240 1723 dare
2261 1668 2496 1723 animam
2517 1683 2671 1723 suam
2695 1654 3119 1739 redemptionem
3151 1660 3249 1739 pro
3273 1670 3476 1725 muttis.

210 1764 218 1771 ’
280 1758 359 1814 Ex
395 1760 726 1815 abundantia
754 1761 933 1817 cordis
959 1776 1020 1817 os
1045 1761 1304 1832 loquitur.
1966 1755 2091 1812 Filii
2118 1756 2278 1827 hujus
2311 1756 2490 1813 smeuli
2522 1757 2903 1828 prudentiores
2937 1758 3063 1814 [iliis
3086 1758 3220 1815 lucis
3240 1758 3292 1814 in
3320 1776 3480 1833 gene-

278 1850 468 1906 Estote
504 1851 906 1919 misericordes,
935 1854 1077 1910 sicut
1101 1864 1156 1910 et
1184 1856 1345 1911 Pater
1379 1865 1555 1911 vester
1583 1857 1795 1912 miseri—
1824 1839 1869 1899 Β
1900 1847 2111 1903 ratione
2140 1863 2237 1903 sua
2264 1857 2410 1903 ευηι·
2510 1867 2515 1872 ’
2976 1866 2981 1871 ·
3338 1866 3339 1869 ‘
3455 1862 3459 1868 ’

213 1955 331 2001 oms
350 1950 467 2008 est.
791 1952 798 1960 ’
1968 1936 2210 1992 Facilius
2230 1946 2313 1993 est
2351 1935 2615 1992 camelum
2664 1952 2772 2019 per
2802 1936 3044 1992 foramen
3082 1937 3210 1994 acus
3254 1937 3478 2004 intrare,

279 2030 355 2085 Ex
391 2032 574 2088 verbis
624 2033 733 2089 tuis
769 2033 1178 2105 justiﬂcaheris,
1237 2045 1291 2091 et
1341 2052 1405 2092 ex
1457 2037 1640 2093 verbis
1691 2037 1797 2094 tuis
1896 2044 2059 2099 quam
2088 2029 2309 2084 dimth
2338 2029 2543 2084 intrare
2580 2030 2632 2083 in
2659 2044 2884 2100 regnum
2913 2030 3024 2085 Dei;
3224 2032 3228 2037 ’

211 2122 691 2189 condemnaberis,
1035 2134 1043 2141 ‘
1965 2125 2150 2199 Facite
2187 2126 2339 2180 vobis
2368 2126 2572 2180 amicos
2615 2124 2681 2180 de
2707 2140 3013 2180 mammona
3043 2126 3365 2196 iniquitatis,
3398 2116 3477 2191 ut,

213 2225 221 2231 ‘
277 2215 476 2272 Eadem
529 2231 783 2272 mensura
833 2231 938 2288 qua
983 2219 1159 2275 mensi
1205 2220 1438 2287 fueritis,
1479 2221 1797 2277 remetietur
1894 2234 2019 2275 cum
2058 2206 2702 2288 defeceritis,recipiant
2752 2233 2850 2274 vos
2891 2218 2945 2273 in
2975 2225 3177 2273 azterna
3221 2217 3476 2280 taberna.-

211 2304 379 2360 vobis.
446 2368 452 2373 ,
1196 2372 1201 2379 ι
1568 2302 1591 2325 ⁸

1907 2308 2035 2364 cola.
2498 2376 2501 2379 _
2978 2322 2989 2329 ‘
3140 2322 3143 2325 '
3456 2305 3464 2313 ”

276 2394 417 2451 Erue
438 2411 535 2452 eos
560 2397 653 2468 qui
684 2398 962 2454 ducuntur
982 2400 1051 2456 ad
1074 2411 1328 2468 mortem,
1359 2411 1415 2458 et
1439 2418 1531 2473 qui
1564 2412 1794 2460 tranun-
1965 2401 2078 2456 Fur
2127 2416 2234 2456 non
2289 2399 2438 2455 venit
2492 2401 2596 2456 nisi
2626 2410 2703 2456 ‘ut
2754 2400 2991 2466 feretur,
3053 2410 3109 2455 et
3149 2408 3369 2465 mactet,
3428 2407 3483 2453 et

215 2496 297 2543 tur
320 2490 386 2544 ad
412 2489 697 2546 interitum
726 2491 960 2548 liberare
985 2509 1057 2550 ne
1091 2509 1307 2557 cesses.
1892 2494 2105 2563 perdat.
2896 2558 2901 2563 .
3100 2502 3105 2508 ⁷
3454 2475 3461 2485 θ

276 2576 593 2635 Exsecratio
613 2582 888 2651 peccatori
916 2582 1127 2638 cultura
1160 2584 1277 2639 Dei.
1967 2582 2178 2654 Frange
2201 2585 2457 2640 esurienti
2497 2599 2692 2653 panem
2735 2593 2904 2651 tuum,
2947 2593 3000 2640 et
3040 2599 3237 2657 egenos
3284 2597 3478 2654 vagos-

277 2666 502 2739 Egestas
522 2680 575 2727 et
610 2672 903 2744 ignominia
935 2674 984 2731 ei
1028 2676 1119 2746 qui
1151 2675 1352 2732 deserit
1378 2677 1718 2748 disciplinam
1895 2690 2000 2747 que
2027 2675 2220 2731 induce
2243 2676 2297 2731 in
2324 2677 2540 2731 domum
2566 2685 2735 2734 tuam.

218 2759 299 2828 qui
326 2770 510 2817 autem
546 2764 846 2834 acquiescit
874 2751 1119 2836 arguenti
1145 2767 1560 2835 glorineabitur.
1889 2838 1893 2843 .
1967 2764 2270 2822 Feneratur
2296 2767 2523 2822 Domino
2552 2767 2643 2836 qui
2672 2770 2959 2822 miseretur
2989 2767 3259 2837 pauperis.

278 2854 371 2910 Est
393 2854 482 2910 via
513 2871 634 2926 qua:
659 2857 876 2913 videtur
917 2859 1122 2916 homini
1156 2858 1325 2930 justa,
1355 2861 1645 2918 novissima
1694 2876 1793 2917 au-
1967 2857 2191 2913 Frustra
2216 2858 2421 2928 jacitur
2450 2866 2564 2914 rete
2586 2867 2713 2913 ante
2740 2858 2927 2914 oculos
2952 2868 3335 2929 peunatorum.

219 2951 315 3001 tem
338 2945 459 3016 ejus
480 2946 757 3004 deduCunt
785 2949 851 3003 ad
876 2958 1124 3006 mortem.
1246 2956 1251 2959 '
1341 2953 1347 2959 ’
1968 2950 2145 3008 Favus
2170 2951 2438 3007 distillans
2461 2951 2603 3006 labia
2631 2951 2953 3015 meretricis,
2983 2960 3035 3006 et
3084 2950 3308 3005 nitidius
3356 2940 3475 3005 oleo

278 3035 462 3109 Equus
489 3047 718 3109 paratur
757 3041 825 3097 ad
854 3041 1079 3109 bellum,
1111 3043 1205 3099 sed
1231 3059 1261 3098 a
1292 3042 1521 3100 Domino
1565 3046 1793 3102 victoria
1897 3051 2087 3112 guttur
2133 3043 2284 3114 ejus;
2323 3040 2616 3098 novissima
2668 3052 2847 3097 autem
2895 3038 3039 3097 illius
3090 3056 3273 3096 amara
3324 3042 3479 3111 quasi

216 3127 385 3183 datur.
1428 3138 1431 3139 ⁷
1825 3160 1862 3207 Α,
1897 3135 2247 3191 absinthium.
2618 3201 2625 3207 _
3078 3138 3088 3149 ‘
3455 3140 3459 3145 '

283 3217 375 3275 Est
408 3220 661 3279 confusio
686 3223 960 3280 adducens
981 3234 1283 3301 peccatum,
1321 3235 1377 3282 et
1414 3235 1496 3282 est
1542 3225 1792 3282 confusio
1820 3194 1865 3257 ο
1966 3224 2153 3280 Fallax
2197 3227 2367 3298 gratia
2395 3269 2410 3295 ,
2458 3236 2525 3282 et-
2551 3201 2686 3281 vana
2732 3214 2816 3281 est
2869 3223 3237 3297 pulchritudo;
3288 3220 3482 3276 mulier

217 3307 481 3380 adducens
507 3310 761 3381 gloriam.
922 3314 927 3321 ’
1897 3316 2092 3385 timens
2126 3317 2292 3385 Deum
2323 3318 2435 3388 ipsa
2460 3318 2785 3373 laudabitur.
3068 3314 3071 3319 ⁴
3142 3330 3145 3331 ⁷
3246 3328 3251 3333 ’

280 3397 355 3455 Ex
377 3401 577 3457 studiis
597 3403 711 3458 suis
736 3404 1048 3474 agnoscitur
1066 3419 1221 3483 puer.
1892 3414 1897 3427 '
1966 3410 2127 3481 Fugit
2155 3410 2352 3480 impius
2381 3410 2598 3465 nemine
2624 3417 3016 3478 persequente;
3065 3404 3243 3475 justus
3293 3411 3474 3457 autem

278 3490 406 3545 Esto
442 3491 619 3547 ﬁdelis
654 3508 823 3563 usque
862 3493 929 3548 ad
955 3505 1206 3558 mortem,
1231 3505 1285 3551 et
1309 3496 1451 3552 dabo
1496 3498 1591 3554 tibi
1641 3515 1794 3555 coro-
1895 3499 2047 3569 quasi
2086 3499 2167 3552 leo
2193 3498 2470 3552 confidens
2496 3497 2699 3567 absque
2732 3506 2940 3551 terrore
2969 3497 3095 3552 erit.
3172 3492 3175 3495 ’
3210 3484 3237 3516 ³
3457 3491 3463 3499 ’

218 3593 331 3634 nam
357 3582 506 3645 vitm,
532 3581 665 3637 dicit
683 3582 946 3639 Dominus
980 3586 1346 3657 omnipotens.
1964 3587 2223 3658 Flagellat
2254 3587 2396 3641 Dens
2418 3601 2630 3641 omnem
2658 3586 2824 3639 filium
2848 3599 3010 3653 quem
3044 3582 3252 3651 recipit.

279 3670 645 3730 Emendemus
698 3676 752 3731 in
801 3676 996 3733 melius
1042 3682 1185 3749 quod
1232 3680 1543 3752 ignoranter
1597 3697 1791 3753 pecca-
1965 3676 2169 3731 Facere
2199 3675 2626 3730 misericordiam
2675 3682 2730 3729 et
2759 3672 3018 3746 judicium
3073 3671 3246 3756 magis
3302 3669 3479 3740 placet

216 3761 401 3824 vimus.
545 3768 557 3775 ’
826 3772 829 3775 ’
1895 3770 2006 3825 Deo
2035 3783 2196 3839 quam
2224 3767 2481 3823 victimae.
2591 3806 2597 3810 -
2728 3802 2733 3807 ς
3022 3776 3027 3785 ‘
3185 3781 3188 3785 ‘
3237 3780 3245 3785 '

282 3854 529 3911 Ebrietas
574 3865 629 3913 et
661 3858 885 3930 crapula
930 3860 1074 3915 omni
1106 3859 1420 3918 Christiano
1466 3870 1550 3917 est
1611 3862 1792 3918 detes-
1964 3859 2184 3915 Fiducia
2217 3872 2413 3927 magna
2453 3872 2637 3913 coram
2692 3856 2803 3917 Deo
2857 3854 3195 3925 eleemosyna
3227 3849 3477 3906 omnibus

219 3948 391 4005 tanda.
782 3938 786 3942 Δ
934 4018 937 4019 ν
1074 3953 1082 3961 ’

1894 3939 2217 4006 facientibus
2237 3940 2451 4005 eam.'
2800 3944 2803 3945 '
2938 3956 2977 3969 ·-
3076 3964 3077 3967 η
3192 3960 3195 3967 ι

220 4038 225 4047 “
282 4038 691 4113 Eleemosyuam
733 4042 879 4099 illam
920 4045 1061 4100 Deus
1088 4053 1431 4109 exsecratur,
1464 4060 1584 4116 quae
1611 4060 1676 4101 ex
1706 4030 1795 4100 ‘ra-
1963 4047 2395 4103 Fundamentum
2426 4044 2571 4100 aliud
2600 4060 2759 4099 nemo
2805 4052 2985 4115 potest
3031 4054 3233 4112 ponere
3284 4046 3479 4108 praeter

219 4126 330 4196 pina
350 4131 640 4198 praebetur.
1769 4118 1775 4145 ⁵

1899 4140 1950 4196 id
1971 4139 2113 4209 quod
2146 4138 2381 4208 positum
2407 4145 2514 4202 est,
2548 4135 2690 4207 quod
2724 4145 2807 4190 est
2828 4134 3077 4188 Christus
3104 4130 3284 4196 Jesus.
3454 4130 3456 4149 ⁵

280 4218 609 4278 Erubescere
637 4224 841 4280 malum
871 4227 1149 4297 sapientiae
1177 4236 1291 4295 est;
1318 4229 1640 4285 erubescere
1656 4246 1786 4287 vero
1966 4229 2127 4286 Fides
2157 4230 2273 4284 sine
2295 4227 2572 4298 operibus,
2603 4212 2812 4281 mortua
2842 4233 2948 4279 est.
3013 4239 3017 4243 '
3087 4216 3093 4243 έ

220 4307 402 4367 bonum
428 4313 699 4370 fatuitatis
1766 4304 1777 4317 ’
1964 4321 2167 4377 Fidelis
2191 4335 2371 4375 sermo
2414 4327 2471 4374 et
2516 4317 2667 4372 omni
2715 4316 3047 4385 acceptione
3078 4311 3309 4380 dignus,
3353 4310 3478 4379 quia

278 4399 428 4457 Errat
453 4403 712 4460 facillime
733 4406 825 4475 qui
857 4422 964 4462 non
993 4416 1148 4463 curat
1197 4425 1306 4480 quo
1340 4409 1541 4466 rectius
1583 4420 1791 4481 pergat.
1896 4414 2144 4471 Christus
2181 4413 2341 4469 Iesus
2378 4410 2530 4466 venit
2557 4410 2609 4463 in
2655 4392 2799 4462 hunc
2824 4394 3114 4460 -mundum
3160 4410 3479 4473 peccatores

279 4490 532 4555 Escarum
547 4495 704 4565 copia
734 4511 951 4558 carnem
976 4497 1213 4555 incendit
1235 4500 1301 4553 ad
1326 4499 1587 4557 desideria
1613 4499 1794 4555 noxia.
1825 4540 1875 4601 Β
1900 4505 2077 4559 salvos
2100 4502 2280 4557 facere
2602 4563 2628 4569 __
2758 4572 2763 4578 .
2812 4560 2820 4565 _
2943 4562 2949 4569 ε
3332 4508 3335 4513 ’

280 4583 583 4658 Exstingnit
633 4585 931 4658 Egyptum
979 4590 1070 4671 qui
1121 4606 1228 4645 non
1275 4592 1385 4662 agit
1432 4606 1595 4665 opera
1649 4600 1797 4651 tcne-
1825 4583 1837 4600 ¹

1969 4592 2128 4648 Fides
2170 4584 2561 4660 sperandorum
2592 4584 2892 4642 substantia
2944 4591 3028 4638 est
3062 4596 3267 4649 rerum,
3317 4594 3480 4651 argu-

218 4671 415 4732 brarum

1900 4694 2139 4738 mentum
2176 4697 2282 4736 non
2310 4678 2713 4757 apparentium.‘
2782 4692 2803 4701 υ

275 4766 660 4840 Experimento
688 4769 799 4831 cito
840 4769 1078 4839 discitur
1113 4771 1255 4842 quod
1306 4787 1582 4842 nunquam
1636 4758 1795 4831 antea
1892 4774 1897 4779 ’
1969 4771 2351 4828 Fornicatores
2372 4779 2428 4825 et
2457 4766 3201 4837 adulterosjudicabitDeus.
3244 4834 3245 4837 η

217 4860 515 4918 credebatur
588 4866 591 4869 ’
792 4880 795 4885 ·
1768 4932 1771 4933 ν

1918 4936 1924 4939 _
1971 4861 2171 4939 Frater.
2192 4861 2238 4915 si
2270 4859 2494 4915 fratrem
2548 4854 2784 4927 adjuvat,
2830 4856 2991 4912 ambo
3032 4852 3474 4910 consolabuntur.

273 4956 436 5030 Egens
454 4974 622 5030 :eque
665 4964 753 5013 est
799 4956 845 5012 is
896 4956 987 5026 qui
1047 4972 1154 5013 non
1199 4959 1331 5014 satis
1384 4957 1568 5025 habet,
1608 4967 1661 5013 et
1710 4960 1798 5017 cui
1892 4936 1924 4969 ³
1971 4936 2427 5018 Ερῦι-ἰεέοτρονίε
2463 4949 2641 5014 calor;
2675 4946 2843 5003 febris
2872 4959 3002 5000 vero
3032 4943 3201 5000 animi
3242 4949 3329 4997 est
3349 4953 3482 4994 ava-

213 5046 343 5116 οορῑε
369 5050 511 5106 nulla
537 5045 769 5105 sulﬁcit-
1896 5043 2022 5100 ritia
2051 5050 2106 5097 et
2139 5040 2327 5097 libido.

271 5134 451 5166 nnr'nm
479 5137 632 5166 ,οι-1141
655 5144 707 5166 ΔΙ
921 5148 980 5166 An
1009 5135 1221 5166 I‘AMIIM
1248 5137 1399 5166 “nomn
1421 5135 1657 5166 nn\:n:l:n
1685 5146 1764 5166 Δρ.

1632 5153 1657 5166 η
1685 5146 1764 5166 Α...
1886 5154 1893 5163 .
1967 5130 2344 5166 Πηνιῖοοῖιηιιηι
2372 5129 2632 5166 {ninnium
2669 5138 2748 5166 ne!
2778 5129 2933 5166 nnnic
2963 5133 3015 5166 nl
3041 5141 3180 5166 anna
