3942 5340
474 267 569 323 3i!

1515 266 1821 324 OTiiLON!
1844 266 2152 327 MONAGH‘I
2185 267 2244 325 S.
2285 259 2713 331 ESHIERAMMI'

3615 258 3714 316 511‘.

544 371 745 443 Frigus
805 382 859 428 οι
893 372 1065 429 tam
1094 370 1326 443 Simplici
1351 374 1558 436 Vestitu.
1589 375 1817 455 ciboque
1854 376 2049 448 expelli
2080 382 2130 442 Α
2223 376 2483 433 Fructum
2509 373 2625 429 fert
2638 386 2765 427 raro
2784 368 3043 441 quidquid
3067 375 3277 440 geritur
3300 364 3621 423 dubitando.

470 470 673 532 potest.

540 552 816 609 Fidelibus
850 552 1039 608 noxin
1091 552 1237 611 diem
1282 563 1561 621 mutatur;
1611 554 1921 612 infidelibus
1959 572 2059 612 aur

472 646 727 715 temipsa
763 646 929 700 etiam
969 644 1057 699 lux
1086 646 1372 701 tenebrosa
1406 646 1661 703 edicitur.

537 737 769 792 Fructus
799 738 983 793 mundi
1025 739 1178 796 ruina
1202 749 1307 794 est.
1895 744 1927 776 ⁸

540 826 823 882 Fortitudo
850 826 1125 901 iustorum
1163 838 1249 884 est
1284 846 1503 901 carnem
1538 832 1782 902 vincere,
1816 833 2057 891 delecta-

467 916 671 972 tionem
701 916 827 971 vitae
863 909 1535 991 praesentisexstinguere.

538 1006 825 1062 Fortitudo
852 1010 1204 1078 reproborum
1248 1020 1333 1066 est
1385 1013 1691 1070 transitoria
1722 1015 1841 1070 sine
1872 1029 2053 1071 cessa-

464 1094 616 1163 tione
640 1096 892 1167 di-ligere,
924 1106 1122 1157 ctetera
1148 1097 1358 1172 ﬂagella
1411 1100 1727 1159 Conditoris
1767 1104 2054 1161 insensibi-

464 1183 591 1239 liter
617 1187 932 1256 perdurare.

535 1276 804 1334 Fraudem
828 1278 939 1335 Deo
963 1280 1146 1337 facere
1187 1283 1404 1341 videtur
1429 1284 1545 1356 qui,
1577 1285 1767 1341 relicto
1789 1285 2049 1358 spiritua-

462 1364 531 1420 ηε
553 1366 678 1421 vitae
697 1373 1004 1439 proposito,
1020 1372 1088 1427 ad
1118 1373 1375 1431 sarculum
1400 1376 1715 1431 revertitur.

534 1458 739 1517 Futura
772 1461 1061 1529 providere
1085 1463 1394 1534 specialiter
1422 1467 1658 1535 pertinet
1673 1467 1740 1523 ad
1761 1466 1900 1536 illos,
1925 1466 2046 1540 qui-

459 1546 570 1603 bus
598 1564 728 1605 cura
758 1552 1045 1607 commissa
1072 1562 1156 1608 est
1179 1570 1342 1625 super
1368 1555 1525 1611 alios.

534 1639 1121 1701 Firmitatisindicium
1148 1656 1231 1702 est
1276 1662 1399 1701 cum
1427 1664 1530 1703 una
1570 1648 1871 1720 eademque
1919 1663 2045 1705 sen-

360 1806 367 1813 .
465 1732 634 1787 tentia
656 1733 711 1789 in
740 1735 911 1790 sacris
942 1734 1144 1792 litteris
1178 1738 1430 1793 iteratur.

529 1822 766 1879 Facilius
795 1827 1042 1882 sacculos
1082 1844 1243 1898 quam
1282 1830 1646 1902 nosmetipsos
1694 1834 2044 1905 abnegamus.

528 1913 711 1972 Facile
741 1917 994 1986 abiicitur
1026 1920 1167 1989 quod
1211 1921 1382 1989 haeret
1412 1924 1788 1991 extrinsecus;
1830 1927 2047 1983 intesti-

459 2020 588 2060 num
619 2005 818 2063 bellum
846 2009 1205 2078 periculosius
1222 2023 1326 2068 est.

530 2094 722 2153 Facies
752 2108 836 2154 est
863 2102 1064 2157 mentis
1086 2103 1388 2173 speculum,
1418 2116 1475 2162 et
1510 2108 1656 2163 taciti
1686 2109 1827 2165 oculi
1868 2111 2050 2168 cordis

460 2196 671 2247 scereta
697 2192 954 2260 produnt.

532 2278 787 2335 Famulos
836 2283 931 2339 Dei
983 2299 1145 2342 veros
1196 2302 1306 2345 non
1362 2288 1647 2357 miracula,
1698 2291 1794 2347 sed
1833 2292 2048 2350 dilectio

460 2382 590 2426 vera
621 2373 833 2439 probat.

452 2526 459 2533 δ
527 2460 710 2525 Fenus
737 2466 980 2537 pecuniae
1011 2466 1195 2526 fumus
1221 2478 1307 2525 est
1331 2471 1559 2532 animm

528 2550 808 2622 Frequens
827 2557 1005 2611 oratio
1034 2556 1253 2613 fortiter
1271 2561 1474 2616 resistit
1497 2562 1735 2617 diabolo.

526 2642 762 2700 Facilius
784 2647 1048 2707 inhaerere
1076 2642 1215 2705 solet
1241 2651 1439 2706 malum
1465 2669 1627 2724 quam
1651 2656 1875 2715 bonum.

529 2736 867 2808 Frequenter
909 2753 1233 2801 superantur
1268 2747 1629 2815 prosperitate
1676 2750 1768 2819 qui
1797 2751 2043 2823 superari

456 2844 564 2891 non
590 2840 842 2899 poterant
868 2833 1217 2891 adversitate.

531 2917 830 2979 Formidari
859 2937 963 2978 non
993 2923 1151 3003 debet
1171 2924 1442 2995 diaiolus,
1482 2930 1572 2999 qui
1603 2930 1733 2986 nihil
1762 2931 1864 2988 nisi
1916 2949 2042 3005 per-

458 3009 660 3069 missus
688 3012 854 3066 valet.

528 3102 753 3159 Frustra
776 3121 876 3175 pro
898 3106 1070 3164 salute
1098 3111 1343 3180 corporis
1373 3110 1684 3181 laboratur,
1720 3117 1824 3174 nisi
1877 3119 2042 3176 simul

458 3193 652 3249 anima:
673 3196 819 3252 salus
850 3198 1181 3258 obtineatur.

525 3283 752 3347 Frustra
790 3289 919 3356 niti,
949 3306 1049 3347 nec
1094 3294 1239 3350 aliud
1291 3310 1351 3353 se
1381 3296 1659 3370 fatigando
1707 3302 1810 3356 nisi
1854 3279 2039 3358 odium

457 3388 719 3443 quaerere,
744 3389 1000 3437 extrema:
1022 3383 1306 3440 dementia:
1340 3396 1443 3443 est.

524 3464 767 3528 Fidelius
793 3478 851 3525 et
893 3473 1105 3542 gratius
1150 3475 1469 3546 obsequium
1521 3487 1605 3535 est
1656 3481 1800 3550 quod
1851 3498 2041 3540 amore

454 3559 625 3627 magis
645 3575 808 3630 quam
836 3572 980 3627 metu
1012 3567 1239 3637 geritur.

526 3647 754 3708 Fallitur
777 3654 926 3710 omni
956 3658 1126 3712 modo.
1150 3644 1258 3729 qui
1290 3675 1441 3730 spem
1486 3676 1640 3718 suam
1664 3665 1815 3733 ponit
1840 3666 1893 3721 in
1941 3666 2037 3722 bo-

453 3741 601 3803 rnine
620 3753 677 3801 et
701 3745 754 3799 in
785 3746 887 3801 hoc
910 3747 1126 3803 saeculo.

526 3832 787 3889 Flamma
838 3833 1261 3907 inexstinguibili
1302 3840 1624 3913 quandoque
1665 3844 1909 3900 tradetur
1945 3851 2037 3916 qui

457 3935 605 3976 nunc
636 3922 881 3978 avaritiae
905 3932 962 3980 et
1004 3924 1227 3984 malitia:
1274 3943 1387 3985 suae
1415 3929 1664 3988 incendia
1691 3935 2038 4009 exstinguere

456 4012 699 4083 negligit.
1606 4074 1615 4083 .

527 4103 727 4160 Facilis
755 4106 915 4163 venia
957 4108 1086 4166 buic
1137 4119 1223 4167 est
1254 4111 1428 4170 danda
1474 4116 1566 4185 qui
1607 4132 1714 4173 non
1742 4132 1933 4190 peccat
1968 4136 2035 4178 ex

455 4194 745 4252 industria.

530 4285 749 4345 Fortior
771 4298 852 4359 est
878 4291 973 4363 qui
1013 4293 1335 4365 cupiditates
1374 4311 1538 4371 quam
1570 4298 1663 4368 qui
1693 4299 1877 4359 hostes
1902 4305 2033 4360 sub-

452 4376 594 4448 iicit.

529 4464 708 4524 Ferox
755 4478 917 4547 atque
963 4472 1236 4543 inquietus
1285 4474 1522 4548 linguam
1575 4493 1791 4552 semper
1846 4483 2034 4558 litigiis

458 4573 720 4619 exercens
745 4565 864 4620 cani
891 4576 1256 4637 comparatur.

532 4649 717 4710 Foedis
759 4641 1511 4729 immundisque'libidinibus
1552 4661 1766 4722 deditus
1801 4667 2034 4725 sordidae

459 4738 575 4795 suis
599 4741 926 4813 voluptatem
952 4746 1215 4802 imitatur.
1364 4816 1365 4819 η

526 4830 886 4895 Fornicamur
926 4852 958 4892 a
997 4836 1257 4909 Domino,
1281 4840 1495 4909 quando
1528 4842 1850 4905 adulterinis
1886 4847 2031 4918 cogi-

460 4926 755 4987 tationibus
784 4930 852 4985 ab
878 4930 995 5000 ejus
1022 4948 1206 4988 amore
1229 4944 1385 4990 casto
1415 4936 1710 5005 deviamus.
1768 4996 1769 4999 η

530 5014 712 5072 Facile
764 5019 989 5076 offendit
1049 5023 1143 5092 qui
1217 5038 1326 5079 non
1368 5027 1593 5097 optimis
1646 5029 1742 5085 sed
1784 5029 2037 5100 pessimis

452 5109 676 5179 placere
704 5114 874 5183 cupit.
1936 5180 1939 5183 _

564 5202 756 5260 Frenis
798 5206 940 5261 sicut
965 5207 1090 5276 equi
1138 5221 1415 5264 sessorum
1445 5218 1571 5266 sunt
1597 5208 1869 5266 retinendi

566 5293 657 5340 Sin
680 5312 898 5340 animum
920 5298 1104 5340 lnanivi
1137 5302 1415 5340 caninmrm
1444 5301 1564 5340 imm
1590 5301 1805 5340 Innondi

2226 457 2521 525 Fructibus
2544 482 2611 522 ex
2641 465 2880 537 propriis
2900 463 3064 521 arbor
3081 459 3432 536 cognoscitur
3456 457 3656 519 omnis.

2223 558 2374 615 Finis
2395 541 2645 629 praecepti
2675 564 2884 613 constat
2911 553 3134 611 dilectio
3148 553 3371 609 Christi.

2222 647 2422 703 Factor
2454 647 2618 701 totius
2640 662 2753 716 pra:
2778 644 2988 699 cunctis
3011 652 3097 699 est
3132 640 3504 700 reuersurum.

2223 742 2447 798 Fratres
2471 755 2529 796 se
2554 750 2783 796 noscant
2807 753 3040 808 quorum
3063 736 3227 790 Pater
3253 743 3337 791 est
3357 733 3500 788 Deus
3523 746 3677 787 unus.

2633 823 2637 826 ’
2745 828 2972 885 CAPUT
3014 826 3121 881 Vll.

2142 984 2143 987 η
2222 924 2448 981 Gustate
2485 931 2542 979 et
2584 923 2763 979 videte
2806 922 3066 993 quoniam
3091 919 3275 975 suavis
3317 928 3401 975 est
3427 915 3719 980 Dominus;

2150 1013 2344 1070 beatus
2371 1014 2455 1068 vir
2479 1014 2569 1083 qui
2600 1022 2784 1082 sperat
2820 1013 2872 1066 in
2899 1025 2986 1066 eo.

2222 1101 2467 1158 Gloriosa
2491 1103 2634 1157 dicta
2655 1111 2781 1157 sunt
2813 1103 2880 1158 de
2908 1110 2985 1167 te,
3007 1102 3203 1158 civitas
3224 1100 3345 1157 Dei.

2221 1190 2463 1247 Gratiam
2492 1202 2546 1248 et
2573 1188 2801 1263 gloriam
2828 1192 2975 1247 dabit
3005 1193 3284 1248 Dominus.

2142 1346 2147 1351 ,
2221 1282 2514 1349 Generalia
2541 1297 2814 1340 rectorum
2843 1284 3215 1340 benedicetur.

2220 1371 2491 1429 Gaudium
2544 1373 2667 1447 [ita]
2702 1375 2806 1430 erit
2838 1374 2893 1428 in
2938 1374 3078 1430 cmlo
3112 1389 3275 1444 super
3303 1388 3414 1429 uno
3442 1382 3733 1444 peccatore

2146 1466 2524 1537 ptenitentiam
2574 1475 2793 1537 agente,
2820 1482 2980 1537 quam
3009 1480 3172 1536 super
3197 1451 3490 1537 nonaginta
3532 1477 3727 1521 novem

2143 1554 2329 1625 iustis,
2354 1556 2446 1625 qui
2477 1572 2584 1612 non
2618 1557 2860 1627 indigent
2883 1555 3220 1627 poenitentia.

2217 1647 2397 1706 Grave
2424 1658 2508 1704 est
2536 1633 2757 1715 saxum.
2778 1656 2835 1704 et
2855 1664 3096 1705 onerosa
3115 1634 3443 1716 arenafg'sed
3475 1647 3554 1702 ira
3574 1644 3730 1703 stuiti

2073 1725 2122 1786 Β
2148 1748 2381 1810 utroque
2403 1740 2641 1810 gravior.

2219 1830 2402 1887 Gloria
2433 1832 2609 1901 patris
2636 1829 2779 1886 ﬁlius
2799 1830 3015 1900 sapiens
3043 1838 3143 1886 est.

2218 1921 2425 1988 Gloria,
2471 1931 2526 1978 et
2572 1923 2769 1988 bonor,
2798 1931 2854 1979 et
2902 1936 3009 1994 pax
3047 1922 3195 1978 omni
3223 1921 3728 1995 operantibonum,

2146 2012 2332 2075 ludam
2356 2015 2588 2085 primum
2612 2024 2666 2069 et
2686 2014 2899 2071 Grmco.

2218 2104 2401 2161 Gloria
2443 2114 2633 2161 nostra
2674 2105 2790 2161 lucc
2825 2112 2933 2173 est,
2985 2103 3350 2161 testimonium
3377 2102 3737 2161 conscientia

2146 2204 2367 2252 nostrae.
2846 2186 2847 2191 “
2916 2186 2919 2189 Α

2217 2288 2446 2344 Gemina
2476 2288 2695 2345 dilectio
2721 2288 2970 2344 homines
2998 2287 3131 2343 facit
3158 2288 3439 2358 proximos
3462 2288 3597 2345 Deo.

2219 2378 2456 2435 Grandis
2477 2378 2730 2440 offensio.
2763 2378 2906 2435 nolle
2930 2378 3149 2449 placare
3170 2364 3331 2449 quem
3361 2375 3673 2434 oifenderis.

2217 2466 2454 2526 Grandis
2505 2469 2763 2527 Ecclesia
2804 2469 3123 2534 destructio,
3167 2467 3411 2540 neglecta
3453 2467 3735 2524 coench

2148 2574 2265 2615 rum
2288 2561 2545 2630 provisio.

2215 2649 2451 2706 Grandis
2501 2649 2817 2707 monasticae
2862 2649 2989 2707 vita:
3036 2648 3360 2705 contumelia
3390 2645 3733 2721 ,jmundani

2143 2740 2454 2795 ornamenti
2472 2739 2665 2810 gloria.

2215 2827 2382 2883 Gestu
2406 2828 2648 2899 corporis
2668 2828 2883 2885 habitus
2904 2828 3308 2884 demonstratur
3327 2824 3549 2881 mentis.

2215 2916 2437 2972 Gladius
2464 2927 2693 2990 utraque
2719 2927 2874 2988 parte
2900 2926 3091 2973 acutus
3116 2925 3202 2972 est
3225 2915 3451 2973 verbum
3482 2912 3604 2980 Dei,
3636 2928 3731 2984 pe.

2145 3018 2368 3066 netrans
2392 3010 2629 3065 animum
2660 3019 2714 3067 et
2739 3026 2956 3078 corpus.
3223 3006 3227 3011 ’

2213 3099 2453 3155 Gloriam
2481 3101 2667 3156 mundi
2692 3116 2941 3172 quierens
2966 3099 3079 3156 cito
3111 3098 3179 3155 fit.
3200 3099 3276 3155 ita
3299 3099 3636 3163 obcaecatus,
3665 3105 3727 3153 ut

2142 3189 2341 3246 nullius
2367 3200 2561 3260 paveat
2592 3208 2777 3248 casum
2803 3200 3006 3247 reatus.

2209 3282 2605 3343 Gravissimum
2652 3284 3154 3355 nequissimumque
3197 3296 3368 3354 genus
3409 3289 3496 3337 est
3543 3279 3729 3336 inimi-

2137 3375 2305 3441 citim,
2341 3376 2481 3431 mala
2507 3391 2605 3446 pro
2629 3376 2785 3431 bonis
2813 3375 3073 3438 reddet-ea

2208 3465 2390 3522 Genus
2434 3466 2710 3538 quoddam
2756 3460 3009 3522 humanas
3076 3464 3300 3538 pietatis
3352 3464 3610 3536 impietas
3664 3460 3729 3519 in

2140 3557 2308 3612 Deum
2332 3559 2461 3614 erit.

2210 3647 2417 3704 Gaudia
2448 3648 2657 3721 integra
2691 3664 2958 3719 nusquam
2982 3656 3108 3704 sunt
3136 3648 3191 3704 in
3214 3657 3382 3704 terra.

2209 3736 2443 3794 Gloriari
2472 3746 2529 3793 et
2558 3738 2840 3809 superbire
2866 3738 3393 3811 pro-temporalibus
3413 3736 3728 3795 commodis

2137 3831 2395 3887 indicium
2422 3841 2505 3887 est
2530 3831 2852 3901 insipientis.

2208 3921 2511 3979 Gloriosius
2557 3931 2641 3979 est
2690 3922 2945 3991 iniuriam
2978 3922 3206 3980 tacendo
3252 3921 3510 3991 tolerare,
3553 3937 3729 3994 quam

2137 4014 2516 4085 respondendo
2538 4015 2816 4070 vindicare

2206 4104 2359 4161 Gulre
2381 4114 2437 4159 et
2464 4104 2693 4159 luxuriae
2716 4104 2928 4163 deditus
2955 4113 3304 4175 comparatur
3323 4104 3589 4175 iumentis
3631 4101 3722 4157 in-

2138 4180 2482 4266 sipientibus.
2634 4200 2637 4203 ’

2207 4286 2391 4343 Gratis
2417 4302 2447 4341 a
2474 4286 2586 4342 Deo
2614 4287 2742 4341 data
2771 4284 2941 4358 gratis
2960 4286 3126 4341 etiam
3149 4293 3276 4341 sunt
3306 4283 3376 4338 ab
3404 4282 3731 4341 hominibus.

2138 4378 2334 4434 danda.
2480 4438 2487 4444 ,
2968 4396 2977 4403 ί

2210 4467 2406 4524 Gravis
2437 4467 2653 4522 animus
2679 4466 2897 4522 dubiam
2922 4482 3026 4523 non
3057 4466 3264 4536 profert
3286 4464 3637 4521 sententiam.

2209 4557 2387 4614 Grave
2411 4566 2494 4613 est
2522 4568 2827 4627 peccatum,
2850 4557 2992 4613 unde
3022 4557 3216 4628 aliquis
3256 4552 3518 4626 peceaudi
3549 4555 3721 4612 sumit

2139 4648 2460 4718 exemplum.

2207 4739 2434 4795 Gement
2462 4740 2785 4810 quandoque
2821 4752 2946 4795 sero
2977 4740 3067 4810 qui
3112 4738 3367 4811 plangere
3414 4737 3606 4794 nolunt
3630 4734 3633 4737 ’
3658 4736 3718 4791 in

2141 4840 2382 4899 tempore
2416 4841 2739 4900 opportuno.
3293 4899 3299 4905 ,

2207 4921 2401 4976 Gravis
2424 4931 2586 4976 aetate
2614 4922 2798 4994 gravia
2828 4923 2993 4978 etiam
3019 4923 3188 4976 verba
3215 4921 3371 4977 debet
3396 4922 3666 4990 proferre.

2207 5014 2491 5069 Generalia
2520 5015 2802 5070 commoda
2841 5029 3001 5070 nemo
3044 5014 3230 5070 facere
3260 5013 3422 5069 debet
3450 5009 3552 5068 sibi
3579 5024 3718 5082 pros

2135 5107 2275 5179 pria.

2205 5200 2446 5255 Gentiles
2489 5199 2612 5254 libri
2652 5216 2756 5255 non
2784 5208 2908 5256 sunt
2935 5202 3006 5257 ab
3027 5202 3107 5257 eis
3138 5200 3411 5273 relegendi

2206 5289 2307 5340 Qui
2339 5290 2544 5340 servire
2572 5290 2679 5340 Deo
2704 5299 3012 5340 statuerunt
3031 5302 3252 5340 nectare
3278 5299 3410 5340 toto.
