3942 5340
118 335 220 394 313

177 447 348 505 Gloria
377 447 638 503 mundana
662 447 823 506 nullis
850 458 934 508 est
952 465 1177 521 prorsus
1201 453 1454 507 amanda.

183 541 359 598 Gratia
377 539 486 597 sola
517 541 608 596 Dei
638 557 774 610 quos
796 543 908 596 vult
939 543 1068 598 facit
1099 543 1203 599 alta
1232 545 1452 600 mereri.

623 667 626 670 ο
682 632 910 689 CAPUT
949 633 1082 690 VIII.

184 720 345 777 Homo
375 729 505 775 Sicut
531 721 732 786 fenum,
755 723 869 778 dies
903 723 1018 792 ejus
1043 734 1298 793 tanquam
1330 724 1426 778 llos
1457 724 1597 794 agri.

186 812 365 877 Ilomo,
393 826 510 866 cum
538 812 590 865 in
644 813 847 867 honore
891 823 1057 878 esset,
1099 825 1443 884 comparatus
1471 825 1549 868 est
1583 811 1669 881 ju-

131 903 303 958 meutis
324 903 719 971 insipientibus,
745 912 800 957 et
825 904 1018 957 similis
1047 903 1220 960 factus
1244 915 1326 959 est
1363 905 1486 960 illis.

185 994 343 1048 Homo
364 994 584 1048 vanitati
619 995 811 1051 similis
848 995 1025 1052 factus
1056 1005 1182 1061 est;
1221 997 1337 1052 dies
1374 998 1492 1068 ejus
1532 997 1673 1052 sicut

132 1089 294 1141 umbra
319 1097 664 1154 praztereunt.

188 1177 322 1232 Habe
351 1176 601 1232 fiduciam
624 1180 675 1232 in
707 1179 934 1235 Domino
962 1195 1029 1234 ex
1055 1189 1166 1234 toto
1187 1180 1348 1235 corde
1382 1189 1495 1235 tuo.

187 1270 342 1324 Homo
368 1270 510 1324 videt
537 1271 590 1324 in
619 1271 776 1334 facie,
817 1269 957 1326 Deus
979 1280 1161 1326 autem
1197 1273 1438 1326 intuetur
1459 1287 1576 1327 cor.

191 1358 468 1414 Hereditas
491 1361 558 1414 ad
592 1376 752 1429 quam
781 1361 1068 1416 festinatur
1096 1362 1147 1415 in
1173 1361 1458 1432 principio,
1505 1361 1558 1416 in
1582 1376 1679 1416 no-

135 1451 324 1505 vissimo
349 1451 724 1506 benedictione
751 1453 978 1506 carebit.

193 1539 390 1596 Honora
429 1541 714 1595 Dominum
748 1543 813 1596 de
842 1551 930 1595 tua
953 1543 1277 1607 substantia,
1308 1551 1364 1598 et
1391 1543 1456 1597 de
1484 1542 1677 1613 primi-

141 1633 214 1687 tiis
235 1632 436 1700 frugum
469 1641 681 1686 tuarum
716 1635 780 1688 da
804 1635 1149 1703 pauperibus.

193 1722 343 1777 Ilomo
373 1725 616 1777 nascitur
644 1725 710 1779 ad
736 1725 997 1792 laborem,
1023 1728 1141 1779 avis
1161 1725 1228 1779 ad
1263 1725 1523 1780 volatum.

194 1813 537 1870 Hutniliatuiui
562 1817 665 1871 sub
695 1818 901 1886 potenti
936 1831 1099 1872 manu
1130 1816 1247 1883 Dei,
1280 1827 1337 1872 ut
1360 1832 1455 1874 vos
1481 1819 1684 1876 exaltet
1711 1811 1760 1872 Β

143 1907 184 1960 in
203 1914 421 1976 tempore
449 1909 797 1964 visitationis.

197 1999 410 2054 Hilarem
445 2001 691 2056 datorem
725 1995 898 2073 diligit
925 2001 1088 2059 Deus.

199 2089 320 2145 Hora
343 2101 428 2146 est
448 2091 560 2159 jam
586 2108 686 2150 nos
714 2093 779 2149 de
806 2110 996 2149 somno
1019 2108 1266 2166 surgere.

199 2179 497 2239 Haereticavm
517 2185 795 2240 hominem
825 2196 947 2256 post
979 2202 1138 2240 unam
1165 2195 1223 2242 et
1243 2185 1535 2242 secundam
1566 2202 1687 2242 cor-

148 2275 400 2344 "titionem
433 2277 636 2331 devita.

202 2365 515 2420 Ilorrendum
542 2377 626 2420 est
654 2367 894 2424 incidere
924 2368 977 2423 in
1005 2383 1197 2424 manus
1223 2369 1338 2424 Dei.

202 2455 296 2510 Hoc
317 2471 393 2511 est
426 2458 670 2514 funditus
709 2475 741 2515 a
770 2460 910 2516 tnalo
941 2461 1220 2528 recedere,
1265 2478 1331 2517 ex
1383 2477 1568 2518 amore
1592 2463 1685 2518 Dei

148 2547 232 2618 jam
253 2549 372 2603 nolle
393 2564 649 2619 peccare.
796 2564 804 2574 '
1611 2561 1613 2564 ⁴

206 2638 480 2702 llumanum
512 2650 597 2696 est
624 2656 876 2711 peccare,
925 2641 1249 2715 diabolicum
1277 2657 1406 2697 vero
1449 2650 1533 2697 est
1567 2657 1689 2712 per-

157 2748 384 2788 seu-rare.

209 2822 304 2878 Hoc
326 2825 500 2879 studio
520 2826 766 2880 converti
799 2826 1028 2896 quisque
1065 2827 1225 2881 debet
1253 2825 1320 2880 ad
1373 2825 1539 2891 bona,
1581 2841 1689 2896 quo

160 2923 370 2984 Operalus
395 2926 477 2971 est
507 2918 668 2971 mala.

214 3005 430 3062 Haerebat
469 3009 678 3080 jugiter
719 3010 773 3065 in
806 3009 995 3065 malis?
1023 3011 1328 3065 Conversus
1357 3011 1516 3065 faciat
1549 3010 1690 3065 idem

161 3096 200 3150 in
217 3097 367 3153 bonis.

212 3188 454 3247 Honorem
503 3201 557 3249 et
599 3193 906 3264 imperium,
955 3195 998 3250 si
1036 3196 1119 3250 vis
1167 3195 1386 3262 habere,
1419 3195 1558 3252 dabo
1598 3196 1692 3250 tibi

165 3291 392 3347 magnum.

177 3388 180 3391 ·
219 3367 449 3426 Honestas
477 3380 534 3427 et
560 3373 827 3430 sobrietas
849 3376 900 3430 in
932 3375 1140 3432 cunctis
1175 3375 1336 3431 rebus
1373 3388 1498 3432 sunt
1528 3393 1695 3452 appe-

165 3457 318 3514 tonde.

221 3549 376 3608 Honor
413 3551 545 3611 Deo‘
564 3555 842 3614 exhibitas
884 3557 1207 3615 exhibentes
1259 3569 1462 3616 :eterna
1526 3573 1695 3629 εισι-ιιι

169 3639 318 3713 dignos
340 3647 479 3703 facit.

222 3733 470 3794 Honorare
501 3750 754 3810 parentes
784 3741 852 3796 ad
873 3757 1062 3799 omnes
1086 3744 1321 3814 pertinet
1348 3741 1615 3798 homines.

223 3822 498 3885 Humilihus
525 3841 580 3886 et
607 3832 857 3888 fidelibus
901 3835 1096 3890 divinae
1127 3835 1259 3906 legis
1303 3836 1559 3904 mysteria
1604 3850 1704 3906 ρει-ί

173 3922 275 3980 teat,
299 3923 544 3990 superbos
572 3931 751 3977 autem
783 3936 836 3979 et
869 3924 1110 3980 infideles
1138 3925 1322 3979 latent.

224 4002 449 4066 Homines
499 4013 620 4082 plus
664 4030 828 4084 quam
889 4015 1057 4070 Deum
1108 4015 1297 4070 timere
1321 4030 1424 4069 non
1457 4023 1537 4070 est
1577 4013 1704 4072 reli-

174 4093 310 4163 gionis
336 4098 672 4158 Christianae.

230 4186 383 4270 Heres
409 4207 462 4250 et
486 4199 824 4269 prepinquus
844 4209 926 4256 est
958 4200 1254 4269 spiritualis
1277 4200 1504 4257 amicus.

229 4275 384 4339 Hostia
410 4297 560 4353 grata
592 4289 683 4343 Dei
714 4305 823 4344 non
872 4291 1053 4344 valeas
1080 4292 1310 4360 potiora,

229 4365 355 4429 Velle
376 4377 566 4433 bonum
598 4390 804 4445 teneas,
830 4390 883 4435 et
908 4382 1111 4436 nullum
1143 4382 1594 4452 hedere’qumras.

231 4463 468 4526 Hactenus
487 4461 720 4530 extremi
754 4475 891 4530 fiunt
913 4476 1208 4543 smpissime
1235 4476 1420 4546 primi.

233 4553 467 4628 Hos'quos
490 4565 673 4618 ltesisti
707 4565 868 4619 citius
899 4565 1112 4634 placare
1129 4574 1420 4620 memento.

235 4643 434 4706 Horrida
462 4655 596 4711 bella
631 4657 793 4726 gerit,
827 4657 917 4727 qui
949 4658 1100 4726 pacis
1135 4656 1336 4711 fmdera
1365 4655 1591 4726 spernit.

237 4732 424 4795 Hostem
444 4759 536 4812 per
560 4746 872 4812 Dominum,
898 4748 987 4802 sed
1012 4756 1067 4802 et
1103 4749 1154 4801 in
1183 4761 1241 4802 se
1271 4747 1431 4817 dilige
1464 4748 1708 4802 charum.

239 4821 320 4881 Hic
345 4839 671 4892 venerandus
699 4839 804 4892 erit
841 4840 932 4908 qui
957 4839 1160 4908 jugiter
1188 4841 1393 4910 optima
1425 4840 1635 4908 quterit.

239 4913 332 4972 Ileu
359 4937 507 4992 quam
533 4943 659 4983 rara
699 4929 834 4983 fides
857 4931 1128 4998 reperitur
1155 4947 1297 4985 nunc
1325 4930 1467 5000 apud
1488 4931 1710 4987 omnes!

242 5001 482 5069 Binrentes
505 5025 661 5072 terrae
689 5027 971 5088 nequeunt
993 5019 1146 5074 subdi
1173 5020 1417 5076 theorite.

702 5136 1080 5206 'CAPUTIX

1308 332 1513 393 LIBER
1548 332 2112 394 PROVEHBIORUM.

3229 345 3338 402 δη

1685 457 1735 514 Α
1832 453 2078 511 Immittit
2121 457 2344 528 angelus
2395 461 2608 517 Domini
2661 461 2714 516 iu
2771 461 3002 517 circuitu
3041 462 3348 519 timentium

1770 559 1916 608 eum,
1945 555 1999 601 et
2032 549 2227 618 eripiet
2253 566 2367 606 eos.

1841 633 1994 691 Jacta
2059 654 2223 708 super
2273 640 2560 696 Dominum
2601 658 2790 698 curam
2843 650 3009 708 tuam,
3061 650 3115 697 et
3141 642 3256 714 ipse
3302 653 3356 698 te

1773 729 2028 784 enutriet.

1844 821 1899 874 In
1931 822 2038 876 Deb
2054 822 2314 878 faciemus
2345 825 2623 889 virtutem,
2652 836 2705 881 ct
2747 828 2862 898 ipse
2900 827 2966 882 ad
3007 827 3232 883 nihilum
3263 827 3358 885 tle-

1773 914 1931 968 ducet
1961 916 2208 971 inimicos
2236 929 2450 974 nostros

1843 1006 2030 1063 Justus
2061 1025 2141 1072 es,
2168 1013 2410 1070 Domine.
2445 1021 2499 1065 et
2527 1021 2730 1066 rectum
2751 1012 3012 1080 judicium
3043 1023 3215 1070 tuum.

1845 1096 2031 1153 Justus
2053 1109 2108 1154 ut
2135 1101 2314 1170 palma
2361 1101 2596 1169 flore-bit,
2624 1112 2684 1158 ut
2728 1104 2923 1159 cedrus
2952 1103 3140 1160 Libani
3173 1100 3362 1179 multi-

1777 1185 2085 1255 plicabitur.
3341 1193 3348 1197 ’

1850 1278 1907 1332 In
1935 1281 2196 1335 memoria
2224 1291 2427 1338 aeterna
2458 1282 2782 1353 eritjustus,
2810 1284 2878 1338 ab
2910 1285 3185 1342 auditione
3222 1285 3365 1364 mala

1781 1385 1885 1424 non
1921 1371 2155 1427 timebit.
3344 1371 3350 1378 ’

1849 1460 1908 1516 In
1950 1463 2211 1531 patientia
2242 1475 2423 1518 vestra
2457 1464 2808 1535 possidebitis
2831 1465 3042 1518 animas
3067 1473 3293 1518 vestras.
3346 1527 3352 1532 ι

1852 1553 2132 1611 Justorum
2158 1557 2347 1612 semita
2373 1556 2526 1626 quasi
2558 1555 2644 1608 lux
2682 1555 2972 1625 splendens
3019 1552 3286 1624 procedit,
3315 1561 3370 1608 et

1785 1651 1981 1705 crescit
2009 1666 2179 1719 usque
2203 1650 2266 1703 ad
2297 1650 2599 1718 perfectum
2627 1647 2792 1701 diem.
3283 1645 3286 1648 ’

1858 1741 2125 1797 Judicium
2157 1742 2505 1796 durissimum
2547 1743 2600 1796 itt
2630 1743 2716 1796 his
2752 1757 2841 1810 qun
2867 1748 3127 1812 prtesunt,
3154 1738 3265 1793 fiet.

1856 1831 2058 1901 Impius
2082 1847 2203 1885 cum
2265 1832 2318 1886 in
2369 1831 2696 1901 profundum
2741 1841 3089 1900 peccatorum
3124 1827 3373 1894 venerit,

1778 1924 2104 1980 contemnit.

1854 2015 1908 2068 In
1941 2015 2256 2069 malevolam
2282 2015 2518 2069 animam
2549 2031 2656 2070 non
2684 2015 2929 2070 introibit
2953 2014 3248 2084 sapientia,
3273 2011 3375 2068 nec

1786 2107 2054 2162 habitabit
2081 2108 2133 2160 in
2161 2123 2390 2176 corpore
2415 2108 2631 2162 subdito
2669 2108 2926 2176 pecratis.

1855 2197 2060 2251 Invidia
2093 2196 2291 2251 diaboli
2320 2214 2468 2252 mors
2502 2199 2723 2253 intravit
2760 2199 2810 2252 in
2845 2198 3031 2251 orbem
3077 2206 3374 2251 terrarum.

1858 2289 2109 2342 Infernus
2149 2298 2204 2342 et
2253 2289 2485 2358 perditio
2512 2305 2699 2343 coram
2733 2289 2991 2354 Domino;
3023 2296 3228 2358 quanto
3259 2302 3376 2340 ma-

1790 2382 1869 2452 gis
1894 2381 2058 2434 corda
2085 2380 2320 2433 filiorum
2349 2380 2670 2434 hominum!
3357 2379 3362 2385 ’

1857 2471 2003 2525 Inter
2043 2471 2304 2541 superbos
2363 2486 2579 2541 semper
2618 2471 2794 2540 jurgia
2846 2481 3007 2536 sunt;
3061 2470 3155 2542 qui
3193 2477 3378 2525 autem

1789 2573 1981 2612 cuneta
2007 2573 2170 2627 agunt
2197 2543 2446 2622 consilio,
2482 2569 2744 2630 reguntur
2770 2558 3058 2628 sapientia.

1861 2645 2048 2702 Justus
2079 2663 2141 2702 ex
2178 2649 2281 2704 fide
2305 2650 2458 2702 vivit.

1862 2739 1918 2794 In
1945 2740 2196 2794 omnibus
2225 2742 2479 2810 operibus
2509 2741 2614 2796 tuis
2643 2757 2949 2798 memorare
2978 2741 3296 2805 novissima,
3329 2744 3384 2812 et

1793 2831 1845 2885 in
1873 2841 2135 2885 aeternum
2166 2848 2269 2885 non
2301 2833 2569 2899 peccabis.

1865 2921 2080 2976 Initium
2111 2922 2285 2976 omnis
2312 2923 2517 2991 peccati
2551 2923 2825 2993 superbia.

1865 3014 1921 3068 In
1955 3017 2058 3068 fine
2084 3015 2317 3068 hominis
2342 3014 2635 3068 tleuudatio
2663 3030 2884 3083 operum
2908 3014 3046 3085 ejus.

1867 3105 1924 3159 In
1956 3107 2041 3160 die
2068 3107 2327 3160 bonorum
2357 3121 2424 3159 ne
2449 3106 2736 3159 immemor
2765 3106 2839 3159 sis
2870 3106 3156 3160 malorum.

1871 3197 1927 3250 In
1957 3196 2292 3265 multiloquio
2319 3203 2594 3266 peccaturo
2625 3211 2730 3249 non
2764 3193 2954 3250 deerit.

1870 3289 1926 3343 In
1951 3287 2232 3342 desideriis
2263 3298 2345 3340 est
2371 3287 2546 3340 omnis
2570 3287 2798 3340 otiosus.

1869 3380 1926 3434 In
1957 3379 2104 3434 omni
2150 3379 2266 3434 loco
2295 3378 2438 3433 oculi
2481 3378 2690 3432 Domini
2741 3377 3176 3448 contemplantur
3217 3374 3392 3432 bonos

1800 3481 1853 3529 et
1887 3472 2074 3527 malos.

1871 3561 1929 3617 In
1985 3559 2233 3616 omnibus
2288 3559 2642 3616 exhibeamus
2693 3557 3052 3628 nosmetipsos
3103 3557 3244 3613 sicut
3294 3555 3393 3611 Dei

1801 3653 2099 3708 ministros.
3377 3635 3382 3640 ’

1871 3741 2162 3798 Invisibilia
2198 3739 2314 3802 Dei,
2349 3754 2448 3810 per
2492 3754 2556 3795 ea
2603 3755 2724 3809 qua:
2753 3736 2892 3793 facta
2920 3746 3068 3804 sunt,
3101 3723 3393 3802 intellecta,

1802 3832 2228 3902 conspiciuntur.
3371 3813 3378 3829 ί

1874 3922 2091 3977 Infirnta
2117 3919 2302 3976 mundi
2335 3918 2496 3987 elegit
2533 3917 2693 3982 Deus,
2725 3928 2784 3972 ut
2813 3917 3107 3973 confundat
3135 3913 3312 3970 fortia.

1875 4014 2094 4070 Initium
2121 4013 2384 4068 bonorum
2421 4010 2689 4065 confessio
2719 4019 2800 4063 est
2823 4007 3106 4062 malorunt.

1875 4106 2151 4162 Incassum
2177 4121 2306 4160 caro
2331 4103 2608 4174 afﬂigitur,
2639 4103 2683 4158 si
2712 4117 2865 4158 mens
2891 4101 3254 4171 voluptatibus
3283 4113 3397 4153 non

1806 4200 2126 4256 reluctatur.

1878 4290 2016 4346 Justi
2055 4289 2374 4344 vocabulum
2424 4301 2530 4342 non
2563 4285 2763 4340 amittit
2804 4284 2895 4354 qui
2939 4298 3037 4354 pro
3078 4281 3407 4353 ptettitentia

1810 4396 2024 4451 semper
2053 4379 2287 4447 resurgit
3219 4425 3224 4428 .
3310 4383 3314 4386 ‘

1890 4469 2154 4537 Jejunium
2201 4483 2305 4521 non
2351 4473 2434 4520 est
2486 4463 2722 4536 perfecta
2768 4464 2960 4528 virtus,
3005 4461 3095 4518 sed
3137 4462 3407 4516 virtutum

1817 4565 2106 4618 multarum
2142 4559 2571 4614 fundamentum.
2629 4589 2632 4592 ~

1887 4653 2117 4709 Intentio
2139 4664 2392 4722 perversa
2423 4659 2660 4705 meretur
2680 4659 2738 4704 ut
2765 4651 2818 4705 in
2843 4649 2952 4714 die,
2977 4648 3116 4703 sicut
3140 4647 3192 4700 in
3216 4652 3407 4710 nocte,

1815 4756 2002 4800 errare
2027 4744 2373 4813 permittatur

1889 4833 2103 4888 Justitia
2136 4833 2368 4888 humana
2401 4842 2511 4888 tam
2548 4832 2754 4904 fragilis
2779 4839 2881 4894 est,
2906 4839 2960 4884 ut
2990 4829 3167 4899 potius
3208 4827 3409 4881 remisa

1818 4923 1968 4978 sione
2020 4932 2363 4978 oeccatorum
2422 4931 2636 4978 constet
2687 4925 2851 4993 quam
2899 4918 3226 4988 perfectione
3291 4917 3410 4970 vir-

1820 5022 2017 5068 tutum.
3395 5015 3398 5018 ’

1887 5104 2206 5160 Innoccnlia
2236 5121 2365 5160 vera
2392 5116 2500 5172 est,
2539 5120 2659 5174 quae
2685 5119 2787 5160 nec
2821 5102 2922 5158 sibi
2963 5117 3058 5156 nec
3087 5100 3204 5154 aliis
3230 5106 3408 5150 nocet.

1889 5195 2186 5250 Iracundus
2213 5211 2334 5250 cum
2371 5196 2495 5251 aliis
2525 5195 2684 5251 irasci
2735 5194 2976 5258 desierit,
3026 5201 3153 5245 tunc
3195 5185 3415 5240 sibimet
