3942 5340
567 304 676 360 διὸ

633 415 844 472 lntcnta
881 412 1198 486 supplicatio
1225 414 1460 471 dormire
1487 430 1582 472 cor
1613 425 1867 472 mundum
1897 427 2066 474 vetat.

630 505 692 564 In
726 507 828 563 hoc
859 507 972 576 ipso
995 513 1181 575 peccat
1212 505 1372 558 homo
1415 505 1556 574 quod
1605 521 1832 576 peccare
1871 507 2047 573 vellet,
2097 509 2141 566 si

562 594 736 652 inulte
761 603 961 665 posset.

633 682 825 738 Inutile
855 691 936 738 est
964 697 1024 736 ea
1052 683 1244 738 crebro
1270 683 1456 738 videre
1483 699 1580 754 per
1613 700 1731 754 qua:
1766 685 1874 739 cito
1911 686 2143 743 traharis

562 773 630 828 ad
657 771 814 825 noxia
836 787 1081 842 qumque.
1151 817 1154 820 .

629 859 959 917 lnvocandus
987 872 1070 916 est
1105 862 1244 918 Deus
1275 862 1492 934 jugitcr,
1526 874 1582 919 ut
1613 865 1938 920 voluntatem
1982 865 2141 921 simul

557 958 614 1006 et
653 947 966 1006 facultatem
1005 954 1142 1008 bene
1179 955 1368 1024 agendi
1401 955 1556 1010 nobis
1584 966 1839 1027 prmstzire
1871 956 2136 1026 dignetur.

625 1043 877 1099 Inimicos
917 1043 1140 1113 diligere
1180 1061 1340 1116 grave
1383 1047 1600 1116 quidem
1647 1056 1727 1102 est
1777 1056 2136 1118 praeceptum,

555 1133 650 1195 sed
678 1135 880 1204 grande
907 1134 1022 1202 ejus
1051 1137 1351 1205 praemium.
2127 1187 2131 1192 .

626 1225 767 1297 Ignis
795 1226 1242 1296 concupiscentia:
1280 1229 1515 1284 carnalis
1555 1239 1758 1299 quanto
1798 1230 1997 1285 diutius
2040 1246 2140 1284 ar-

556 1319 683 1374 dere
713 1318 1062 1389 permittitur,
1093 1328 1242 1373 tanto
1266 1319 1530 1390 difﬁcilius
1558 1322 1939 1393 exstinguitur.

623 1408 735 1464 Illis
763 1409 1109 1465 dimittuntur
1144 1411 1369 1466 minima
1398 1413 1488 1482 qui
1527 1413 1731 1484 majora
1762 1413 2003 1468 districto
2042 1413 2136 1468 Ile-

553 1507 748 1552 verunt
785 1507 1025 1569 peccata.

622 1586 869 1660 Ingratus
903 1605 1041 1645 unus
1068 1591 1252 1646 multis
1280 1591 1490 1647 miseris
1517 1600 1570 1647 et
1605 1591 1924 1662 pauperibus
1954 1600 2130 1647 nocet.

622 1682 770 1756 Inopi
798 1683 1114 1745 beneﬁcium
1145 1687 1338 1756 duplex
1373 1688 1462 1741 dat
1492 1688 1579 1758 qui
1611 1687 1862 1742 celeriter
1882 1687 1995 1742 dat.

619 1772 816 1852 Inopia:
842 1791 1028 1845 parva,
1060 1779 1297 1832 avaritiae
1322 1777 1518 1833 desunt
1543 1778 1748 1833 omnia.

619 1864 678 1920 In
718 1867 898 1924 multis
931 1867 1128 1924 frustra
1160 1870 1373 1924 laborat
1403 1871 1492 1940 qui
1525 1886 1618 1926 sua
1666 1870 1839 1941 magis
1879 1885 2040 1940 quam
2071 1885 2130 1926 se

549 1957 726 2031 ipsum
759 1959 867 2014 Deo
891 1957 1083 2015 offerre
1113 1961 1313 2024 studet.

617 2049 954 2120 Improvidus
983 2051 1138 2106 miles
1170 2050 1363 2107 fortem
1394 2067 1452 2108 se
1479 2053 1530 2107 in
1556 2065 1685 2122 pace
1715 2051 1996 2122 gloriatur.

617 2139 744 2196 Ideo
786 2156 975 2196 omnes
1019 2142 1295 2199 diabolica:
1347 2146 1656 2201 tentationis
1706 2147 1979 2203 molestias
2017 2145 2128 2216 pati

547 2231 930 2306 permittimur,
968 2241 1027 2287 ut
1061 2235 1312 2290 omnibus
1347 2222 1562 2292 easdem
1604 2237 1878 2294 molestias
1917 2239 2126 2309 patien-

547 2323 691 2380 tibus
727 2327 958 2396 compati
997 2335 1050 2380 et
1087 2327 1370 2382 condolere
1413 2329 1673 2384 sciamus.

616 2416 776 2478 Inter.
797 2417 984 2488 epulas
1017 2418 1226 2474 tlillicile
1253 2413 1513 2476 Servatur
1547 2421 1790 2477 castitas.

614 2506 951 2580 Impossibile
985 2519 1067 2564 eat
1115 2509 1282 2581 cepiis
1320 2509 1648 2581 voluptatum
1696 2513 1814 2568 sine
1854 2511 2127 2582 voluptate

543 2597 669 2654 frui.

613 2691 848 2762 Improbi
889 2702 945 2756 et
984 2693 1100 2755 duri
1143 2695 1194 2753 in
1223 2695 1338 2767 ipso
1369 2695 1524 2751 initio
1551 2697 1758 2766 peccati
1793 2705 1918 2752 sunt
1945 2700 2126 2770 gravi-

542 2790 628 2838 ter
663 2782 1008 2852 corripiendi.

611 2875 824 2946 Jugiter
863 2875 1243 2936 attendendum
1282 2886 1478 2948 quanta
1511 2877 1601 2933 Dei
1631 2878 1802 2948 gratia
1837 2880 1907 2934 sit
1944 2881 2122 2935 nobis-

543 2979 688 3029 cum,
716 2975 770 3019 et
799 2981 959 3035 quam
984 2967 1164 3029 multis
1188 2967 1240 3024 in
1271 2967 1640 3044 corporalibus
1668 2977 1723 3022 et
1750 2968 1804 3024 in
1832 2970 2122 3038 spirituali-

465 3087 467 3090 ‹
542 3053 643 3109 bus
664 3055 818 3109 donis
840 3055 1062 3116 ditiores
1087 3055 1214 3111 facti
1244 3057 1430 3115 simus.

613 3145 668 3200 In
696 3141 893 3202 vanum
926 3147 1136 3204 laborat
1168 3149 1258 3220 qui
1288 3165 1488 3204 caecum
1517 3151 1765 3207 honorat.

612 3236 669 3292 In
702 3238 858 3294 malis
885 3252 1103 3310 sperare
1135 3240 1270 3295 bona
1301 3241 1557 3304 innocens
1590 3243 1821 3298 maxime
1851 3243 2008 3300 solet.

609 3329 710 3384 Job
737 3333 1066 3388 venerabilis
1100 3333 1356 3401 patientia
1385 3335 1594 3390 cunctis
1621 3336 1924 3400 dolentibus
1954 3348 2009 3392 et
2044 3337 2124 3397 in-

539 3417 713 3474 ﬁrmis
737 3435 836 3490 pro
864 3422 1108 3493 exemplo
1130 3421 1330 3493 jugiter
1360 3433 1442 3478 est
1470 3426 1766 3495 pensanda.

607 3510 899 3570 Iulirmitas
949 3515 1166 3581 carnis,
1219 3516 1262 3570 si
1313 3517 1582 3587 patienter
1633 3519 1990 3586 sustineatur,
2039 3528 2123 3575 est

537 3605 690 3674 quasi
728 3607 1073 3678 purgatorius
1111 3607 1270 3676 ignis.

608 3692 809 3750 Infirmi
858 3713 992 3767 pene
1032 3715 1220 3755 omnes
1259 3715 1318 3754 se
1361 3699 1578 3770 quidem
1630 3699 1699 3755 ab
1739 3702 1856 3758 aliis
1905 3703 1981 3762 tol
2012 3703 2117 3757 rari

539 3783 746 3850 volunt,
800 3789 898 3856 ipsi
935 3804 1063 3844 vero
1091 3791 1226 3846 alios
1256 3791 1484 3847 tolerare
1511 3802 1764 3846 renuunt.

607 3873 876 3955 Iudicium
930 3878 1167 3933 divinum
1216 3896 1320 3936 non
1348 3891 1516 3948 errat,
1563 3892 1620 3938 ut
1659 3883 1973 3956 plerumque
2021 3887 2116 3941 bu-

537 3981 778 4022 manum.
831 4037 834 4042 _

551 4113 554 4116 ,
606 4056 822 4115 Invidus
847 4057 1058 4116 invidiae
1083 4076 1192 4117 suae
1222 4063 1325 4119 telo
1352 4065 1612 4135 imprimis
1637 4068 1951 4136 percutitur.

609 4145 716 4201 lter
742 4147 959 4218 longum
999 4160 1220 4222 agentes
1251 4153 1438 4223 majori
1488 4157 1822 4226 providentia
1873 4158 2115 4228 indigent

535 4252 696 4307 quam
725 4253 891 4309 prope
918 4241 1279 4311 proficientes.
1346 4297 1348 4299 ,
1693 4294 1698 4299 .

605 4328 680 4383 Ita
705 4339 760 4386 et
782 4332 1051 4395 monachi,
1069 4331 1273 4404 jugiter
1301 4333 1410 4389 Deo
1437 4329 1751 4404 servientes,
1769 4339 1936 4410 magis
1955 4348 2114 4410 egent

531 4421 803 4490 provideri
834 4438 994 4492 quam
1029 4425 1207 4480 caeteri
1237 4425 1403 4482 lihene
1428 4427 1686 4482 viventes.

1608 302 1907 361 OTIILONI
1949 305 2253 366 MON'ACIII
2291 306 2350 364 S.
2391 251 2806 363 EMMEIIAIIMI

2165 424 2216 483 Α
2309 420 2366 480 In
2400 419 2542 475 luctu
2567 425 2756 490 posntis
2783 434 2889 474 non
2917 428 2999 474 est
3029 418 3112 474 bis
3139 420 3344 477 musica
3377 423 3573 482 dulcis.

3697 307 3794 367 ιη

2315 510 2541 580 Impedit
2564 511 2644 566 ira
2671 511 2908 565 animum
2938 525 3005 564 ne
3030 510 3196 580 possit
3220 526 3445 570 cernere
3484 528 3694 574 verum.

2313 600 2480 672 Impia
2509 615 2736 670 quinque
2771 601 2996 662 studens
3027 599 3216 671 nequit
3236 600 3291 654 in
3555 601 3669 657 fore
3687 618 3803 672 prus

3569 692 3738 764 [deus

2312 777 2530 856 Invidiae
2555 780 2744 852 plenus
2769 796 2930 850 super
2956 796 3146 837 omnes
3177 790 3355 838 exstat
3385 796 3607 851 egenus.

2310 871 2517 942 Ingenti
2548 889 2676 928 cura
2707 874 2980 943 pensanda
3006 881 3088 928 est
3119 873 3224 928 vita
3253 873 3453 928 futura.

2309 960 2575 1018 Judicium
2613 965 2804 1019 durum
2843 980 3003 1035 super
3031 965 3145 1020 haec
3183 975 3264 1021 est
3307 974 3517 1036 sceptra
3557 965 3797 1022 futurum

2307 1053 2366 1109 In
2393 1055 2601 1110 Domini
2633 1057 2786 1111 donis
2807 1057 3042 1128 graviter
3061 1057 3354 1112 lentabitur
3379 1057 3579 1114 omnis.

2308 1143 2569 1200 Indurare
2591 1145 2686 1201 Dei
2714 1147 2844 1202 nihil
2870 1156 2955 1202 est
2986 1147 3087 1202 nisi
3112 1161 3220 1202 non
3251 1147 3532 1209 misereri.

2306 1236 2608 1295 Iucrassata
2636 1252 2762 1294 caro
2789 1246 2970 1310 gustat
2993 1237 3238 1293 coelestia
3274 1252 3426 1296 raro.

2461 1388 2464 1390 γ
2857 1328 3084 1386 CAPUT
3124 1328 3193 1383 Χ.

2306 1419 2560 1478 Charitas
2587 1437 2692 1478 non
2734 1429 2818 1478 est
2854 1420 2923 1477 ab
2967 1421 3076 1477 ullo
3115 1418 3510 1490 extorquenda,
3556 1419 3651 1474 sed
3695 1432 3801 1473 cum

2234 1507 2510 1566 beneficiis
2547 1513 2898 1582 exquirenda.

2305 1603 2555 1658 Charitas
2583 1604 2758 1674 aperit
2792 1603 3185 1676 multitudinem
3211 1609 3580 1672 peccatorum.

2305 1689 2509 1747 Chares
2536 1707 2694 1748 nemo
2719 1707 2844 1748 suos
2869 1693 3084 1748 Christo
3113 1706 3415 1763 proponere
3444 1691 3608 1746 debet

2771 1841 2774 1845 ,
2833 1781 3058 1837 CAPUT
3116 1781 3206 1836 XI.
3297 1833 3300 1836 .

2302 1867 2534 1924 Laetetur
2557 1885 2653 1925 cor
2674 1871 3028 1939 quaerentium
3054 1871 3356 1925 Dominum.

2297 1957 2591 2013 Laetabitur
2617 1960 2795 2030 justus
2835 1960 2890 2032 in
2935 1959 3160 2014 Domino
3187 1970 3241 2016 et
3271 1961 3513 2030 sperabit
3559 1959 3618 2016 in
3644 1975 3728 2027 eo,
3753 1967 3802 2014 et

2227 2046 2586 2104 laudabuntur
2615 2065 2802 2105 omnes
2830 2049 2961 2104 recti
2995 2050 3176 2105 corde.

2297 2137 2410 2196 Lux
2435 2147 2550 2193 orta
2579 2147 2663 2194 est
2694 2139 2860 2208 justo,
2893 2149 2945 2194 et
2973 2139 3136 2194 rectis
3161 2140 3322 2195 corde
3350 2139 3558 2195 laetitia.

2297 2226 2554 2298 Lapidem
2601 2245 2758 2300 quem
2825 2223 3248 2300 reprobaverunt
3309 2230 3676 2295 aediﬁcantes,
3726 2232 3800 2286 hic

2225 2323 2402 2379 factus
2435 2333 2517 2380 est
2550 2325 2602 2378 in
2637 2332 2797 2394 caput
2831 2323 3032 2393 anguli.
3463 2367 3466 2370 .

2294 2417 2428 2472 Lata
2458 2427 2513 2472 et
2544 2417 2776 2486 spatiosa
2808 2416 2893 2469 via
2923 2423 3006 2470 est
3032 2431 3150 2485 qua:
3176 2415 3322 2470 dueit
3344 2417 3412 2471 ad
3446 2425 3702 2471 mortem.

2293 2505 2503 2562 Luceat
2543 2507 2633 2562 lux
2676 2514 2854 2561 vestra
2892 2520 3072 2561 coram
3120 2505 3446 2572 hominibus,
3497 2518 3559 2561 ut
3602 2507 3799 2561 videant

2223 2613 2385 2671 opera
2445 2607 2625 2654 vestra
2672 2597 2812 2653 bona
2862 2607 2917 2654 et
2963 2598 3266 2669 glorificent
3307 2598 3522 2654 Patrem
3571 2611 3796 2655 vestrum

2223 2693 2313 2764 qui
2352 2693 2405 2748 in
2447 2693 2596 2748 coelEs
2631 2700 2733 2747 cst.

2293 2783 2402 2840 Lex
2433 2799 2531 2853 per
2556 2783 2770 2853 Moysen
2799 2782 2922 2837 data
2950 2791 3062 2848 est;
3091 2782 3262 2853 gratia
3291 2791 3346 2838 et
3369 2781 3572 2837 veritas
3601 2797 3696 2852 per
3716 2780 3797 2836 Je-

2223 2890 2340 2930 sum
2368 2875 2642 2929 Christum
2670 2873 2812 2930 facta
2839 2883 2940 2929 est.

2293 2967 2558 3022 chemus
2588 2969 2749 3022 corda
2777 2977 2959 3020 nostra
2987 2981 3108 3021 cum
3135 2967 3382 3021 manibus
3407 2967 3476 3021 ad
3509 2965 3700 3022 Deum.

2291 3056 2400 3113 Leo
2429 3059 2646 3127 rugiens
2669 3066 2723 3112 et
2748 3072 2908 3112 ursus
2935 3057 3179 3112 esuriens
3217 3067 3301 3112 est
3335 3058 3596 3128 princeps
3620 3055 3800 3125 impius

2149 3146 2194 3208 C
2225 3163 2387 3218 super
2418 3148 2671 3220 populum
2695 3163 3004 3218 pauperem.

2300 3239 2501 3311 Lingua
2533 3239 2856 3309 sapientium
2887 3248 3044 3294 ornat
3071 3240 3372 3296 scientiam.

2294 3327 2534 3398 Lampas
2553 3337 2864 3398 contempta
2889 3329 3029 3398 apud
3067 3328 3420 3400 cogitationes
3453 3326 3687 3384 divitum
3709 3341 3795 3400 pa-

2222 3431 2341 3477 rata
2372 3430 2455 3477 est
2477 3422 2541 3476 ad
2567 3429 2776 3490 tempus
2797 3429 3084 3475 statutum.

2292 3512 2495 3581 Lingua
2521 3510 2798 3582 placabilis
2827 3511 3029 3582 lignum
3065 3510 3210 3570 vitae.

2293 3603 2502 3658 Laudet
2541 3612 2594 3659 te
2621 3602 2850 3666 alienus,
2877 3611 2932 3656 ct
2963 3617 3066 3656 non
3091 3617 3152 3656 os
3179 3610 3345 3655 tuum.

2289 3693 2596 3765 Loquimini
2641 3694 2940 3754 veritatem.
2982 3692 3350 3762 unusquisque
3389 3705 3512 3746 eum
3559 3691 3797 3760 proximo

2219 3800 2336 3850 suo,
2374 3785 2627 3853 quoniam
2666 3798 2854 3837 sumus
2890 3783 3127 3839 invicem.
3157 3782 3423 3846 membra.

2287 3873 2488 3928 Littera
2521 3872 2750 3940 occidit,
2767 3873 2988 3941 spiritus
3015 3881 3194 3930 autem
3220 3871 3476 3927 viviticat.

2287 3963 2469 4033 Lupus
2505 3963 2795 4028 adveniens
2832 3963 3032 4032 indicat
3080 3978 3187 4034 quo
3217 3962 3400 4029 animo
3441 3962 3673 4032 quilibet
3715 3979 3797 4035 pa-

2215 4068 2329 4113 stor
2357 4071 2518 4126 super
2541 4056 2720 4127 gregis
2747 4056 3044 4110 custodiam
3070 4058 3268 4110 stabat.

2284 4152 2528 4208 Lucerna
2569 4151 2812 4220 corporis
2852 4160 2936 4214 est
2979 4149 3202 4216 oculus;
3235 4148 3327 4204 lux
3375 4157 3572 4210 autem.
3603 4148 3792 4215 mentis

2214 4243 2479 4316 sapientia
2499 4241 2831 4313 spiritualis,
3071 4311 3084 4314 _

2282 4336 2488 4406 Lingua
2515 4334 2560 4389 si
2579 4349 2696 4388 non
2725 4333 3086 4404 restringitur.
3116 4347 3458 4404 nequaquam
3483 4332 3573 4388 ubi
3602 4331 3793 4389 cecidit

2206 4428 2374 4499 jacet,
2404 4427 2497 4482 sed
2517 4441 2742 4504 semper
2769 4427 2834 4480 ad
2864 4427 3130 4482 deteriora
3160 4426 3380 4482 labitur.

606 4510 818 4565 lnfinito
848 4513 1016 4568 labori
1048 4513 1248 4582 finitus,
1276 4527 1724 4587 quantuscunque
1756 4518 1848 4583 sit,
1891 4534 2104 4589 corpa-
2140 4504 2192 4564 D
2285 4519 2487 4589 Laquei
2536 4517 2878 4574 inevitabiles
2935 4526 3062 4574 sunt
3106 4517 3192 4572 his
3234 4518 3408 4588 parati
3453 4517 3546 4586 qui
3597 4515 3792 4570 nullam

536 4602 644 4657 rari
673 4603 878 4673 nequit.

536 4692 544 4705 '
606 4693 730 4750 Illos
775 4705 1052 4764 exspectat
1090 4698 1258 4768 gloria
1293 4701 1382 4770 qui
1414 4701 1679 4758 laboriosa
1707 4713 1902 4772 gerunt
1937 4713 2117 4762 certae

533 4800 702 4840 mina.

636 4877 791 4933 uveni
826 4879 958 4934 nihil
1003 4881 1173 4952 magis
1201 4881 1416 4937 noxium
1449 4883 1718 4940 invenitur
1749 4902 1908 4956 quam
1939 4895 1998 4940 ut
2019 4901 2112 4941 vo-

535 4967 795 5026 luntatem
825 4973 1095 5042 propriam
1119 4982 1396 5044 sequatur.
1926 5039 1930 5042 ,

607 5057 860 5129 Iujuriam
910 5077 1159 5133 magnam
1208 5063 1453 5119 Creatori
1496 5065 1628 5121 facit
1668 5065 1759 5135 qui
1806 5077 2112 5123 creaturam

532 5153 696 5210 ullam
733 5155 852 5224 plus
889 5171 1046 5226 quam
1083 5156 1232 5211 illum
1271 5157 1463 5228 diligit.

613 5245 764 5276 ταινίαι
806 5247 1003 5276 nI:tqu:.'
1037 5249 1231 5276 ΜιιΙΙΛΑ
1276 5248 1492 5276 ,ηε-,ΙουΑ
1533 5249 1652 5276 ιτα-ΑΙ
1698 5251 1968 5276 ΑκτιξΑ.ιΙιιΑ

2215 4627 2401 4667 curam
2425 4609 2622 4666 habent
2652 4624 2750 4679 pro
2777 4624 2996 4664 suorum
3025 4609 3400 4663 emendatione
3426 4615 3789 4676 peccatorum.

2285 4702 2561 4773 Lacrymze
2594 4701 2805 4757 veniam
2833 4715 2936 4754 non
2959 4699 3248 4767 postulant,
3285 4698 3378 4754 sed
3407 4707 3706 4752 merentur.

2287 4792 2448 4858 Loca,
2475 4807 2575 4849 nec
2605 4791 2985 4862 nonregiones
3020 4790 3265 4860 plurima:
3294 4804 3325 4843 a
3357 4786 3794 4851 malitiainhabi-

2215 4882 2446 4939 tantium
2473 4882 2525 4936 in
2551 4883 2629 4936 eis
2651 4882 2864 4951 penitus
2893 4889 3016 4935 sunt
3044 4880 3350 4934 destrucue.

2287 4973 2465 5029 Labor
2494 4974 2768 5043 improbus
2801 4973 2981 5026 omnia
3016 4971 3202 5027 vincit.
3463 5024 3469 5030 ,

2285 5063 2484 5119 Laudis
2505 5063 2752 5117 humana:
2781 5061 2970 5115 avidus
3000 5061 3194 5117 divinae
3217 5058 3588 5115 retributionis
3617 5055 3794 5126 despi-

2214 5154 2289 5210 cit
2319 5167 2530 5208 munus.
2863 5167 2871 5175 '
3179 5159 3184 5166 '

2286 5241 2306 5274 '
2332 5243 2462 5274 ηιιΛκ
2483 5241 2726 5272 ηορῖιῖιιηο
2751 5238 2990 5272 Ληνηηιηε
3291 5247 3450 5268 Μυσίου
