3942 5340
2566 262 2620 286 ’ν

143 299 242 367 δι’(
1388 307 1592 366 LIBER
1631 307 1700 365 PE

1849 307 2193 372 iRBlORUM.
3301 309 3406 364 318

210 411 397 482 Longo
428 426 522 468 usu
551 411 867 471 discendum
899 423 984 473 est
1008 417 1138 488 quid
1166 416 1361 492 cuique
1383 419 1526 491 loqui
1560 431 1617 483 et
1644 433 1723 478 ta-
1751 440 1804 498 Α
1901 419 2091 477 Melior
2113 431 2199 477 est
2219 422 2477 494 iniquitas
2505 423 2607 479 viri
2637 436 2799 494 quam
2827 421 3174 479 benefaciens
3196 423 3410 480 mulier.

147 519 262 562 cere
297 504 607 560 conveniat.
1109 579 1112 582 ἢ
1900 510 2090 567 Melius
2113 522 2196 568 est
2223 513 2496 570 humiliari
2539 530 2662 570 cum
2709 514 2932 570 mitibus
2974 528 3139 585 quam
3163 514 3408 570 dividere

210 598 447 652 Lucrum
484 605 637 666 turpe
665 608 725 653 ut
755 599 1008 656 damnum
1041 601 1229 674 fugito.
1829 602 2000 674 spolia
2027 619 2150 659 cum
2187 604 2458 674 superbis.

211 687 445 742 Lucrum
489 689 608 743 sine
636 687 832 746 damno
865 691 1086 749 alterius
1115 696 1229 750 ﬁeri
1257 712 1361 752 non
1389 707 1584 767 potest.
1901 695 2107 754 Musica
2142 695 2198 750 in
2224 695 2395 763 luctu,
2431 698 2736 768 importuna
2760 697 3022 752 narratio.

207 777 364 854 Levis
396 788 560 850 atque
589 781 903 843 inconstans
932 785 1006 838 nil
1034 786 1223 842 avibus
1251 787 1447 843 dilfert.
1899 785 2090 840 Melius
2118 797 2202 843 est
2229 786 2310 843 ire
2348 784 2417 840 ad
2441 787 2660 842 domum
2691 786 2865 842 luctus
2900 801 3062 857 quam
3100 787 3166 842 ad
3193 785 3414 842 domum

207 866 470 924 Libidinis
511 871 745 939 impetus
771 871 1112 930 abstinentiae
1139 877 1358 945 expellit
1392 879 1582 934 virtus.
1828 877 2086 939 convivii.
2308 939 2312 942 ,

209 956 353 1012 Licet
392 958 582 1015 multis
623 961 733 1016 vita
782 973 872 1016 tua
918 962 1160 1033 placeat,
1217 967 1310 1026 tibi
1357 966 1571 1037 placere
1619 982 1726 1030 non
1899 967 2087 1022 Melius
2113 976 2198 1024 est
2226 983 2257 1023 a
2306 967 2554 1039 sapiente
2583 967 2783 1038 corripi
2835 983 2996 1042 quam
3049 983 3079 1022 a
3124 966 3414 1023 stultorum

151 1049 312 1106 debet.
667 1067 674 1074 ο
1825 1057 2141 1113 adulatione
2167 1057 2365 1128 decipi.
2570 1081 2573 1084 ·
2867 1059 2873 1065 ’

210 1144 486 1201 latentem
535 1150 844 1218 superbiam
885 1150 962 1206 nil
998 1149 1170 1222 magis
1209 1150 1519 1221 comprimit
1563 1165 1724 1220 quam
1898 1146 2044 1203 Mors
2067 1156 2124 1203 et
2144 1148 2254 1202 vita
2281 1148 2336 1202 in
2375 1147 2628 1203 manibus
2659 1147 2875 1220 linguae.

151 1240 287 1310 culpa
325 1250 545 1311 patens.
1899 1236 2154 1294 Memoria
2179 1237 2313 1309 justi
2355 1255 2478 1296 cum
2502 1238 2776 1306 laudibus,
2806 1249 2861 1293 et
2894 1253 3091 1303 nomen
3124 1239 3416 1310 impiorum

208 1331 408 1403 Lapsus
434 1336 794 1403 quorumdam
823 1345 973 1393 tanto
1016 1340 1313 1396 ferventius
1348 1340 1468 1398 illos

1827 1338 2132 1401 putrescet.
3346 1351 3347 1354 η

207 1425 280 1482 Ad
324 1425 551 1482 meliora
585 1429 752 1483 trahit
777 1440 983 1500 quanto
1018 1429 1198 1502 pejora
1223 1441 1532 1502 patrarunt.
1897 1421 2172 1483 Memento
2219 1420 2498 1478 Creatoris
2547 1423 2621 1477 tui
2656 1422 2710 1477 in
2743 1422 2935 1478 diebus
2967 1420 3262 1489 iuventutis
3290 1431 3412 1479 tuae.

211 1512 457 1570 Lascivus
480 1517 700 1586 juvenis
726 1528 845 1589 eget
876 1528 932 1574 ut
956 1522 1147 1576 crebro
1176 1533 1488 1580 moneatur.
1899 1512 2216 1568 Maledictus
2267 1513 2434 1570 homo
2459 1513 2551 1581 qui
2581 1513 2711 1567 facit
2749 1527 2884 1582 opus
2926 1511 3019 1567 Dei
3064 1511 3415 1582 negligenter.

210 1607 367 1679 Leges
395 1612 655 1682 antiquas
683 1628 750 1668 ne
783 1617 1224 1684 transgrediendo
1250 1617 1508 1672 resolvas,
1898 1604 2087 1660 Militia
2111 1615 2194 1660 est
2220 1606 2326 1659 vita
2353 1605 2593 1660 hominis
2621 1620 2786 1674 super
2812 1616 3040 1670 terram,
3060 1613 3115 1658 et
3129 1603 3270 1658 sicut
3298 1603 3415 1658 dies

213 1697 407 1754 Laudat
437 1700 544 1756 rite
576 1701 744 1757 Deum
777 1705 867 1774 qui
901 1719 1026 1760 vere
1053 1707 1224 1778 diligit
1248 1706 1419 1761 illum.
1828 1696 2150 1752 mercenarii
2180 1696 2299 1752 dies
2333 1697 2469 1766 eius.

212 1785 404 1858 Lingua
427 1790 533 1846 viri
568 1807 688 1862 qum
716 1793 788 1848 si;
827 1797 1086 1866 paiiemia
1113 1796 1292 1851 debila
1323 1797 1534 1866 parum.
1752 1809 1799 1871 Β
1900 1785 2129 1842 Mundus
2176 1787 2373 1842 transit
2424 1796 2480 1842 et
2514 1787 2956 1856 concupiscentia
2993 1788 3141 1858 ejus;
3189 1787 3280 1856 qui
3315 1801 3404 1841 uu-

213 1877 380 1935 ιτιιιιίε
411 1890 602 1938 mane;
629 1883 824 1954 dignus
849 1887 939 1955 qui
971 1887 1161 1942 ηίιειαι-
1193 1903 1314 1943 esse
1340 1888 1620 1959 benignus.
1772 1885 1778 1891 '
1828 1883 1936 1930 tem
1968 1874 2100 1931 facit
2129 1876 2462 1931 voluntatem
2502 1877 2595 1934 Dei
2628 1890 2811 1934 manet
2842 1880 2894 1932 in
2921 1882 3204 1934 aeternum.

213 1969 439 2042 Languet
464 1974 553 2028 vis
579 1976 778 2030 mentis
808 1977 971 2031 nimia
1001 1979 1330 2050 pinguedine
1357 1980 1586 2035 ventris,
1711 2019 1714 2022 .
1892 1965 2160 2022 Modicum
2193 1967 2516 2024 fermentum
2546 1979 2713 2024 totam
2741 1987 2973 2025 massam
3003 1971 3328 2042 corrumpit.

212 2058 312 2138 Lux
332 2070 536 2118 aeterna
568 2065 691 2134 piis,
729 2067 964 2123 tenebrae
992 2080 1119 2126 sunt
1140 2086 1356 2140 semper
1389 2072 1592 2142 iniquis

1509 2072 1592 2127 "is
1895 2056 2120 2113 Multum
2153 2059 2300 2114 valet
2329 2061 2642 2131 deprecatio
2668 2062 2799 2130 justi
2829 2064 3065 2119 assidua.

215 2149 384 2208 Lectio
424 2166 749 2212 sanctorum
785 2161 947 2236 nimis
977 2171 1061 2217 est
1090 2165 1364 2234 pensanda
1399 2165 1684 2220 librorum.
1892 2148 2082 2204 ΜεΙίυε
2109 2160 2193 2206 εει
2223 2152 2427 2207 “ubere
2457 2170 2620 2223 quam
2655 2156 2762 2210 "l'i-
2791 2204 2794 2206 η

217 2243 432 2318 Lumbos
464 2250 762 2324 praecingit
787 2253 878 2322 qui
908 2255 1093 2309 carnis
1115 2266 1238 2311 vota
1277 2256 1579 2328 restringit.

1893 2237 2084 2292 Melius
2111 2247 2194 2293 est
2225 2256 2331 2296 non
2362 2242 2564 2318 habere
2593 2245 2739 2314 quod
2763 2245 2992 2312 tribuas,
3037 2261 3199 2315 quam
3236 2246 3409 2318 impu-

1825 2327 2022 2400 denter
2052 2339 2240 2400 petere
2267 2332 2410 2400 quod
2448 2332 2562 2388 des.
2651 2393 2659 2400 _

734 2382 964 2495 CAN.”
1003 2385 1113 2448 ΧΠ·
1709 2471 1712 2476 ,
1835 2382 2194 2480 West
2217 2382 2734 2498 hcine-vinci'qttam
2765 2430 2907 2485 male
2936 2432 3177 2487 vincere.

219 2511 418 2582 Magnus
449 2513 720 2571 Dominus
741 2525 945 2585 noster,
978 2527 1030 2574 et
1056 2535 1248 2590 magna
1279 2520 1450 2576 virtus
1489 2522 1626 2592 ejus,
1669 2534 1723 2579 et
1893 2517 2082 2573 Melius
2111 2528 2194 2573 est
2225 2519 2427 2576 habere
2463 2521 2644 2574 omnia
2676 2521 2814 2576 bona
2848 2523 3055 2578 minora
3094 2538 3256 2593 quam
3290 2539 3410 2578 ma-

165 2601 400 2671 sapientia:
426 2605 551 2672 ejus
577 2622 686 2660 non
725 2617 808 2662 est
841 2624 1122 2665 numerus.
1820 2627 1984 2683 gnum
2010 2612 2210 2671 bonum
2240 2628 2384 2698 cum‘
2407 2629 2602 2685 magno
2627 2614 2790 2669 malo.

219 2690 414 2764 Magnus
444 2695 717 2754 Dominus
773 2705 826 2751 et
873 2697 1159 2756 laudabilis
1187 2704 1370 2769 nimis,
1413 2712 1466 2759 et
1516 2705 1693 2774 magni
1893 2701 2086 2756 Melius
2137 2711 2221 2758 est
2271 2690 2630 2760 rusticitatem
2685 2715 2928 2760 sanctam
2994 2707 3196 2763 habere
3245 2723 3407 2778 quam

169 2783 337 2840 tudinis
356 2786 467 2854 ejus
495 2802 610 2840 non
639 2795 724 2842 est
751 2787 892 2844 linis.
1821 2793 2185 2864 eloquentiam
2216 2797 2604 2868 peccatricem.
2633 2861 2637 2863 _
2719 2839 2726 2844 .

221 2871 570 2963 Misericordia
619 2876 830 2932 Domini
870 2880 1023 2949 plena
1057 2890 1136 2936 est
1167 2889 1329 2936 terra.
1893 2883 2176 2963 Mcliulsest
2197 2885 2346 2955 prius
2374 2885 2556 2941 facere
2581 2885 2725 2956 quod
2753 2885 3201 2956 convenit,quam
3221 2896 3410 2957 postea

222 2961 458 3020 Mirabilis
483 2966 633 3022 Deus
661 2967 713 3021 in
743 2971 950 3030 sanctis
977 2971 1110 3032 suis,
1822 2974 1948 3029 mali
1977 2961 2102 3029 facti
2129 2976 2466 3044 pmnitearis.

224 3051 389 3124 Magna
414 3071 585 3127 opera
618 3057 831 3114 Domini
858 3061 1129 3131 exquisita
1173 3064 1226 3118 in
1259 3077 1450 3120 omnes
1475 3079 1719 3118 vo.uuta-
1892 3063 2083 3119 Melius
2119 3073 2206 3119 est
2251 3063 2438 3120 facere
2486 3065 2779 3121 divortium
2813 3082 2936 3121 cum
2978 3067 3200 3122 homine
3245 3082 3408 3138 quam

173 3150 236 3220 iet
263 3147 382 3215 ejus.
1265 3217 1268 3220 g
1749 3163 1793 3225 ρ
1825 3169 1947 3209 cum
1976 3155 2108 3210 Deo.
3191 3207 3195 3210 .

227 3235 571 3296 Misericordia
619 3242 832 3298 Domini
876 3245 945 3299 ab
969 3255 1174 3303 aeterno
1197 3257 1253 3302 et
1277 3263 1448 3319 usque
1481 3249 1533 3310 in
1561 3259 1720 3306 teter.
1891 3245 2228 3307 Mendacium
2261 3263 2369 3304 non
2395 3257 2498 3315 est,
2527 3265 2652 3306 cum
2692 3251 2760 3306 de
2801 3252 2964 3308 rebus
3007 3251 3410 3309 insensibilibus

175 3343 277 3399 num
302 3347 448 3400 super
471 3334 736 3405 timentes
763 3352 906 3402 eum,
1821 3337 1977 3406 quasi
2003 3337 2069 3391 de
2111 3338 2462 3394 sensibilibus
2492 3343 2719 3411 mystice
2758 3341 3055 3412 loquimur.
3393 3349 3396 3352 ’

228 3419 531 3499 Mutuabitur
556 3436 838 3496 peccator,
879 3437 934 3484 et
962 3444 1068 3485 non
1100 3431 1303 3496 solvet;
1331 3433 1511 3504 justus
1537 3443 1718 3490 autem
1893 3427 2031 3483 Male
2065 3428 2363 3489 Sabbatum
2419 3431 2662 3487 celebrat
2709 3432 2803 3503 qui
2860 3449 2889 3486 a
2939 3433 3097 3488 bonis
3152 3432 3408 3504 operibus

174 3511 493 3580 miserebitur,
523 3524 587 3572 et
618 3518 842 3573 tribuet.
1818 3529 1999 3577 vacat.
3054 3572 3057 3574 .

229 3605 632 3667 Misericordiam
660 3621 716 3668 et
738 3614 1023 3671 veritatem
1054 3614 1227 3688 diligit
1267 3617 1428 3671 Dens.
1891 3610 2080 3682 Magna
2108 3627 2236 3681 pars
2263 3611 2630 3680 intelligentiae
2655 3613 2797 3668 scire
2820 3614 2947 3683 quid
2974 3615 3207 3670 nescias.

226 3695 376 3755 Multa:
403 3702 786 3758 tribulationes
823 3703 1116 3774 justorum,
1148 3715 1204 3760 et
1242 3706 1307 3760 de
1350 3720 1605 3763 omnibus
1635 3709 1720 3764 nis
1889 3701 2191 3756 Mirandum
2221 3703 2383 3758 simul
2410 3712 2466 3758 et
2511 3705 2976 3776 dolendum'quod
3005 3706 3209 3777 plures,
3251 3708 3406 3776 quasi

176 3786 386 3862 liberabit
412 3809 503 3848 eos
530 3795 815 3863 Dominus.
1821 3793 2054 3865 religiosi
2095 3809 2125 3848 a
2157 3795 2292 3850 cibis
2337 3796 2659 3865 quihusdam
2690 3796 3050 3864 abstinentes,
3079 3814 3204 3853 mox
3249 3799 3407 3869 quasi

227 3881 363 3937 nulla
411 3885 619 3958 ﬂagella
678 3889 1004 3957 peccatoris.
1067 3900 1378 3960 sperantem
1430 3903 1610 3948 autem
1664 3896 1717 3950 in
1821 3885 2066 3944 scelerati
2092 3885 2328 3955 pessima
2352 3902 2582 3957 quaeque
2607 3888 2753 3942 omni
2788 3889 2948 3944 modo
2972 3891 3192 3945 student
3220 3904 3406 3959 agere.

178 3966 361 4027 Domino
384 3979 756 4034 misericordia
785 3980 1166 4038 circumdabii,
1891 3973 2193 4030 Mirandum
2259 3975 2658 4046 dolendumque
2730 3979 3083 4033 nihilominus
3153 3987 3208 4033 et
3277 3977 3408 4032 illud

229 4059 349 4118 Mors
379 4078 723 4134 peccatorum
757 4070 1014 4140 pessima,
1049 4081 1104 4128 et
1133 4074 1224 4142 qui
1263 4073 1496 4129 oderunt
1509 4073 1716 4143 justum

1849 4063 1962 4135 quod
1990 4063 2231 4133 plurimi,
2279 4064 2602 4121 simulantes
2641 4082 2701 4122 se
2741 4081 2842 4136 pro
2871 4077 3220 4137 peccatorum
3247 4067 3406 4122 venia

179 4147 469 4222 delinquent.
1820 4154 2045 4209 visitare
2074 4165 2264 4209 sancta
2305 4165 2364 4216 et
2403 4155 2589 4224 procul
2633 4157 2806 4226 posita
2854 4157 3003 4221 loca,
3052 4172 3176 4212 cum
3207 4155 3411 4212 fuerint

229 4239 390 4301 Melius
414 4257 493 4304 est
517 4252 790 4307 modicum
832 4252 978 4322 justo
1020 4271 1183 4326 super
1213 4257 1430 4314 divitias
1467 4267 1694 4327 peccato

1625 4267 1694 4314 ,ιο
1820 4247 2021 4302 reversi
2053 4246 2223 4302 multo
2251 4246 2468 4317 pejores
2497 4247 2632 4305 fiunt
2665 4262 2827 4318 quam
2851 4259 3031 4302 antea.
3145 4271 3150 4277 ’
3179 4257 3182 4260 ‘

179 4345 270 4401 tum
308 4339 509 4411 multas.
1891 4338 2059 4393 Morbi
2083 4339 2265 4408 plures
2289 4353 2355 4393 ex
2381 4339 2674 4392 saturitate
2699 4339 2866 4393 nimia
2902 4339 3184 4394 eveniunt.

232 4425 480 4486 Miserator
501 4444 553 4489 et
580 4421 892 4494 misericors
918 4439 1202 4507 Dominus,
1233 4443 1452 4512 patiens
1481 4450 1538 4498 et
1580 4442 1718 4499 mul-

1889 4429 2065 4486 Mores
2085 4440 2139 4484 et
2158 4430 2334 4485 studia
2359 4440 2632 4485 rectorum
2658 4445 2725 4485 ex
2749 4430 3116 4501 subjectorum
3137 4431 3402 4502 qualitate

183 4520 265 4581 tum
300 4520 606 4594 misericors.
1743 4521 1792 4580 D
1821 4523 2205 4593 inspiciuntur.
2790 4561 2794 4566 -
3235 4535 3237 4538 ‘

233 4603 452 4674 Maiorem
483 4616 801 4676 cbaritatem
830 4634 988 4674 nemo
1014 4621 1175 4677 habet
1198 4637 1362 4693 quam
1393 4631 1450 4676 ut
1477 4625 1712 4678 animam

1885 4614 2290 4669 Maledicdones
2344 4629 2466 4682 quae
2533 4613 2588 4668 in
2643 4615 2924 4684 proximos
2979 4615 3306 4686 diriguntur,
3352 4617 3407 4673 in

183 4705 300 4756 suam
328 4714 483 4768 ponat
507 4707 628 4775 quis
668 4723 768 4784 pro
795 4711 986 4771 amicis
1017 4713 1150 4770 suis.
1815 4707 2198 4764 maledicentes
2222 4707 2474 4777 primitus
2499 4713 2806 4763 Vertuntur.

235 4784 360 4844 Multi
386 4805 506 4850 sunt
529 4799 729 4864 vocati,
773 4803 927 4870 pauci
958 4819 1086 4861 vero
1108 4806 1288 4863 elecii,
1884 4798 2035 4855 Mens
2057 4799 2362 4856 visibilibus
2383 4801 2617 4866 intenta,
2655 4801 2843 4857 videre
2871 4802 3045 4858 nescit
3088 4803 3399 4859 invisibilia.

236 4877 394 4972 iiessis
416 4891 624 4958 quidem
656 4893 847 4960 multa,
874 4901 1107 4967 operarii
1147 4909 1328 4957 autem
1354 4903 1530 4972 pauci.
1889 4893 2089 4964 Majora
2115 4895 2345 4952 crimina
2382 4903 2439 4951 et
2489 4894 2642 4949 tarde
2692 4896 2962 4951 credenda
3007 4905 3134 4950 sunt
3161 4911 3283 4950 cum
3313 4911 3410 4949 au-

237 4967 562 5037 Mercenarius
598 4983 746 5039 videt
789 4984 971 5056 lupum
1003 4967 1442 5062 vettientent,-et
1491 4995 1714 5052 ditnittit

1859 4985 2068 5050 iuntur,
2117 4994 2174 5043 et
2241 4986 2404 5041 citius
2449 4985 2724 5057 punienda
2773 5001 2896 5043 cum
2941 4989 3210 5042 veraciter
3249 5000 3409 5056 agno-

191 5069 291 5114 oves
313 5073 361 5120 et
397 5067 540 5140 fugit.
1819 5076 2065 5130 scuntur.

244 5150 400 5198 ΜρΙῖιὶιι
421 5172 494 5198 ncl
523 5165 824 5198 ΑιιαΑΞΑι-Ιζη
870 5187 1022 5198 ,οη-η..
1057 5176 1106 5198 -.ε
1123 5177 1184 5198 -.9
1207 5194 1236 5198 --
1257 5195 1284 5198 _-

1891 5167 2137 5198 ‘r----In-:
2203 5169 2475 5198 ᾹΛΑΙΑιιΑ-νι
2530 5169 2684 5198 νει-ἶσαι.
2728 5176 2935 5198 ΛυιηοιΛΙ
3028 5178 3081 5198 Α.
3132 5169 3209 5198 εἴη
3273 5165 3403 5198 εικῆ.
