3942 5340
520 190 624 251 510

521 395 623 452 dus
648 409 753 456 est.
1113 461 1115 465 .
1489 395 1492 396 ν
1661 461 1666 468 ι

587 487 800 558 Mulier,
829 495 962 551 dans
988 511 1207 568 operam
1237 503 1450 573 virtuti,
1480 511 1566 566 vir
1594 525 1771 583 potest
1795 520 1922 576 dici.

585 577 867 636 Mulierum
898 586 1068 643 virtus
1115 593 1288 660 prima
1322 607 1378 651 et
1422 577 1654 658 maxima
1688 619 1771 662 est
1812 613 2090 679 pudicitia.

585 668 775 741 Magna
809 669 1075 734 securitas
1098 690 1181 737 est
1209 689 1390 743 cordis
1417 691 1590 750 aliena
1621 714 1726 753 non
1759 668 2034 772 appetere.

585 761 767 820 Militis
805 767 1090 838 cujuslibet
1131 776 1386 836 fortitudo
1416 800 1520 839 non
1557 761 1871 856 agnoscitur
1904 797 2008 856 nisi
2037 799 2089 854 in

499 851 670 911 bello.
711 903 718 909 .

576 941 774 999 Malum
806 963 905 1016 pro
935 953 1078 1007 malo
1110 959 1340 1017 reddere
1383 975 1467 1019 est
1509 968 1836 1041 humanum;
1885 977 2087 1035 malum

426 1030 429 1033 ’
503 1045 634 1087 vero
661 1049 761 1103 pro
793 1039 933 1094 bono
961 1043 1313 1106 diabolicum.

574 1123 712 1181 Mala
777 1146 925 1188 mors
983 1141 1224 1205 putanda
1285 1159 1392 1200 non
1440 1159 1542 1215 est,
1580 1165 1743 1222 quam
1784 1153 1924 1214 bona
1975 1162 2083 1219 vita

501 1223 802 1288 praecessit.

571 1312 744 1371 Malus
769 1318 858 1373 ubi
887 1336 946 1376 se
980 1323 1202 1382 simulat
1229 1329 1448 1399 bonum,
1477 1335 1546 1390 ibi
1577 1347 1660 1393 est
1685 1343 1973 1411 pessimus.

569 1405 706 1462 Mala
739 1413 1069 1470 conscientia
1104 1435 1378 1490 nunquam
1409 1429 1700 1496 requiescit
1723 1449 1934 1491 secura.

569 1495 708 1554 Male
734 1501 1050 1572 imperando
1077 1525 1349 1569 summum
1394 1517 1680 1588 imperium
1713 1527 2002 1585 amittitur.

567 1587 773 1646 Merces
823 1610 1010 1666 magna
1063 1603 1226 1658 nimis
1273 1607 1518 1664 tradetur
1564 1613 1780 1669 coalitus
1831 1617 1939 1675 illis

563 1680 666 1747 Qui
696 1699 796 1752 pro
817 1687 1025 1756 justitia
1058 1694 1336 1762 patiuntur
1371 1716 1597 1772 quaeque
1621 1708 1845 1775 pericla.

563 1860 754 1934 Magna
784 1868 938 1934 quies
965 1871 1130 1926 animi
1157 1875 1330 1931 vitare
1357 1883 1575 1950 negotia
1614 1889 1821 1943 mundi.

559 1955 807 2026 Magnum
841 1972 1115 2021 certamen
1134 1967 1426 2036 juvenilem
1458 1978 1676 2035 vincere
1707 1997 1955 2042 carnem.

559 2045 792 2104 Maxima
837 2054 895 2106 lit
920 2059 1106 2124 pestis,
1149 2077 1271 2117 cum
1300 2077 1484 2134 pastor
1509 2069 1620 2124 erit
1643 2074 1886 2141 puerilis.

529 2137 707 2195 Mens
739 2142 872 2199 levis
901 2163 966 2202 ac
1008 2149 1216 2222 fragilis
1242 2157 1351 2212 cito
1395 2159 1604 2229 profert
1644 2137 1903 2224 scandala
1951 2187 2070 2228 car-

1865 2260 1992 2334 [uis.
2051 2282 2054 2286 ι

554 2321 704 2378 Mens
733 2339 947 2385 assueta
978 2334 1134 2391 malis
1158 2338 1246 2394 vix
1273 2341 1540 2413 eripietur
1561 2347 1629 2402 ab
1662 2349 1790 2407 illis.

553 2410 696 2468 Mors
724 2426 782 2486 et
810 2421 1040 2487 perditio
1067 2426 1292 2482 dicenda
1320 2410 1404 2486 est
1429 2449 1572 2489 carca
1601 2436 1786 2494 libido.

549 2501 693 2559 Mors
721 2509 857 2562 mala
893 2512 1160 2581 vincetur,
1186 2519 1228 2573 si
1246 2518 1450 2591 jugiter
1476 2535 1602 2581 ante
1627 2528 1871 2585 timetur.

480 2635 482 2638 μ
547 2591 652 2648 Mcl
683 2597 971 2657 invenisti?
995 2605 1266 2672 Quantum
1299 2613 1393 2666 tibi
1421 2614 1637 2683 sullicit,
1669 2629 1807 2674 esto.

546 2684 782 2746 Maxime
818 2698 1167 2760 quaerendum
1221 2705 1364 2770 quod
1415 2721 1633 2776 semper
1678 2712 1783 2766 erit
1831 2715 2042 2772 retinen

1819 2805 1989 2876 ldum.

1087 2880 1316 2940 CAPUT
1357 2886 1491 2942 Xlll.

544 2961 705 3019 Novit
749 2965 1012 3028 Dominus
1039 2974 1180 3030 viam
1220 2977 1514 3048 justorum,
1549 2993 1618 3038 et
1642 2985 1742 3040 iter
1772 2988 2056 3059 impiorum

471 3055 690 3124 peribit.
1847 3055 1861 3059 -
1948 3142 1953 3148 ,

543 3146 662 3204 Noli
696 3152 936 3209 aenmlari
963 3158 1013 3211 in
1056 3173 1121 3215 eo
1154 3163 1246 3231 qui
1279 3176 1630 3238 prosperatur
1654 3171 1706 3224 in
1739 3173 1825 3226 via
1850 3188 1967 3240 sua,
1997 3177 2051 3231 iu

471 3235 694 3294 homine
725 3240 956 3300 faciente
986 3249 1301 3320 injustitias‘.

539 3325 656 3383 Non
688 3333 928 3389 salvator
950 3353 1044 3392 rex
1073 3356 1167 3410 per
1194 3343 1418 3401 multam
1445 3347 1716 3407 virtutum.

536 3418 712 3478 Nolite
735 3425 849 3482 fieri
877 3429 1016 3486 sicut
1061 3447 1233 3504 equus
1260 3447 1316 3494 et
1356 3441 1560 3509 mulus,
1586 3447 1786 3514 quibus
1829 3465 1936 3505 non
1963 3458 2049 3506 est

464 3509 786 3571 intellectus.

535 3604 720 3664 Nolite
776 3625 995 3681 sperare
1047 3614 1102 3671 in
1157 3616 1462 3690 iniquitate,
1507 3633 1557 3678 et
1621 3627 1840 3697 rapinas
1882 3630 2046 3688 nolite

461 3702 871 3769 concupiscere.

531 3789 643 3844 Nisi
687 3791 946 3850 Dominus
976 3800 1299 3856 custodierit
1338 3804 1633 3874 civdatem,
1676 3809 1878 3867 frustra
1907 3815 2045 3886 vigi-

457 3871 535 3929 lat
563 3877 655 3944 qui
693 3883 929 3936 custodit
954 3899 1095 3941 eam.

526 3961 708 4020 Nolite
739 3969 1016 4027 conlidere
1045 3974 1096 4028 iu
1120 3976 1476 4050 principibus,
1513 3983 1564 4038 in
1590 3986 1714 4042 ﬁliis
1737 3990 2036 4061 hominum,

455 4051 510 4107 in
541 4055 737 4123 quibus
765 4074 870 4113 non
901 4072 983 4115 est
1018 4065 1181 4121 salus.

524 4141 641 4198 Non
671 4146 724 4200 in
753 4149 868 4204 solo
897 4166 1032 4219 pane
1065 4155 1209 4212 vivet
1240 4158 1424 4228 homo,
1451 4164 1546 4218 sed
1582 4164 1634 4220 in
1669 4170 1816 4223 omni
1870 4175 2037 4230 verbo

453 4233 596 4302 quod
625 4237 866 4303 prccedit
895 4240 961 4294 de
985 4256 1078 4297 ore
1105 4245 1218 4300 Dei.

524 4323 693 4382 Nemo
721 4329 894 4383 bonus
921 4331 1024 4387 nisi
1051 4335 1198 4392 solus
1222 4340 1381 4395 Deus.

520 4412 635 4468 Nisi
683 4419 806 4485 quis
855 4433 1073 4478 renatus
1118 4423 1278 4482 fuerit
1305 4444 1371 4484 ex
1416 4447 1554 4502 aqua
1585 4442 1640 4490 et
1673 4437 1892 4508 spiritu,
1924 4456 2028 4496 non

445 4511 626 4574 potest
651 4509 876 4567 introire
905 4529 1127 4586 regnum
1171 4519 1288 4576 Dei.

517 4595 688 4652 Nemo
717 4612 894 4669 potest
920 4606 1130 4663 duobus
1157 4610 1389 4668 dominis
1414 4617 1638 4673 servire.

516 4687 704 4754 Nemo,
737 4694 963 4752 mittens
995 4715 1211 4756 manmn
1249 4720 1398 4760 suam
1436 4707 1490 4762 in
1519 4723 1847 4771 aratrum-et
1887 4717 2031 4787 aspi~

445 4779 596 4835 ciens
623 4793 788 4848 retro,
816 4797 976 4857 aptus
1002 4801 1087 4848 est
1114 4808 1278 4864 regno
1316 4797 1430 4852 Dei.

514 4869 631 4932 Non
675 4884 856 4941 potest
883 4882 1046 4937 arbor
1085 4885 1220 4939 bona
1253 4885 1462 4944 fructus
1491 4895 1662 4951 malos
1697 4897 1897 4967 facere,
1929 4917 2025 4957 ne-

442 4977 548 5031 que
572 4965 735 5019 arbor
770 4969 908 5023 mala
935 4970 1142 5028 fructus
1167 4977 1339 5034 bonos
1374 4979 1576 5039 facere.

513 5050 746 5112 Necesse
772 5068 856 5113 est
898 5069 955 5115 ut
999 5065 1217 5121 veniant
1257 5073 1543 5140 scandala;
1589 5091 1670 5131 vae.
1713 5089 1896 5136 autem
1926 5082 2026 5138 ho-

442 5144 574 5199 mini
604 5147 678 5201 illi
713 5164 813 5219 per
853 5166 1013 5220 quem
1040 5160 1353 5214 scandalum
1380 5165 1561 5221 venit!

514 5235 630 5276 Νιιη
659 5249 736 5276 θαι
782 5242 1075 5276 Αἶοῆῖηιιίιιη
1104 5263 1265 5276 an“-..
1291 5255 1518 5276 ...ι-μεοιη

1550 213 1848 280 οτιιιοΝι
1885 225 2190 290 MONACHI
2229 235 2289 294 S.
2331 238 2752 307 EMMERAMMI

589 305 765 366 Mollis
806 319 863 369 et
904 312 1216 385 dissolutus,
1261 335 1368 379 non
1399 326 1502 396 vir,
1545 333 1642 388 sed
1683 337 1881 394 mulier
1916 343 2100 400 dicen-
2123 352 2178 412 Α
2212 355 2233 369 '
2276 352 2320 408 N

3670 286 3767 344 ⁸520

2323 355 2392 411 oli
2419 361 2692 432 negligere
2721 367 3061 440 disciplinam
3085 374 3322 448 Domini,
3356 391 3412 439 et
3437 402 3504 444 ne
3529 389 3771 466 fatigeris

2199 458 2320 498 cum
2351 448 2418 503 ab
2448 465 2513 504 eo
2539 456 2806 524 argueris.

2269 536 2384 593 Noli
2412 556 2639 612 arguere
2671 547 2990 618 derisorem,
3028 571 3098 611 ne
3139 557 3317 616 oderit
3360 572 3456 633 te;
3491 584 3659 641 argue
3697 591 3771 633 sa-

2192 626 2452 696 pientem,
2478 642 2534 688 et
2564 635 2738 708 diligit
2769 649 2820 694 te

2263 717 2340 773 Ne
2360 737 2540 778 coram
2572 743 2719 783 caeco
2741 747 2909 800 ponas
2935 735 3339 801 offendiculum.

2261 810 2377 867 Non
2405 825 2488 870 est
2531 818 2691 874 homo
2714 821 2896 889 justus
2936 843 3099 901 super
3126 843 3344 902 terram.
3376 845 3468 912 qui
3501 845 3772 909 faciatbo-

2192 915 2320 956 num
2344 913 2397 958 et
2427 922 2532 961 non
2569 921 2776 978 peccet.
3217 933 3220 936 ’

2259 993 2420 1052 Novit
2442 997 2621 1066 justus
2655 1006 3250 1079 animasjumentorum
3275 1038 3532 1096 suorum;
3566 1032 3764 1091 viscera

2187 1092 2368 1139 autem
2397 1087 2686 1154 impiorum
2730 1100 2992 1156 crudelia.

2256 1173 2399 1230 Nihil
2427 1177 2479 1232 in
2515 1190 2654 1257 terra
2685 1185 2742 1240 fit
2767 1187 2884 1243 sine
2910 1207 3091 1249 causa.

2254 1261 2370 1320 Non
2398 1273 2709 1339 agnoscitur
2734 1275 2789 1331 in
2825 1277 2981 1337 bonis
3008 1287 3212 1342 amicus
3231 1330 3246 1356 ,
3284 1308 3383 1349 nec
3408 1295 3766 1359 absconditur

2185 1350 2240 1406 in
2276 1353 2433 1412 malis
2464 1359 2737 1419 inimicus.

2251 1441 2414 1501 Novit
2445 1450 2704 1511 Dominus
2730 1459 2820 1529 qui
2849 1473 2977 1519 sunt
3008 1466 3142 1535 ejus.

2248 1536 2420 1599 Nemo
2452 1550 2596 1616 quod
2645 1567 2798 1608 suum
2831 1566 2914 1612 est
2963 1548 3331 1624 tantummodo
3371 1584 3623 1641 qumrat,
3674 1580 3760 1636 sed

2177 1633 2319 1698 quod
2345 1633 2587 1692 alterius.

2103 1707 2146 1768 Β
2244 1720 2420 1779 Nolite
2451 1728 2656 1798 mirari,
2685 1735 2730 1788 si
2757 1735 2874 1791 odit
2902 1754 2996 1796 vos
3025 1749 3275 1803 mundus.

563 1769 806 1828 Mortuus
846 1777 969 1832 huic
1009 1783 1210 1836 mundo
1239 1786 1310 1838 nil
1349 1790 1452 1843 scit
1483 1791 1582 1846 nisi
1619 1795 1800 1850 vivere
1828 1797 2050 1858 Christo
2115 1799 2120 1805 ’

2245 1810 2362 1868 Νοη
2408 1805 2583 1873 solum
2635 1823 2710 1877 rei
2762 1837 2886 1882 sunt

2172 1892 2523 1961 censentium
2549 1909 2892 1972 facientibus.

2243 1991 2413 2048 Nemo
2441 2006 2618 2066 potest
2641 2002 2858 2062 dicere:
2887 2008 3140 2070 Dominus
3169 2016 3352 2086 Jesus,
3406 2025 3510 2080 nisi
3543 2028 3599 2081 in
3644 2029 3754 2102 Spi-

2171 2077 2278 2134 ritu
2309 2094 2516 2140 sancto.

2242 2169 2412 2228 Nemo
2435 2181 2803 2250 coronabitur,
2843 2187 2946 2243 nisi
2975 2192 3066 2261 qui
3100 2193 3340 2265 legitime
3368 2210 3687 2264 certaverit.

2239 2260 2424 2333 Neque
2453 2268 2542 2338 qui
2574 2270 2781 2340 plantat
2809 2260 3101 2352 nequequi
3132 2260 3270 2356 rigat
3297 2301 3381 2347 est
3409 2260 3761 2368 aliquid,‘sed

2167 2353 2256 2422 qui
2289 2353 2682 2418 incrementum
2713 2365 2807 2421 dat
2839 2369 3000 2427 Deus.

2237 2443 2357 2500 Noli
2389 2450 2529 2506 vinci
2560 2469 2588 2508 a
2628 2457 2791 2524 malo,
2826 2463 2919 2517 sed
2956 2465 3111 2522 vince
3137 2469 3190 2524 in
3219 2469 3359 2528 bono
3391 2478 3619 2538 malum.

2235 2534 2411 2595 Nolite
2436 2543 2661 2616 diligere
2705 2553 2962 2609 mundum
2991 2573 3166 2628 neque
3207 2577 3268 2617 ea
3297 2581 3418 2635 quae
3451 2569 3504 2625 in
3551 2574 3750 2630 mundo

2163 2639 2316 2684 sunt.

2233 2719 2347 2776 Non
2382 2724 2670 2797 diligamus
2699 2734 2867 2790 verbo
2897 2753 3070 2809 neque
3112 2739 3324 2812 lingua,
3360 2751 3454 2804 sed
3504 2767 3673 2824 opere
3701 2763 3749 2811 et

2161 2812 2412 2868 veritate.

2231 2902 2348 2958 Non
2380 2907 2658 2966 auditores
2679 2953 2693 2976 ,
2738 2915 2831 2969 sed
2865 2915 3096 2976 factores
3125 2903 3259 2992 legis
3279 2926 3742 2996 justificanuntur.

2231 2992 2346 3048 Non
2381 3009 2464 3053 est
2499 2991 2846 3069 personarum
2877 3020 3130 3079 acceptor
3159 3014 3332 3080 Deus;
3377 3021 3472 3073 sed
3508 3023 3560 3076 in
3599 3029 3744 3080 omni

2161 3094 2320 3155 gente
2343 3089 2432 3157 qui
2467 3093 2619 3149 timet
2643 3095 2810 3151 Deum
2835 3108 2890 3154 et
2917 3103 3459 3174 operaturjustitiam
3491 3126 3743 3186 acceptus

2155 3187 2239 3230 est
2275 3178 2370 3232 illi.

2226 3265 2512 3340 Nunquam
2542 3283 2623 3328 est
2651 3292 2803 3332 amor
2831 3279 2920 3336 Dei
2951 3283 3181 3341 otiosus.

2221 3355 2410 3416 Nitens
2440 3364 2580 3418 culis
2602 3368 2877 3423 sordidum
2906 3372 3241 3431 demonstrat
3270 3379 3534 3438 animum.

2221 3446 2368 3504 Nihil
2400 3452 2489 3506 inf.
2513 3455 2670 3511 licius
2699 3457 2954 3518 felicitate
2983 3469 3348 3534 peccantium.

2221 3537 2505 3610 Nunquam
2541 3545 2684 3602 Deus
2714 3559 2949 3607 mentem
2977 3555 3212 3624 deserit,
3239 3576 3361 3630 quae
3389 3573 3614 3633 peccata
3639 3581 3737 3624 sua.

2145 3630 2420 3685 veraciter
2439 3637 2705 3703 agnoscit.

2216 3720 2332 3778 Non
2383 3735 2466 3781 est
2503 3743 2694 3785 secura
2735 3733 2915 3790 lartitia
2962 3737 3014 3792 in
3057 3740 3259 3798 divinis
3305 3748 3520 3818 paginis
3567 3751 3732 3806 multa

2143 3826 2489 3882 cognoscere,
2521 3822 2615 3874 sed
2639 3824 2848 3892 cognita
2872 3831 3168 3886 custodire.

2213 3903 2355 3959 Nulli
2386 3909 2603 3976 prodest
2635 3913 2772 3967 tristi
2817 3916 2954 3972 facie
2992 3919 3285 3990 aliquando
3322 3925 3618 3996 incedere,
3640 3931 3724 4003 je-

2136 3992 2291 4063 junia
2314 4005 2616 4066 ostentare,
2646 4013 2700 4058 et
2730 4021 2852 4060 mox
2885 4009 2936 4062 in
2963 4011 3170 4067 deliciis
3191 4015 3395 4071 vivere.

2211 4085 2328 4142 Non
2371 4093 2527 4146 nobis
2568 4093 2764 4151 suﬂicit
2798 4099 3104 4170 relinquere
3148 4115 3370 4172 nostra,
3407 4109 3513 4165 nisi
3562 4113 3727 4192 relin-

2140 4192 2372 4246 quamus
2401 4191 2458 4236 et
2483 4199 2604 4239 I105.

2209 4267 2326 4325 Non
2359 4273 2644 4331 multitudo
2664 4290 3030 4351 peccatorum,
3055 4287 3148 4342 sed
3175 4287 3423 4360 impietas
3449 4293 3723 4352 hominem

2139 4359 2285 4415 ducit
2320 4364 2387 4417 ad
2419 4367 2876 4435 desperationem.

2209 4451 2376 4507 Nosse
2405 4465 2459 4508 et
2489 4471 2645 4523 posse
2676 4455 2812 4514 bona
2843 4464 2991 4530 prius
3030 4465 3301 4538 incognita
3330 4480 3494 4542 atque
3518 4476 3718 4547 impos.

2137 4539 2313 4595 sibilia
2346 4543 2684 4601 demonstrat
2710 4552 2901 4618 gratia:
2930 4568 3177 4624 superna:
3210 4561 3371 4613 dona.

2207 4630 2324 4686 Non
2354 4646 2480 4690 sunt
2525 4644 2916 4696 contemnenda
2960 4649 3112 4714 quasi
3141 4664 3336 4718 parva,
3373 4653 3495 4709 sine
3525 4657 3719 4725 quibus

2136 4734 2388 4780 con5lare
2419 4742 2523 4782 non
2551 4743 2777 4798 possunt
2815 4750 3006 4805 magna

2210 4811 2354 4868 Nihil
2398 4827 2484 4872 est
2528 4828 2639 4875 tam
2686 4821 2847 4880 facile
2895 4829 3042 4897 quod
3089 4846 3196 4886 non
3239 4832 3332 4888 fiat
3373 4835 3623 4904 difﬁcile,
3671 4841 3720 4894 si.

2130 4901 2333 4958 invitus
2361 4903 2551 4962 facias.
3452 4934 3454 4936 '

2935 1833 3026 1902 qui
3060 1833 3264 1894 faciunt
3309 1859 3481 1910 ma.a,
3528 1849 3627 1904 sed
3671 1851 3757 1922 qui

2199 5015 2369 5085 Nemo
2396 5018 2450 5073 in
2481 5021 2643 5076 alium
2675 5025 2986 5096 priusquam
3017 5031 3070 5086 in
3099 5033 3335 5104 seipsum
3363 5047 3600 5107 peccat.‘

2199 5128 2368 5184 Nemo
2389 5143 2454 5186 se
2471 5145 2784 5202 peccantem
2809 5141 2996 5194 credat
3024 5142 3144 5198 ideo
3174 5147 3352 5202 minus
3377 5152 3708 5219 puniendum

2129 5219 2270 5276 (ιυοά
2299 5222 2698 5276 ηιυιιὶιιιιίὶηοῐη
2733 5227 2976 5276 imitatur
3011 5238 3348 5276 ηρροειιιιῖηηι
