3942 5340
154 290 235 350 δῖε
1209 299 1215 308 δ
1364 279 1565 338 LIBER
1602 280 2158 342 PROV'EBBIORULI

3273 272 3400 344 ’δίε

123 424 134 468 ηπ
213 403 320 482 Non
349 400 469 472 plus
492 413 685 470 sapere
705 412 866 468 quam
896 404 1112 468 Oportet
1156 411 1370 466 sapere,
1403 413 1595 454 omnes
1621 399 1715 468 qui
1745 407 1795 464 Α
1892 396 1968 451 Os
1997 396 2128 466 justi
2171 395 2519 450 meditabitur
2563 395 2908 468 sapientiam,
2949 405 3003 450 et
3048 395 3229 468 lingua
3288 400 3406 470 ejus

133 489 246 552 ‘sibi
273 493 518 546 videntur
545 491 818 560 sapientes
841 497 1002 560 egent
1029 491 1332 546 attendere.

215 583 551 652 Negligentes
601 589 658 635 et
704 581 870 650 tepidi
917 580 1082 635 variis
1137 581 1314 636 modis
1357 589 1486 636 sunt
1527 581 1715 636 adtnoo

154 677 316 733 pendi.

215 765 534 838 Negligentta
558 771 613 818 et
631 763 878 818 otiositas
910 761 1182 817 hominem
1211 761 1432 816 trahunt
1452 765 1518 816 ad
1544 773 1718 817 mter-

159 860 290 912 itum.

217 943 576 1015 Negligentius
619 943 880 999 custodiri
925 942 1062 998 solet
1099 943 1244 1012 quod
1287 942 1528 999 creditur
1557 943 1718 1002 facile

158 1053 294 1108 posse
320 1038 587 1106 reparari.

214 1127 320 1182 Non
343 1136 425 1183 est
456 1128 512 1181 in
543 1126 780 1182 hominis
809 1133 1073 1195 potestate
1102 1127 1210 1181 vita
1232 1111 1404 1182 illius.

214 1217 313 1271 Nisi
339 1217 461 1286 quis
501 1217 558 1270 in
590 1217 694 1271 fide
722 1226 776 1271 et
809 1231 904 1286 spe
941 1214 1195 1270 fundatus
1233 1216 1420 1282 fuerit,
1442 1218 1509 1272 ad
1536 1218 1720 1273 chari-

160 1311 263 1365 tatis
282 1326 416 1364 vera:
442 1309 663 1364 culmen
693 1323 798 1361 non
827 1307 1084 1362 ascendit.
1337 1295 1340 1298 ’

217 1398 356 1452 Nulla
383 1407 468 1452 est
502 1399 576 1451 ad
613 1399 865 1451 virtutem
898 1396 1019 1451 talis
1047 1397 1358 1452 exhortatio
1388 1399 1563 1468 qualis
1591 1416 1716 1470 pec-

160 1498 370 1542 calorum
398 1487 730 1542 recordatio.

215 1579 315 1634 Non
342 1589 667 1649 quaaruntur
700 1579 753 1632 in
777 1576 1106 1633 Christianis
1131 1577 1306 1641 initia,
1343 1578 1438 1633 sed
1466 1577 1610 1633 fmis.

217 1671 336 1725 Nulli
363 1671 440 1724 vel
472 1668 621 1724 male
645 1669 729 1724 vel
757 1670 892 1724 bene
910 1668 1172 1739 contingit
1198 1679 1421 1739 propter
1439 1685 1498 1725 se
1521 1671 1716 1735 solum,

145 565 158 612 ἱ

1823 487 2074 556 loquetur
2095 484 2383 553 judicium.

1893 578 2213 633 Ohservahit
2261 589 2514 648 peccator
2552 587 2780 648 Juslum,
2831 594 2886 633 et
2940 577 3187 633 stridebit
3245 594 3410 650 super

1819 684 1944 724 eum
1975 669 2230 724 dentibus
2259 684 2391 724 suis.

1901 761 2094 817 Omnia
2125 776 2458 832 quzeeunque
2500 761 2670 814 voluit
2721 760 2982 815 Dominus
3015 760 3142 815 fecit
3174 761 3226 815 in
3255 760 3394 816 cmlo

1821 863 1875 910 οι
1907 855 1959 910 in
1991 865 2155 919 terra,
2187 855 2240 909 in
2274 854 2410 908 mari
2443 861 2496 906 et
2524 852 2576 906 in
2607 853 2862 908 omnibus
2886 853 3115 922 abyssis.

1891 947 2062 1003 Omne
2090 963 2314 1018 regnum
2342 946 2393 999 in
2424 959 2482 999 se
2509 945 2624 1014 ipso
2655 944 2886 998 divisum
2916 944 3208 998 desolatur.

1889 1041 2080 1096 Omnia
2112 1038 2385 1110 possibilia
2415 1045 2541 1092 sunt
2571 1037 2834 1090 credenti.

1895 1131 2087 1188 Omnis
2111 1131 2378 1203 plantatio
2418 1144 2581 1200 quam
2641 1143 2746 1182 non
2794 1127 3058 1196 plantavit
3100 1129 3260 1184 Pater
3297 1143 3409 1184 ca:-

1827 1224 1998 1286 lestis,
2035 1221 2418 1276 eradicabitnr.

1892 1314 2083 1370 Omnis
2111 1313 2202 1382 qui
2231 1311 2359 1366 facit
2380 1318 2662 1381 peceatum
2693 1324 2883 1364 servus
2913 1317 2998 1362 est
3030 1309 3262 1378 peccati.

1886 1403 2077 1459 Omnis
2107 1403 2198 1472 qtti
2235 1402 2370 1470 petit
2401 1401 2625 1468 accipit,
2660 1407 2713 1454 et
2737 1399 2826 1469 qui
2857 1399 3053 1468 qumrit
3095 1398 3329 1470 invenit,
3354 1409 3410 1456 et

1819 1495 2057 1567 pulsanti
2081 1495 2376 1564 aperietur.

1889 1587 2080 1643 Omnis
2131 1585 2223 1655 qui
2279 1600 2337 1638 se
2385 1581 2592 1638 exaltat
2636 1579 3034 1646 humiliabitur,
3091 1587 3147 1635 et
3211 1595 3304 1650 qu-
3350 1594 3408 1634 se

1820 1678 2067 1734 humiliat
2091 1675 2441 1732 exaltabitur.

163 1761 236 1816 sed
271 1770 322 1815 ut
355 1759 520 1815 simul
576 1759 669 1814 alii
707 1759 1054 1830 corrigantur
1091 1767 1185 1811 aut
1226 1759 1580 1814 consolentur
1620 1776 1718 1830 per
1751 1752 1794 1812 Β
1891 1769 2080 1824 omnis
2105 1768 2268 1822 arbor
2295 1782 2416 1836 qua:
2439 1780 2543 1819 non
2578 1763 2710 1818 facit
2736 1762 2976 1818 fructum
3009 1762 3232 1827 bonum,
3261 1762 3410 1817 εκεῖ-

166 1854 300 1906 illum.

221 1940 408 1995 Nullum
434 1949 662 1995 constat
699 1939 934 2006 malum,
973 1923 1254 2010 quo'Deus
1294 1954 1400 1994 non
1432 1949 1619 1995 utatur
1650 1941 1719 1995 ad

166 2033 342 2102 aliquod
369 2033 601 2087 hortum.

218 2121 364 2177 Nemo
405 2122 456 2175 in
485 2120 738 2180 Ecclesia
770 2119 1004 2189 amplius
1045 2128 1204 2174 nocet
1250 2134 1412 2188 quam
1451 2121 1567 2190 qui,
1597 2134 1720 2191 per-

163 2231 285 2270 versa
313 2230 488 2284 agens,
522 2213 775 2281 regimen
806 2221 972 2265 tenet.

218 2305 288 2360 Nil
330 2305 587 2374 cuiquam
645 2302 888 2372 proderit
951 2299 1214 2355 :estimari
1281 2310 1534 2367 sanctus,
1595 2317 1716 2356 eum

166 2413 247 2452 non
272 2398 351 2452 sit.

218 2488 346 2544 Nitor
369 2488 609 2546 vestium
640 2485 1006 2558 pretiosarum
1053 2493 1325 2553 separata
1357 2499 1522 2557 regno
1548 2485 1716 2541 coale-

171 2596 278 2634 mm.

188 2692 194 2698 ο
225 2670 368 2725 Nimis
394 2669 628 2726 dolenda
670 2669 1042 2739 praesumptio,
1073 2670 1214 2737 quod
1245 2684 1307 2724 ea
1347 2669 1485 2723 mala
1516 2683 1718 2738 praesn-

173 2772 295 2817 munt
332 2761 630 2820 Christiani
687 2777 808 2832 qua:
865 2771 1225 2816 exsecrantur
1284 2761 1512 2830 pagani;
1590 2775 1716 2815 nam

171 2854 418 2907 Christiani
463 2853 558 2908 Dei
613 2853 697 2908 sui
741 2862 1164 2921 sanctorumque
1207 2852 1495 2906 destruunt
1527 2867 1715 2906 mona-

173 2945 334 3012 steria;
363 2945 553 3016 pagani
573 2958 774 3016 autem
810 2959 906 2999 sua
937 2953 1269 3002 venerantur
1293 2944 1455 2999 idola.

221 3035 362 3090 Nemo
385 3037 607 3099 nobilis,
639 3036 741 3089 nisi
767 3051 929 3104 quem
962 3035 1212 3108 nobilitat
1237 3034 1429 3090 virtus.

222 3128 314 3184 Nisi
334 3129 446 3201 quis
471 3129 727 3182 timorem
759 3143 1113 3196 amoremque
1143 3125 1236 3180 Dei
1266 3135 1394 3184 ante
1431 3141 1488 3182 se
1508 3126 1712 3198 iugiter

172 3232 315 3290 ponat,
343 3223 496 3276 citius
526 3222 580 3276 in
613 3221 833 3290 aliquod
860 3227 1140 3290 peccatum
1174 3219 1395 3274 labitur.

223 3311 342 3367 Nihil
363 3329 497 3368 seire
523 3311 610 3366 vel
640 3326 859 3374 curare,
897 3311 999 3364 hoc
1025 3318 1109 3363 est
1137 3319 1409 3362 mortuum
1435 3308 1636 3363 vivere.

222 3403 293 3459 Nil
314 3416 453 3475 petas
479 3405 629 3476 quod
662 3414 961 3474 negaturus
987 3417 1068 3458 es.

226 3493 367 3552 Nemo
394 3495 760 3566 periculosius
787 3504 978 3564 peccat
1021 3508 1186 3562 quam
1212 3493 1305 3564 qui
1348 3502 1568 3563 peccata
1615 3493 1711 3549 de-

175 3583 320 3641 fendit.
1160 3569 1167 3575 ’

222 3675 362 3730 Nemo
384 3692 440 3733 se
465 3686 600 3732 satis
639 3674 822 3730 metiri
851 3674 1108 3744 praavalet
1171 3675 1278 3730 nisi
1309 3674 1542 3730 alterum
1577 3687 1709 3730 eon-

172 3765 343 3822 sideret.

220 3875 314 3932 Non
335 3878 476 3934 vivas
500 3879 664 3934 aliter
693 3877 746 3932 in
776 3876 1092 3942 solitudine,
1125 3877 1284 3932 aliter
1312 3878 1364 3931 in
1401 3880 1532 3932 foro.

225 3969 366 4042 Negat
397 3972 496 4026 sibi
530 3973 650 4042 ipse
678 3970 770 4040 qui
805 3970 948 4039 quod
984 3967 1200 4023 difficile
1228 3977 1310 4023 est
1342 3970 1496 4038 petit.

225 4059 340 4116 Nihil
367 4079 620 4134 magnum
651 4072 738 4118 est
775 4061 828 4115 in
860 4061 1022 4116 rebus
1052 4061 1338 4127 humanis,
1368 4061 1470 4115 nisi
1495 4060 1710 4115 animus

173 4165 320 4222 magna
343 4155 668 4224 despiciens.

219 4239 333 4298 Nulli
355 4245 596 4317 imponas
631 4246 777 4316 quod
806 4247 920 4316 ipse
946 4245 1056 4315 pati
1087 4259 1190 4298 non
1219 4251 1389 4311 potes.

221 4327 360 4386 Nemo
386 4335 594 4411 positus
622 4335 675 4389 in
703 4335 904 4390 smculo
929 4348 1156 4390 securus
1185 4332 1530 4386 abrenuntiat
1557 4332 1670 4386 illo.

1821 1861 1982 1916 detur
2008 1868 2063 1912 et
2093 1861 2145 1912 in
2175 1858 2352 1926 ignem
2384 1856 2653 1912 mittetur.

1891 1950 2051 2006 Omni
2087 1948 2303 2002 habenti
2331 1946 2576 2008 dabitur;
2595 1945 2664 1999 ah
2691 1959 2756 2000 eo
2781 1953 2962 1999 autem
2992 1959 3081 2014 qui
3097 1959 3200 1999 non
3221 1943 3408 2010 habet,

1819 2050 1873 2098 et
1898 2041 2043 2111 quod
2073 2040 2235 2094 habet
2260 2037 2536 2091 auferetur
2561 2036 2628 2090 ab
2649 2051 2736 2090 eo.
3015 2050 3020 2054 ·

1891 2133 2065 2189 Omne
2105 2138 2391 2200 peccatum
2424 2136 2479 2182 et
2515 2125 2851 2196 blasphemia
2885 2124 3197 2180 remittetur
3234 2122 3408 2186 hornis

1820 2226 2010 2288 nibus;
2047 2221 2288 2291 Spiritus
2315 2227 2496 2272 autem
2527 2215 2859 2284 blasphemia
2890 2230 2996 2268 non
3030 2214 3359 2268 remittetur.

1889 2314 2076 2377 Orate,
2106 2327 2172 2364 ne
2199 2309 2319 2378 fuga
2349 2319 2529 2361 veSIra
2560 2304 2652 2358 fiat
2681 2305 2856 2358 hieme
2887 2303 2970 2356 vel
2999 2303 3242 2358 sabbato.

1886 2405 2044 2462 Omni
2089 2413 2328 2469 tempore
2379 2397 2608 2453 benedic
2654 2395 2846 2460 Deum,
2871 2404 2927 2449 et
2960 2403 3085 2464 pete
3127 2394 3195 2447 ab
3237 2407 3302 2446 eo
3347 2399 3408 2446 ut

1818 2501 1935 2555 vias
1963 2511 2082 2553 tuas
2105 2496 2325 2565 dirigat.

1843 2621 1850 2628 ε
1888 2593 2047 2648 Omni
2074 2588 2291 2658 negotio
2315 2593 2526 2654 tempus
2554 2591 2637 2638 est
2659 2589 2713 2636 et
2733 2581 3131 2650 opportunitas.

1889 2681 2046 2738 Omni
2088 2676 2332 2734 custodia
2373 2689 2527 2728 serva
2555 2688 2652 2728 cor
2685 2680 2830 2726 tuum
2851 2711 2866 2737 ,
2895 2670 3021 2739 quia
3056 2684 3123 2724 ex
3146 2668 3262 2738 ipso
3293 2667 3405 2723 vita

1857 2773 2084 2829 recedit.

1857 2791 2084 2829 roeetm.

1818 2791 1851 2847 Ρ
1882 2863 2213 2922 Oecasiones
2234 2856 2428 2928 quaerit
2453 2853 2544 2924 qui
2570 2860 2681 2905 vu.t
2705 2850 2959 2906 recedere
2987 2849 3056 2903 ab
3080 2848 3275 2901 amico.

1890 2955 2084 3011 Omnia
2135 2952 2221 3006 fac
2271 2963 2394 3003 cum
2445 2944 2692 3009 consilio,
2757 2951 2812 2996 et
2865 2949 2986 3010 post
3040 2939 3242 2994 factum
3295 2952 3402 2991 non

1855 3045 2128 3104 muitebis.

1855 3066 2128 3104 (Bltltcms.

1816 3066 1852 3120 Ρ
1889 3143 2078 3200 Omnis
2127 3136 2394 3210 sapientia
2427 3149 2457 3189 a
2500 3131 2731 3187 Domino
2781 3129 2894 3184 Deo
2931 3135 3014 3183 est
3048 3134 3103 3180 et
3145 3139 3267 3180 cum
3312 3122 3402 3178 illo

1815 3242 1918 3297 fuit
1945 3252 2178 3297 semper.
2321 3249 2326 3254 ’
3176 3291 3180 3296 ,

1884 3255 1918 3295 Il
1945 3255 2058 3295 SOI“
2098 3255 2178 3292 ΘΓ.
3176 3291 3180 3296 .

1884 3255 2094 3390 Odiump
2123 3327 2353 3384 suscitat
2395 3324 2575 3388 rixas,
2617 3327 2673 3375 et
2703 3318 2956 3374 universa
3000 3315 3195 3372 delicta
3224 3315 3404 3386 operit

1815 3422 2072 3480 cltaritas.

1885 3511 2074 3570 Omnis
2109 3522 2240 3564 caro
2278 3505 2508 3568 fmnum,
2532 3509 2590 3556 et
2625 3498 2806 3555 omnis
2854 3496 3027 3567 gloria
3080 3492 3199 3565 ejus
3242 3495 3401 3566 quasi

1886 3623 1910 3660 S
1940 3619 2077 3660 θαι-ι.

1886 3623 1910 3660 s
1940 3619 2077 3658 θαι-ι.

1813 3606 2081 3751 “oOmDnia
2126 3695 2386 3759 operatur
2417 3697 2556 3737 unus
2586 3689 2751 3750 atque
2786 3677 2928 3733 idem
2957 3674 3232 3746 Spiritus,
3259 3673 3400 3728 divi-

1811 3789 1947 3845 dens
1973 3781 2204 3854 singulis
2233 3787 2393 3848 prout
2427 3773 2562 3829 vult.

1881 3879 2055 3933 Omne
2081 3871 2443 3943 quodcunque
2473 3863 2654 3919 facitis
2687 3862 2740 3916 in
2776 3858 2942 3914 verbo
2977 3862 3074 3912 aut
3102 3855 3156 3910 in
3202 3866 3398 3923 opere,

1811 3968 1993 4023 omnia
2024 3965 2077 4019 in
2116 3961 2335 4017 nomine
2367 3955 2580 4011 Domini
2613 3951 2775 4016 Jesu,
2811 3949 3016 4021 gratias
3040 3954 3260 4018 agentes
3291 3945 3400 3999 Deo

1810 4059 1958 4116 Patri
1987 4072 2084 4127 per
2116 4055 2290 4124 ipsum
2624 4135 2629 4136 γ
3185 4125 3216 4136 Α

1881 4149 2086 4206 Omnes
2108 4143 2390 4199 unanimes
2416 4139 2469 4193 in
2493 4135 2743 4194 oratione
2767 4137 2962 4192 estote,
2983 4131 3398 4194 compaticntes,

1811 4237 2172 4298 fraternitatis
2246 4239 2554 4293 amatores,
2625 4220 3042 4280 misericordes,
3123 4214 3395 4279 modesti,

1809 4331 2070 4390 humiles.

221 4418 316 4477 Non
356 4395 534 4494 homo,
575 4442 684 4482 non
729 4442 920 4482 aurum
967 4435 1224 4497 poterunt
1266 4424 1398 4479 dare
1437 4440 1705 4494 quemque
1737 4464 1786 4523 ὓ
1883 4423 2056 4479 Omne
2101 4415 2358 4482 gaudium
2402 4413 2747 4469 existimate,
2793 4415 2918 4457 eum
2967 4399 3021 4453 in
3070 4395 3396 4459 tentationes

1425 4513 1663 4586 [beatum
1685 4557 1700 4581 ,

279 4601 370 4660 Sed
398 4607 592 4662 virtute
626 4606 721 4662 Dei
755 4607 1001 4662 consistit
1028 4607 1138 4661 vita
1169 4605 1336 4661 beati.

187 4687 190 4692 ’
223 4686 291 4744 Nil
315 4705 530 4763 peccant
551 4697 722 4762 oculi,
753 4697 798 4752 si
825 4713 979 4752 mens
1005 4696 1134 4752 velit
1162 4697 1248 4750 his
1283 4693 1574 4749 dominari.

224 4779 318 4836 Non
344 4789 530 4855 poterit
562 4789 666 4843 dici
696 4804 856 4858 quam
887 4788 1055 4843 multa
1086 4788 1156 4842 sit
1178 4803 1268 4842 ars
1297 4785 1524 4842 inimici.

223 4867 290 4924 Nil
312 4878 488 4932 eredas
510 4887 713 4941 aetum,
740 4894 862 4933 cum
889 4878 1188 4948 quidquam
1219 4887 1386 4932 restat
1412 4875 1699 4944 agendum.

195 4958 293 5016 ‘Nil
313 4967 520 5033 prodest
549 4968 805 5025 didicisse
831 4969 1060 5032 bonum,
1092 4968 1193 5022 nisi
1220 4961 1416 5022 feceris
1447 4965 1597 5022 illud.

229 5047 289 5104 Ne
311 5059 510 5112 tardare
534 5057 691 5124 velis,
717 5060 762 5114 si
792 5074 954 5129 quem
979 5065 1295 5113 convertere
1316 5056 1511 5130 possis.

228 5137 366 5182 Νοιηη
388 5158 677 5182 nne-Anulus.
728 5150 828 5182 υἷιιῖ
859 5149 1124 5182 norit-anAn
1158 5159 1433 5184 mou-nanus.

1809 4514 1994 4570 varias
2022 4505 2342 4565 incideritis.

1883 4602 2073 4661 Omnis
2105 4597 2194 4670 qui
2221 4596 2334 4651 odit
2361 4591 2586 4646 fratrem
2612 4603 2795 4652 suum,
2827 4582 3098 4639 homicida
3134 4587 3241 4634 est.

1878 4694 2114 4752 Obedire
2135 4695 2351 4760 oportet
2375 4684 2488 4739 Deo
2519 4680 2687 4749 magis
2714 4692 2878 4749 quam
2910 4673 3239 4730 hominibus.

1879 4788 2050 4845 Omne
2083 4786 2264 4840 datum
2292 4779 2559 4849 optimum
2587 4784 2644 4830 et
2670 4786 2833 4828 omne
2865 4773 3063 4825 donum
3095 4765 3396 4838 perfectum

1811 4884 2095 4939 desursum
2122 4883 2227 4940 est,
2259 4872 2597 4927 descendens
2623 4881 2654 4919 a
2693 4866 2859 4922 Patre
2885 4861 3171 4915 lnmimun.

1879 4973 2080 5031 Oculus
2103 4985 2209 5024 non
2238 4965 2374 5020 vidit
2408 4974 2465 5018 et
2490 4960 2641 5017 auris
2673 4974 2787 5016 non
2819 4953 3054 5016 audivit',
3085 4965 3188 5005 nec
3225 4949 3279 5002 in
3308 4961 3400 5000 cor

1807 5067 2048 5122 hominis
2089 5059 2370 5124 ascendit,
2398 5073 2520 5128 quae
2555 5049 2897 5123 prmparavit
2939 5043 3087 5100 Deus
3129 5036 3397 5108 diligenti.

1805 5159 1905 5184 ‘\---
1933 5175 1989 5186 ..Α
