3942 5340
563 323 667 379 5‘25

641 437 905 493 Otiositas
934 435 1151 490 inimica
1180 441 1263 487 est
1286 433 1502 487 animae.

640 529 832 584 Omnis
858 528 972 582 dies
1003 526 1145 579 velut
1179 524 1403 579 ultimus
1434 521 1746 577 tractandus
1777 530 1877 576 est.

638 620 969 675 Ornamenta
999 615 1260 670 ctelorum
1288 615 1518 669 virtutes
1547 621 1672 668 sunt
1707 610 2138 681 praedicandum.

637 711 856 766 Otiosus
881 718 964 763 est
990 723 1172 761 sermo
1203 707 1442 762 doctoris
1462 746 1476 772 ,
1516 706 1618 761 nisi
1657 704 1894 775 Spiritus
1920 712 2142 759 sanctus

568 800 720 855 cordi
760 797 899 853 adsit
927 797 1196 852 audientis

635 888 882 944 Otiosum
918 889 1142 943 verbum
1190 897 1273 944 est
1304 901 1445 959 quoa
1474 898 1568 943 aut
1610 888 1820 943 ratione
1854 886 2016 956 iustae
2041 900 2140 942 ne-

562 981 836 1036 cessitatis
861 989 953 1034 aut
984 980 1286 1035 intentione
1312 981 1411 1049 piae
1441 979 1690 1034 utilitatis
1712 987 1881 1035 caret.
2083 975 2085 977 ’

632 1071 891 1126 Oratione
913 1072 1166 1126 continua
1193 1078 1516 1139 superantur
1545 1069 1693 1122 vitia.

628 1161 770 1234 Opes
802 1172 1050 1218 terrenas
1087 1163 1330 1218 sitientes
1363 1162 1669 1232 spiritualia
1695 1162 1834 1218 dona
1863 1174 2138 1231 nunquam

560 1263 839 1308 tuerentur
865 1253 1132 1322 accipere.

631 1343 819 1397 Omnis
852 1341 1020 1412 gloria
1065 1351 1118 1397 et
1147 1341 1317 1396 virtus
1363 1341 1418 1396 in
1462 1341 1871 1410 comparatione
1917 1339 2140 1410 majoris

561 1432 740 1487 minus
776 1433 966 1486 claret.
1215 1467 1218 1470 .
1361 1452 1364 1455 -

629 1521 818 1578 Omnis
881 1521 1062 1576 divina
1135 1521 1433 1591 percussio,
1519 1529 1612 1574 aut
1682 1519 1932 1591 purgatio
2017 1519 2139 1575 vita:

563 1613 848 1686 praesentis
869 1620 972 1678 est,
1008 1621 1100 1667 aut
1132 1611 1343 1666 initium
1367 1620 1538 1681 preme
1561 1613 1855 1680 sequentis.

637 1703 867 1760 Omnino
899 1711 1065 1766 errat,
1094 1703 1184 1772 qui
1231 1717 1328 1771 per
1348 1715 1536 1772 pacem
1565 1709 1620 1756 et
1645 1702 1812 1756 otium
1842 1716 1899 1756 se
1924 1701 2134 1772 assequi

562 1794 894 1863 triumphum
920 1797 1094 1863 putat.

628 1886 912 1942 Oratorem
937 1894 987 1940 te
1020 1896 1168 1956 puta,
1229 1885 1272 1940 si
1305 1884 1619 1955 tibimetipsi
1665 1885 2001 1954 persuaseris
2048 1898 2138 1953 ge-

559 1979 746 2033 renda.

628 2067 841 2136 Optima
868 2083 950 2133 re,
981 2067 1032 2121 id
1063 2074 1147 2121 est
1197 2066 1483 2120 clementia
1516 2065 1633 2130 Dei,
1680 2065 1914 2135 pessime
1964 2063 2132 2117 abuti-

559 2177 702 2226 mur,
735 2176 856 2216 cum
880 2175 975 2232 per
998 2160 1112 2230 ejus
1167 2160 1486 2232 patientiam
1519 2174 1734 2213 omnem
1761 2157 2138 2228 praesumimus

561 2255 880 2323 nequitiam.

628 2343 885 2401 Oblivisci
915 2345 1211 2399 maximum
1241 2353 1324 2399 est
1352 2343 1604 2399 accidens
1645 2341 2062 2411 negligentibus.

627 2436 953 2492 Occasiones
975 2438 1165 2491 deesse
1191 2448 1295 2490 non
1324 2442 1549 2505 possunt
1575 2433 1848 2503 perituris.

633 2529 961 2598 Obsequium
983 2527 1209 2592 amicos,
1244 2527 1447 2580 veritas
1465 2525 1648 2579 odium
1673 2519 1844 2593 parit.

626 2618 780 2675 Oculi
841 2617 1146 2688 petulantes
1207 2617 1388 2672 cordis
1445 2613 1712 2668 luxuriosi
1773 2619 1900 2668 sunt
1950 2611 2126 2680 prodi-

559 2715 726 2762 tores.
789 2731 793 2737 -
1105 2725 1109 2727 ·

627 2799 865 2856 Occulta:
921 2805 976 2852 et
1039 2797 1244 2868 jugiter
1283 2803 1606 2866 perpetrata:
1643 2792 1815 2863 culpa:
1856 2801 2137 2847 merentur

559 2901 621 2947 ut
657 2906 811 2960 reges
831 2898 1184 2960 pastoresque
1224 2875 1465 2956 perversi
1493 2885 1915 2940 constituantur.

631 2980 824 3037 Omnia
857 2979 977 3034 lidei
1007 2987 1325 3050 argumenta
1345 2975 1580 3031 maxime
1604 2990 1632 3028 a
1655 2972 1942 3042 praeteritis
1971 2971 2134 3027 rebus

557 3078 685 3126 sunt
704 3068 1048 3124 assumenda.

629 3159 806 3230 Opere
837 3157 1027 3212 melius
1050 3171 1212 3226 quam
1243 3155 1421 3211 verbis
1471 3155 1611 3210 Deus
1632 3153 1883 3209 laudatur
1906 3160 1962 3208 et
1989 3166 2121 3222 pra:-

556 3253 790 3308 dicatur.
1631 3259 1640 3267 ‘

625 3340 840 3412 Optima
871 3354 1004 3396 voce
1025 3339 1266 3411 quidem,
1312 3339 1407 3395 sed
1434 3347 1652 3409 pectore
1694 3337 1931 3410 pessima
1960 3335 2130 3400 nisus,

623 3431 716 3488 llle
735 3439 821 3488 est
851 3431 1114 3486 dicendus
1136 3430 1328 3493 hostis,
1354 3445 1460 3483 non
1487 3428 1626 3484 fidus
1655 3429 1879 3484 amicus.

621 3521 796 3578 Omne
824 3523 967 3592 quod
989 3519 1296 3590 est'justum
1321 3520 1514 3575 merito
1545 3518 1648 3574 dici
1689 3517 1827 3572 valet
1857 3532 2040 3572 unum.

623 3612 901 3670 Orandum
925 3628 1160 3682 semper,
1192 3627 1259 3667 ne
1284 3611 1609 3666 seducamur
1642 3609 1711 3664 ab
1741 3611 1915 3663 hoste.

621 3703 780 3758 Omni
820 3702 1042 3772 praelato
1063 3701 1335 3769 subjectus
1357 3700 1432 3755 sis
1461 3699 1618 3770 quasi
1642 3697 1860 3753 Christo

621 3792 816 3850 Omnia
844 3808 964 3862 qua;
985 3793 1153 3846 voluit
1180 3791 1341 3855 Deus,
1370 3792 1436 3845 ad
1476 3805 1535 3844 se
1577 3789 1804 3859 mystice
1838 3786 2022 3840 traxit.

622 3883 897 3953 Oppositis
926 3883 1107 3946 rebus,
1136 3896 1256 3950 qua:
1278 3881 1391 3935 sint
1421 3879 1644 3935 meliora
1696 3879 1963 3933 videmus.

624 3973 669 4028 0
692 3973 910 4042 quantis
934 3971 1080 4027 curis
1115 3987 1268 4026 mens
1297 3971 1504 4042 indiget
1536 3970 1788 4025 omnibus
1817 3970 1990 4025 boris!

626 4061 699 4119 Os
729 4062 873 4133 quod
903 4063 1179 4127 mentitur,
1211 4061 1444 4116 animam
1472 4060 1721 4132 jugulare
1761 4059 2018 4117 refertur.

1143 4185 1384 4277 ‘CAPUT
1414 4188 1530 4245 xv.

621 4325 799 4396 Prope
817 4332 903 4380 est
930 4321 1190 4379 Dominus
1215 4321 1468 4377 omnibus
1497 4320 1876 4376 invocantibus
1917 4333 2039 4376 eum
2072 4319 2126 4402 in

555 4419 804 4474 veritate.
1144 4447 1148 4452 -
1205 4463 1208 4472 .
1483 4469 1486 4472 .
1712 4431 1714 4434 '

623 4508 870 4564 Pr’etiosa
919 4507 972 4562 in
1030 4515 1325 4578 conspectu
1367 4504 1581 4562 Domini
1622 4517 1769 4560 mors
1810 4511 2122 4574 sanctorunI

554 4597 690 4669 ejus.
892 4595 894 4597 ’
1112 4599 1116 4604 ’
1325 4619 1328 4622 ’
2054 4652 2057 4654 ,

626 4689 860 4745 Prohibe
887 4689 1124 4761 linguam
1154 4696 1300 4745 tuam
1327 4704 1358 4744 a
1381 4689 1542 4756 malo,
1569 4699 1624 4745 et
1652 4690 1792 4746 labia
1835 4697 1925 4745 tua
1956 4703 2024 4744 ne
2048 4689 2125 4744 lo-

555 4779 794 4849 quantur
816 4780 1022 4835 dolum.
1122 4799 1125 4801 ·

625 4867 891 4924 Patientia
921 4885 1212 4941 pauperum
1241 4886 1349 4926 non
1372 4871 1571 4942 peribit
1595 4871 1648 4928 in
1679 4871 1858 4928 finem.

622 4959 800 5016 Petite
843 4970 901 5016 et
951 4962 1166 5017 dabitur
1212 4964 1386 5030 vobis,
1443 4965 1671 5033 quaerite
1708 4974 1764 5020 et
1810 4965 2116 5033 invenietis,

553 5051 766 5122 pulsate
788 5061 846 5107 et
866 5053 1141 5122 aperietur
1169 5055 1344 5110 vobis.
1899 5120 1901 5122 η

623 5145 904 5202 Perfectus
924 5148 1100 5201 omnis
1129 5148 1252 5214 erit,
1281 5150 1326 5202 si
1349 5150 1419 5204 sit
1448 5150 1590 5204 sicut
1630 5148 1887 5220 Magister
1914 5150 2047 5219 ejus.

557 5273 560 5276 ~
622 5236 824 5294 Potens
885 5247 970 5294 est
1024 5238 1166 5294 Deus
1215 5239 1601 5310 dedapidibus
1671 5241 1936 5296 suscitare
1988 5243 2127 5298 filios

1589 303 1890 376 ornLoru
1929 307 2232 375 MONA'Ctit
2271 316 2328 373 s.
2370 303 2787 374 EMMERAMMl

2084 422 2089 430 ’
2170 433 2220 491 Α
2317 428 2575 499 Princeps
2655 430 2748 499 qui
2803 429 3035 486 libenter
3095 431 3248 488 audit
3295 432 3458 488 verba
3532 435 3812 504 mendacii,

3713 323 3813 382 521

2245 536 2432 576 omnes
2463 521 2742 576 ministros
2773 522 2933 576 habet
2957 523 3170 592 impios.

2313 611 2559 667 Perversi
2587 611 2805 667 dilIicile
2830 610 3198 684 corriguntur.

2314 701 2529 757 Pondus
2553 711 2607 757 et
2631 703 2860 769 pondus,
2897 719 3152 760 mensura
3197 713 3253 761 et
3278 716 3554 770 mensura,
3605 717 3810 765 utrum-

2243 801 2348 862 que
2373 792 2733 846 abominabile
2761 801 2846 848 est
2877 803 3003 849 ante
3031 793 3221 850 Deum.

2317 884 2423 938 Per
2451 899 2570 954 quae
2597 884 2719 954 quis
2751 895 2960 954 peccat,
2989 901 3086 955 per
3115 887 3227 942 haec
3253 896 3308 942 et
3338 895 3645 957 torquetur.

2315 975 2547 1031 Probata
2573 977 2746 1031 virtus
2777 977 3000 1046 corripit
3028 977 3367 1048 insipientes;

2315 1069 2570 1123 Potentes
2597 1077 2848 1138 potenter
2875 1077 3141 1124 tormenta
3166 1070 3468 1139 patiuntur.

2311 1159 2546 1229 Propter
2587 1165 2812 1229 peccata
2869 1159 3052 1231 populi
3105 1161 3333 1231 regnare
3381 1159 3511 1215 facit
3565 1159 3811 1215 Dominus

2242 1243 2582 1323 hypoeritam

2313 1342 2566 1398 Peccator
2628 1341 2712 1396 vel
2741 1349 3140 1412 puer-centum
3185 1355 3451 1398 annorum
3504 1340 3810 1398 maledicta!

2243 1435 2322 1490 eri
2330 1443 2367 1488 t.

2311 1522 2579 1594 Pugnabit
2607 1523 2754 1578 orbis
2785 1531 3051 1578 terrarum
3083 1531 3273 1577 contra
3307 1523 3635 1578 insensatos.

2312 1615 2443 1671 Post
2469 1614 2939 1683 concupiscentias
2969 1606 3089 1668 tuas
3112 1629 3215 1669 non
3237 1628 3348 1668 eas.

2319 1704 2601 1760 Plenitudo
2625 1704 2756 1774 legis
2783 1713 2867 1758 est
2889 1703 3125 1758 dilectio.

2172 1781 2215 1841 Β
2312 1796 2608 1854 Prudentia
2638 1797 2822 1851 carnis
2850 1811 2997 1850 mors
3025 1804 3130 1860 est,
3155 1794 3439 1865 prudentia
3487 1803 3671 1851 autem
3714 1796 3812 1870 spis

2238 1895 2375 1952 ritus
2401 1894 2508 1948 vita
2537 1902 2590 1949 et
2611 1909 2736 1964 pax.

2307 1983 2546 2038 Probate
2574 1983 2818 2052 spiritus,
2843 1997 2886 2036 st
2917 1997 2984 2036 ex
3012 1983 3125 2038 Deo
3155 1981 3283 2036 sint.

2306 2073 2496 2128 Petitis
2517 2084 2571 2129 et
2600 2089 2706 2129 non
2735 2074 2999 2143 accipitis,
3022 2089 3086 2128 eo
3117 2073 3258 2143 quod
3285 2071 3421 2126 male
3445 2071 3669 2141 petatis.

2311 2163 2603 2223 Peccatum
2626 2181 2747 2220 cum
2767 2175 3197 2220 consummatum
3228 2163 3413 2230 fuerit,
3443 2171 3670 2233 generat
3689 2175 3810 2216 mor-

2241 2265 2372 2312 tem.

2306 2344 2410 2401 Per
2443 2343 2640 2400 multas
2697 2343 3074 2400 tribulationes
3117 2352 3329 2415 opertet
3359 2356 3459 2400 nos
3515 2343 3724 2397 intrare
3752 2341 3799 2394 iu

2240 2450 2462 2507 regnum
2500 2435 2617 2490 Del.

2306 2526 2603 2581 Peccantes
2647 2541 2830 2581 coram
2878 2526 3130 2581 omnibus
3177 2532 3499 2597 arguantur,
3537 2533 3603 2579 ut
3636 2521 3806 2579 exteri

2237 2625 2436 2670 metum
2468 2615 2720 2670 habeant.

2263 2722 2265 2725 '
2310 2707 2561 2778 Plerique
2584 2708 2752 2763 Deum
2787 2710 3009 2765 vocibus
3031 2718 3348 2780 sequuntur,
3377 2708 3625 2764 moribus
3645 2714 3808 2761 autem

2237 2797 2474 2869 fugiunt.

2305 2887 2502 2943 Plenus
2531 2899 2722 2944 venter
2759 2888 2918 2945 facile
2941 2889 3180 2961 disputat
3207 2890 3270 2944 dc
3293 2888 3540 2961 jejuniis.

2305 2971 2570 3034 Probatio'
2590 2979 2893 3036 dilectionis
2927 2981 3190 3036 exbibitio
3223 2989 3307 3035 est
3332 2980 3531 3050 operis.

2302 3067 2612 3126 Perfectum
2642 3070 2825 3125 odium
2852 3079 2955 3137 est,
2986 3071 3129 3140 quod
3184 3086 3285 3126 nec
3334 3069 3546 3141 justitia
3601 3084 3700 3124 nec
3727 3083 3805 3122 ra-

2244 3160 2392 3215 tione
2423 3151 2590 3216 Caret.

2308 3249 2476 3306 Ρ.οεὶιί
2505 3251 2559 3304 in
2601 3250 2812 3306 deliciis
2841 3251 3124 3309 attendere
3184 3260 3462 3323 nequeunt
3507 3261 3713 3324 quanta
3745 3252 3806 3305 sit

2234 3357 2394 3412 poena
2428 3341 2708 3412 perennis.

2305 3438 2569 3493 Paciﬁcus
2596 3437 2757 3493 homo
2784 3437 2925 3496 filius
2947 3440 3042 3496 Dei
3066 3451 3306 3496 meretur
3325 3442 3528 3496 vocari.

2303 3527 2416 3582 Pax
2450 3542 2575 3583 vera
2605 3537 2688 3583 est
2715 3528 2942 3584 dicenda
2992 3544 3112 3586 cum
3141 3531 3363 3601 spiritus
3390 3539 3446 3585 et
3464 3543 3596 3585 caro
3621 3541 3803 3585 convc-

2234 3617 2393 3672 niuut
2418 3619 2732 3673 omnimodo

2303 3707 2408 3763 Pro
2464 3707 2724 3777 qualitate
2773 3711 3108 3766 audientium
3160 3709 3382 3766 formari
3433 3711 3596 3767 debet
3636 3724 3803 3766 sermo

2234 3799 2537 3856 doctorum.

2303 3890 2408 3944 Per
2430 3891 2671 3961 quinque
2702 3893 2949 3962 corporis
2986 3907 3196 3957 sensus,
3224 3894 3378 3962 quasi
3408 3907 3506 3962 per
3546 3892 3799 3964 quasdam

2232 3979 2523 4046 fenestras,
2554 3981 2702 4037 intus
2722 3982 2882 4036 datur
2917 3983 2983 4037 ad
3012 3983 3247 4037 animam
3288 3983 3564 4038 introitus.

2302 4068 2528 4125 Peecata
2551 4071 2798 4140 quaedam
2844 4071 3080 4126 animam
3109 4070 3372 4141 polluuut,
3403 4075 3652 4142 quaedam
3682 4081 3800 4124 vero

2231 4162 2605 4231 exstinguunt.
3283 4228 3289 4234 ο

2301 4251 2562 4307 Parentes
2598 4253 2653 4308 in
2687 4262 2898 4309 tantum
2949 4253 3208 4326 diligendi
3260 4262 3386 4309 sunt
3406 4260 3462 4308 et
3485 4250 3800 4313 honorandi,

2230 4353 2489 4414 quantum
2519 4345 2594 4400 illi
2623 4344 2852 4414 subjecti
2883 4358 3008 4402 sunt
3035 4362 3250 4402 summo
3278 4345 3451 4400 Patri.

2156 4462 2204 4522 ο
2301 4438 2489 4494 Pravis
2518 4441 2758 4496 moribus
2786 4455 3004 4518 semper
3031 4441 3214 4510 gravis
3256 4449 3339 4494 est
3365 4438 3474 4492 vita
3517 4437 3797 4509 bonorum.

2299 4530 2480 4586 Pallor
2499 4540 2553 4586 et
2575 4531 2766 4586 sordes
2794 4533 2950 4600 quasi
2977 4547 3204 4602 gemma:
3231 4531 3402 4586 videri
3444 4529 3645 4586 debent
3696 4541 3798 4584 mo.

2231 4620 2418 4674 nacliis
2443 4631 2498 4675 et
2523 4619 2851 4690 virginibus.

2297 4708 2541 4764 Praelatis
2589 4723 2654 4763 ac
2704 4708 3012 4765 senioribus
3067 4709 3179 4765 suis
3214 4709 3531 4766 inobediens
3570 4715 3797 4762 meretur

2227 4805 2306 4862 ut,
2334 4797 2378 4850 si
2409 4795 2522 4866 ipse
2542 4796 2800 4866 prelatus
2822 4795 2987 4852 fuerit
3023 4796 3315 4867 aliquibus,
3356 4795 3426 4851 ab
3476 4796 3560 4851 eis
3605 4795 3794 4851 similia

2225 4885 2476 4956 patiatur.

2297 4974 2578 5030 Profectus
2605 4976 2828 5045 quidam
2876 4984 2982 5044 est,
3011 4976 3066 5030 in
3101 4976 3278 5039 paruis
3301 4977 3402 5033 hoc
3430 4978 3607 5049 ipsum
3633 4988 3790 5046 agno.

2227 5080 2380 5120 scere
2409 5079 2506 5119 cur
2531 5066 2803 5121 merueris
2824 5080 3064 5136 pmnam.

2301 5155 2519 5210 Partica:
2543 5156 2744 5210 mentis
2764 5170 2943 5210 sermo
2971 5155 3133 5210 debet
3152 5171 3275 5212 esse
3303 5157 3550 5227 pudicus.

2296 5244 2430 5298 Pars
2458 5244 2730 5314 sacrilegii
2757 5254 2843 5299 est
2870 5259 2956 5300 res
2983 5259 3281 5314 pauperum
3309 5262 3414 5301 non
3439 5247 3572 5300 dare
3600 5259 3795 5316 paupe-
