3942 5340
121 173 224 230 315
1293 170 1499 228 LIBER
1536 169 2104 229 PROVERBIOBUH.
2775 195 2784 201 '
3267 182 3372 238 526

177 285 368 341 Pinnas
400 282 750 355 gravissimas
771 282 1096 352 quandoque
1144 291 1272 337 sunt
1300 284 1536 350 passuri,
1583 284 1674 355 qui
1706 289 1758 348 Α
1850 281 1949 349 Qui
1997 286 2361 355 nouacccpit
2407 286 2457 341 iu
2499 303 2637 344 vano
2681 289 2917 345 animam
2953 307 3105 348 suam
3154 308 3253 356 nec
3279 295 3369 367 ju-

120 391 246 432 nunc
270 390 367 446 pro
389 373 681 429 sceleribus
702 374 814 428 suis
846 381 1078 426 renuunt
1105 388 1271 441 parva
1292 371 1496 443 ﬂagella
1547 375 1678 444 pati.
1785 373 1922 427 ravit
1968 373 2018 426 in
2060 374 2182 428 dolo
2214 377 2460 444 proximo
2495 393 2624 444 suo,
2665 381 2752 435 hic
2781 382 3004 451 accipiet
3032 382 3368 442 benedictio-

184 465 569 520 Providendum
599 473 684 518 est
710 463 921 517 cunctis
953 480 1050 532 pro
1083 463 1176 518 Dei
1199 479 1386 518 amore
1414 465 1562 518 licita
1598 480 1687 518 rc-
1785 481 1907 519 nem
1957 481 1988 520 a
2035 466 2262 522 Domino
2313 479 2368 523 et
2417 474 2846 528 tn'serfcordiam
2899 491 2928 530 a
2983 478 3093 533 Deo
3143 478 3368 538 salutari

118 557 494 627 liuquentibus,
521 571 588 610 ne
616 556 792 623 lepide
817 555 1062 609 viventes
1086 555 1150 608 ad
1169 555 1355 609 illicita
1401 565 1679 610 corruant.
1788 569 1907 611 suo.

180 648 360 702 Pastor
385 645 611 714 quilibet
645 645 800 715 fugit,
832 659 956 699 cum
983 642 1237 711 subjectis
1268 644 1522 698 solatium
1551 645 1681 698 sub-
1853 646 1954 712 Qui
1999 647 2264 702 semiuant
2309 649 2362 703 in
2406 649 2657 720 lacrymis
2685 693 2699 719 ,
2745 654 2796 708 in
2846 657 3202 713 exsultatione
3247 674 3365 718 me-

120 739 284 800 trahit,
314 746 406 790 aut
437 735 757 804 injustitiam
781 735 972 790 Videns
995 751 1100 791 non
1128 737 1470 791 contradicit.
1784 743 1915 789 teut.

176 828 366 881 Parcus
391 828 545 882 cibus
569 835 625 880 et
667 833 854 882 venter
895 841 1112 896 semper
1139 829 1388 882 esuriens
1419 825 1683 880 triduanis
1853 826 2090 892 Quterite
2131 828 2362 898 primum
2395 846 2617 901 regnum
2650 834 2743 889 Dei
2770 843 2824 889 et
2843 833 3106 904 justitiam
3134 838 3281 909 ejus,
3305 848 3365 898 et

112 916 307 985 jejuuiis
334 915 642 985 praefertur.
1780 918 1896 974 haec
1923 921 2104 974 omnia
2137 922 2458 992 adjicientur
2486 923 2659 980 vobis.

176 1005 456 1061 Peccatum
489 1013 710 1074 peccato
739 1003 1012 1074 adjicitur,
1043 1020 1164 1060 cum
1197 1005 1250 1060 id
1303 1007 1444 1075 quod
1489 1005 1678 1076 nequi-
1850 1008 1988 1076 Quid
2029 1011 2248 1075 prodest
2292 1012 2496 1066 homini
2545 1014 2588 1068 si
2631 1015 2886 1070 numdum
2925 1017 3234 1075 universum
3283 1022 3364 1078 lu-

119 1107 185 1152 ter
204 1105 402 1167 gestum
429 1107 530 1159 est,
561 1096 814 1165 nequiter
840 1097 1006 1151 etiam
1038 1097 1368 1152 defenditur.
1778 1109 1983 1165 cretur,
2011 1101 2205 1156 anima:
2232 1117 2358 1158 vero
2389 1119 2498 1158 sua:
2529 1105 2908 1160 detrimentum
2940 1109 3177 1176 patiatur

131 1187 482 1256 Priusquam
519 1187 803 1257 promittas
840 1188 1099 1254 delibera,
1125 1203 1194 1244 ne
1250 1203 1345 1260 per
1398 1189 1662 1258 promissa
1853 1189 2027 1257 Quam
2074 1193 2224 1248 dabit
2286 1195 2447 1250 homo
2502 1198 2981 1254 commutationem
3034 1217 3131 1271 pro
3181 1203 3359 1260 anima

117 1280 309 1334 minime
334 1279 546 1350 expleta
581 1282 810 1334 mendax
837 1281 1059 1336 dicaris.
1777 1281 1909 1335 sua?

173 1369 410 1426 Probatio
429 1380 636 1426 sancta:
674 1371 966 1428 voluntatis
996 1373 1138 1429 nolle
1161 1389 1388 1444 peccare
1413 1391 1532 1430 cum
1559 1391 1676 1445 pos-
1845 1375 1944 1440 Qui
1975 1384 2055 1430 est
2090 1391 2155 1431 ex
2184 1377 2314 1442 Deo,
2347 1379 2507 1433 verba
2543 1378 2632 1438 Dei
2671 1381 2820 1436 audit

118 1463 193 1516 gis.
1166 1515 1172 1521 ,
1845 1467 1947 1534 Qui
1997 1469 2190 1523 viderit
2237 1470 2516 1525 mulierem
2555 1472 2622 1525 ad
2675 1487 3158 1543 concupiscendam
3201 1491 3355 1544 eam,

172 1549 490 1607 Possibilitas
526 1551 665 1609 bene
704 1561 759 1608 et
785 1553 923 1608 male
962 1554 1154 1623 agendi
1184 1554 1432 1624 probatio
1469 1563 1551 1610 est
1583 1570 1672 1609 ar-
1769 1557 1882 1629 jam
1915 1559 2214 1614 mrechatus
2245 1569 2330 1614 est
2357 1576 2474 1614 eam
2506 1560 2557 1614 in
2585 1563 2748 1616 corde
2775 1578 2894 1617 suo.

115 1641 255 1706 bitrii,
286 1651 342 1696 et
365 1658 528 1698 causa
557 1644 846 1715 cujuslibet
875 1646 1079 1700 meriti.
1701 1637 1751 1713 Β
1847 1647 1946 1714 Qui
1998 1652 2432 1718 perseveraverit
2481 1667 2651 1721 usque
2704 1652 2756 1706 in
2811 1653 3000 1717 finem,
3046 1653 3134 1709 hic
3178 1656 3358 1715 salvus

173 1732 411 1787 Pharisazi
444 1732 659 1801 justitia
706 1735 865 1804 periit
893 1751 956 1790 ex
985 1736 1272 1806 superbia,
1308 1746 1362 1792 et
1398 1737 1671 1806 publicani
1773 1741 1898 1795 erit.

115 1823 343 1890 injustitia
373 1824 677 1881 humilitate
708 1834 792 1880 est
815 1835 1032 1880 sanata.
1843 1834 1973 1900 Quae
2003 1836 2355 1907 impossibilia
2400 1847 2526 1895 sunt
2570 1840 2710 1910 apud
2755 1841 3034 1908 homines,
3079 1843 3354 1914 possibilia

175 1913 462 1968 Periculum
490 1930 770 1986 nunquam
800 1915 917 1970 sine
942 1914 1180 1984 periculo
1209 1917 1466 1982 vincitur.
1773 1931 1899 1976 sunt
1924 1927 2064 1993 apud
2091 1926 2280 1982 Deum.

171 2000 278 2056 Plus
299 2012 425 2058 sunt
450 2003 703 2059 laudandi
747 2004 886 2060 bene
931 2003 1193 2060 facientes
1222 2021 1386 2076 quam
1426 2009 1563 2063 bene
1583 2008 1669 2062 di-
1842 2015 1946 2083 Qui
1988 2018 2098 2072 odit
2149 2020 2385 2074 animam
2423 2037 2574 2076 suam
2612 2021 2665 2075 in
2695 2021 2797 2077 hoc
2832 2023 3062 2090 mundo,
3095 2023 3150 2080 in
3186 2024 3354 2080 vitam
3391 2063 3410 2076 .

116 2100 272 2148 centes
383 2126 385 2128 -
1037 2125 1039 2127 ί
1769 2113 2024 2160 aeternam
2055 2110 2286 2163 custodit
2317 2126 2457 2165 eam.

170 2187 440 2245 Prudentia
475 2203 654 2244 rerum
687 2191 865 2244 exitus
892 2191 1134 2246 metitur.
1843 2197 1992 2263 Quod
2025 2200 2166 2254 Deus
2193 2203 2488 2272 conjunxit,
2514 2206 2673 2259 homo
2709 2221 2812 2259 non
2845 2215 3078 2276 separet.

172 2277 391 2334 Pecunia
452 2288 582 2334 tunc
633 2279 693 2333 fit
741 2281 997 2348 pretiosa,
1046 2297 1170 2336 cum
1213 2297 1312 2352 pro
1346 2283 1440 2338 Dei
1483 2299 1669 2342 amore
1838 2288 1940 2356 Qui
1973 2290 2169 2346 dixerit
2203 2291 2353 2348 fratri
2388 2310 2486 2350 suo
2518 2297 2753 2361 :Fatue,
2805 2313 2928 2353 reus
2955 2298 3059 2353 erit
3095 2299 3351 2369 gehennzs

119 2371 343 2426 translata
373 2372 426 2426 in
455 2371 590 2426 alios
612 2371 812 2426 desinit
841 2373 1129 2441 possideri.
1769 2381 1928 2450 ignis.

169 2459 373 2538 Plurimi
397 2462 617 2517 student
641 2477 707 2516 ne
735 2463 802 2516 ad
823 2465 1136 2532 pauperiem
1167 2467 1418 2532 veniant;
1452 2469 1668 2538 paucis-
1839 2475 1939 2542 Qui
1973 2476 2204 2533 infidelis
2226 2488 2309 2534 est
2339 2480 2392 2534 in
2432 2482 2676 2547 minimo,
2709 2493 2764 2539 et
2795 2483 2848 2535 in
2894 2482 3082 2550 majori
3115 2481 3348 2539 infidelis

116 2550 210 2604 simi
231 2566 355 2606 vero
381 2551 628 2606 laborant
659 2568 724 2610 ne
760 2553 812 2606 in
842 2553 1144 2622 gehennam
1172 2557 1431 2612 incidant.
1667 2599 1670 2602 ~
1769 2573 1869 2618 est.

137 2693 139 2695 .
171 2641 379 2699 Plurimi
400 2709 405 2714 η
424 2644 730 2710 infamiam,
774 2646 933 2715 pauci
983 2661 1112 2703 vero
1167 2657 1426 2702 verentur
1481 2658 1665 2705 reatus
1834 2656 1996 2722 Quasi
2020 2655 2195 2710 scelus
2215 2657 2533 2714 idololatria:
2557 2669 2664 2724 est,
2686 2661 2792 2714 Deo
2817 2661 2954 2716 nolle
2975 2665 3342 2732 acquiescere.

116 2735 490 2790 conscientiam.
1835 2746 2070 2814 Quaarite
2105 2749 2391 2804 Dominum
2431 2749 2558 2805 dum
2598 2753 2824 2807 inveniri
2855 2762 3053 2822 potest,
3092 2756 3337 2812 invocato

169 2823 410 2882 Peccandi
453 2829 560 2882 duo
586 2842 787 2900 genera
827 2839 992 2884 sunt:
1035 2845 1199 2884 unum
1244 2845 1307 2885 ex
1366 2832 1658 2902 proposito,
1765 2849 1886 2888 eum
1926 2835 2051 2888 dum
2093 2852 2258 2906 prope
2283 2847 2386 2891 est.

117 2913 231 2970 aliud
255 2933 319 2972 ex
350 2919 699 2990 negligentia.
1698 3001 1731 3006 _
1835 2926 1936 2994 Qui
1974 2929 2207 2983 advertit
2238 2946 2424 2985 aurem
2456 2947 2606 2987 suam
2634 2947 2703 2987 ne
2745 2933 2928 2989 audiat
2955 2933 3147 3006 legem,
3176 2933 3350 2988 oratio

169 3006 339 3064 Pacem
361 3025 480 3080 cum
505 3011 816 3068 hominibus
843 3013 1068 3078 habeas,
1100 3014 1301 3069 bellum
1332 3030 1454 3071 cum
1480 3017 1650 3074 vitiis.
1687 3001 1732 3060 (ἶ
1763 3015 1880 3084 ejus
1904 3017 2011 3072 erit
2031 3018 2403 3074 exsecrabilis.

169 3098 395 3156 Pecunia:
418 3103 692 3172 imperare
718 3113 956 3173 oportet,
989 3120 1095 3159 non
1126 3105 1352 3160 servire.
1833 3105 1935 3172 Qui
1963 3108 2206 3175 sequitur
2226 3106 2492 3175 justitiam
2523 3109 2764 3179 diligitur
2789 3127 2816 3163 a
2845 3112 3090 3167 Domino.

175 3190 394 3263 Plangite
423 3210 563 3248 nunc
588 3194 797 3258 miseri,
819 3196 1158 3249 consuescite
1185 3211 1324 3250 nunc
1350 3196 1657 3268 lacrymari,
1834 3193 1936 3260 Qui
1962 3194 2135 3266 diligit
2165 3196 2498 3265 disciplinam
2523 3197 2694 3268 diligit
2715 3200 3062 3270 sapientiam.

170 3280 282 3336 Cum
310 3291 520 3355 tempus
547 3283 737 3346 ﬂendi,
770 3299 893 3340 eum
925 3293 1135 3355 tempus
1160 3286 1231 3340 sit
1257 3287 1569 3342 misereudi.
1833 3283 1932 3350 Qui
1963 3287 2133 3355 parcit
2165 3288 2328 3357 virga;
2355 3288 2469 3342 odit
2500 3288 2686 3343 lilium.
2765 3349 2768 3352 .

172 3371 438 3443 Paupertas
461 3376 658 3432 anima:
683 3373 856 3443 major
882 3391 1043 3444 quam
1081 3378 1323 3446 corporis
1353 3387 1548 3432 exstat.
1833 3374 1932 3441 Qui
1959 3375 2239 3430 abscondit
2266 3377 2468 3432 scelera
2506 3394 2624 3441 sua,
2665 3394 2770 3433 non
2799 3380 3094 3448 dirigetur;
3125 3383 3214 3452 qui
3250 3399 3348 3439 au-

170 3461 387 3518 Peccans
410 3466 651 3534 quotidie
683 3465 901 3519 studeat
925 3481 983 3520 se
1012 3473 1133 3519 mox
1162 3482 1439 3536 reparare.
1510 3509 1512 3511 .
1763 3471 1870 3517 tem
1903 3463 2182 3520 confessus
2218 3465 2383 3520 fuerit
2409 3474 2462 3521 et
2490 3466 2768 3537 reliquerit
2795 3484 2881 3534 ea,
2915 3465 3344 3528 misericordiam

137 3601 139 3604 .
170 3550 426 3610 Perfectus
445 3557 600 3610 miles
628 3565 824 3625 penSat
855 3557 1157 3624 saepissime
1180 3557 1345 3612 vires.
1761 3564 2144 3623 consequetur.

173 3641 413 3700 Providus
441 3647 494 3699 in
527 3647 744 3701 cunctis
767 3655 1025 3716 operatur
1055 3647 1128 3701 nil
1151 3648 1270 3701 sine
1293 3663 1478 3703 causa.
1835 3643 1937 3710 Qui
1967 3647 2204 3701 custodit
2238 3662 2300 3702 os
2334 3662 2511 3714 suum,
2545 3648 2778 3704 custodit
2803 3657 2856 3703 et
2887 3649 3123 3705 animam
3167 3666 3342 3705 suam.

173 3729 422 3789 Perversa:
449 3737 616 3790 menti
644 3751 744 3790 sua
781 3736 936 3805 culpa
968 3744 1050 3790 est
1075 3738 1306 3791 maxima
1331 3753 1510 3808 paena.
1832 3735 1933 3802 Qui
1986 3737 2146 3792 olTert
2201 3739 2524 3794 sacrificium
2576 3754 2643 3794 ex
2693 3741 2992 3796 substantia
3046 3743 3300 3813 pauperis
3325 3783 3340 3809 ,

171 3821 428 3894 Promptus
450 3827 532 3878 vel
562 3826 738 3881 facilis
766 3826 834 3880 ad
865 3828 1003 3882 risus
1027 3828 1306 3882 schemata
1338 3844 1408 3882 ne
1435 3828 1532 3884 sis.
1759 3830 1911 3899 quasi
1952 3831 2042 3900 qui
2073 3831 2314 3885 victimat
2337 3831 2502 3898 filium
2535 3831 2585 3885 in
2615 3842 2903 3902 conspectu
2933 3834 3102 3903 patris
3133 3835 3235 3890 sui.

170 3910 386 3986 Praeceps
453 3917 520 3972 ad
567 3917 740 3974 risum
792 3932 1033 3987 praeceps
1083 3933 1300 3989 quoque
1369 3919 1540 3974 fertur
1591 3925 1658 3975 ad
1830 3919 1994 3988 Quasi
2024 3931 2314 3991 tempestas
2342 3923 2540 3994 impius
2564 3925 2873 3992 pertransit.

389 4051 392 4056 -
801 4067 804 4070 .
1395 4011 1578 4084 [iram.
1829 4013 1930 4081 Qui
1959 4030 2159 4084 pronus
2186 4025 2267 4070 est
2296 4015 2361 4069 ad
2388 4015 2810 4071 misericordiam
2841 4015 3208 4072 benedicetur.

171 4093 400 4168 Princeps
430 4099 663 4170 injustus
687 4114 878 4154 servos
901 4100 1063 4156 habet
1089 4109 1140 4156 et
1175 4101 1417 4157 vitiosos.
1829 4105 1930 4173 Qui
1963 4106 2116 4160 fratri
2145 4121 2242 4161 suo
2273 4116 2431 4176 parat
2458 4105 2690 4168 foveam,
2726 4107 2840 4175 ipse
2865 4105 3065 4172 incidet
3090 4105 3142 4159 in
3173 4105 3352 4159 illam.'

171 4186 481 4252 Peusandum
522 4193 738 4248 cunctis
763 4193 940 4264 qualis
971 4203 1188 4248 maneat
1216 4194 1320 4250 sibi
1352 4195 1493 4250 finis.
1828 4194 1930 4262 Qui
1977 4196 2155 4250 mollis
2203 4205 2258 4250 et
2286 4197 2580 4251 dissolutus
2615 4206 2699 4250 est
2745 4197 2799 4250 in
2828 4209 2992 4264 opere
3021 4208 3142 4262 suo,
3175 4194 3350 4250 frater.

167 4277 386 4339 Pluribus
425 4284 662 4340 intentus
693 4283 874 4338 minor
894 4293 980 4339 est
1003 4285 1069 4338 ad
1101 4284 1310 4355 singula
1334 4299 1546 4340 sensus.
1686 4340 1730 4355 κ
1758 4294 1840 4340 est
1871 4299 1966 4339 sua
1998 4300 2162 4354 opera
2189 4285 2522 4354 dissipantis.

168 4369 382 4430 Prresens
410 4377 522 4430 vita
554 4377 769 4453 brevis,
806 4377 901 4431 sed
930 4378 1035 4433 erit
1061 4340 1282 4433 ventura
1304 4380 1576 4448 perennis.
1686 4340 1736 4402 θ
1829 4373 1959 4440 Quae
1987 4388 2093 4428 non
2121 4387 2414 4442 congregas
2442 4374 2495 4427 in
2526 4373 2830 4442 juventute,
2858 4373 3128 4444 quomodo
3148 4388 3211 4430 ea
3240 4373 3340 4430 lia.

167 4459 298 4522 Panis
321 4467 558 4523 caelestis
583 4471 924 4540 prmponitur
949 4472 1203 4528 omnibus
1227 4471 1388 4526 escis.
1754 4465 1884 4522 bere
1921 4465 2123 4535 poteris
2147 4465 2200 4518 in
2228 4466 2561 4520 senectute?‘
2805 4479 2829 4508 τ’
2883 4470 2885 4473 ’
2975 4467 2978 4470 ’
3067 4467 3070 4473 ’
3343 4469 3345 4471 ’

647 4558 883 4617 CAPUT
923 4560 1060 4615 XVI.
1822 4553 1974 4620 Quod
2007 4556 2158 4610 timet
2193 4555 2410 4626 impius,
2444 4556 2620 4612 veniet
2647 4573 2812 4629 super
2839 4573 2982 4614 eum.

169 4641 304 4708 Quam
334 4648 712 4707 bonus‘lsra'el
738 4651 880 4708 Deus
901 4651 984 4706 his
1009 4648 1111 4722 qui
1129 4647 1277 4708 recto
1305 4661 1432 4707 sunt
1460 4651 1644 4708 corde.

1420 4661 1432 4707 ι
1460 4651 1644 4708 corde.
1821 4645 1923 4713 Qui
1954 4647 2162 4702 modica
2195 4647 2425 4718 spernit,
2458 4649 2718 4718 paulatim
2745 4649 2977 4705 decidet.

169 4733 368 4800 Quaerite
389 4741 699 4810 Dominum,
730 4751 786 4798 et
821 4743 1241 4809 contirmamini,
1289 4744 1517 4814 quaerite
1558 4742 1643 4798 fa-
1778 4779 1784 4789 ,
1822 4737 2190 4808 Quodcunque
2233 4747 2412 4808 potest
2448 4755 2639 4795 manus
2673 4739 2874 4805 facere,
2909 4741 3174 4797 instanter
3210 4755 3338 4812 ope-

121 4819 223 4878 ciem
240 4829 342 4898 ejus
369 4847 604 4900 semper.
989 4885 992 4889 ,
1760 4845 1884 4885 rare
1916 4847 1930 4884 :
1971 4831 2098 4900 quia
2125 4847 2225 4888 nec
2245 4848 2398 4902 opus,
2426 4848 2526 4889 nec
2550 4835 2711 4900 ratio,
2740 4849 2842 4889 nec
2888 4834 3149 4902 sapientia
3185 4839 3344 4890 erunt

171 4913 368 4981 Quaerite
403 4923 713 4986 Dominum,
739 4931 794 4978 et
826 4923 973 4977 vivet
998 4921 1176 4977 anima
1213 4934 1417 4981 vestra.
1755 4922 1894 4992 apud
1927 4921 2150 4988 inferos,
2183 4940 2289 4992 quo
2321 4933 2372 4977 tu
2399 4939 2681 4994 properas.

171 5005 250 5072 Qui
277 5013 465 5069 timetis
490 5016 798 5080 Dominum,
833 5013 1052 5068 laudate
1075 5029 1218 5071 eum.
1823 5011 1924 5079 Qui
1969 5014 2195 5068 obdurat
2232 5030 2416 5068 aurem
2456 5031 2608 5070 suam
2639 5020 2705 5073 ad
2739 5017 3033 5072 clamorem
3066 5009 3346 5085 pauperi-3;

170 5097 248 5165 Qui
273 5106 479 5178 diligitis
511 5110 822 5173 Dominum,
849 5107 998 5163 odite
1019 5109 1240 5168 malum.
1751 5111 1808 5159 et
1839 5103 1953 5172 ipse
1979 5103 2235 5159 clamabit
2261 5113 2314 5159 et
2343 5119 2449 5159 non
2485 5109 2826 5162 exaudietur.

173 5191 410 5258 Quomodo
445 5205 735 5259 miseretur
767 5212 930 5274 pater
973 5199 1223 5270 filiorum,
1257 5206 1517 5259 misertus
1555 5213 1640 5258 est

1823 5195 1924 5261 Qui
1963 5197 2142 5251 erudit
2167 5196 2486 5259 derisorem,
2521 5197 2635 5264 ipse
2665 5196 2796 5251 facit
2825 5190 2925 5244 sibi
2959 5188 3231 5278 iniuriam.

127 5277 325 5340 Dominus
368 5294 677 5340 timentibus
705 5309 782 5340 sn-
821 5291 1078 5340 niioniam
1123 5295 1233 5340 inen
1275 5292 1530 5340 patunmril.
1580 5294 1642 5340 ﬁ-
1819 5287 1921 5340 Oui
1949 5287 2048 5340 sibi
2080 5301 2310 5340 nequam
2341 5295 2445 5340 est.
2472 5287 2558 5340 cui
2588 5289 2763 5340 bonus
2800 5281 2948 5336 erit?
