3942 5340
563 231 668 291 527

571 375 574 378 ~
632 348 737 415 Qui
770 348 823 402 in
851 361 958 401 uno
985 343 1223 407 otl‘endit,
1254 342 1416 398 multa
1447 341 1584 396 bona
1614 342 1811 412 perdit.

571 466 574 469 ·
641 443 744 509 Qui
794 442 950 496 docet
996 438 1230 501 fatutnn,
1279 435 1432 506 quasi
1475 435 1566 504 qui
1609 433 1938 504 conglutinat
1981 447 2148 487 arena

570 541 784 589 restatn.

637 622 851 688 Quanto
880 632 1104 684 magnus
1125 631 1201 679 es,
1232 614 1456 669 humilia
1487 622 1536 668 te
1562 613 1614 666 in
1641 612 1908 667 omnibus.

571 740 578 746 -
637 711 739 778 Qui
771 708 962 763 timent
987 709 1254 778 pruinam,
1281 707 1459 759 veniet
1481 718 1642 774 super
1675 718 1769 757 eos
1799 703 1909 756 nix.

635 803 737 870 Qui
787 803 978 857 timent
1025 802 1223 865 Deum,
1265 814 1370 853 non
1417 806 1576 852 erunt
1609 793 1950 850 incredibiles
1983 795 2150 847 veroo

564 893 728 948 illius.

637 983 739 1050 Qui
777 982 830 1037 in
879 981 1057 1038 stadio
1101 989 1366 1045 currunt,
1406 993 1592 1033 omnes
1636 976 1852 1046 quidem
1898 983 2143 1040 currunt,

562 1076 659 1131 sed
689 1091 827 1129 unus
857 1075 1053 1143 accipit
1084 1073 1348 1128 bravium.

635 1164 955 1234 Quicunque
986 1163 1214 1216 voluerit
1239 1161 1443 1215 amicus
1469 1173 1591 1214 esse
1619 1156 1800 1213 smculi
1835 1155 2013 1226 hujus,
2050 1154 2150 1208 iui-

565 1258 743 1312 micus
772 1257 863 1311 Dei
888 1255 1255 1310 constituitur.

635 1350 739 1418 Qui
770 1367 830 1406 se
858 1351 1129 1404 existimat
1155 1357 1319 1409 stare,
1350 1344 1528 1398 videat
1555 1357 1620 1397 ne
1647 1342 1824 1396 cadat.

635 1441 738 1510 Qui
778 1442 940 1496 habet
971 1453 1186 1502 aurem,
1217 1437 1400 1492 audiat
1432 1436 1562 1505 quid
1607 1433 1844 1504 Spiritus
1871 1431 2015 1487 dicat
2049 1429 2150 1487 Ec-

565 1533 768 1589 el'esiis.

636 1626 737 1694 Qui
783 1625 1025 1681 converti
1073 1621 1260 1678 fecerit
1306 1630 1645 1692 peccatorem
1691 1618 1760 1674 ab
1810 1629 1997 1672 errore
2046 1616 2148 1670 vite

563 1727 694 1778 stite,
731 1714 960 1768 salvabit
989 1714 1226 1766 animam
1251 1709 1368 1779 ejus
1394 1726 1423 1764 a
1453 1717 1645 1764 morte.

636 1802 737 1870 Qui
767 1818 874 1858 non
918 1804 1230 1866 manducat,
1266 1801 1680 1855 manducantem
1721 1811 1826 1852 non
1852 1795 2077 1865 judicet.

585 1937 589 1941 .
633 1893 736 1960 Qui
763 1908 1004 1958 suorum,
1035 1901 1092 1948 et
1113 1893 1345 1946 maxime
1367 1889 1809 1950 domesticormn,
1835 1901 2020 1940 curam
2045 1900 2150 1940 non

562 1986 750 2051 habet,
779 1987 936 2040 tidem
967 1985 1181 2054 negavit
1204 1995 1258 2038 et
1279 1993 1361 2038 est
1382 1980 1580 2037 infideli
1613 1979 1868 2034 deterior.

520 2108 541 2123 .
583 2095 590 2119 ι
634 2075 955 2144 Quicunque
977 2075 1173 2145 spiritu
1205 2074 1297 2128 Dei
1324 2081 1575 2143 aguntur,
1609 2071 1661 2123 hi
1690 2069 1781 2122 ﬁlii
1813 2078 1937 2122 sunt
1961 2065 2079 2121 Dei.

634 2167 740 2235 Qui
771 2169 959 2222 viderit
985 2169 1207 2222 fratrem
1236 2183 1390 2221 suum
1423 2165 1802 2220 necessitatem
1832 2163 2148 2230 patientem,

565 2265 622 2311 et
662 2257 919 2312 clauserit
955 2258 1160 2312 viscera
1208 2271 1305 2311 sua
1349 2257 1418 2311 ab
1461 2270 1556 2321 co,
1602 2253 1872 2324 quomodo
1913 2249 2152 2306 charitas

564 2346 659 2401 Dei
689 2357 865 2402 manet
894 2348 946 2402 in
969 2348 1069 2402 eo?

633 2435 734 2503 Qui
768 2452 928 2506 parce
953 2437 1202 2500 seminat,
1235 2451 1396 2506 parce
1424 2444 1477 2490 et
1501 2442 1684 2488 metet.

586 2552 596 2577 ς
619 2528 738 2594 'Qui
764 2528 1044 2598 gloriatur,
1073 2529 1125 2581 in
1157 2527 1385 2582 Domino
1411 2526 1688 2597 glorietur.
1996 2569 1999 2573 .

638 2615 984 2685 Quaecunque
1019 2615 1220 2684 scripta
1251 2621 1394 2676 sunt,
1443 2613 1510 2666 ad
1560 2621 1797 2666 nostram
1850 2612 2149 2667 doctrinam

562 2709 762 2776 scripta
805 2715 966 2767 sunt,
1019 2717 1078 2759 ut
1121 2720 1215 2774 per
1264 2704 1579 2773 patientiam
1625 2711 1681 2757 et
1728 2703 2150 2759 consolationem

563 2794 968 2864 Scripturarum
993 2809 1146 2863 spem
1181 2794 1492 2847 habeamus.

636 2886 789 2952 Quod
819 2885 913 2938 tibi
943 2899 1047 2938 non
1076 2885 1156 2938 vis
1185 2884 1321 2949 ﬁeri,
1354 2883 1445 2937 alii
1476 2898 1544 2938 ne
1577 2881 1792 2937 feceris.

636 2973 738 3041 Qui
780 2974 1014 3042 ignorat,
1045 2974 1399 3042 ignorabitur.

637 3062 954 3131 Quicunque
992 3064 1289 3117 servaverit
1331 3071 1497 3116 totam
1533 3060 1736 3132 legem,
1777 3059 2015 3117 oﬂ‘endat
2058 3076 2128 3116 an

567 3161 682 3207 tem
713 3155 765 3207 in
795 3169 924 3217 uno,
953 3154 1126 3208 factus
1149 3165 1228 3208 est
1253 3153 1492 3208 omnium
1529 3169 1670 3207 reus.

639 3245 854 3310 Quanto
882 3246 1042 3300 altior
1071 3247 1290 3317 gradus,
1322 3255 1472 3300 tanto
1519 3246 1834 3316 profundior
1863 3261 2042 3301 casus.

641 3331 828 3400 Qualis
857 3335 997 3404 apud
1037 3351 1096 3390 se
1139 3335 1367 3405 quisque
1407 3335 1593 3400 lateat,
1642 3326 1786 3390 illata
1824 3336 2152 3390 contumelia

568 3425 780 3493 probat.
841 3481 844 3484 ,

642 3513 814 3580 Quam
855 3513 1068 3571 laudem
1120 3515 1450 3571 merebimur
1483 3515 1550 3569 de
1594 3513 1797 3586 pallore
1836 3515 2056 3586 jejunii,
2107 3516 2154 3570 si

570 3604 770 3660 invidia
799 3621 984 3660 sumus
1017 3607 1188 3660 lividi.

641 3697 780 3764 Quid
812 3698 1026 3752 virtutis
1055 3697 1256 3752 habent
1297 3700 1481 3753 vinum
1526 3714 1634 3753 non
1671 3697 1938 3765 bibentes,
1981 3699 2028 3754 si
2073 3699 2155 3754 ira

571 3797 738 3856 atque
762 3788 887 3841 odio
917 3787 1289 3842 inebriantur‘!

647 3875 787 3941 Quid
820 3877 1036 3945 prodest
1064 3877 1335 3931 attenuari
1362 3893 1561 3948 corpus
1586 3879 1932 3947 abstinentia,
1963 3879 2006 3936 si
2040 3880 2157 3934 ani-

573 3983 695 4022 mus
721 3977 1044 4021 intumescat
1074 3969 1365 4036 superbia9

645 4056 808 4125 Quasi
836 4057 1190 4114 insacculutn
1219 4068 1500 4127 pertusum
1533 4073 1618 4113 res
1645 4075 1771 4114 suas
1803 4059 2019 4130 ingerit,
2060 4060 2153 4129 qui

571 4156 630 4203 et
651 4149 787 4204 bona
819 4149 993 4220 aliqua
1016 4149 1148 4219 agit,
1183 4162 1239 4204 et
1266 4160 1448 4204 tamen
1495 4149 1635 4204 nulla
1671 4151 1955 4220 pravitatis
1985 4151 2158 4208 solita:

573 4239 754 4294 studia
784 4239 1005 4294 deserit.

609 236 668 290 27
1594 224 1895 286 OTHLONI
1933 221 2240 284 MONACHI
2275 221 2336 278 S.
2374 219 2792 278 EMMERAMMI

2172 335 2226 394 Α

3719 225 3813 284 5Ξ8

2319 333 2574 404 Quisquis
2599 333 2798 404 cogitat
2834 331 2963 402 quid
3009 330 3120 388 Deo
3168 340 3380 400 voveat,
3427 347 3490 389 se
3518 333 3689 404 ipsum
3732 355 3815 396 vo-

2247 432 2374 477 veat
2400 433 2454 477 et
2485 423 2691 477 reddat.

2323 512 2591 581 Quidquid
2638 509 2928 581 voluptatis
2962 519 3046 566 est
3073 510 3448 578 seminarium,
3493 515 3728 568 castitati
3765 517 3815 572 fit

2254 604 2604 659 contrarium.

2265 726 2268 728 η
2320 695 2421 762 Qui
2453 710 2772 750 succurrere
2811 695 3050 765 perituro
3079 705 3276 766 potest,
3315 698 3359 752 si
3391 715 3497 753 non
3523 711 3812 768 succurrat,

2252 804 2377 844 reus
2409 791 2596 844 mortis
2622 790 2737 858 ejus
2763 791 2886 846 erit.

2323 878 2424 945 Qui
2452 881 2634 935 verbis
2664 881 2873 935 lenibus
2897 891 3075 951 potest
3095 884 3316 956 corrigi,
3341 901 3448 941 non
3473 886 3632 944 debet
3660 888 3813 946 incre-

2249 973 2468 1042 patione
2506 974 2640 1027 dura
2670 975 3000 1043 exasperari.

2322 1062 2594 1134 Quidquid
2643 1065 2860 1134 pietatis
2911 1057 3184 1121 invenitur
3230 1069 3542 1124 hominibus
3595 1069 3812 1139 factum,

2247 1156 2436 1226 gratia:
2463 1157 2656 1211 divina:
2681 1165 2893 1211 constat
2925 1157 3285 1214 referendum.

2319 1247 2420 1314 Qui
2464 1249 2639 1303 zelum
2669 1249 2763 1305 Dei
2797 1265 2903 1305 non
2939 1248 3159 1316 habent,
3192 1251 3377 1308 multis
3421 1253 3710 1311 virtutibus
3735 1270 3812 1312 ca-

2249 1346 2388 1392 rent.

2320 1427 2492 1494 Quam
2529 1426 2742 1484 ditIicile
2771 1430 2962 1499 surgit,
2998 1445 3158 1501 quem
3187 1430 3356 1488 moles
3396 1447 3579 1502 pravae
3605 1447 3816 1489 consue-

2251 1517 2451 1572 tudinis
2481 1519 2768 1588 deprimit!

2319 1606 2744 1678 Quantacunque
2783 1609 2854 1664 sit
2892 1607 3106 1677 iustitia
3144 1610 3401 1678 humana,
3449 1610 3588 1667 nihil
3623 1621 3707 1668 est
3744 1612 3814 1668 di-

2177 1678 2224 1738 Β
2251 1695 2388 1748 vina:
2404 1693 2627 1761 iustitia:
2657 1707 2988 1768 comparata.

2321 1785 2422 1853 Qui
2449 1787 2583 1841 casti
2609 1799 2958 1857 perseverant
2995 1799 3050 1846 et
3082 1791 3340 1862 virgines,
3367 1792 3575 1864 angelis
3603 1791 3695 1850 Dei
3722 1792 3818 1850 etii.

2251 1875 2469 1930 cinntur
2495 1877 2753 1946 aequales.

2321 1965 2664 2038 Quaecunque
2696 1985 3005 2027 mensuram
3039 1971 3328 2040 excedunt,
3355 1973 3622 2031 daemonia
3647 1989 3817 2048 sugge~

2251 2065 2397 2111 runt.
2461 2091 2465 2096 α

2321 2145 2666 2218 Qumcunque
2709 2150 3006 2220 spiritualis
3055 2153 3332 2221 sapientiae
3389 2153 3559 2208 verba
3615 2153 3818 2222 gentiles

2251 2235 2352 2289 viri
2398 2237 2760 2306 protulerunt,
2792 2239 2905 2296 lucc
2935 2241 3055 2297 ideo
3105 2243 3423 2312 disponente
3468 2243 3584 2299 Deo
3634 2244 3816 2314 prolata

2250 2333 2400 2391 Sunt,
2450 2336 2510 2380 ut
2538 2326 2828 2397 Christiani
2857 2346 2966 2386 non
2994 2332 3169 2387 solum
3205 2348 3237 2388 a
3271 2334 3412 2398 suis,
3439 2335 3535 2390 sed
3580 2336 3740 2389 etiam
3762 2334 3818 2386 ab

2252 2417 2444 2474 alienis
2474 2421 2890 2478 instruerentur.
2973 2462 2976 2464 η

2327 2511 2598 2578 Quantum
2644 2515 2762 2584 quis
2801 2516 2855 2570 in
2896 2517 3200 2574 humilitate
3236 2527 3291 2574 et
3319 2519 3573 2576 castitate
3598 2518 3820 2590 profece-

2252 2605 2342 2671 rit,
2375 2615 2582 2661 tantum
2619 2607 2730 2664 Deo
2757 2612 3225 2681 appropinquabit.

2325 2697 2538 2765 Quanto
2564 2715 2716 2755 mens
2743 2700 2802 2754 tit
2832 2703 3002 2757 divisa
3045 2703 3113 2757 ad
3143 2703 3310 2758 multa
3340 2718 3534 2774 opera,
3586 2711 3733 2758 tanto
3770 2701 3819 2755 tit

2251 2786 2432 2841 minor
2453 2787 2520 2841 ad
2549 2788 2777 2856 singula.

2324 2875 2537 2942 Quanto
2564 2877 2737 2947 major
2770 2879 2996 2933 scientia
3025 2880 3316 2951 unicuique
3341 2882 3524 2948 datur,
3553 2889 3704 2936 tanto
3725 2894 3820 2935 ma-

2252 2964 2333 3036 gis
2365 2966 2558 3020 tentari
2599 2968 2951 3036 permittitur.

2322 3057 2424 3124 Qui
2475 3073 2749 3127 nunquam
2801 3058 2989 3114 didicit
3038 3061 3294 3127 subesse,
3331 3061 3460 3116 nulli
3509 3069 3693 3132 potest
3732 3059 3820 3114 rite

2251 3161 2504 3217 prceesse.

2322 3240 2463 3304 Quid
2491 3241 2761 3296 infelicius
2801 3257 2962 3310 quam
2988 3251 3276 3314 conspecta
3301 3241 3566 3296 felicitate
3610 3241 3818 3297 aliorum

2252 3326 2428 3388 afﬁci?
3647 3338 3649 3341 '

2323 3419 2458 3486 Quid
2491 3420 2700 3476 cuidam
2730 3423 2950 3491 prodest
2977 3420 3110 3478 forts
3131 3437 3250 3479 esse
3274 3423 3430 3491 Cato,
3456 3439 3580 3479 cum
3607 3432 3674 3479 su
3693 3428 3820 3478 intus

2253 3509 2429 3565 Nero?

2324 3600 2464 3668 Quid
2490 3601 2710 3670 prodest
2739 3580 2861 3657 ullis
2889 3601 3137 3657 incedere
3173 3602 3224 3656 in
3253 3601 3596 3657 vestimentis
3633 3601 3818 3662 ovium,

2256 3691 2303 3746 si
2335 3692 2662 3748 intrinsecus
2689 3701 2878 3762 gerant
2908 3695 3068 3747 corda
3099 3693 3386 3763 luporum?

2329 3781 2620 3852 Quousque
2649 3783 2853 3837 homini
2884 3798 2988 3838 non
3017 3783 3298 3854 displicent
3327 3783 3470 3838 mala
3497 3799 3529 3839 a
3572 3799 3633 3840 se
3674 3782 3819 3846 facta,

2256 3881 2482 3939 regnant
2513 3873 2565 3926 in
2592 3888 2658 3928 eo
2681 3873 2829 3927 vitia.

2327 3963 2482 4029 Quod
2512 3964 2732 4018 omnino
2773 3977 2993 4020 necesse
3027 3974 3110 4020 est
3151 3967 3285 4036 pati,
3315 3965 3584 4036 patienter
3608 3964 3814 4021 sustine.

2328 4054 2481 4120 Quod
2513 4054 2883 4124 Utttisquisque
2915 4072 3020 4110 non
3047 4065 3302 4126 expertus
3331 4066 3415 4112 est
3443 4057 3497 4110 in
3523 4055 3817 4124 semetipso.

2260 4142 2471 4198 ditlicile
2495 4143 2666 4198 credit
2703 4146 2768 4198 de
2791 4144 2917 4198 alio.

2329 4231 2471 4300 Qttot
2513 4232 2688 4288 modis
2737 4233 2898 4287 homo
2931 4242 3111 4302 potest
3154 4233 3292 4288 male
3317 4249 3515 4305 agere,
3544 4241 3626 4290 tot
3668 4241 3822 4286 monts

645 4328 918 4396 Quantum
966 4331 1166 4386 bonum
1209 4332 1408 4388 habeat
1456 4332 1678 4397 sanitas,
1712 4332 1948 4388 ostendit
1999 4332 2151 4388 inﬁr-
2183 4372 2234 4431 θ
2259 4325 2422 4431 etiam
2455 4333 2630 4431 ρςιθδι
2655 4323 2788 4378 belle
2813 4334 2974 4391 ³889⁸
3012 4322 3320 4431 τεξίίηίίιιξξηε
3356 4325 3519 4378 mala-

575 4420 649 4473 mi
657 4429 754 4474 tas.

645 4508 901 4580 Quisquis
939 4510 1140 4581 jugiter
1187 4521 1482 4570 tractatut
1523 4515 1664 4570 bona
1729 4516 1907 4586 aliqua
1961 4517 2150 4585 faciat,

575 4599 697 4656 sine
725 4603 1128 4659 intermissione
1153 4614 1294 4659 orat.
1907 4596 1916 4606 ’

648 4694 820 4760 Quam
871 4697 1214 4750 metuendum
1259 4697 1330 4751 sit
1376 4695 1747 4753 obdurationis
1792 4698 1985 4753 divina:
2011 4697 2155 4769 judi-

576 4788 742 4850 cium,
797 4789 850 4843 in
901 4787 1102 4843 Iudaeis
1149 4798 1204 4844 et
1266 4790 1566 4846 infidelibus
1617 4791 1820 4861 jugitcr
1874 4791 2154 4846 obduratis

577 4878 798 4948 agnosci
825 4887 1020 4949 potest.

652 4992 880 5060 Quando
914 5010 1013 5049 nos
1041 5009 1295 5065 peccasse
1337 4993 1641 5064 querimur,
1679 5009 1708 5046 a
1750 4993 1978 5047 Domino
2023 4993 2154 5046 visi-

580 5092 784 5139 tamur.

651 5195 879 5262 Quando
922 5210 1021 5250 nos
1067 5211 1296 5265 peccare
1346 5193 1600 5257 delectat,
1645 5190 1889 5245 diabolus
1933 5205 2026 5243 cor
2064 5207 2152 5244 no-

583 5293 755 5340 strum
785 5285 1081 5340 impugnat.

2333 4414 2463 4482 Quae
2490 4415 2668 4472 facere
2691 4424 2845 4486 turpe
2872 4425 2974 4480 est,
3002 4415 3167 4470 etiam
3202 4415 3381 4470 dicere
3410 4425 3562 4484 turpe
3597 4423 3698 4470 est.

2332 4507 2463 4576 Qua:
2510 4507 2669 4562 modo
2697 4507 2926 4577 quisque
2956 4507 3086 4578 legit
3131 4508 3256 4562 dum
3290 4521 3530 4577 priesens
3570 4507 3679 4561 vita
3719 4515 3820 4557 mae

3643 4591 3815 4668 [ttebit,

2404 4690 2511 4747 Seu
2538 4691 2676 4746 bona
2699 4689 2813 4745 sive
2835 4689 2975 4744 mala
3007 4705 3222 4760 semper
3249 4691 3470 4747 habebit
3491 4705 3575 4748 ea.

2333 4800 2486 4868 Quod
2517 4801 2650 4856 satis
2674 4807 2776 4864 est,
2811 4799 2898 4854 cui
2923 4800 3218 4870 contingit,
3252 4801 3385 4854 nihil
3417 4800 3645 4871 amplius
3670 4802 3819 4866 optet.

2336 4911 2470 4978 Quis
2525 4910 2711 4966 dives?
2762 4911 2852 4979 qui
2928 4911 3002 4965 nil
3056 4913 3258 4983 cupit.-
3296 4912 3364 4968 Et
3428 4913 3552 4982 quis
3601 4905 3822 4984 pauper?

2264 5018 2480 5057 avarus.

2334 5115 2471 5184 Quid
2498 5114 2646 5170 stulti
2675 5113 2988 5186 proprium?
3016 5129 3121 5168 non
3151 5129 3329 5184 posse,
3370 5121 3424 5168 et
3456 5113 3593 5167 velle
3623 5119 3821 5165 nocere.

2337 5209 2490 5277 Quod
2532 5207 2812 5276 prudentis
2852 5205 3024 5275 opus?
3054 5221 3174 5260 cum
3221 5200 3416 5276 possit,
3456 5205 3597 5259 nolle
3626 5212 3822 5255 nocere.

2341 5303 2513 5340 ninam
2545 5313 2709 5340 nrnnp
2735 5297 2802 5340 sit
2838 5297 2988 5340 lillnc
3017 5298 3068 5340 in
3101 5299 3278 5340 ennio.
3316 5298 3478 5340 maria
3507 5297 3652 5340 Inhnr
3679 5293 3823 5340 intus.
