3942 5340
180 242 272 299 529
1400 232 1603 288 LIBER
1641 231 2200 289 PROVERBIORUM.
3311 238 3419 296 εδδ

236 353 365 423 Quid
403 351 618 424 prodest
668 347 905 403 studium
935 346 1077 417 quod
1128 343 1362 400 fructum
1410 360 1517 398 non
1563 344 1727 398 habet
1757 350 1802 407 Α
1904 342 2170 413 Resurgat
2194 343 2246 399 in
2269 343 2440 416 prima
2468 343 2560 414 qui
2587 357 2693 399 non
2720 342 2832 396 vult
2872 344 3115 401 damnari
3146 346 3198 402 in
3231 364 3416 405 resur-

1493 432 1723 505 [ullum?
1827 435 2068 489 rectione
2104 437 2356 491 secunda.

234 534 474 602 Qnazrere
498 528 628 600 quid
670 527 887 598 prodest
918 541 1102 599 gazas,
1132 533 1189 579 et
1225 523 1449 597 perdere
1484 523 1681 579 emittm
1707 562 1723 587 ,
1901 524 2163 595 Raptores
2203 525 2500 581 alienarum
2549 541 2753 591 rerum,
2799 526 2902 597 ipsi
2956 530 3282 602 quandoque
3328 549 3417 589 ra-

231 622 393 691 Quam
446 618 619 673 bonus
659 626 744 671 est
798 614 1055 670 Dominus
1098 612 1312 669 cunctis
1360 612 1728 681 quaerentibus
1829 615 2049 685 picntur
2069 617 2136 671 ad
2162 616 2462 671 interitum.

1530 701 1728 776 [illum
1904 707 2239 778 Repentinus
2269 707 2420 764 furor
2442 709 2517 764 nil
2542 711 2768 766 rationis
2789 712 2975 768 habet.

229 804 490 872 Quantum
517 796 641 870 plus
668 797 872 862 valeas,
904 803 1114 851 tantum
1142 797 1460 849 submittere
1490 791 1726 848 Christo.
1903 798 2153 855 Rebelles
2181 800 2375 856 divina:
2410 801 2595 871 pietati
2645 804 2925 859 tradentur
2954 807 3236 865 diabolica:
3264 822 3419 882 pote-

231 896 321 964 Qtti
368 893 465 949 tibi
516 893 610 946 dat
660 890 911 956 multum,
969 888 1036 943 de
1084 896 1135 942 te
1178 901 1392 958 quoque
1435 883 1632 955 qttterit
1678 882 1731 937 id
1836 888 1985 943 stati.
2487 955 2496 965 '

624 1044 631 1051 Α
1509 972 1732 1045 [ipsum
1909 980 2014 1035 Res
2059 980 2315 1052 quaelibet
2342 982 2572 1039 obscura
2619 997 2719 1054 per
2749 985 3152 1044 similitudinem
3192 1000 3276 1046 est
3323 1007 3419 1047 ex-

231 1078 386 1147 Quem
421 1075 565 1132 Deus
590 1074 830 1136 indurat,
863 1073 1011 1126 hunc
1037 1067 1217 1123 nullus
1241 1074 1424 1137 postea
1450 1072 1625 1120 curat.
1835 1068 2127 1139 piananda,
2454 1108 2459 1112 .

725 1163 951 1223 CAPUT
987 1161 1153 1217 XVII.
1908 1163 2144 1234 Reprobi
2174 1166 2307 1221 etin
2344 1167 2448 1222 hoc
2477 1166 2675 1223 saeculo
2703 1167 2998 1240 fatigantur
3026 1170 3329 1239 desideriis,
3366 1182 3424 1228 et

228 1264 460 1333 Regnum
500 1268 652 1316 tuum
678 1299 694 1325 ,
729 1257 971 1321 Domine,
1016 1267 1243 1325 regnum
1278 1249 1520 1306 omnium
1565 1261 1736 1303 subcu-
1841 1252 1893 1306 in
1922 1251 2109 1308 futuro
2139 1256 2448 1310 tormentis.

175 1356 345 1409 lorum.
1912 1342 2131 1398 Rustica
2155 1343 2335 1415 lingua
2365 1344 2466 1401 viri
2500 1356 2842 1402 mansuetum
2870 1363 2965 1403 cor
2992 1349 3276 1406 retinentis

231 1449 415 1505 ῃεοιοε
436 1447 595 1502 decc;
629 1442 892 1499 laudatio.
1908 1433 2162 1505 Ggratior
2181 1447 2261 1491 est
2288 1437 2514 1493 Domino
2543 1454 2703 1508 quam
2738 1439 2916 1509 lingua
2948 1443 3117 1511 perita
3147 1444 3388 1512 superbi.

231 1537 386 1593 Recte
402 1536 670 1605 jutlicate,
703 1531 796 1587 filii
822 1527 1127 1584 hominum.
1913 1524 2025 1579 Rex
2057 1541 2176 1596 plus
2200 1536 2254 1582 et
2274 1526 2454 1597 justus
2492 1519 2673 1585 studet
2693 1530 2794 1584 hoc
2816 1531 2956 1600 quod
2984 1532 3185 1588 dicitur
3211 1549 3353 1589 esse.

232 1629 446 1683 Rectum
472 1636 558 1681 est
577 1623 803 1679 verbum
836 1618 1073 1684 Domini,
1116 1625 1173 1673 et
1215 1614 1396 1672 omnia
1425 1628 1589 1686 opera
1617 1612 1739 1683 ejus
1914 1615 2056 1674 Rara
2106 1616 2241 1674 fides
2283 1619 2488 1675 homini
2540 1620 2823 1677 tribuenda
2878 1631 3001 1689 est,
3051 1625 3187 1694 proh
3231 1624 3418 1681 dolor!

180 1721 221 1773 in
246 1718 357 1772 ﬁde.
1774 1707 1816 1767 β
3228 1715 3420 1789 Iouini.

233 1807 470 1863 Redimet
496 1803 763 1860 Dominus
806 1801 1019 1854 animas
1061 1809 1346 1853 servorum
1390 1808 1631 1856 suorum,
1680 1803 1737 1846 et
1914 1797 2116 1854 Rector
2152 1800 2443 1870 perfectus,
2479 1803 2567 1859 Itic
2594 1804 2771 1875 primo
2793 1822 2918 1862 suos
2937 1808 3077 1877 regit
3101 1818 3277 1864 acut...

180 1916 266 1955 non
287 1898 595 1968 delinquent
626 1909 818 1951 omnes
853 1891 943 1962 qui
976 1897 1203 1961 sperant
1232 1889 1286 1942 in
1316 1902 1401 1941 eo.
1536 1957 1543 1963 _
1908 1888 2071 1960 Regis
2097 1905 2326 1960 persona
2360 1909 2543 1965 regem
2568 1906 2754 1952 monet
2780 1897 2846 1951 ad
2872 1898 3119 1954 meliora.

233 1988 417 2044 Revela
447 1987 681 2043 Domino
723 1985 866 2039 viam
900 1992 1072 2046 tuam,
1122 1988 1177 2036 et
1207 1995 1364 2050 spera
1410 1978 1466 2033 in
1498 1992 1644 2045 eum,
1682 1986 1738 2031 et
1908 1980 2154 2053 Regnum
2179 1985 2438 2041 caelorum
2464 1997 2680 2058 raptare
2707 1988 2883 2045 solent
2907 1992 3148 2047 violenti.

181 2086 274 2155 ipse
300 2082 483 2136 faciet.
1907 2073 2089 2131 Rebus
2114 2076 2168 2131 in
2208 2078 2449 2133 adversis
2471 2096 2536 2134 nc
2581 2090 2760 2136 motus
2785 2082 3118 2141 destituaris.

235 2174 465 2246 Regnum
502 2169 768 2227 crelorum
801 2166 909 2222 vim
935 2164 1163 2237 patitur,
1192 2171 1249 2219 et
1275 2160 1498 2217 violenti
1521 2159 1739 2232 rapiunt
2406 2170 2634 2227 CAPUT
2672 2170 2857 2227 xvm,

180 2266 305 2321 illud.
1909 2255 2120 2312 Servite
2168 2260 2399 2315 Domino
2452 2262 2505 2317 in
2553 2262 2773 2329 timore,
2822 2266 3173 2322 etexsultate
3216 2268 3266 2323 ei
3296 2283 3419 2324 cum

236 2357 335 2412 Rex
366 2354 461 2426 qui
488 2353 644 2411 sedet
674 2353 728 2409 in
764 2351 901 2408 solio
924 2349 1114 2422 judicii
1152 2348 1382 2417 dissipat
1430 2360 1593 2401 omne
1625 2360 1737 2400 ma-
1841 2359 2095 2405 tremore.

182 2446 271 2501 lum
297 2448 490 2502 intuitu
513 2460 630 2501 suo.
1560 2458 1567 2464 '
1914 2442 2251 2501 Sacrificium
2280 2447 2388 2503 Deo
2412 2448 2635 2518 Spiritus
2672 2451 3087 2508 contribulatus.

237 2537 380 2593 Risus
401 2537 592 2593 dolore
617 2533 896 2601 miscetur,
938 2541 993 2590 et
1016 2540 1258 2589 extrema
1296 2528 1475 2601 gaudii
1506 2535 1740 2598 occupat
1910 2535 1995 2591 Sil
2022 2536 2189 2607 gloria
2216 2538 2426 2593 Domini
2461 2539 2511 2593 in
2547 2540 2803 2596 “culum
2830 2542 3035 2597 smcuﬁ,

182 2629 350 2685 luctus.
1913 2623 2075 2683 Salus
2098 2625 2364 2697 justorum
2392 2644 2423 2684 a
2452 2630 2716 2699 Domino,
2745 2642 2802 2687 et
2837 2641 3115 2703 protector
3137 2646 3325 2687 eorum
3362 2632 3416 2686 in

239 2719 527 2793 Responsio
559 2720 736 2778 mollis
765 2718 969 2790 frangit
1009 2717 1170 2772 iram.
1845 2725 2089 2788 tempore
2117 2720 2503 2777 tribulationis.

240 2810 341 2867 Rex
366 2813 459 2883 qui
479 2812 692 2883 judicat
716 2811 771 2866 in
799 2811 1028 2866 veritate
1055 2822 1343 2880 pauperes,
1368 2807 1595 2863 thronus
1625 2803 1742 2877 ejus
1914 2807 2000 2864 Sit
2035 2824 2228 2865 nomen
2279 2810 2491 2869 Domini
2545 2813 2889 2871 benedictum
2936 2831 3003 2871 ex
3044 2815 3148 2873 hoc
3194 2833 3337 2873 nunc
3369 2826 3425 2874 et

186 2901 227 2955 in
250 2912 503 2958 tetanum
532 2902 859 2957 ﬁrmabitur.
1844 2914 2014 2969 usque
2038 2900 2091 2955 in
2117 2901 2395 2958 Stcculum.
3072 2894 3083 2899 ’

240 2994 601 3067 Regnantibus
626 2993 807 3064 impiis
831 2993 986 3047 ruina
1011 2991 1293 3047 hominum
1327 2989 1452 3047 erit.
1779 3061 1811 3069 _
1914 2988 2106 3045 Suavis
2153 2992 2409 3048 Dominus
2458 2994 2761 3061 universis,
2799 3004 2856 3052 et
2899 2997 3269 3053 misericordia
3304 2996 3424 3069 ejus

240 3061 340 3141 Re;
362 3086 547 3155 justus
569 3061 732 3156 erigit
756 3095 989 3150 terram;
1021 3082 1105 3137 vir
1118 3096 1316 3137 avarus
1330 3082 1573 3136 destruet
1596 3093 1736 3135 eam.
1770 3061 1811 3123 (ἶ
1850 3095 2014 3149 super
2036 3082 2216 3136 omnia
2241 3097 2405 3154 opera
2433 3082 2569 3154 ejus.

239 3176 472 3248 Regnum
508 3193 540 3233 a
558 3186 721 3249 gente
750 3177 803 3232 itt
831 3185 1044 3248 gentem
1072 3171 1397 3230 transfertur
1419 3179 1639 3243 propter
1664 3171 1745 3226 in-
1920 3171 2156 3244 Spiritus
2194 3174 2283 3230 ubi
2310 3176 2420 3230 vult
2468 3177 2659 3247 spirat,
2690 3186 2747 3232 et
2771 3193 2954 3234 vocem
2980 3178 3096 3249 ejus
3122 3181 3295 3247 audis,
3329 3183 3425 3238 sed

183 3267 402 3336 ξιιειίιίιε,
1851 3279 1953 3320 non
1977 3267 2087 3322 scis
2117 3268 2260 3324 unde
2284 3269 2466 3325 veniat
2496 3279 2549 3326 et
2574 3285 2681 3341 quo
2710 3272 2891 3329 vadat.

241 3362 582 3421 Renovamini
614 3363 812 3435 spiritu
841 3361 1039 3418 mentis
1073 3369 1301 3424 vestrm,
1330 3367 1387 3415 et
1414 3355 1622 3413 induite
1651 3370 1747 3411 no-
1919 3357 2154 3429 Spiritus
2177 3370 2262 3416 est
2296 3361 2458 3429 Deus,
2486 3374 2541 3419 et
2569 3378 2665 3419 eos
2701 3365 2790 3434 qui
2820 3366 3050 3423 adorant
3071 3381 3200 3424 eum
3232 3368 3286 3423 in
3314 3370 3430 3440 spi—

188 3468 291 3507 vum
314 3454 606 3521 hominem,
656 3453 750 3524 qui
803 3451 1097 3508 secundum
1126 3449 1295 3505 Deum
1326 3455 1539 3505 creatus
1570 3454 1654 3502 est
1689 3446 1743 3499 in
1852 3451 1956 3505 ritu
1981 3458 2036 3505 et
2064 3453 2296 3507 veritate
2322 3464 2534 3524 oportet
2556 3454 2805 3510 adorare.

188 3543 365 3611 iustitia
386 3555 444 3601 ct
472 3546 765 3602 sanctitate
789 3544 1057 3599 veritatis.
1921 3544 1978 3601 Si
2005 3560 2195 3601 manus
2230 3554 2340 3613 tua,
2366 3557 2422 3602 et
2448 3563 2543 3617 pes
2565 3557 2689 3603 tuus
2713 3548 3040 3604 scandalizet
3070 3558 3144 3617 te,
3172 3549 3428 3607 abscinde

244 3634 438 3707 Religio
460 3635 661 3691 munda
688 3645 745 3691 et
791 3632 1139 3689 immaculata
1169 3632 1308 3704 apud
1336 3629 1501 3685 Deum
1526 3627 1743 3683 Patrem
1848 3651 1993 3701 eum,
2027 3645 2081 3691 et
2107 3637 2312 3708 projice
2338 3638 2433 3693 abs
2461 3648 2534 3693 te.

193 3728 285 3785 haec
308 3716 425 3787 esti
461 3729 699 3787 Visitare
733 3729 965 3801 pupillos
995 3738 1052 3784 et
1080 3728 1272 3784 viduas
1312 3727 1366 3782 in
1398 3725 1745 3782 tribulatione
1920 3728 2012 3784 Sic
2043 3728 2182 3783 Deus
2214 3728 2399 3783 dilexit
2437 3729 2713 3795 mundum,
2743 3737 2801 3784 ttt
2835 3728 3028 3785 Filium
3059 3746 3215 3787 suunt
3243 3732 3431 3803 unige-

190 3834 368 3876 eorum.
576 3837 599 3845 "
935 3837 938 3841 ‘
1849 3823 2023 3877 nilum
2046 3821 2219 3886 daret,
2236 3830 2294 3874 ut
2313 3823 2491 3876 omnis
2505 3823 2594 3891 qui
2617 3822 2789 3877 credit
2810 3824 2862 3877 in
2891 3822 3068 3894 ipsum
3094 3838 3198 3878 non
3218 3835 3425 3895 pereat,

245 3912 406 3969 Radix
430 3914 673 3971 omnium
708 3912 975 3969 malorum
1008 3911 1298 3983 cupiditas.
1847 3914 1942 3969 sed
1970 3913 2169 3969 habeat
2192 3911 2354 3966 vitam
2376 3920 2655 3969 aeternam.
3292 3922 3299 3927 '

246 4006 407 4062 Ruina
432 4008 612 4080 populi
641 4007 956 4063 sacerdotes
985 4005 1133 4059 mali.
1919 4003 1977 4059 Si
2006 4002 2312 4075 peccaverit
2334 4002 2385 4058 in
2403 4010 2454 4057 te
2480 4001 2649 4060 frater
2670 4010 2815 4072 tuus,
2836 4005 2970 4062 vade
2989 4015 3045 4061 et
3069 4005 3282 4079 corripe
3304 4021 3429 4062 eum

248 4096 475 4170 Regnum
499 4100 594 4155 Dei
619 4107 828 4154 tantum
862 4097 1027 4160 valet,
1054 4103 1315 4166 quantum
1346 4095 1532 4150 habes.
1851 4099 1994 4152 inter
2020 4106 2073 4152 te
2116 4103 2170 4151 et
2213 4097 2387 4167 ipsum
2419 4096 2615 4151 solum.

247 4187 532 4261 Religiosus
576 4191 761 4257 homo,
811 4189 856 4244 si
890 4188 1001 4243 cito
1040 4186 1314 4250 irascitur,
1362 4184 1525 4241 facile
1579 4182 1744 4239 etiam
1921 4185 2192 4256 Sapientis
2214 4185 2357 4241 oeuli
2393 4186 2447 4239 in
2472 4186 2649 4256 capite
2669 4183 2805 4255 ejus.

194 4285 469 4356 corrigitur.
1923 4276 2155 4333 Sanetus
2176 4276 2410 4349 Spiritus
2444 4275 2740 4347 disciplima
2764 4274 2981 4347 effugiet
3013 4278 3221 4340 fictum,
3255 4287 3311 4333 et
3337 4292 3434 4333 att-

250 4377 401 4435 Recte
417 4380 666 4448 judicare
692 4378 871 4433 aliena
917 4378 1110 4432 merita
1151 4392 1258 4431 non
1304 4373 1469 4437 valet,
1502 4373 1588 4429 cui
1616 4374 1761 4472 con-'
1783 4362 1829 4472 θ
1858 4368 1963 4472 τίετὲ
1987 4384 2046 4423 se
2062 4384 2108 4471 .a
2130 4367 2553 4472 cogitationibus
2574 4381 2694 4472 quae
2723 4373 2851 4472 sunt
2877 4366 3325 4472 sine'intellecltu.

196 4470 393 4526 scientia
419 4472 742 4528 innocentiae
776 4471 1008 4542 propriae
1038 4468 1236 4523 nullam
1282 4465 1471 4537 judicii
1509 4463 1747 4535 regulam
1784 4456 1827 4472 “’
1927 4457 2136 4514 Sentite
2171 4459 2237 4513 de
2272 4457 2503 4512 Domino
2541 4457 2593 4510 in
2624 4456 2879 4522 bonitate,
2924 4464 2981 4511 et
3008 4457 3062 4512 in
3093 4457 3436 4530 simplicitate

196 4560 388 4625 pmbet.
1858 4550 2038 4607 cordis
2064 4550 2288 4621 quaerite
2306 4546 2476 4603 illum.

252 4648 452 4707 Rectius
470 4661 778 4723 sequuntur
795 4667 990 4723 agnum
1007 4648 1280 4720 conjugati
1309 4645 1562 4713 humiles,
1588 4648 1759 4716 quam'
1930 4626 2161 4712 Sapiens
2214 4653 2309 4695 cor
2359 4647 2416 4695 et
2474 4635 2823 4706 intelligibile.
2856 4637 3099 4695 abstinet
3140 4653 3199 4695 se
3240 4654 3270 4693 a
3317 4650 3436 4708 pec-

200 4737 400 4809 virgines
421 4743 813 4813 superbientes.
1858 4731 2015 4787 ralis.

252 4829 457 4889 Robusxi
485 4850 739 4904 corpore,
770 4832 869 4886 nisi
904 4831 1012 4888 Deo
1044 4849 1072 4885 a
1103 4846 1210 4901 quo
1231 4832 1374 4885 vires
1402 4827 1623 4891 habent,
1655 4827 1750 4880 de-
1932 4821 2169 4879 Stultitia
2201 4820 2449 4893 colligata
2474 4831 2557 4877 est
2584 4821 2637 4876 in
2661 4822 2830 4879 corde
2851 4821 3025 4893 pueri,
3056 4821 3150 4875 sed
3179 4820 3329 4889 virga
3357 4818 3436 4872 di-

202 4930 303 4976 vote
329 4922 671 4991 famulentur,
699 4939 805 4995 pro
835 4924 936 4979 hoc
962 4938 1149 4993 pmnas
1174 4922 1465 4992 patientur.
1563 4919 1569 4923 ’
1855 4915 2096 4986 sciplina:
2119 4915 2328 4987 fugabit
2355 4930 2497 4970 eam.
2948 4974 2949 4977 η
3304 4920 3309 4925 ·

256 5010 595 5072 Referendum
622 5026 712 5073 est
736 5015 925 5088 pietati
960 5014 1175 5078 divinat,
1204 5013 1462 5085 quidquid
1483 5011 1646 5066 homo
1665 5011 1753 5082 ju-
1929 5008 2140 5062 Stultus
2164 5007 2345 5062 verbis
2365 5020 2470 5060 non
2504 5005 2822 5076 corrigitur.

203 5105 371 5128 ..αλ-ιε-
400 5109 546 5128 -..ρἰ
596 5124 609 5128 -
642 5110 659 5128 Ι
696 5109 807 5128 γι-.

1926 5097 2188 5128 αὲωλιὶηὲι
2208 5112 2255 5128 ιο
2298 5096 2559 5128 ἷιιοΙΑκιιυνι
2590 5097 2789 5128 Λευ-ζαν.-.
2837 5113 2925 5128 Alu-
2996 5105 3045 5128 ΔΙ
3087 5088 3443 5128 οιιοιιιιοηυιίῖη
