3942 5340
528 359 624 416 531

1553 349 1851 408 OTHLONI
1900 347 2203 405 MONACHI
2243 346 2302 402 S.
2341 345 2763 403 EMMERAMMI

3684 348 3781 406 552

603 469 877 543 Sapientia
921 465 1257 529 abscondita.
1298 470 1353 518 et
1399 461 1683 518 thesaurus
1727 458 1949 526 invisus,
1988 472 2107 529 quae
2135 463 2177 521 Α
2283 454 2520 512 Stultum
2547 455 2702 511 valde
2731 465 2834 521 est,
2878 455 2923 512 si
2966 455 3051 511 his
3079 454 3293 527 placere
3315 469 3626 526 querimus,
3656 473 3780 528 quos

532 563 735 618 utilitas
763 561 816 617 in
848 557 1127 629 utrisque?

603 654 832 726 Sapiens
853 650 1032 706 verbis
1061 647 1351 705 innotescit
1373 647 1580 719 paucis.

601 743 780 800 Semel
804 742 1041 812 loquitur
1062 742 1233 805 Deus,
1261 750 1318 796 et
1345 740 1583 796 secundo
1614 752 1719 793 non
1749 737 1966 808 repetit.

602 834 737 905 Spes
756 829 1050 903 hypocrita:
1080 830 1297 902 peribit.

544 924 549 929 “
600 925 814 997 Septies
839 925 984 980 cadit
1000 923 1202 994 justus,
1224 931 1279 979 et
1302 929 1575 995 resurget;
1600 922 1752 994 impii
1778 929 1958 977 autem
1984 935 2108 976 cor-

531 1025 690 1073 ruent
714 1016 767 1071 in
795 1013 1016 1070 malum.

603 1107 814 1162 Stultus
839 1105 891 1160 in
922 1106 1034 1162 risu
1064 1104 1268 1161 exultat
1296 1120 1484 1161 vocem
1509 1119 1686 1160 suam.

600 1196 819 1254 Secreta
851 1197 994 1268 regis
1039 1196 1219 1252 celare
1245 1196 1446 1253 bonum
1486 1205 1590 1264 est,
1631 1193 1900 1267 magnalia
1931 1200 2111 1251 autem

530 1287 622 1344 Dei
655 1286 896 1344 revelare
918 1287 1280 1343 honoriﬁcum
1302 1294 1403 1342 est.

599 1378 820 1434 Somnia
848 1376 1114 1434 extollunt
1149 1377 1536 1448 imprudentes.

600 1469 656 1523 Si
686 1468 917 1525 vivimus
943 1467 1156 1539 spiritu,
1188 1468 1379 1539 spiritu
1407 1477 1463 1525 et
1500 1467 1860 1525 ambulemus.

599 1562 656 1617 Si
697 1561 981 1633 diligamus
1010 1562 1262 1628 invicem,
1319 1561 1464 1621 Deus
1519 1561 1573 1618 in
1620 1562 1777 1619 nubis
1825 1570 2032 1630 manet,
2060 1571 2115 1618 et

530 1653 769 1708 charitas
790 1653 907 1724 ejus
934 1652 986 1707 in
1015 1652 1173 1709 nobis
1210 1652 1450 1724 perfecta
1481 1663 1585 1711 est.

600 1741 837 1801 Scientia
872 1742 1057 1812 inﬂat,
1094 1745 1333 1801 charitas
1364 1745 1618 1802 aedificat.

2207 547 2491 619 displicere
2518 548 2628 605 Deo
2655 547 2877 602 scimus.

2281 635 2499 692 Sanitas
2523 644 2578 692 et
2608 636 2770 691 decor
2804 634 3039 691 carnalis
3064 635 3152 690 vix
3181 634 3403 706 capiunt
3431 636 3659 692 formarn
3694 639 3783 693 ltu-

2217 728 2487 786 ntilitatis.
3322 722 3325 723 ν
3526 746 3527 749 ‘

2282 818 2512 890 Sapiens
2540 827 2623 875 est
2653 819 2745 890 qui
2779 816 2940 873 factis
2963 817 3083 890 plus
3108 832 3272 889 quam
3302 817 3487 873 verbis
3524 818 3661 874 alios
3691 819 3783 876 do-

2211 925 2336 967 cere
2362 909 2562 966 studet.

2282 999 2413 1057 Sine
2441 999 2549 1056 ﬁne
2586 999 2818 1056 cruciari
2852 1007 3094 1055 meretur
3135 999 3229 1070 qui
3280 998 3488 1056 nullum
3535 1000 3783 1072 peccandi

2214 1087 2373 1145 linem
2406 1090 2459 1146 in
2491 1090 2656 1146 corde
2688 1105 2787 1147 suo
2824 1090 3037 1147 statuit.

2284 1178 2492 1236 Suﬂicit
2518 1180 2806 1250 unicuique
2840 1181 2919 1237 sic
2944 1181 3221 1253 disputare
3245 1181 3331 1238 vel
3367 1181 3597 1250 dictare,
3625 1190 3682 1238 ut
3704 1183 3778 1239 iu-

2212 1269 2501 1342 telligatur.

2286 1361 2650 1433 Superﬂuitas
2677 1373 2790 1420 tam
2835 1363 3123 1420 verborum
3149 1379 3310 1436 quam
3342 1379 3527 1421 rerum
3572 1364 3789 1422 aliarum

2214 1452 2433 1509 vitanda
2459 1463 2563 1510 est.

2288 1543 2653 1602 Saecularibus
2707 1544 2905 1603 litteris
2972 1546 3215 1604 intentus
3281 1562 3451 1605 sacrae
3505 1545 3788 1619 Scriptura

2216 1654 2416 1697 arcana
2445 1654 2641 1712 capere
2670 1642 2880 1712 nequit.

2287 1730 2625 1803 Scripturam
2668 1746 2879 1789 sacram
2919 1733 3104 1806 legens
3147 1735 3428 1792 attendere
3472 1734 3640 1792 debet
3672 1736 3788 1807 quid

600 1834 657 1889 Si
691 1835 813 1905 quis
838 1836 1033 1892 dixerit
1063 1852 1078 1892 :
1112 1835 1379 1906 Quoniam
1403 1837 1567 1911 diligo
1588 1837 1779 1907 Deum,
1807 1847 1862 1896 et
1888 1838 2111 1896 fratrem

2279 1823 2445 1896 ystice
2490 1822 2574 1879 vel
2607 1823 2763 1916 juxta
2808 1824 3066 1895 litteram,
3096 1828 3227 1898 quid
3265 1842 3365 1901 pro
3390 1837 3573 1899 parte,
3593 1827 3675 1885 vel
3698 1843 3785 1900 pro

530 1940 686 1979 suum
713 1927 910 1992 oderit,
934 1927 1163 1983 mendax
1194 1936 1296 1983 est.

603 2012 909 2085 Spiritualis
938 2016 1098 2072 homo
1125 2016 1381 2089 dijudicat
1400 2017 1604 2087 omnia,
1626 2028 1681 2076 et
1707 2018 1822 2093 ipse
1841 2036 1870 2076 a
1898 2020 2115 2077 nemine

520 2104 820 2179 judicatur.

604 2196 659 2251 Si
707 2198 829 2269 quis
869 2198 1048 2254 domui
1082 2213 1193 2255 sua:
1220 2213 1456 2271 praeesse
1483 2200 1677 2267 nescit,
1718 2200 1987 2271 quomodo
2015 2199 2118 2255 Ec-

535 2287 712 2344 clesia:
737 2290 830 2345 Dei
856 2291 1187 2364 diligentiam
1212 2291 1464 2348 habebit?

601 2378 873 2450 Sapientia
917 2382 1077 2453 hujus
1120 2382 1326 2448 mundi,
1362 2382 1594 2440 stultitia
1632 2392 1716 2440 est
1758 2385 1896 2457 apud
1922 2384 2111 2439 Deum.

602 2467 755 2526 Sicut
780 2470 833 2526 in
865 2471 1034 2527 Adam
1059 2488 1247 2530 omnes
1276 2472 1605 2542 moriuntur,
1636 2475 1712 2530 ita
1735 2485 1787 2531 et
1819 2475 1873 2531 iii
1898 2474 2115 2533 Christo

528 2575 716 2615 omnes
736 2561 1176 2620 vivificabuntur.

605 2650 736 2705 Sine
764 2652 1081 2721 pmnitentia
1111 2661 1237 2707 sunt
1259 2655 1395 2708 dona
1424 2662 1479 2708 et
1505 2654 1716 2709 vocatio
1746 2654 1861 2712 Dei.

598 2742 827 2795 Servum
859 2741 952 2796 Dei
990 2758 1094 2798 non
1124 2751 1339 2814 oportet
1365 2743 1602 2817 litigare,
1637 2748 1731 2803 sed
1773 2758 2114 2806 mansuetum

525 2846 646 2886 csz-ze
677 2833 743 2886 ad
771 2847 975 2888 omnes.

603 2921 765 2975 Stella
790 2922 858 2976 ab
887 2921 1040 2977 stella
1063 2921 1244 2980 diﬂ‘crt
1260 2922 1316 2980 in
1339 2924 1604 2996 claritate,
1633 2927 1771 2985 sicut
1790 2941 1845 2985 ct
1870 2945 2114 2989 resurre-

526 3011 635 3067 ctio
663 3021 1016 3069 mortuorum.

599 3105 726 3160 Sive
755 3105 981 3162 vivimus
1010 3107 1433 3176 sivemorimur,
1471 3109 1679 3167 Domini
1711 3127 1917 3170 sumus.

2219 1922 2334 1970 toto
2362 1913 2565 1969 dictum
2597 1914 2689 1970 sit.

2287 2004 2492 2061 Sensus
2516 2004 2721 2076 pariter
2744 2020 2868 2064 cum
2910 2007 3091 2066 verbis
3120 2024 3291 2067 sacrae
3339 2007 3644 2083 Scriptura
3670 2026 3784 2082 pen-

2216 2096 2420 2152 sandus
2444 2104 2550 2153 est.

2288 2185 2587 2258 Scriptum
2638 2202 2810 2246 sacra:
2862 2186 3147 2248 meditatio
3199 2202 3438 2249 mentem
3490 2194 3721 2250 retrahit
3760 2208 3786 2248 ι

2216 2283 2455 2355 cogitatu
2485 2283 2671 2340 noxio.

2288 2374 2679 2434 Similitudines
2743 2393 2927 2434 rerum
3000 2379 3278 2436 variarum
3351 2379 3419 2437 ad
3493 2381 3788 2438 indidemin-

2217 2482 2341 2523 netu
2394 2475 2633 2523 nostram
2674 2467 2879 2541 jugiter
2924 2472 3286 2543 proponendae
3312 2481 3438 2528 sunt
3468 2472 3577 2530 hoc
3604 2471 3789 2528 scilicet

2216 2561 2377 2617 modo
2401 2580 2415 2616 :

2292 2652 2448 2709 Sicut
2496 2652 2647 2710 canis
2694 2656 2986 2712 revertitur
3033 2656 3100 2713 ad
3147 2657 3410 2714 vomitum
3469 2672 3631 2714 suum
3658 2697 3675 2724 ,
3718 2656 3788 2713 sic

2215 2741 2536 2815 imprudens
2570 2744 2735 2801 iterat
2760 2745 3046 2802 stultitiam
3083 2762 3260 2803 suam.

2288 2832 2441 2891 Sicut
2495 2852 2634 2908 aqua
2692 2838 2991 2900 exstinguit
3044 2838 3270 2911 ignem,
3327 2840 3403 2897 ita
3459 2840 3786 2913 elecmosyna

2218 2937 2528 2996 peccatum.

2286 3016 2441 3073 Sicut
2467 3018 2682 3090 plurimi
2734 3019 2841 3075 cibi
2869 3020 3005 3077 nihil
3036 3030 3262 3092 prosunt
3307 3022 3514 3095 absque
3564 3021 3696 3088 sale,
3723 3020 3785 3076 ita

2215 3118 2407 3161 omnes
2436 3107 2665 3164 virtutes
2702 3109 2905 3180 absque
2939 3110 3222 3167 charitate.

599 3194 689 3250 Sic
718 3195 969 3268 diligendi
998 3207 1123 3254 sunt
1153 3199 1426 3270 homines,
1454 3210 1514 3259 ut
1541 3218 1732 3260 eorum
1753 3219 1858 3262 non
1885 3205 2111 3281 diligan-

2288 3195 2437 3252 Sicut
2482 3197 2658 3254 llstula
2719 3199 2925 3272 absque
2988 3200 3288 3272 inspirante
3352 3201 3564 3257 nullum
3630 3198 3788 3257 reddit

527 3293 616 3338 ιιιιθ
649 3301 886 3341 (πνοι-οε.

544 3388 549 3399 ι
597 3375 915 3447 Speculator
937 3386 1079 3434 astat
1104 3379 1353 3453 desuper,
1392 3382 1612 3456 quinos
1650 3385 1840 3444 diebus
1862 3389 2114 3447 omnibus

524 3478 784 3539 ac:nsque
819 3478 1035 3525 nostros
1062 3473 1347 3543 prospicit.

546 3578 551 3583 ο
596 3558 747 3615 Scire
789 3558 883 3615 Dei
909 3562 1208 3632 approbare
1249 3572 1351 3631 est,
1398 3566 1613 3625 nescire
1642 3583 1772 3626 vero
1800 3570 2109 3644 reprobate.

596 3651 818 3708 Summa
841 3653 982 3725 apud
1021 3653 1188 3713 Deum
1219 3664 1302 3715 est
1323 3658 1575 3717 nobilitas
1602 3660 1809 3718 clarum
1855 3677 1977 3720 esse
1999 3662 2112 3718 vir-

528 3748 752 3803 tutibus.

598 3839 817 3894 Satanae
862 3840 1090 3896 insidias
1124 3843 1352 3899 evadere
1400 3859 1509 3901 non
1540 3852 1625 3902 est
1662 3845 1888 3903 volentis
1933 3860 2113 3918 neque

525 3933 817 3999 currentis,
845 3932 938 3987 sed
964 3933 1272 3990 miserentis
1300 3935 1419 3991 Dei.

596 4020 970 4091 Subjectorum
1020 4023 1149 4078 vitia
1199 4023 1488 4097 aliquando
1528 4037 1656 4084 sunt
1694 4030 2106 4098 dissimulanda,

525 4118 618 4171 sed
649 4118 904 4189 posthinc,
944 4118 1070 4189 quia
1103 4118 1600 4189 dissimulabantur,
1629 4122 1938 4181 indicanda.

594 4208 1035 4280 Scorpionesdici
1064 4220 1307 4281 possunt,
1335 4211 1427 4285 qui
1450 4213 1605 4269 bonis
1632 4214 1852 4285 quidem
1880 4216 1936 4270 in
1968 4214 2110 4274 facie

526 4318 631 4357 non
666 4305 950 4373 resistunt,
976 4306 1070 4361 sed
1103 4320 1226 4362 mox
1256 4322 1378 4362 cum
1420 4308 1767 4376 recesserint,
1797 4310 2108 4366 detrahunt.

596 4395 953 4455 Solitudinem
980 4399 1177 4469 quierit
1213 4399 1305 4470 qui
1347 4414 1470 4456 cum
1509 4399 1891 4458 innocentibus
1927 4402 2111 4459 vivere

525 4489 688 4560 cupit.

2215 3302 2428 3359 sonum,
2454 3290 2526 3345 ita
2555 3301 2610 3347 et
2631 3306 2727 3347 cor
2746 3292 2982 3349 hominis
3007 3293 3213 3365 absque
3236 3294 3600 3366 inspiratione
3619 3292 3784 3350 divina

2215 3382 2420 3439 nullum
2456 3382 2647 3453 recipit
2674 3384 2895 3439 bonum.

2287 3476 2440 3532 Sicut
2464 3476 2588 3547 equi
2620 3492 2810 3533 cursus
2838 3477 2892 3532 in
2930 3476 3050 3533 loco
3079 3477 3341 3549 spatioso,
3372 3476 3445 3534 ita
3473 3486 3528 3534 et
3564 3473 3785 3533 hominis

2221 3571 2473 3629 voluntas
2498 3570 2760 3642 probatur
2787 3570 2839 3626 in
2872 3571 3100 3628 arbitrio
3124 3571 3273 3628 dato.

2287 3661 2442 3719 Sicut
2495 3662 2637 3720 oculi
2702 3663 2943 3719 omnium
2994 3664 3048 3718 in
3088 3664 3304 3734 capite.
3355 3662 3432 3718 ita
3483 3662 3540 3719 in
3589 3660 3784 3720 Christo

2215 3758 2519 3815 consistere
2547 3758 2705 3815 debet
2728 3757 2908 3812 omnis
2936 3756 3162 3812 intentio
3191 3755 3449 3813 ﬁdelium.

2286 3850 2494 3907 Summi
2541 3850 2802 3922 principis
2848 3849 3080 3906 ministri
3129 3850 3181 3904 in
3214 3848 3406 3920 primis
3449 3855 3583 3905 sunt
3614 3843 3785 3919 provi-

2215 3941 2399 3999 dendi.
2954 3997 2961 4003 _

2285 4035 2549 4108 Superbia
2578 4035 2689 4092 sola
2719 4034 3020 4105 corrumpit
3043 4033 3225 4090 omnia
3253 4032 3419 4088 bona.

2285 4126 2489 4184 Sensus
2517 4135 2700 4184 noster
2733 4128 2800 4183 ad
2848 4124 2967 4197 ejus
3012 4126 3243 4182 trahitur
3286 4121 3612 4197 appetitum,
3644 4118 3781 4191 cuius

2213 4220 2429 4291 capitur
2452 4218 2757 4289 voluptate.

2284 4308 2486 4365 Servus
2518 4307 2612 4364 Dei
2656 4321 2771 4379 prie
2799 4307 3022 4378 gemmis
3051 4315 3104 4364 et
3142 4304 3319 4362 serico
3346 4304 3560 4364 divinos
3585 4302 3782 4362 codices

2215 4415 2401 4457 amare
2434 4399 2611 4456 debet.

2284 4492 2487 4549 Sensus
2537 4504 2822 4562 corporum
2866 4494 2995 4543 sunt
3036 4486 3192 4556 quasi
3239 4487 3363 4559 equi
3413 4488 3534 4544 sine
3587 4486 3777 4543 ratione

596 4580 754 4637 Salus
791 4591 875 4638 est
919 4582 1143 4639 divitum
1189 4584 1478 4641 subvenire
1527 4584 1940 4642 necessitatibus
1974 4600 2107 4657 pau-
2136 4594 2524 4662 Dcurrentes;
2574 4581 2752 4637 anima
2802 4595 2933 4636 vero
2977 4579 3033 4636 in
3083 4580 3285 4650 aurigae
3330 4581 3550 4637 modum
3595 4579 3777 4636 retinet

525 4688 734 4742 perum.

597 4764 831 4835 Sagitlas
855 4764 1193 4822 contumeliae
1216 4767 1388 4822 virtus
1412 4767 1619 4837 repellit
1645 4770 1940 4838 patientiae.

597 4854 957 4928 Semetipsum
988 4857 1218 4930 abnegat
1239 4857 1354 4930 qui,
1380 4857 1565 4915 relicto
1604 4860 1836 4916 carnalis
1862 4860 1985 4916 vitae
2006 4858 2106 4915 lio-

526 4946 691 5015 mine,
735 4947 911 5004 induit
956 4963 1015 5004 se
1040 4948 1370 5021 spiritualem
1408 4959 1464 5005 et
1495 4964 1694 5005 novum
1733 4949 2028 5017 hominem,
2054 4948 2106 5003 id

525 5049 633 5109 est,
667 5039 962 5098 Christum.

596 5153 938 5211 Sacriﬁcium
976 5152 1188 5210 visibile
1211 5153 1463 5210 sacriﬁcii
1491 5163 1576 5210 est
1611 5160 2033 5209 sacramentum.

2216 4674 2370 4731 frena
2396 4673 2754 4730 currentium.

2288 4763 2552 4820 Solatium
2581 4770 2666 4818 est
2690 4760 2955 4818 malorum
2983 4756 3148 4816 vitam
3179 4774 3406 4831 carpere
3433 4760 3714 4816 bonorum.

2286 4854 2611 4911 Sacerdotes
2636 4861 2693 4908 et
2716 4852 2945 4908 clericos
2989 4865 3095 4906 non
3125 4849 3252 4906 licet
3278 4850 3604 4922 spectaculis
3630 4849 3777 4905 inter-

2213 4963 2352 5005 esse.

2284 5061 2375 5118 Sic
2397 5060 2518 5118 aliis
2540 5058 2779 5132 ignosce,
2806 5066 2866 5117 ut
2888 5067 2945 5116 tu
2970 5058 3065 5115 tibi
3088 5040 3336 5131 peccauti
3365 5058 3487 5115 illos
3513 5058 3775 5131 ignoscere

2216 5167 2387 5220 cupis.
