3942 5340
185 300 279 360 333

1453 296 1654 352 LIBER
1691 248 2257 351 PROVERBIORUM.
2353 294 2359 302 ’

3319 300 3427 363 3'5!

238 412 459 469 Sirenes
477 409 582 466 dici
607 417 837 481 pateret
856 406 1132 479 princeps,
1160 422 1356 464 nomen
1377 421 1505 463 cum
1534 408 1739 463 honore
1768 405 1823 467 Α
1918 404 2106 461 Timor
2159 405 2255 463 Dei
2295 415 2351 461 et
2396 407 2574 464 oratio
2640 408 2853 465 assidua
2921 409 3197 466 hominem
3252 410 3432 468 velare

184 517 342 562 serva.
370 499 610 555 moribus
638 499 820 571 imple.

244 591 440 662 Saepius
472 590 647 646 ventis
674 590 910 662 agitatur
937 588 1127 662 ingens
1150 588 1336 662 pinus,
1366 597 1420 645 et
1445 588 1601 646 celsa:
1631 599 1742 643 tur-

181 701 257 741 res
282 682 526 756 graviore
566 698 695 737 casu
724 682 994 737 decident.

239 776 407 833 Stulta
439 783 568 831 vota
599 773 896 846 frangenda
928 781 1077 829 sunt.

238 868 358 925 Sine
381 866 633 923 doctrina
657 866 770 921 vita
798 874 882 921 est
909 863 1064 935 quasi
1096 864 1288 920 mortis
1316 864 1518 935 imago.

234 960 512 1017 Stautibus
558 969 618 1015 et
661 958 829 1030 lapsis
872 973 973 1025 par
1014 956 1321 1012 sollicitudo
1358 956 1590 1010 tenenda
1613 962 1741 1019 est;

234 1038 324 1106 illis
348 1067 415 1107 ne
443 1059 594 1106 retro
620 1050 842 1116 cadant,
872 1049 978 1105 illis
1004 1058 1064 1104 ut
1100 1049 1311 1105 concito
1335 1056 1580 1119 surgant.

228 1142 412 1199 Sermo
438 1141 602 1196 datur
628 1140 834 1207 multis,
868 1140 1033 1196 animi
1062 1140 1332 1211 sapientia
1360 1141 1573 1210 paucis.

234 1234 285 1290 Si
307 1248 544 1304 nequeas
572 1232 775 1302 plures,
805 1231 890 1287 vel
931 1240 983 1286 te
1011 1231 1351 1287 solummodo
1378 1244 1555 1286 cures.

232 1324 282 1381 Si
308 1325 434 1396 quid
462 1323 666 1378 vovisti
695 1321 943 1387 Domino,
975 1336 1043 1376 ne
1072 1321 1298 1377 reddere
1323 1319 1527 1375 tardes.

236 1416 405 1473 Solius
433 1425 528 1471 est
563 1414 781 1471 Domini
816 1414 955 1469 bona
980 1414 1048 1481 de
1073 1413 1256 1485 pravis
1283 1412 1521 1484 aperari.

234 1509 496 1581 Spernens
527 1506 817 1564 consilium
854 1506 1095 1576 patietur
1119 1519 1263 1575 smpe
1290 1503 1574 1576 periclum.

232 1596 377 1669 Szepe
400 1598 613 1655 bonum
649 1598 926 1667 cupimus,
964 1597 1108 1668 quod
1142 1612 1265 1652 mox
1311 1611 1413 1653 nos
1438 1596 1586 1651 nolle
1617 1611 1745 1667 pro-

1432 1687 1671 1761 [bamus.

1848 492 2058 550 faciunt
2086 497 2150 551 ad
2178 497 2442 554 caelestia.

1920 585 2182 643 Tentator
2225 590 2451 662 pervigil
2495 591 2594 647 hos
2635 591 2944 649 acrioribus
2988 593 3167 665 pulsat
3202 593 3432 663 insidiis,

1846 691 1984 747 quos
2013 679 2251 734 maxime
2277 679 2476 735 viderit
2505 681 2779 737 abstinere
2807 698 2838 737 a
2869 683 3125 752 peccatis.

1920 768 2095 825 Tanto
2144 770 2329 841 pejora
2376 780 2504 828 sunt
2549 773 2699 840 vitia,
2732 781 2936 844 quanto
2965 774 3223 832 virtutum
3254 778 3437 849 specie

1848 858 2112 914 celantur.

1922 950 2126 1021 Tepide
2151 951 2396 1008 viventes
2421 950 2717 1010 Christiani
2766 953 3037 1012 diﬁicilius
3086 956 3438 1030 corriguntur

1848 1056 2010 1111 quam
2036 1043 2256 1113 pagani.

1917 1132 2104 1190 Tenax
2135 1143 2191 1190 et
2218 1134 2473 1205 prodigus
2503 1135 2753 1205 nlmium,
2778 1137 2938 1193 ambo
2966 1136 3022 1193 in
3048 1153 3213 1193 unum
3244 1138 3436 1196 nimie-

1848 1225 1980 1282 tatis
2004 1225 2284 1281 conﬁuunt
2309 1227 2521 1282 vitium.

1919 1324 2310 1396 Temperatum
2335 1339 2495 1381 omne
2523 1333 2634 1382 tam
2665 1326 2776 1383 Deo
2825 1340 2991 1397 quam
3020 1327 3329 1386 hominibus
3348 1338 3438 1386 est

1842 1418 2205 1488 acceptabile.
2968 1418 2975 1424 ‘

1921 1509 2146 1565 Tenera:
2195 1509 2361 1567 nimis
2406 1518 2616 1567 mentes
2662 1511 3032 1582 asperioribus
3082 1511 3439 1572 iuformanda

1852 1611 1983 1659 sunt
2011 1604 2226 1658 studiis.
3191 1630 3199 1639 ·
3295 1651 3302 1657 .

1918 1694 2215 1751 Tormenta
2241 1694 2601 1766 quorumdam
2637 1693 2762 1750 aliis
2789 1701 3016 1765 prosunt
3044 1695 3112 1752 ad
3139 1696 3439 1752 correctio-

231 1784 443 1857 Semper
482 1801 684 1843 avarus
709 1792 867 1857 eget;
908 1786 1056 1841 hunc
1095 1784 1238 1839 nulla
1276 1784 1509 1855 pecunia
1555 1784 1745 1857 replet.
1781 1791 1824 1853 Β
1852 1803 1999 1843 nem.

230 1877 280 1933 Si
306 1879 383 1933 vis
406 1879 645 1945 salvari,
675 1878 751 1932 nil
781 1877 907 1932 huic
933 1890 1186 1947 praepone
1213 1875 1398 1931 saluti.

228 1967 352 2025 Sunt
377 1969 617 2024 nimium
646 1968 825 2039 pauci,
858 1969 950 2038 qui
981 1968 1085 2022 rite
1112 1967 1282 2022 velint
1324 1966 1600 2022 misereri.

232 2059 463 2129 Spiritus
488 2069 575 2116 est
606 2058 739 2125 vita,
778 2073 927 2114 mors
952 2058 1134 2113 carnis
1163 2055 1524 2127 philosophia.

745 2149 974 2209 CAPUT
1011 2148 1152 2205 XIX.

226 2242 298 2300 .‘l‘e
319 2244 480 2301 decet
503 2244 763 2318 hymnus,
790 2245 954 2311 Deus,
984 2243 1038 2298 in
1068 2242 1222 2309 Sion,
1254 2252 1311 2300 et
1345 2240 1442 2298 tibi
1490 2241 1748 2299 reddetur

181 2346 334 2392 votum
362 2339 417 2393 in
454 2337 814 2393 Hierusalem.

235 2426 618 2484 Testimonium
649 2428 863 2485 Domini
893 2427 1079 2495 ﬁdele,
1115 2428 1442 2500 sapientiam
1470 2438 1744 2500 praestans

181 2521 405 2589 parvulis.

246 2611 370 2679 Tibi,
401 2612 660 2680 Domine,
688 2611 981 2669 derelictus
1022 2620 1107 2668 est
1142 2627 1363 2683 pauper,
1403 2613 1649 2685 orphano
1690 2622 1745 2669 tu

186 2702 274 2756 eris
296 2700 531 2771 adiutor.
1640 2722 1643 2727 '

224 2791 433 2849 Timete
458 2794 655 2860 Deum,
669 2809 864 2852 entnes
890 2796 1064 2852 sancti
1090 2796 1226 2866 ejus,
1248 2795 1503 2867 quoniam
1528 2810 1633 2852 non
1660 2807 1747 2853 est

186 2884 335 2955 inepia
361 2887 686 2944 timentibus
711 2902 860 2944 eum.

234 2977 611 3036 Thesaurizate
663 2981 820 3037 vobis
871 2980 1157 3037 thesauros
1192 2982 1248 3036 in
1291 2980 1468 3049 coelo,
1520 2982 1608 3038 ubi
1646 2997 1750 3039 nec

182 3084 339 3142 aerugo
368 3086 546 3143 neque
575 3072 725 3129 tinea
750 3073 1061 3141 demolitur,
1093 3083 1151 3131 et
1173 3074 1265 3131 ubi
1305 3074 1452 3131 fures
1479 3091 1585 3131 non
1617 3076 1749 3131 εσυ-

184 3161 310 3217 «lium
333 3179 435 3220 nec
458 3163 737 3221 furantur.

241 3251 544 3312 Tbesaurus
611 3254 987 3325 desiderabilis
1055 3257 1348 3329 requiescit
1401 3259 1453 3314 in
1510 3272 1605 3315 ore
1658 3274 1748 3314 sa-

179 3343 367 3410 pientis.

239 3433 417 3492 Totum
468 3437 725 3511 spiritum
781 3453 941 3495 suum
991 3439 1200 3511 profert
1245 3440 1478 3509 stultus;
1529 3442 1749 3513 sapiens

182 3533 333 3581 autem
364 3527 546 3584 diﬁ‘ert
571 3538 629 3584 et
661 3539 907 3587 reservat
934 3530 990 3586 in
1015 3540 1313 3601 posterum.

241 3614 417 3674 Timor
444 3619 661 3675 Domini
692 3620 916 3690 expellit
944 3631 1246 3692 peccatum.

243 3708 466 3782 Ternpus
490 3714 637 3768 omni
670 3715 745 3769 rei
776 3713 878 3769 sub
909 3714 1069 3769 coelo.

241 3799 418 3859 Turris
445 3804 740 3860 fortissima
769 3819 964 3861 nomen
994 3803 1243 3873 Domini;
1273 3806 1343 3862 ad
1371 3807 1544 3877 ipsum
1576 3804 1750 3862 currit

181 3896 357 3973 justus,
383 3909 441 3958 et
464 3899 817 3958 exaltabitur.

242 3990 444 4064 Triplex
478 3994 757 4050 funiculus
788 3993 1004 4051 difﬁcile
1032 3995 1319 4065 rumpitur.

239 4084 405 4143 Testis
432 4086 600 4144 falsus
632 4104 742 4143 non
771 4088 880 4143 erit
910 4087 1229 4158 impunitus.

241 4178 411 4236 Timor
434 4191 520 4238 est
548 4183 600 4238 in
627 4183 920 4247 charitate,
943 4181 1037 4237 sed
1065 4180 1304 4253 perfecta
1332 4181 1574 4237 charitas
1601 4182 1746 4237 foras

186 4271 324 4326 mittit
348 4273 383 4327 ti
393 4290 618 4330 morem.
1016 4326 1019 4327 ,
1166 4298 1172 4323 :

243 4362 406 4434 Turpe
431 4377 516 4423 est
569 4376 632 4423 ut
659 4368 750 4437 qui
781 4367 955 4423 nescit
986 4376 1172 4423 tenere
1221 4367 1595 4423 moderamina
1626 4368 1745 4424 vita:

188 4458 468 4527 μηδ-ἰαύει
502 4462 598 4516 ﬁat
625 4461 840 4519 aliena...
948 4466 949 4469 “

243 4524 399 4617 Tanto
412 4551 671 4619 subtilius
691 4554 923 4623 quisque
945 4554 1016 4609 dc
1035 4554 1270 4609 tenebris
1284 4553 1516 4625 judicat,
1539 4563 1743 4626 quanto
1774 4524 1823 4582 D

190 4650 289 4694 cum
314 4644 485 4698 verius
513 4644 740 4700 claritas
779 4644 919 4700 lucis
949 4646 1206 4703 illustrat.

246 4733 461 4793 Terrena
512 4738 704 4794 omnia
748 4737 1017 4820 servando
1074 4741 1419 4808 amittuntur,
1467 4740 1744 4813 largiendo

193 4835 454 4884 servantur.
1710 4897 1715 4901 _

248 4917 418 4993 Tergat
447 4924 639 4980 sordes
664 4922 829 4994 pravi
871 4922 1054 4993 operis
1086 4923 1176 4994 qui
1216 4926 1326 4982 Deo
1353 4935 1623 4999 praeparat
1650 4927 1747 4983 do-

198 5023 309 5067 mum
336 5016 542 5073 mentis.

250 5125 576 5164 Talaum”...

601 5132 796 5164 manna:
822 5133 958 5164 Μαίη
984 5134 1307 5164 ,ιιι-Αἶηῖυκ..-
1358 5138 1398 5164 ..ξ
1427 5147 1609 5164 --.ιιι-..ι
1632 5139 1746 5164 1...-

1922 1878 2127 1933 Tacere
2155 1876 2246 1948 qui
2278 1877 2469 1942 nescit,
2496 1876 2672 1933 nescit
2700 1885 2756 1933 et
2791 1876 2958 1948 loqui.

1920 1967 2213 2025 Timendus
2237 1977 2322 2025 est
2347 1983 2459 2038 pne
2483 1968 2716 2035 cunctis,
2741 1968 2893 2040 cujus
2915 1976 3154 2040 potestas
3176 1976 3258 2024 est
3278 1983 3442 2042 super

1849 2075 2062 2115 omnes.

1922 2148 2122 2207 Tactus
2166 2151 2468 2208 alienorum
2506 2168 2793 2223 corporum
2825 2160 2881 2208 et
2928 2152 3125 2209 ardens
3166 2155 3441 2225 appetitus

1849 2244 2175 2299 feminarum
2206 2254 2445 2301 mentem
2479 2246 2647 2300 trahit
2678 2246 2746 2301 ad
2777 2247 3065 2301 insaniam.

1919 2337 2054 2392 Tam
2080 2338 2169 2393 diu
2195 2339 2316 2409 quis
2339 2347 2491 2394 errat
2513 2338 2567 2393 in
2596 2339 2720 2406 ﬁde,
2752 2353 3036 2410 quousque
3065 2342 3245 2396 omnia
3272 2358 3303 2396 a
3329 2339 3443 2398 Dco

1849 2430 2041 2500 inspici
2073 2440 2129 2486 et
2157 2430 2269 2503 regi
2301 2431 2514 2488 diﬁizlit.

1921 2521 2253 2579 Taccntihus
2298 2523 2515 2580 difﬁcile
2562 2526 2925 2593 subvenitur;
2976 2525 3296 2584 conﬁtentes
3333 2543 3439 2583 au-

1850 2625 1958 2671 tem
1983 2617 2262 2688 languoris
2287 2618 2370 2674 sui
2398 2619 2716 2690 qualitatem
2758 2618 2975 2676 facilius
3000 2621 3268 2692 recipient
3296 2622 3443 2678 sani-

1851 2716 2036 2763 tatem.

1918 2800 2103 2857 Toties
2148 2802 2306 2857 nobis
2355 2802 2495 2859 bene
2543 2803 2735 2876 agendi
2784 2804 3134 2862 occasionem
3196 2806 3442 2878 praebent

1850 2892 2012 2960 mala,
2042 2896 2362 2966 quotiesca
2406 2895 2651 2952 videntes
2688 2904 2781 2952 aut
2817 2897 3101 2955 audientes
3137 2899 3441 2955 contemni-

1856 3001 1999 3044 mus.

1923 3080 2100 3137 Tanto
2128 3083 2374 3154 quisquis
2395 3098 2597 3140 cavere
2626 3084 2785 3140 debet
2826 3101 2893 3142 ne
2922 3086 3176 3155 superbia
3204 3084 3442 3157 decipia-

1776 3156 1822 3222 C
1856 3179 1965 3238 tur,
1996 3183 2201 3243 quanto
2228 3174 2468 3231 sanctius
2494 3176 2696 3246 aliquid
2736 3177 3043 3247 proﬁtetur.

1921 3262 2093 3318 Tanta
2145 3265 2517 3336 unusquisque
2564 3276 2744 3337 potest
2799 3276 3186 3337 contemnere,
3237 3276 3440 3341 quanta

1851 3353 2014 3409 etiam
2040 3363 2221 3425 potest
2249 3357 2654 3425 cencupiscete.
2756 3356 2761 3359 ⁷

1929 3443 2059 3498 Tale
2084 3450 2256 3513 genus
2281 3453 2365 3499 cst
2394 3445 2670 3509 vitiorum,
2706 3454 2784 3511 ut,
2818 3445 2921 3500 nisi
2953 3446 3229 3516 praeterita
3272 3447 3441 3506 celeri

1851 3533 2169 3603 poenitentia
2199 3533 2501 3601 deleantur,
2535 3531 2639 3589 alia
2662 3536 2862 3591 exinde
2890 3536 3159 3591 oriantur.

1922 3623 2088 3679 Tecta
2114 3624 2237 3679 odia
2266 3624 2450 3695 pejora
2481 3635 2606 3679 sunt
2632 3640 2793 3695 quam
2821 3634 3031 3695 aperta.

1922 3715 2080 3771 Tales
2132 3715 2302 3773 simus
2356 3715 2544 3783 intus,
2596 3716 2784 3788 quales
2841 3730 2939 3772 nos
3001 3714 3136 3773 foris
3191 3717 3437 3774 ostendi-

1853 3823 1994 3862 mus.
3039 3862 3043 3866 .

1922 3902 2203 3971 Tanquam
2235 3900 2471 3958 fornacis
2511 3901 2738 3958 rutilans
2785 3918 2979 3957 aurum
3025 3903 3218 3974 probat
3250 3900 3391 3975 ignis
3418 3944 3436 3971 ,

1922 3992 2015 4048 Sic
2043 3992 2417 4072 Deusielectos
2443 3993 2695 4064 purgabit
2728 3994 2781 4047 in
2818 3994 2940 4064 igne
2970 3993 3191 4048 doloris.

1920 4085 2101 4157 Turpe
2129 4094 2214 4140 est
2241 4086 2473 4151 doctori,
2512 4101 2634 4140 cum
2675 4084 2827 4155 culpa
2860 4086 3141 4163 redarguit
3167 4085 3369 4156 ipsum.

1921 4181 2073 4239 Tunc
2104 4190 2156 4239 te
2185 4182 2464 4254 lapsorum
2494 4180 2751 4249 formida,
2780 4198 2902 4237 cum
2936 4183 3041 4237 ruit
3069 4182 3226 4237 alter.

1834 4314 1835 4317 η
1922 4277 1999 4333 Te
2026 4277 2212 4333 laesum
2242 4277 2427 4341 crede,
2457 4291 2579 4330 cum
2614 4276 2795 4329 cernis
2832 4290 3099 4345 quemque
3127 4274 3330 4332 dolere.

1924 4368 2181 4424 Terrenis
2208 4367 2428 4435 inhians
2456 4366 2546 4420 vix
2578 4365 2879 4435 spiritualia
2911 4366 3105 4422 credit.

1926 4463 2098 4518 Tutus
2126 4461 2232 4516 erit
2260 4473 2535 4531 nunquam
2566 4458 2657 4529 qui
2689 4458 2996 4530 suSpicIonc
3037 4457 3271 4514 laborat.
3326 4498 3329 4501 -
3430 4496 3436 4527 ε

1919 4557 2231 4617 Tristantur
2260 4551 2418 4609 facile
2446 4570 2675 4624 quorum
2710 4568 2835 4625 spes
2869 4559 3050 4608 exstat
3076 4551 3134 4606 in
3163 4553 3305 4608 imis.

1917 4646 2094 4704 Testis
2119 4644 2389 4703 veridicus
2419 4644 2532 4718 regi
2562 4659 2690 4700 vero
2722 4653 2905 4699 manet
2931 4652 3108 4714 aptus.

1918 4736 2235 4807 Tempestas
2265 4734 2490 4806 grandis
2517 4746 2600 4792 est
2632 4734 2931 4804 indignatio
2962 4734 3125 4805 regis.

1919 4829 2091 4886 Totus
2124 4829 2327 4899 ubique
2360 4843 2616 4894 manens,
2659 4836 2773 4884 tota
2809 4836 2893 4885 est
2929 4826 3127 4882 virtute
3156 4825 3435 4885 colendus.

2457 4918 2686 4975 CAPUT
2723 4917 2843 4973 XX.

1930 5013 2208 5071 Universae
2252 5014 2359 5089 vim
2401 5013 2616 5083 Domini
2647 5010 3021 5067 misericordia
3049 5019 3104 5066 et
3134 5013 3334 5068 veritas
3358 5023 3444 5062 re-

1855 5109 2192 5164 quirentibus
2227 5115 2609 5162 testamentum
2641 5106 2757 5164 eius
2786 5112 2839 5159 et
2869 5105 3171 5160 testimonia
3199 5105 3335 5164 eius.
