3942 5340
499 331 609 393 335
1536 322 1838 381 OTllLONl
1875 319 2181 378 MONAClll
2220 319 2277 376 S.
2318 318 2738 376 EMMERAMMI
3664 324 3756 386 εδδ

572 438 1014 509 Υίτὶιίιατξεεὶιθ.
1041 444 1096 491 et
1125 433 1460 491 confortetur
1485 450 1579 490 cor
1607 442 1869 501 vestrum,
1900 446 2090 488 omnes
2114 443 2166 502 Α
2264 429 2368 488 Ubi
2396 438 2484 487 est
2504 431 2746 488 charitas
2769 440 2824 487 ct
2846 429 3083 500 dilectio,
3102 410 3185 491 ibi
3204 443 3514 493 sanctorum
3540 452 3753 515 congre-

500 528 594 602 qui
622 527 856 601 speratis
882 527 938 582 in
969 524 1221 589 Domino.
2194 523 2363 595 gatio.
2702 568 2709 576 .

572 621 685 679 Viri
732 619 1054 693 sanguiuum
1102 627 1159 675 et
1205 616 1376 674 dolosi
1430 631 1538 674 non
1575 615 1939 673 dimidiabuut
1974 615 2093 672 dies
2266 612 2469 670 Ultima
2532 612 2812 672 tribulatio
2860 615 3044 673 multis
3083 616 3522 679 tribulationibus
3568 638 3756 697 praeve-

497 730 646 771 suas.
2192 706 2362 761 nitur.
2617 772 2627 779 ο

567 802 664 861 Vir
708 802 994 876 linguosus
1020 817 1128 858 nou
1160 799 1426 873 dirigetur
1448 799 1501 856 in
1532 810 1707 867 terra;
1734 798 1910 855 virum
1948 798 2089 869 iujuc
2266 797 2403 855 Vera
2452 798 2714 856 discretio
2766 816 2874 857 non
2919 802 3025 858 nisi
3069 817 3197 859 vera
3248 803 3556 863 humilitate
3596 810 3759 882 aequi-

495 902 642 950 stum
688 892 833 950 mala
862 891 1081 963 capient
1101 891 1155 949 in
1182 891 1426 951 interitu.
2194 890 2352 945 ritur.
3376 900 3377 903 ‘

567 982 685 1040 Vox
732 982 1114 1041 exsultatiunis
1158 990 1213 1038 et
1255 982 1448 1040 salutis
1491 983 1546 1039 in
1596 979 1961 1039 tabernaculis
2000 979 2091 1053 ju—
2227 980 2455 1038 'Victus
2496 991 2659 1054 atque
2684 982 2918 1040 vestitus
2964 983 3166 1041 divitite
3192 984 3759 1047 Christianorumesse

494 1084 726 1132 storum.
1297 1129 1300 1132 ,
2195 1070 2412 1127 debent.

2266 1160 2468 1233 Vigilat
2496 1161 2588 1234 qui
2619 1163 2685 1219 ad
2716 1174 2997 1236 aspectum
3029 1165 3143 1221 veri
3173 1164 3397 1224 luminis
3424 1169 3612 1227 oculos
3632 1186 3761 1228 men-

2195 1249 2263 1305 tis
2283 1259 2498 1321 apertos
2527 1260 2695 1307 tenet.

2253 1338 2527 1429 .Voluntas
2572 1340 2783 1415 integra
2829 1342 3200 1402 benefaciendi
3232 1364 3262 1402 a
3294 1347 3407 1405 Deo
3441 1351 3763 1421 reputabitur

2195 1446 2296 1502 pro
2330 1445 2496 1502 opere
2521 1433 2792 1490 beneﬁcii.

2271 1521 2532 1582 Voluntas
2578 1525 2672 1583 Dei
2726 1543 2863 1600 opus
2909 1528 3025 1601 ejus
3055 1539 3139 1588 est
3172 1549 3185 1587 :
3213 1531 3351 1590 dixit
3377 1534 3528 1591 enim
3562 1545 3618 1592 et
3638 1533 3763 1593 facta

517 1160 525 1164 ’
573 1167 800 1239 Vigilate
834 1166 980 1222 omni
1034 1175 1296 1238 tempore,
1348 1174 1568 1222 orantes
1615 1173 1674 1220 ut
1708 1163 1859 1236 digni
1896 1162 2094 1221 habea-

494 1258 627 1314 mini
661 1257 849 1329 fugere
883 1272 1004 1328 quae
1033 1265 1258 1313 ventura
1294 1260 1443 1314 sunt.

570 1347 797 1419 Vigilate
831 1356 886 1404 et
913 1356 1087 1414 orate,
1120 1363 1188 1403 ne
1219 1346 1434 1404 intretis
1461 1345 1513 1402 in
1543 1346 1921 1403 tentationem.

564 1441 660 1496 Vae
686 1441 840 1498 vobis
892 1441 985 1511 qui
1016 1439 1300 1496 decimatis
1337 1447 1601 1507 ruentam,
1636 1449 1693 1494 et
1734 1438 1990 1495 anethum
2038 1448 2095 1494 et

493 1529 792 1596 cuminum,
824 1538 879 1586 et
923 1545 1044 1602 quae
1083 1516 1334 1601 graviora
1373 1537 1503 1587 sunt
1550 1528 1877 1601 reliquistis,
1932 1529 1986 1585 id
2010 1538 2093 1585 est

493 1620 924 1678 misericordiam
947 1631 1002 1678 et
1017 1621 1304 1693 judicium.
2195 1622 2346 1670 sunt.

565 1716 914 1789 Unaquaeque
940 1716 1106 1789 arbor
1127 1731 1194 1771 ex
1226 1715 1406 1772 fructu
1431 1731 1530 1773 suo
1551 1715 1910 1787 cognoscitur.
2266 1707 2531 1765 Voluntas
2551 1710 2693 1766 bona
2722 1711 2777 1767 in
2802 1714 2993 1784 primis
3017 1724 3102 1771 est
3122 1718 3439 1775 obtinenda.

562 1807 765 1879 Vulpes
788 1807 972 1865 foveas
993 1808 1213 1873 habent,
1239 1807 1560 1873 etvolucres
1580 1806 1700 1864 coeli
1718 1808 1901 1875 nidos,
1919 1806 2087 1862 Filius
2116 1805 2163 1866 Β
2262 1796 2615 1872 Unaquaeque
2637 1802 2809 1859 Virtus
2834 1814 2984 1861 lanio
3013 1806 3194 1863 mittor
3222 1816 3329 1877 est,
3355 1818 3567 1881 quanto
3594 1810 3766 1869 desunt

492 1903 939 1969 autemJtominis
968 1918 1078 1960 non
1122 1902 1289 1959 habet
1321 1901 1415 1960 ubi
1442 1909 1607 1974 caput
1653 1918 1808 1959 suum
1841 1902 2088 1960 reclinet.
2194 1895 2429 1944 θεειθνεε-

564 1996 665 2055 Ubi
693 2006 777 2054 est
808 1998 1097 2055 thesaurus
1120 2004 1265 2065 tuus,
1292 1996 1364 2053 ibi
1392 2007 1477 2054 est
1503 2007 1559 2054 et
1578 2013 1674 2054 eor
1700 2008 1872 2054 tuum.

2269 1976 2410 2035 Vitia
2461 1980 2613 2052 prius
2662 1984 3016 2057 exstirpanda
3046 1999 3172 2045 sunt
3220 1990 3274 2045 in
3325 1991 3570 2059 homine,
3597 1993 3765 2051 deinde

562 2087 742 2144 Verba
772 2088 1099 2159 sapientium
1128 2088 1283 2160 quasi
1310 2088 1515 2144 stimuli
1559 2098 1615 2145 et
1656 2090 1813 2161 quasi
1861 2089 2001 2147 clavi
2033 2089 2088 2146 in
2190 2068 2421 2161 “mles
2451 2071 2776 2129 inserenda?-

489 2178 658 2235 ajmm
681 2178 864 2235 ἀοηχῖ,
1678 2160 1685 2161 “
2266 2160 2622 2221 Venerandus
2644 2166 2788 2223 Deus
2816 2185 2923 2225 non
2948 2170 3125 2227 solum
3163 2184 3264 2244 pro
3286 2173 3560 2232 immensa
3589 2177 3668 2233 sui
3686 2194 3763 2249 po—

565 2271 738 2330 verba
786 2271 1129 2329 adulatorum
1177 2272 1332 2344 quasi
1382 2272 1592 2341 monia,
1641 2271 1846 2330 τετῖυηι
1904 2283 2086 2331 autem
2192 2254 2383 2322 tentia,
2411 2256 2505 2312 sed
2541 2259 2707 2315 etiam
2735 2275 2833 2330 pro
2872 2262 3234 2320 intestimaltili
3266 2267 3586 2324 clementia.

489 2362 667 2419 ίηιίηιί
699 2370 796 2420 οη
829 2365 1058 2420 ventris,
2263 2345 2514 2434 Virgines
2557 2359 2611 2406 et
2658 2355 2908 2410 monachi
2952 2355 3030 2412 sic
3059 2367 3366 2428 temperent
3400 2359 3693 2433 jejunium,
3714 2368 3765 2417 ut

565 2452 699 2510 Vaui
749 2462 878 2510 sunt
928 2468 1121 2510 omnes
1197 2454 1448 2510 homines
1518 2454 1572 2510 in
1594 2454 1791 2525 quibus
1845 2470 1955 2511 non
2006 2464 2088 2512 est
2190 2450 2409 2509 semper
2442 2438 2614 2497 (οτῑθε
2634 2442 2833 2500 Sinlad
2869 2445 2965 2501 ῧθί
3004 2449 3310 2505 serVilium.

490 2543 718 2599 scicmia
750 2542 869 2599 Dei.
2261 2527 2449 2586 Virtus
2474 2546 2690 2603 semper
2718 2534 2934 2592 invidiae
2965 2547 3131 2608 patet.

560 2634 677 2692 Vox
698 2634 805 2691 diei
833 2634 1048 2692 Domini
1072 2650 1259 2691 amara
1284 2652 1299 2702 ;
1333 2635 1681 2692 tribulabitur
1712 2636 1782 2692 ibi
1810 2635 1990 2694 fortis.

2262 2617 2381 2676 Uno
2430 2623 2720 2695 pestilente
2764 2625 3055 2716 ﬂagellato,
3107 2631 3262 2688 multi
3290 2619 3573 2706 perversi
3614 2635 3764 2692 corri-

558 2728 757 2785 Vinum
811 2735 868 2783 et
910 2727 1165 2783 mulieres
1206 2735 1522 2798 apostatare
1556 2726 1764 2783 faciunt
1802 2729 1967 2784 etiam
2003 2743 2090 2784 sa-
2190 2716 2439 2788 Ρῖυηιιιν·

492 2819 728 2879 picmes.
2263 2810 2526 2883 Voluptas
2547 2814 2747 2882 omnis,
2770 2817 2838 2873 ad
2863 2817 3036 2874 instar
3065 2820 3266 2892 apium,
3296 2821 3389 2879 ubi
3428 2832 3590 2895 grata
3623 2822 3763 2879 mella

560 2910 653 2967 Vae
685 2910 893 2967 civitati
916 2910 1069 2982 cujus
1089 2927 1181 2967 rex
1201 2912 1418 2985 juvenis
1438 2920 1542 2982 est,
1565 2921 1621 2969 et
1641 2913 1794 2986 cujus
1813 2913 2089 2985 principes
2190 2902 2352 2970 ΐιιάίιν
2382 2919 2566 2959 morsu
2589 2906 2752 2963 Corda
2781 2906 2930 2964 ferit.

488 3019 649 3059 mane
687 3005 1017 3060 comedunt!
2259 2995 2522 3068 Voluptas
2554 2998 2719 3056 habet
2741 3014 2984 3071 poenam,
3022 3012 3077 3060 et
3109 3004 3410 3061 necessitas
3451 3004 3602 3077 parit
3628 3019 3765 3062 coro-

561 3094 662 3152 Uhi
689 3092 854 3151 fuerit
876 3093 1148 3166 superbia,
1178 3094 1251 3152 ibi
1277 3094 1385 3152 erit
1413 3104 1463 3151 et
1490 3095 1841 3153 contumelia.
2191 3104 2340 3144 nam.

558 3185 655 3241 Vir
686 3185 980 3242 iracundus
1007 3195 1268 3257 provocat
1293 3186 1472 3253 rixas;
1512 3188 1604 3258 qui
1652 3196 1831 3245 autem
1875 3187 2086 3259 patiens
2115 3192 2161 3257 C
2266 3180 2656 3238 vehementior
2684 3194 2769 3239 est
2794 3183 2961 3240 animi
2998 3200 3163 3256 quam
3189 3189 3437 3257 corporis
3466 3186 3656 3244 febris.

488 3281 571 3331 est
600 3276 814 3346 mitigat
836 3277 1151 3333 suscitatas.
2261 3272 2454 3329 Viator
2479 3273 2569 3329 ille
2589 3275 2790 3331 stultus
2820 3278 3039 3348 estqui,
3067 3278 3123 3333 in
3154 3279 3353 3336 itinere
3379 3295 3601 3338 amoena
3626 3291 3765 3353 prata

558 3367 652 3424 Va:
688 3369 826 3426 soli!
862 3370 1009 3442 quia,
1046 3385 1169 3426 cum
1217 3369 1500 3438 ceciderit,
1536 3386 1644 3427 non
1684 3371 1847 3429 habet
1899 3370 2082 3428 suble-
2188 3365 2554 3436 conspiciens),
2579 3366 2917 3424 obliViscitur
2938 3386 3046 3441 quo
3073 3371 3348 3429 tendebat.

485 3474 702 3520 ντιηιειιι
733 3479 812 3522 se,
2263 3454 2364 3512 Ubi
2390 3471 2497 3513 non
2535 3447 2618 3513 est
2642 3459 2809 3515 timor
2839 3460 2954 3526 Dei,
2983 3460 3056 3516 ibi
3094 3477 3319 3533 regnum
3346 3465 3586 3536 peccati.

559 3555 648 3613 Vm
693 3556 786 3628 qui
847 3556 1034 3613 dicunt
1090 3556 1291 3614 bonum
1350 3557 1573 3626 malum,
1617 3567 1674 3614 ει
1730 3558 1933 3615 malum
1987 3540 2087 3615 ι)οᾲ
2259 3545 2493 3605 Virtutis
2520 3548 2755 3608 lructum
2777 3552 2994 3623 sapiens
3018 3554 3172 3624 ponit
3202 3555 3255 3610 in
3278 3556 3768 3624 conscientia;mi—

484 3664 611 3703 uum
639 3651 653 3705 ι
2189 3659 2293 3700 nus
2319 3647 2594 3714 perlectus
2628 3647 2681 3702 in
2722 3649 2915 3719 gloria.

557 3741 656 3799 Via
702 3743 992 3814 impiorum
1026 3743 1348 3811 tenebrosa;
1393 3744 1646 3800 nesciunt
1680 3744 1772 3799 ubi
1802 3757 2081 3801 corruant.
2264 3735 2453 3794 ViClUS
2480 3739 2549 3795 ab
2574 3741 2928 3811 unoquolibet
2958 3742 3091 3800 vitio
3124 3744 3232 3801 cito
3262 3744 3466 3802 labitur
3485 3745 3540 3802 in
3582 3745 3704 3802 alia.

557 3835 656 3890 Via
709 3834 839 3889 vita:
898 3835 1231 3891 custodienti
1293 3834 1688 3906 disciplinam;
1755 3836 1846 3904 qui
1904 3844 2084 3892 autem
2261 3827 2431 3885 Vante
2486 3830 2675 3903 gloria:
2722 3841 2965 3890 sectator
3001 3835 3051 3891 ei
3090 3835 3183 3906 qui
3224 3837 3435 3893 semina
3475 3853 3577 3893 sua
3615 3845 3761 3893 vento

484 3912 894 3995 increpationes
921 3924 1182 3995 relinquit
1205 3935 1376 3980 errat.
2188 3917 2550 3992 dispergenda
2585 3923 2877 3980 committit
2915 3925 3268 3982 assimilatur.
3404 3996 3409 3999 μ

564 4013 748 4068 Virum
799 4012 1024 4069 stultum
1070 4002 1330 4070 interﬁcit
1360 4013 1660 4082 iracundia,
1717 4023 1772 4069 et
1801 4015 2085 4085 parvulum
2265 4010 2460 4070 Voiens
2508 4016 2748 4073 retinere
2793 4017 3083 4073 sanitatem
3136 4018 3340 4076 nullius
3380 4020 3650 4092 deSpiciat
3690 4017 3765 4073 vel

487 4106 689 4163 occidit
715 4106 938 4163 invidia.
2188 4103 2416 4163 irrideat
2451 4106 2849 4165 infirmitatem.

562 4197 683 4255 Vita
727 4201 974 4256 carnium
1044 4200 1254 4257 sanitas
1315 4200 1551 4268 cordis;
1591 4198 1819 4271 putredo
1876 4199 2083 4256 ossium

488 4292 713 4349 invidia.
1506 4312 1511 4317 τ

559 4383 698 4440 Vasa
725 4382 872 4457 tiguii
898 4385 1095 4456 probat
1118 4386 1331 4452 l'oruax,
1355 4393 1413 4442 et
1435 4384 1684 4444 homines
1697 4383 1877 4455 justos
1906 4394 2085 4442 tenta-

488 4475 564 4531 tio
594 4474 974 4532 tribulationis.

561 4567 801 4624 Verbum
829 4567 1029 4624 bonum
1058 4584 1222 4640 super
1249 4569 1439 4626 datum
1462 4573 1745 4644 optimum.

562 4662 803 4719 Verbum
835 4661 993 4719 dulce
1019 4661 1343 4735 multiplicat
1388 4665 1594 4721 amicos
1629 4674 1684 4721 et
1714 4665 1928 4738 mitigat
1972 4665 2077 4721 ini-

492 4755 685 4811 micos.

569 4847 718 4904 Unus
742 4847 1023 4911 Dominus.
1065 4863 1175 4903 una
1214 4847 1368 4915 lides,
1424 4864 1593 4905 unum
1626 4850 1914 4921 baptisma,
1941 4865 2082 4908 unus

490 4939 634 4996 Deus
661 4948 717 4995 et
740 4939 902 4997 Pater
923 4941 1188 5007 otuuium.

564 5030 867 5102 Unicuique
921 5032 1081 5089 datur
1129 5032 1500 5091 manifestatio
1553 5032 1776 5107 spiritus
1820 5037 1888 5090 ad
1938 5035 2082 5091 utili-

491 5131 679 5168 talnm-
1776 5129 1783 5135 ’

2262 4197 2426 4255 Vitiis
2457 4201 2621 4257 dediti
2646 4216 2752 4257 non
2791 4212 3020 4274 possunt
3060 4202 3352 4260 virtutibus
3373 4204 3563 4262 ditari.

2260 4291 2496 4349 Vitanda
2527 4302 2611 4349 est
2644 4294 2921 4366 superbia,
2953 4311 3073 4368 qua:
3108 4306 3164 4355 et
3195 4296 3421 4369 angelos
3451 4297 3684 4370 decepit,
3715 4305 3764 4351 et

2186 4397 2379 4440 omnes
2407 4382 2641 4441 virtutes
2662 4384 2917 4441 destruit.

2262 4474 2417 4532 Unde
2442 4476 2615 4532 bonus
2636 4475 2874 4547 proﬁcit,
2915 4478 3039 4534 inde
3077 4479 3291 4534 invidus
3315 4479 3568 4540 tabescit.

2109 4551 2161 4614 Ῑ)
2259 4566 2430 4624 Valde
2456 4567 2743 4640 imperitus
2770 4578 2853 4626 est
2892 4568 3155 4637 medicus,
3178 4569 3279 4657 qui
3310 4571 3457 4627 nulla
3490 4575 3595 4630 nisi
3634 4572 3760 4628 lenia

2188 4659 2593 4716 medicamenta
2622 4661 2752 4718 dare
2774 4662 2947 4718 novit.

2261 4750 2331 4808 Ut
2357 4750 2546 4808 volunt
2571 4767 2751 4826 reges,
2776 4752 2850 4809 ita
2872 4752 3054 4810 valent
3076 4756 3243 4830 leges.

2260 4843 2362 4898 Vix
2389 4846 2674 4915 quisquam
2698 4846 2751 4900 in
2775 4847 2974 4902 bonum
3014 4852 3231 4916 transit,
3261 4850 3365 4906 nisi
3404 4866 3473 4907 ex
3507 4850 3664 4905 malo.

2260 4933 2416 4991 Ultra
2445 4936 2664 4993 modum
2702 4947 2831 4993 sunt
2872 4937 3089 4996 delicati
3125 4944 3219 5014 qui
3248 4943 3394 4998 nulla
3422 4944 3650 5005 adversa
3675 4957 3760 4995 voc

2192 5027 2310 5084 lunt
2342 5029 2481 5101 pati.

2262 5140 2509 5168 ηιμ--.ηιλ-
2522 5143 2657 5168 .32....
2689 5142 2848 5168 -I.::-:
2861 5162 2916 5168 -_.
2930 5162 2949 5168 -
3003 5163 3019 5168 -
3032 5147 3099 5168 2H-
3112 5148 3162 5168 με
