3942 5340
126 293 234 348 337

196 498 386 555 Scnsu
409 500 620 557 carnali
645 517 705 556 se
740 518 898 574 posse
919 515 1112 576 putant
1145 519 1454 579 penetrare.

201 589 385 647 Vilius
406 604 694 666 argentum
719 604 805 651 est
827 612 982 663 auro,
1012 599 1304 661 virtutibus
1330 616 1546 659 aurum.

196 681 402 739 Vivere
425 685 473 739 si
501 694 646 741 recte
673 688 874 752 nescis,
898 688 1101 745 decede
1124 692 1333 762 peritis.

201 775 426 835 Utilitas
455 778 681 848 grandis
707 781 840 838 latet
870 783 924 839 in
956 785 1118 843 rebus
1139 802 1357 859 quoque
1387 792 1588 861 parvis.

198 866 475 925 Utilitatis
506 885 661 927 amor
687 873 795 929 cito
816 875 1007 931 suadet
1034 876 1162 947 quid
1190 879 1261 933 sit
1288 882 1578 952 agendum.

202 956 399 1015 Vestes
428 963 708 1031 praeclarae
738 979 835 1019 cor
858 963 1099 1023 elliciunt
1118 969 1374 1026 animale.

200 1051 374 1108 Valde
394 1055 727 1125 premendus
752 1056 858 1113 erit
881 1058 971 1129 qui
1002 1075 1148 1116 nunc
1171 1062 1394 1118 omnino
1423 1063 1686 1120 superbit.

206 1141 309 1199 Vix
335 1146 665 1204 emendatur
689 1149 779 1220 qui
802 1164 970 1222 prava
1001 1151 1093 1207 diu
1121 1153 1439 1210 comitatur.

1171 301 1405 362 δεηωο
1440 305 1507 362 ΙΝ
1547 306 1797 365 ΝΑτΑιι
1834 311 2372 379 APOSTOLORUM.

200 402 460 476 Undique
486 403 748 461 falluntur
772 407 865 477 qui
888 421 1061 465 saeue
1089 409 1340 484 dogmata
1385 414 1517 488 legis
1752 427 1804 484 Α

1905 424 2147 485 Virtutes
2175 431 2340 489 varia:
2365 432 2573 503 pariter
2608 442 2838 507 possunt
2862 434 3128 493 habitare.

1899 517 2084 575 Virtus
2110 529 2195 576 est
2221 524 2445 594 grandis
2470 524 2792 583 benedicere
2814 542 2915 598 pro
2941 525 3268 593 maledictis.

1901 608 1973 665 Ut
2000 608 2140 681 lapis
2158 613 2336 669 omnis
2358 614 2541 682 homo,
2567 616 2670 673 nisi
2693 615 2869 674 mollis
2894 626 3087 689 agatur
3106 617 3177 674 ab
3196 617 3342 674 Alto.

1900 697 1998 754 Vir
2036 702 2208 774 magis
2227 717 2297 758 ex
2326 704 2494 761 animi
2518 720 2677 776 quam
2716 708 2901 765 carnis
2930 708 3123 766 robore
3146 715 3379 771 constat.

1900 790 1995 846 Vis
2017 790 2209 864 ingens
2229 793 2400 849 animi
2438 795 2642 852 nullius
2676 795 2833 854 laude
2866 799 3095 855 moveri.

1885 880 2041 967 _Vilia
2069 898 2235 954 quam
2276 884 2433 955 plura
2461 895 2591 942 sunt
2627 887 2888 959 mysterio
2914 888 3176 961 pretiosa.

1903 972 2103 1030 Vivens
2135 974 2189 1030 in
2221 975 2442 1033 Christo
2470 987 2579 1034 stat
2608 978 2945 1036 conﬁdenter
2976 980 3032 1037 in
3054 980 3193 1055 ipso.

1903 1064 1998 1121 Vir
2020 1066 2299 1137 sapienter
2326 1083 2494 1139 agens
2524 1068 2648 1125 aliis
2685 1078 2769 1125 est
2805 1070 2887 1127 sol
2911 1070 3069 1142 quasi
3095 1070 3307 1129 lucens.

152 1321 3402 1355 Ἣ

909 1469 1747 1624 sensum

1831 1468 2643 1588 0THLONI

531 1703 1003 1879 SERMO
1089 1707 1238 1823 IN
1324 1674 1855 1823 NATALI
1938 1692 3040 1874 APOSTOLORUM.

235 1924 461 1988 Erutus
491 1945 572 1988 et
600 1922 760 1991 cod..
778 1927 1176 2009 autographa
1215 1926 1442 2009 inclyti
1476 1924 1843 2009 monasterii
1864 1925 2659 2009 Sanct-Emmcrammcusis
2685 1929 3046 1996 Ratisbonw
3074 1930 3149 1997 ab
3179 1933 3342 2000 adm.

640 2030 663 2083 χ
855 2004 1069 2072 Βξυῑ
1089 2006 1166 2070 Ρ.
1195 2004 1478 2088 σαερανο
1509 2005 1893 2081 Altlechner,
1925 2004 2334 2070 Benedictino
2369 2008 2742 2074 Mellicensi.

422 2173 600 2261 (Apud
638 2173 705 2232 Β.
746 2171 808 2230 Ρ.
849 2174 1185 2231 Bernardum
1214 2158 1465 2241 'Pezium,
1508 2173 1808 2231 Thesaurus
1846 2174 2043 2231 Auecd.
2076 2177 2250 2232 noviss
2280 2215 2298 2243 ,
2324 2176 2455 2232 tomi
2479 2175 2543 2232 ΙΙΙ
2566 2185 2722 2249 parte
2747 2194 2812 2247 u,
2841 2193 2966 2251 pag.
2992 2181 3145 2255 537.)

1526 2339 1954 2354 Ἃ

226 2472 351 2529 Cum
380 2469 552 2542 igitur
581 2481 775 2525 omnes
802 2474 1117 2533 sanctorum
1166 2475 1471 2537 martyrum
1502 2472 1552 2521 et
1600 2479 1732 2547 con-

1852 2461 1925 2533 yui
1944 2461 2114 2516 credit
2142 2461 2196 2515 in
2230 2478 2330 2529 me,
2364 2477 2549 2535 opera,
2577 2478 2696 2534 quae
2722 2479 2817 2535 ego
2837 2463 2997 2534 facio,
3026 2473 3076 2521 et
3105 2466 3216 2535 ipse
3239 2466 3423 2538 faciet,

169 2563 410 2619 tesseram
451 2560 606 2618 chori
654 2560 708 2614 in
742 2567 855 2614 toto
884 2557 998 2615 sint
1025 2557 1159 2613 orbe
1186 2563 1461 2612 terrarum
1491 2555 1615 2627 jure
1645 2568 1735 2611 vc—

170 2652 393 2718 nerandi,
420 2650 776 2707 veneratione
802 2656 983 2705 tamen
1006 2647 1211 2720 majore
1238 2646 1432 2717 dignos
1456 2660 1575 2703 esse
1600 2661 1733 2718 apo-

170 2743 317 2799 stolos
339 2743 637 2808 credimus,
680 2742 795 2813 qui,
822 2756 855 2798 a
885 2740 1116 2797 Domino
1144 2748 1329 2796 nostro
1354 2737 1482 2795 Jesu
1518 2737 1736 2795 Christo

173 2836 381 2905 primum
419 2835 608 2903 electi,
651 2833 920 2906 corporali
964 2833 1136 2906 ipsius
1182 2831 1475 2903 praesentia
1517 2844 1735 2887 merue-

175 2937 284 2983 runt
322 2928 505 3000 potiri.
547 2928 657 2999 Ipsi
689 2927 891 3009 etenim
937 2942 1043 2982 non
1084 2925 1261 2983 solum
1293 2925 1417 2982 ideo
1460 2925 1738 2996 principes

172 3020 513 3078 Ecclesiarum
559 3023 861 3078 creduntur
904 3022 1031 3092 quia
1076 3036 1171 3077 eas
1223 3021 1476 3092 primitus
1522 3014 1769 3076 Domini'

172 3123 415 3185 pracepta
446 3114 696 3171 docendo
724 3121 780 3170 et
814 3113 1105 3169 scribendo
1143 3112 1300 3184 quasi
1340 3111 1655 3169 fundatorcs
1682 3110 1738 3165 in

172 3202 262 3259 hoc
287 3205 482 3261 mundo
510 3205 895 3273 instituerunt,
934 3204 1028 3261 sed
1056 3203 1221 3261 etiam
1251 3219 1319 3261 ex
1349 3202 1453 3260 hoc
1480 3203 1738 3275 quoniam

172 3292 218 3349 in
245 3294 326 3352 die
351 3295 547 3366 judicii
579 3295 797 3368 iudices
823 3298 985 3368 primi
1024 3305 1205 3364 erunt,
1235 3297 1380 3353 sicut
1407 3297 1524 3369 ipse
1559 3297 1742 3353 Domi-

173 3400 262 3439 nus
302 3394 533 3443 testatur
559 3391 629 3443 ad
657 3403 754 3444 eos
781 3388 1005 3444 dicens:
1036 3389 1201 3443 Amen
1236 3403 1390 3442 amen
1437 3386 1558 3441 dico
1596 3385 1739 3441 vobis

176 3479 300 3548 quod
339 3497 423 3535 eos
455 3481 550 3552 qui
583 3481 751 3537 secuti
783 3483 908 3537 estis
958 3498 1062 3549 me,
1098 3482 1156 3535 in
1198 3480 1586 3553 regeneratioue
1621 3495 1740 3534 cum

176 3570 342 3626 sederit
364 3569 412 3624 Ρ
416 3572 543 3636 ilius
572 3573 799 3628 hominis
831 3575 885 3629 in
909 3575 1031 3629 sede
1055 3572 1347 3645 majestatis
1374 3587 1508 3639 suae,
1534 3570 1740 3626 sedebi-

181 3661 237 3714 tis
259 3672 301 3717 et
327 3680 411 3719 vos
436 3680 598 3734 super
637 3665 786 3720 sedes
809 3666 1084 3721 duodecim
1122 3665 1426 3736 judicantes
1463 3664 1740 3719 duodecim

180 3753 325 3810 tribus
361 3755 536 3811 Israel
565 3755 784 3829 (Matth.
816 3775 932 3824 xu,
972 3757 1087 3831 28).
1115 3758 1248 3813 Item
1276 3756 1385 3814 alio
1420 3757 1540 3814 loco
1569 3756 1741 3828 loqui-

1836 2564 1885 2610 et
1928 2554 2138 2625 majora
2166 2554 2358 2609 horum
2390 2554 2546 2625 faciet
2569 2552 2754 2627 (Joan.
2785 2570 2899 2622 xtv,
2934 2554 3044 2629 l2).
3072 2554 3206 2613 Nam
3231 2565 3291 2613 ut
3320 2574 3426 2616 ca:-

1839 2656 1955 2702 tera
2005 2645 2152 2702 beati
2204 2644 2377 2713 Petri,
2426 2645 2687 2717 principis
2728 2646 3120 2717 apostolorum,
3161 2647 3425 2706 miracula

1839 2753 2163 2808 taceamus,
2223 2743 2327 2798 hoc
2374 2758 2540 2798 unum
2590 2740 2822 2799 suﬂlclat
2865 2744 3115 2814 proferre
3166 2744 3310 2815 quod
3372 2745 3428 2802 in

1835 2836 2033 2906 plateis
2062 2833 2406 2908 ponebantur
2446 2834 2670 2898 iulirtni,
2702 2844 2763 2891 ut
2802 2835 3126 2893 adveniente
3174 2838 3289 2908 ipso
3315 2839 3426 2896 sal-

1839 2940 1946 2987 tem
1968 2945 2065 3001 per
2090 2928 2337 2986 umbram
2357 2928 2504 2986 illius
2525 2927 3004 2997 obumbrarentur,
3027 2940 3085 2985 et
3109 2930 3178 2987 ab
3203 2931 3432 2987 infirmi-

1840 3023 2044 3079 tatibus
2074 3022 2189 3079 suis
2228 3021 2595 3078 liberarentur
2617 3020 2760 3094 (Act.
2784 3037 2841 3088 v,
2880 3022 2992 3095 15).
3025 3021 3179 3091 Quod
3203 3023 3330 3093 quia
3362 3023 3431 3079 de

1839 3113 2074 3171 Domino
2106 3120 2295 3168 nostro
2330 3125 2610 3182 nunquam
2642 3109 2839 3182 legitur
2869 3110 3091 3177 factum,
3112 3111 3268 3183 juxta
3312 3112 3432 3184 ejus

1839 3203 2189 3274 promissum,
2226 3202 2282 3259 in
2325 3216 2386 3258 se
2427 3201 2698 3259 veraciter
2736 3202 2964 3259 credens
3002 3202 3434 3260 beatusscilicet

1838 3293 2059 3361 Petrus,
2092 3293 2221 3350 fecit
2254 3292 2430 3363 majus
2460 3308 2622 3364 quam
2654 3291 2904 3350 Christus
2928 3295 3273 3352 miraculum.
3308 3295 3430 3363 Cui,

1840 3400 1991 3457 rogo,
2018 3385 2127 3441 tale
2153 3384 2357 3457 aliquid
2389 3385 2493 3442 nisi
2517 3384 2782 3456 discipulo
2809 3386 3107 3442 rescravit?

1911 3478 2058 3534 Idem
2099 3492 2231 3534 vero
2255 3477 2400 3550 quod
2429 3477 2497 3533 de
2528 3493 2634 3532 uno
2661 3477 2909 3547 apostolo
2935 3477 3193 3543 diximus,
3225 3477 3293 3534 de
3318 3492 3429 3534 ctr-

1844 3568 1999 3635 teris,
2041 3568 2147 3624 etsi
2198 3582 2306 3625 non
2356 3566 2539 3623 omnia
2588 3582 2778 3623 eorum
2822 3564 2966 3623 facta
3019 3566 3332 3638 legerimus,
3377 3566 3434 3623 in

1842 3662 2029 3733 aliquo
2089 3675 2214 3718 esse
2278 3659 2543 3723 miraculo
2608 3658 2901 3715 credimus.
2966 3657 3223 3727 Quamvis
3284 3658 3429 3714 enim

1844 3752 2057 3808 cunctis
2103 3752 2159 3807 in
2203 3765 2327 3808 sese
2378 3748 2724 3807 credentibus
2767 3748 2942 3819 multa
2992 3748 3133 3805 dona
3180 3749 3390 3810 dederit
3417 3788 3461 3814 ,χ

185 3855 261 3902 tur
282 3849 345 3905 ad
372 3850 517 3918 illos,
544 3851 734 3908 dicens
761 3870 775 3906 :
802 3851 915 3924 Ego
943 3852 1162 3926 dispono
1190 3853 1353 3919 vobis,
1397 3853 1532 3907 sicut
1567 3851 1742 3925 dispo-
1770 3859 1816 3922 ε
1846 3842 2099 3915 specialia
2128 3851 2307 3899 tamen
2334 3840 2614 3913 apostolis,
2644 3855 2781 3912 quos
2823 3841 2938 3912 ipse
2963 3840 3320 3911 corporaliter
3350 3840 3434 3896 in-

185 3941 274 3993 suit
315 3943 439 3997 mihi
477 3940 646 3999 Pater
694 3960 841 3999 meus
885 3960 1124 4017 regnum,
1170 3954 1228 3999 ut
1271 3944 1440 4001 edatis
1477 3954 1523 4000 et
1556 3942 1745 3999 bibatis

188 4048 323 4103 super
359 4052 595 4091 mensam
623 4053 793 4092 meam
829 4046 876 4093 et
917 4036 1144 4092 sedentis
1175 4053 1332 4108 super
1354 4037 1570 4092 thronos
1592 4036 1745 4108 judi-

188 4135 336 4180 caates
370 4127 646 4183 duodecim
693 4130 861 4184 tribus
891 4128 1066 4186 Israel
1106 4128 1260 4199 (Luc.
1303 4145 1446 4195 ιω,
1496 4127 1587 4195 29,
1631 4128 1744 4200 50).

191 4208 279 4267 Sed
318 4223 370 4270 et
410 4231 509 4287 pro
552 4219 656 4275 hoc
685 4219 1039 4277 veneratione
1081 4220 1322 4276 maxima
1366 4226 1495 4275 sunt
1539 4217 1775 4293 amplec.

193 4308 364 4377 etendi,
408 4311 554 4382 quod
583 4311 785 4386 ligandi
825 4311 1181 4384 solvendique
1214 4318 1439 4383 peccata
1464 4309 1749 4366 hominum

194 4408 443 4470 potestas,
487 4419 609 4475 quae
653 4404 783 4461 licet
834 4404 956 4462 aliis
1012 4405 1216 4462 sanctis
1246 4404 1447 4475 partim
1489 4416 1750 4459 concessa

197 4492 433 4560 credatur,
464 4495 595 4567 ipsis
624 4505 809 4553 tamen
832 4496 1096 4569 apostolis
1125 4512 1289 4569 supra
1322 4482 1513 4553 omnes
1534 4495 1749 4567 specia-

200 4580 281 4637 lius
319 4586 573 4643 attributa
620 4588 856 4656 videtur,
895 4590 974 4645 ita
1019 4590 1250 4652 Ι)υηίηο
1295 4590 1552 4645 dicente:
1586 4589 1753 4644 Amen

203 4668 293 4724 dico
333 4674 504 4744 vobis,
549 4694 876 4751 quaecunque
927 4679 1270 4752 alligaveritis
1323 4696 1481 4750 super
1523 4688 1752 4746 terram,

208 4775 323 4819 erant
356 4765 517 4840 ligata
546 4781 594 4825 et
627 4771 685 4826 in
729 4773 894 4839 cretis,
934 4782 983 4828 et
1021 4789 1346 4844 quiscunque
1373 4772 1632 4828 solreritis
1663 4790 1756 4828 su-

206 4872 271 4924 per
298 4869 482 4916 terram
527 4872 682 4919 erant
724 4863 900 4920 soluta
950 4874 999 4920 et
1050 4869 1106 4920 in
1133 4866 1274 4920 caelis
1324 4862 1544 4939 (Matth.
1596 4879 1757 4929 xvut,

209 4949 287 5024 l8).
329 4954 532 5013 Prmter
581 4957 701 5014 haec
726 4972 878 5030 ergo,
920 4971 1044 5027 quae
1068 4956 1182 5028 jam
1212 4958 1450 5015 diximus
1487 4956 1760 5013 universis

205 5045 440 5107 duodecim
469 5049 685 5108 Christi
717 5049 1004 5122 discipulis
1030 5052 1393 5107 communiter
1413 5049 1580 5119 dicta,
1602 5066 1755 5122 qua:-

1851 3945 2152 4005 struxerat,
2183 3937 2479 4002 concessit.
2511 3935 2715 3993 Idcirco
2742 3945 2926 3991 autem
2956 3935 3082 4005 quia
3110 3933 3334 3990 minime
3367 3933 3463 3994 de.

1850 4031 2102 4091 omnibus
2131 4030 2415 4103 discipulis
2443 4030 2674 4091 virtutes
2699 4030 2962 4102 speciales
2992 4029 3257 4102 replicare
3279 4039 3434 4101 pote-
3462 4070 3465 4073 -

1854 4123 2044 4188 rimus,
2088 4121 2268 4192 aliqua
2323 4137 2512 4178 eorum
2564 4128 2717 4194 gesta
2759 4121 3037 4181 memoriae
3079 4130 3283 4177 nostrae
3325 4131 3437 4177 tra-

1854 4212 1966 4268 dita
2020 4214 2076 4269 in
2127 4212 2444 4269 earumdem
2492 4212 2754 4269 soleumia
2789 4221 2845 4268 et
2891 4212 3104 4279 laudes,
3144 4227 3283 4283 quas
3323 4226 3439 4282 pra:

1854 4306 2071 4363 caeteris
2118 4306 2383 4363 celebrari
2434 4308 2634 4363 debere
2676 4307 3039 4373 arbitramur,
3087 4305 3437 4377 proferimus.

1854 4395 1982 4452 Post
2005 4396 2226 4453 Petrum
2251 4395 2452 4452 Paulus
2477 4396 2671 4452 merito
2696 4395 2932 4467 primum
2956 4395 3297 4468 replicandus
3321 4396 3444 4466 qui,

1854 4491 1983 4547 licet
2026 4490 2081 4545 in
2111 4490 2396 4546 duodecim
2436 4489 2805 4560 apostolorum
2835 4505 2866 4546 a
2908 4488 3035 4547 Jesu
3065 4488 3286 4547 Christo
3313 4504 3439 4547 cor-

1855 4582 2112 4654 poraliter
2132 4582 2428 4639 electorum
2452 4597 2681 4639 numero
2701 4596 2810 4638 non
2831 4580 3227 4652 sitdeputatus,
3241 4581 3442 4652 mquall

1859 4682 2039 4731 tamen
2067 4675 2262 4731 merito
2289 4689 2389 4746 per
2423 4689 2716 4746 supernam
2759 4674 3100 4742 vocationem
3130 4683 3187 4731 et
3231 4673 3440 4729 doctri-

1860 4783 1987 4823 nam
2020 4766 2325 4823 mirabilem
2360 4765 2503 4823 inter
2524 4766 2819 4838 apostolica
2864 4764 3143 4831 consortia
3179 4773 3236 4821 et
3278 4778 3444 4820 voca-

1860 4860 2238 4933 bulaconstat
2277 4868 2609 4932 assumptus.
2639 4860 2705 4915 Et
2735 4861 2839 4917 hoc
2879 4858 3115 4915 maxime
3154 4867 3444 4930 propterea

1861 4954 2083 5024 probari
2114 4955 2349 5025 videtur,
2409 4954 2539 5025 quia
2580 4953 2771 5010 eodem
2819 4963 3063 5024 tempore
3102 4966 3211 5022 quo
3252 4949 3444 5004 beatus

1864 5044 2061 5102 Petrus
2098 5046 2395 5118 praedicare
2423 5044 2610 5115 coepit,
2651 5052 2707 5099 et
2737 5043 2854 5115 ipse
2896 5041 3220 5114 praedicator
3246 5026 3471 5101 tactus,

202 5141 288 5213 llam
310 5161 413 5203 non
449 5145 634 5203 solum
666 5144 722 5200 in
752 5142 1074 5216 Evangelio,
1104 5160 1297 5202 verum
1322 5144 1489 5201 etiam
1521 5146 1759 5203 in’Acti-
1864 5137 2009 5195 diem
2045 5154 2214 5196 unum
2259 5146 2316 5195 et
2362 5137 2612 5192 eumdem
2656 5135 2836 5192 locum
2879 5132 3149 5205 passionis
3194 5142 3317 5185 cum
3359 5125 3451 5179 ί¹¹⁰

199 5233 265 5268 luto
287 5238 660 5268 ann-ln'nnnnnn
712 5247 765 5268 Δι’
817 5236 870 5268 :n
903 5233 1288 5268 Μηιηοῖηοιῖηἷρ

1325 5236 1556 5268 βηηιιοῖηὶ
1586 5237 1759 5268 ΙιῖοΙΛ-
1787 5224 1836 5268 n
1863 5233 2067 5268 heluam
2116 5233 2427 5268 manuhnlnl’

2504 5229 2557 5268 In
2594 5238 2803 5268 tantum
2852 5234 3029 5268 nnle
3074 5224 3212 5268 idem
3262 5219 3452 5268 beatus

3309 325 3411 382 358
3508 316 3511 321 ’
