3942 5340
481 336 593 394 53,

1529 331 1829 393 O’l'llLONl
1866 321 2171 385 MONAClll
2210 320 2267 380 S.
2311 319 2729 379 EMMERAMMI

3656 323 3757 379 διο

483 455 711 511 tertium
743 436 1028 525 raperetur
1070 450 1266 509 caelum
1300 450 1351 523 (1
1362 448 1389 505 ι
1412 450 1535 506 Cor.
1565 467 1679 519 xu,
1720 450 1800 521 2).
1834 448 1972 503 Exin
2005 445 2070 501 ad
2100 442 2149 503 A
2178 456 2268 507 xx,
2292 441 2382 508 27,
2409 442 2521 514 28).
2556 442 2712 498 Alter
2737 440 2914 497 adhuc
2941 439 3175 498 Jacobus
3200 440 3405 512 pariter
3422 447 3645 499 constat
3665 457 3755 499 ve-

482 543 753 601 Andrcam
785 544 1002 616 speciali
1027 543 1182 598 laude
1214 543 1509 615 migremus
1536 586 1549 608 ,
1582 543 1671 613 qui
1702 551 1759 598 et
1778 556 2069 613 germanus

482 636 630 693 Petri
660 647 711 693 et
743 651 848 691 una
897 651 1021 691 cum
1065 635 1155 690 illo
1185 651 1214 690 a
1245 634 1527 691 Salvatore
1553 643 1740 691 nostro
1768 633 1963 689 meruit
1994 632 2066 686 ita

482 727 671 783 vocari
704 743 720 781 :
762 726 947 793 Venite,
968 737 1083 796 post
1111 744 1225 793 me,
1269 727 1465 797 faciam
1501 744 1588 781 vos
1623 728 1741 796 ﬁeri
1783 714 2068 795 piscatores

482 818 753 873 hominum
791 816 1006 888 (Matth.
1036 832 1111 883 rv,
1142 817 1249 889 l9).
1277 818 1450 887 Quam
1477 816 1685 872 scilicet
1708 814 2067 886 piscationem

483 920 639 965 tanto
682 908 951 965 valentior
978 916 1031 965 et
1078 909 1398 980 prudentior
1440 908 1784 978 postmodum
1811 905 2067 975 explevit,

484 1010 691 1071 quanto
720 1002 787 1056 ad
830 1003 975 1059 banc
1014 1017 1044 1057 a
1080 1001 1339 1073 Magistro
1366 1003 1607 1059 omnium
1652 1000 2070 1072 prmdestinatus

482 1094 710 1149 exstitit.
742 1094 907 1160 Nam,
935 1096 1078 1151 sicut
1103 1094 1355 1150 Historiae
1382 1094 1619 1163 produnt
1649 1092 1858 1158 fideles,
1889 1092 2068 1147 maxi-

482 1200 627 1240 mam
654 1184 834 1256 populi
882 1185 1284 1241 multitudinem
1316 1186 1373 1251 in
1397 1185 1604 1245 Achaia
1634 1182 1916 1255 provincia
1966 1182 2072 1236 Do-

483 1276 634 1332 mino
664 1276 1066 1348 praedicationis
1091 1292 1204 1333 sua:
1233 1278 1438 1335 retibus
1480 1275 1767 1348 acquisivit
1798 1287 1856 1331 et
1878 1276 1931 1331 in
1961 1276 2072 1331 hoc

483 1367 601 1436 ipse
629 1370 696 1423 ad
742 1368 991 1424 ultimum
1044 1369 1327 1425 moriendo
1351 1367 1857 1439 crucis'patibulum
1907 1366 2071 1422 susti-

484 1460 628 1515 nuit.
651 1458 806 1528 Quod
836 1469 1016 1516 tamen
1050 1460 1172 1515 ideo
1218 1458 1628 1528 sulllnnximus,
1646 1469 1711 1515 ut
1750 1459 1805 1516 in
1848 1458 1941 1516 illo
1969 1458 2075 1513 all-4

485 1549 629 1619 quod
677 1550 866 1622 gratia:
912 1550 1255 1622 privilegium
1303 1552 1752 1617 ostenderemus;
1811 1566 2067 1622 magnum

489 1656 727 1713 namque
758 1640 860 1698 fuit
889 1642 1033 1714 quod
1077 1641 1292 1700 Christo
1334 1660 1431 1717 per
1468 1644 1648 1701 crucis
1702 1654 1931 1702 mortem
1975 1659 2069 1701 co-
2114 1723 2123 1727 η

482 1734 688 1803 aequari
719 1736 938 1790 meruit.

553 1802 684 1880 inde
727 1824 877 1894 prior
903 1825 1142 1883 Jacobus
1177 1837 1261 1884 est
1307 1828 1467 1885 laude
1506 1828 1796 1899 colendus,
1846 1830 2071 1888 Joannis
2099 1802 2148 1865 Β

482 1914 692 1971 scilicet
717 1915 1076 1988 Evangelistte
1106 1931 1417 1988 germanus,
1449 1921 1669 1991 utrique
1719 1937 1847 1977 vero
1874 1924 1945 1975 de
1969 1922 2070 1977 Ze-

482 2003 655 2061 bedeo
682 2015 838 2077 patre
864 2007 1033 2079 geniti
1061 2018 1116 2064 et
1146 2025 1176 2063 a
1204 2010 1431 2065 Domino
1457 2022 1581 2080 post
1605 2010 1824 2066 beatum
1849 2010 2070 2067 Petrum

482 2100 869 2172 Andreamque
918 2101 1141 2158 fratrem
1193 2101 1311 2173 ejus
1355 2103 1592 2173 primum
1643 2104 1848 2174 pariter
1891 2103 2070 2173 electi.

482 2191 754 2249 Praeterea
813 2193 957 2248 sicut
1008 2194 1063 2249 in
1110 2192 1403 2266 Evangelio
1454 2195 1690 2251 refertur
1721 2239 1735 2263 ,
1784 2206 2071 2268 postquam

482 2292 660 2339 mater
682 2285 997 2343 earumdem
1011 2286 1081 2342 ad
1096 2285 1279 2342 Jesum
1304 2288 1528 2349 veniens
1550 2289 1845 2361 postulavit
1858 2299 1919 2347 ut
1936 2306 2074 2346 unus

486 2376 555 2431 ad
602 2377 883 2434 dexteram
935 2387 994 2433 et
1038 2378 1178 2434 alius
1228 2380 1295 2435 ad
1339 2380 1616 2436 sinistram
1662 2381 1809 2437 illius
1860 2380 2075 2437 sederet

482 2471 672 2543 eisque
701 2488 733 2527 a
760 2470 1014 2541 Domino:
1043 2472 1470 2544 respondebatur
1492 2491 1516 2530 τ
1544 2473 1777 2530 Nescitis
1806 2474 1935 2545 quid
1982 2490 2076 2544 pe-

485 2564 643 2632 tatis;
675 2565 954 2636 subiunxit
985 2565 1330 2639 interrogans
1353 2567 1542 2625 ambos
1572 2586 1584 2623 :
1616 2567 1852 2623 Potestis
1882 2568 2072 2623 bibere

485 2654 712 2710 calicem
757 2670 917 2726 quem
948 2671 1047 2727 ego
1074 2656 1345 2713 bibiturus
1371 2658 1527 2713 sum?
1577 2657 1820 2729 Cumque
1848 2672 2074 2729 respon-

486 2743 720 2800 derent:
770 2743 1101 2811 Possumus,
1156 2746 1446 2801 audierunt
1491 2746 1783 2817 protinus:
1834 2745 2073 2803 Calicem

486 2849 669 2892 meum
697 2835 901 2891 bibatis
924 2833 1149 2905 (Matth.
1172 2851 1266 2903 xx,
1300 2834 1511 2908 21-25).
1552 2837 1610 2892 In
1634 2851 1744 2907 quo
1771 2836 1956 2893 ealicis
1979 2852 2076 2907 po-

487 2927 634 2994 culo,
665 2927 810 2999 quod
836 2928 1109 2999 passionis
1137 2928 1434 2987 Dominicze
1461 2930 1783 3003 intelligitur
1813 2933 2073 3001 imitatio,

485 3018 651 3075 istum
681 3019 749 3076 de
792 3034 902 3091 quo
941 3019 1215 3091 loquimur
1265 3020 1524 3079 Jacobum
1571 3025 1846 3081 credimus
1883 3026 2077 3098 ingens

487 3109 744 3168 habuisse
769 3111 948 3167 meriti
979 3112 1343 3184 privilegium,
1378 3114 1506 3186 quia
1552 3115 1669 3187 ipse
1702 3117 1917 3186 primus
1940 3132 2073 3188 apo-

488 3200 753 3259 stolorum
798 3205 1200 3260 consummavit
1242 3205 1488 3277 martyrii
1544 3206 1898 3278 triumphum.
1947 3207 2079 3264 Post

489 3295 636 3351 hunc
666 3311 733 3351 ex
761 3312 1013 3363 numero,
1041 3298 1134 3354 sed
1166 3314 1272 3354 non
1314 3300 1526 3355 merit's
1555 3301 1735 3356 minor
1769 3300 1875 3356 ullo
1906 3300 2078 3356 frater

487 3386 660 3457 ipsius
683 3388 943 3457 Joannes,
967 3392 1119 3463 virgo
1147 3390 1239 3447 Dei
1275 3390 1483 3449 electus
1508 3400 1563 3449 et
1588 3394 1923 3466 evangelista
1968 3410 2079 3450 ma-

488 3481 697 3551 ximus,
720 3482 880 3541 nobis
905 3494 991 3541 est
1009 3485 1337 3553 laudandus,
1370 3500 1530 3557 quem
1560 3495 1707 3542 tanta
1743 3487 2077 3543 charismata

486 3573 753 3632 virtutum
780 3578 1092 3649 specialiter
1117 3580 1352 3637 reddunt
1379 3580 1695 3637 redimitum
1727 3591 1786 3636 ut
1824 3582 2086 3638 hunranar

486 3666 722 3724 rationis
740 3666 1050 3728 facultatem
1086 3670 1416 3729 arbitremur
1451 3672 1526 3727 nil
1548 3687 1707 3743 posse
1732 3688 1986 3742 proruere
2009 3689 2076 3732 eo

487 3759 734 3829 dignum.
786 3761 1194 3831 Verumtamen,
1245 3765 1372 3835 quia
1422 3767 1490 3821 de
1540 3764 1762 3836 speciali
1813 3765 2075 3820 virtutum

486 3868 709 3909 suarum
754 3855 1041 3925 privilegio
1079 3856 1241 3927 digne
1281 3856 1429 3926 loqui
1462 3857 1769 3927 nequimus,
1816 3872 1922 3912 non
1956 3857 2077 3912 ideo

486 3942 751 3999 miracula
793 3944 912 4015 ejus
958 3959 1183 4014 prorsus
1235 3949 1463 4004 tacenda
1503 3947 1912 4013 existimamus;
1961 3948 2077 4019 ipse

488 4034 635 4089 enim
665 4043 850 4090 noster
877 4035 1121 4093 defectus
1149 4035 1377 4093 forsitan
1404 4037 1581 4094 laudis
1609 4037 1726 4107 ejus
1752 4046 1932 4094 exstat
1963 4052 2076 4094 ma-

489 4127 738 4199 gnitudo.
785 4128 830 4183 Ο
874 4143 1040 4199 quam
1075 4131 1450 4187 venerandum
1474 4132 1581 4187 erit
1603 4132 1749 4202 quod
1778 4149 1809 4189 a
1844 4132 2078 4189 Domino

489 4222 805 4294 specialiter
829 4233 916 4281 est
944 4223 1194 4291 dilectus,
1217 4226 1474 4296 quodque
1513 4225 1780 4283 Dominus
1807 4228 1863 4283 in
1914 4240 2081 4282 cruce

482 4316 597 4387 jam
634 4319 932 4374 meriturus
953 4317 1304 4388 buic.virgini
1333 4317 1561 4375 Matrem
1591 4334 1768 4384 suam,
1800 4318 2075 4391 Virginem

488 4410 704 4467 scilicet
730 4419 1074 4483 perpetuam,
1106 4408 1589 4467 commendaverit.
1623 4408 1757 4478 Quis
1777 4411 1939 4467 etiam
1986 4427 2079 4466 ve-

2170 535 2463 603 nerandus,
2492 534 2582 591 ille
2612 535 2862 592 videlicet
2906 551 3068 608 quem
3098 551 3256 592 sacra
3283 534 3567 607 Scriptura
3597 544 3652 594 et
3671 536 3757 609 ju-

2170 637 2315 684 stum
2378 637 2602 705 propter
2650 626 2774 693 vita:
2820 628 3111 697 puritatem
3159 636 3215 684 et
3267 626 3481 684 Domini
3531 626 3756 685 fratrem

2171 716 2313 793 (Gal.
2338 719 2494 792 t,'l9)
2520 723 2763 776 nominat
2787 720 2856 775 ob
2880 722 3061 777 carnis
3085 722 3567 799 propinquitatem.
3595 718 3758 781 Filius

2170 812 2298 887 ergo
2330 814 2528 871 dicitur
2556 813 2766 870 sororis
2790 808 2995 871 sancta:
3023 806 3205 871 Mariae
3232 808 3490 889 Virginis.
3522 816 3629 872 Hic
3668 815 3761 889 igi-

2172 917 2294 972 tur,
2336 916 2533 977 praeter
2560 906 2929 977 supradictam
2978 905 3276 963 Salvatoris
3304 907 3476 963 nostri
3531 924 3760 963 consan-

2172 999 2517 1071 guinitatcm,
2558 999 2611 1054 in
2656 1014 2761 1070 qua
2808 999 2941 1055 satis
2972 1015 3224 1071 magnum
3256 1009 3309 1055 et
3332 999 3573 1071 speciale
3602 999 3759 1057 decus

2170 1091 2449 1163 possedit,
2490 1091 2545 1145 in
2589 1099 2737 1145 tanta
2786 1090 3103 1145 meritorum
3138 1090 3457 1146 excellentia
3506 1106 3539 1145 a
3574 1091 3759 1161 matris

2169 1191 2328 1237 utero
2358 1182 2622 1245 excrevit,
2642 1188 2706 1237 ut
2750 1196 2929 1254 neque
2966 1181 3151 1237 vinum
3184 1192 3237 1238 et
3268 1183 3499 1238 siceram
3532 1181 3758 1250 biberet,

2171 1289 2273 1330 nec
2296 1275 2609 1330 animalium
2636 1290 2829 1332 carnes
2855 1274 3046 1332 solitas
3068 1276 3400 1343 comederet,
3426 1284 3482 1331 et
3512 1275 3639 1331 oleo
3660 1276 3760 1330 non

2171 1376 2468 1438 ungeretur
2496 1382 2596 1422 nec
2618 1366 2827 1422 balneis
2853 1375 3116 1422 uteretur.
3144 1366 3249 1423 Sed
3274 1379 3447 1437 neque
3475 1365 3759 1422 Matthmus

2172 1461 2243 1517 de
2271 1459 2485 1515 teloneo
2516 1460 2804 1515 revocatus
2830 1458 3011 1515 ‘donis
3036 1460 3296 1515 virtutum
3330 1467 3482 1514 caret
3512 1457 3759 1530 speciali-

2173 1550 2296 1617 bus,
2328 1550 2453 1621 quia
2497 1550 2674 1621 ipsum
2703 1549 2866 1604 etiam
2896 1559 3178 1605 vocantem
3224 1549 3515 1606 Dominum
3556 1540 3683 1604 mox
3708 1548 3760 1603 in

2171 1643 2365 1701 domus
2393 1659 2503 1699 sua:
2541 1644 2776 1716 hospitio
2801 1659 3024 1715 pascere
3069 1646 3293 1719 meruit,
3332 1660 3434 1703 nec
3472 1644 3803 1710 non.dutn.r

2176 1758 2242 1796 ex
2268 1728 2560 1810 publicano
2598 1737 2775 1793 factus
2822 1747 2905 1794 est
2949 1737 3303 1810 evangelista,
3350 1751 3505 1807 spem
3537 1751 3762 1792 conver-

2175 1834 2344 1891 sionis
2369 1833 2663 1888 maximam
2692 1832 3040 1909 credentibus
3065 1833 3278 1889 cunctis
3303 1830 3560 1901 praebuit.
3594 1828 3764 1884 Lucas

2174 1935 2229 1980 et
2258 1924 2471 1979 Marcus
2496 1924 2597 1994 ipsi
2639 1937 2855 1994 quoque
2878 1932 3007 1978 sunt
3035 1920 3272 1994 opulenti
3309 1929 3364 1977 et
3399 1921 3648 1992 insignes
3676 1919 3759 1975 de-

2176 2011 2798 2088 scriptione‘Evangelii,
2828 2013 3079 2087 quamvis
3112 2022 3267 2083 extra
3314 2013 3602 2077 duodenos
3626 2008 3761 2075 refe-

2178 2118 2370 2164 rantur
2412 2121 2532 2163 esse
2561 2107 2893 2177 discipulos;
2924 2108 3299 2162 verumtamen
3342 2118 3408 2160 eo
3451 2092 3585 2176 plus
3607 2117 3767 2158 vene-

2177 2201 2335 2257 randi
2381 2216 2490 2271 quo
2533 2215 2631 2270 per
2683 2200 2780 2255 Dei
2840 2199 3240 2270 providentiam
3298 2197 3553 2254 veritatis
3606 2204 3762 2252 testes

2176 2302 2545 2366 agnoscuntur
2569 2291 2836 2363 deputati.
2872 2291 2942 2347 Et
2968 2298 3022 2345 tu
3051 2298 3199 2345 serte
3225 2288 3313 2358 pia
3330 2285 3627 2358 quaesitus.
3648 2301 3767 2345 υθέ
3836 2326 3841 2329 λ

2177 2394 2265 2441 cte
2311 2383 2534 2440 Matthia
2559 2424 2575 2447 ,
2607 2383 2868 2454 quoniam
2914 2380 3123 2438 scilicet
3164 2392 3422 2451 magnum
3457 2376 3763 2434 sanctitatis

2177 2476 2426 2533 contines
2467 2472 2835 2546 privilegium,
2882 2489 2913 2529 a
2959 2471 3175 2528 cunctis
3212 2470 3410 2527 merito
3443 2468 3763 2526 mortalibus

2176 2584 2239 2627 es
2267 2572 2629 2626 venerandus.
3452 2588 3463 2591 τ

2249 2664 2326 2720 De
2376 2676 2612 2735 quatuor
2653 2663 2906 2735 reliquis,
2955 2663 3047 2733 qui
3093 2669 3345 2720 constant
3388 2675 3457 2717 ex
3503 2658 3764 2717 duodenis

2178 2755 2463 2827 apoStolis,
2495 2746 2742 2827 Philippo
2769 2754 3045 2822 videlicet,
3075 2755 3229 2824 cujus
3257 2754 3310 2811 in
3342 2753 3639 2825 Evangelio
3662 2766 3765 2806 me»

2177 2849 2349 2905 moria
2375 2849 2578 2920 agitur,
2604 2848 2868 2920 cujusque
2892 2847 3211 2904 solemnitas
3233 2862 3360 2903 cum
3398 2845 3609 2901 Jacob’o
3637 2842 3768 2900 infe-

2179 2944 2325 3001 riore
2363 2943 2578 3011 colitur,
2606 2957 2710 2999 nec
2744 2958 2850 2998 non
2883 2942 2950 2998 de
2979 2941 3396 3006 Bartbolomazo,
3439 2939 3539 3010 qui
3587 2941 3642 2995 in
3688 2936 3764 2991 ln-

2179 3037 2325 3093 diam
2354 3038 2554 3092 missus
2578 3036 2777 3093 dicitur
2803 3036 3133 3100 ulteriorem,
3167 3037 3263 3091 sed
3285 3043 3340 3090 et
3365 3033 3431 3090 de
3464 3032 3691 3089 Simone
3713 3040 3767 3086 et

2181 3128 2339 3192 Juda,
2362 3128 2454 3198 qui
2484 3127 2899 3198 cognominatus
2920 3137 3002 3182 est
3024 3125 3289 3182 Thadaeus
3312 3124 3565 3197 proxime
3588 3137 3765 3196 supra-

2183 3219 2319 3276 dicti
2342 3219 2529 3275 Jacobi
2552 3219 2738 3283 frater,
2765 3232 2995 3289 quorum
3018 3217 3153 3273 festa
3179 3231 3397 3287 quoque
3421 3214 3763 3271 celebramus

2180 3310 2403 3383 pariter,
2426 3311 2494 3366 de
2534 3310 2641 3376 his,
2681 3309 2924 3379 inquam,
2962 3309 3089 3365 licet
3127 3309 3334 3377 indigni
3356 3308 3557 3375 simus,
3592 3304 3767 3377 aliqua

2182 3404 2443 3461 virtutum
2468 3419 2690 3460 suarum
2718 3403 2980 3459 miracula
3025 3416 3356 3472 cognoscere
3381 3410 3589 3471 praeter
3629 3402 3763 3469 ipso-

2180 3512 2300 3553 rum
2330 3497 2610 3567 passiones
2634 3509 2754 3550 cum
2784 3496 2991 3551 sanctis
3014 3493 3228 3550 caeteris
3249 3491 3596 3564 aliquatenus
3620 3502 3767 3544 eolu-

2178 3606 2392 3659 muncs,
2415 3590 2764 3645 veneratione
2786 3599 2963 3645 tamen
2987 3588 3211 3660 speciali
3239 3600 3431 3642 omnes
3456 3600 3569 3641 non
3599 3583 3763 3640 solum

2179 3682 2466 3739 duodecim
2497 3680 2817 3752 discipulos,
2850 3681 2942 3737 sed
2991 3691 3048 3737 et
3076 3681 3213 3737 alios
3248 3677 3594 3751 septuaginta
3638 3678 3763 3731 duo:

2179 3777 2309 3833 ideo
2320 3775 2538 3832 laudare
2565 3775 2724 3830 simul
2742 3784 2798 3830 et
2815 3775 3062 3830 venerari
3088 3774 3371 3840 debemus,
3400 3771 3527 3843 quia
3553 3771 3765 3828 eosdem

2178 3868 2444 3923 electione
2466 3882 2533 3923 ac
2560 3867 2808 3924 doctrina
2837 3881 2935 3923 sua
2982 3866 3236 3923 Salvator
3264 3873 3452 3922 noster
3485 3879 3602 3935 pm
3639 3877 3763 3920 cun-

2178 3960 2283 4016 ctis
2310 3958 2622 4015 hominibus
2650 3958 2923 4014 illustrare
2950 3966 3037 4014 est
3062 3959 3335 4027 dignatus.
3367 3956 3587 4024 Quanto
3624 3952 3765 4010 enim

2178 4051 2365 4108 minus
2380 4052 2638 4109 decenter
2665 4052 2840 4124 ipsum
2872 4052 3118 4108 venerari
3150 4058 3461 4123 possumus,
3484 4049 3759 4120 qui'supra

2177 4156 2368 4199 omnes
2388 4153 2448 4198 et
2469 4145 2529 4200 in
2551 4144 2806 4199 omnibus
2836 4153 2921 4199 est
2957 4151 3101 4200 totus
3122 4185 3137 4210 ,
3171 4151 3323 4198 tanto
3353 4141 3528 4213 magis
3558 4136 3613 4196 in
3648 4154 3762 4195 san-

2179 4254 2391 4301 ctorum
2420 4242 2567 4298 illius
2604 4250 2665 4297 et‘
2711 4242 2984 4312 praecipue
3020 4239 3385 4310 apostolorum
3436 4237 3684 4293 laudibus
3705 4246 3764 4289 ac

2182 4334 2464 4392 solemniis
2491 4331 2782 4404 vigilanter
2806 4329 3141 4394 insistamus,
3178 4337 3239 4385 ut
3259 4342 3359 4400 per
3384 4343 3574 4385 eorum
3599 4327 3760 4383 inter-

2149 4440 2152 4444 ‘
2186 4427 2490 4484 cessionem
2514 4433 2863 4497 peccatorum
2901 4434 3210 4478 mercamur
3235 4420 3495 4490 consequi
3526 4427 3583 4475 et
3618 4434 3648 4474 a
3686 4415 3762 4471 di-

486 4503 673 4559 nerari
714 4517 821 4558 non
864 4504 1123 4560 decernat
1149 4503 1203 4557 in
1232 4501 1323 4559 illo
1349 4503 1493 4573 quod
1517 4544 1531 4568 ,
1564 4518 1686 4558 cum
1735 4504 1787 4558 in
1817 4503 2076 4559 Pathmos

2189 4520 2380 4586 versis,
2401 4533 2521 4587 quae
2535 4516 2648 4585 jam
2672 4516 2898 4581 instant,
2923 4513 3181 4587 periculis
3202 4513 3403 4568 anima:
3423 4510 3761 4583 corporisque

488 4594 724 4651 insulam
754 4604 902 4651 esset
941 4594 1230 4665 relegatus,
1262 4604 1473 4651 secreta
1515 4594 1636 4651 οωιί
1666 4604 1723 4652 et
1750 4595 1867 4650 visu
1910 4610 2079 4666 pene-

491 4698 662 4753 trare,
695 4696 751 4743 et
776 4701 875 4758 per
899 4685 1115 4743 litteras
1141 4687 1347 4741 mundo
1370 4687 1569 4742 meruit
1592 4686 1876 4744 reserare?
1912 4687 2078 4743 Acce-

489 4780 570 4836 dit
599 4793 818 4851 quoque
848 4778 975 4835 huic
1022 4792 1129 4833 non
1180 4776 1358 4848 impar
1387 4777 1767 4849 privilegium,
1821 4779 1964 4850 quod
2010 4779 2082 4834 ab

488 4874 637 4932 Asia:
677 4873 931 4930 Pati-ibus
980 4874 1185 4931 sanctis
1229 4875 1359 4930 olim
1403 4875 1728 4947 eﬂlagitatus
1768 4892 1867 4948 per
1909 4877 2079 4932 divini

491 4967 642 5024 verbi
669 4965 1039 5038 Evangelium,
1057 4980 1404 5039 erumpentes
1424 4970 1526 5025 sub
1551 4978 1793 5043 tempore
1821 4970 1911 5045 illo
1926 4970 2077 5027 dolos

489 5076 681 5116 omnes
710 5060 971 5130 repressit
996 5059 1397 5116 bzereticorum.
1426 5061 1525 5116 llic
1553 5078 1684 5133 ergo
1702 5072 2078 5118 consummato

488 5153 618 5208 vitae
644 5152 931 5223 prmscntis
976 5161 1221 5225 tempore
1252 5154 1459 5208 vivens
1484 5154 1735 5210 introisse
1763 5154 1962 5209 dicitur
1994 5165 2070 5209 tu-

747 5257 797 5290 Μ
828 5249 877 5290 in

492 5247 696 5288 anulum
747 5257 797 5290 Μ
828 5249 877 5290 in
908 5263 973 5290 nn
1001 5263 1102 5290 nnn
1134 5248 1428 5292 mnrianrln,
1464 5248 1560 5292 sm!
1585 5247 1737 5292 anesi
1761 5246 2079 5294 llltrtltimtdn

2187 4612 2423 4667 liberari.
2458 4608 2591 4664 Nam
2621 4624 2743 4665 cum
2776 4608 2935 4663 modo
2964 4608 3199 4677 majores
3234 4619 3398 4675 quam
3443 4601 3763 4673 temporibus

2188 4702 2619 4776 pmcedentibus
2644 4701 2873 4756 insidias
2893 4697 3049 4754 nobis
3071 4698 3330 4753 immittat
3359 4697 3533 4753 hostis
3558 4691 3762 4763 nequis—

2188 4798 2388 4861 simus,
2420 4796 2564 4867 quod
2601 4793 2897 4849 remedium
2939 4800 3163 4849 econtra
3213 4789 3490 4847 sufﬁciens
3532 4785 3761 4845 invenire

2187 4889 2455 4953 valemus,
2504 4887 2609 4942 nisi
2642 4893 2701 4941 ut
2742 4886 2907 4941 etiam
2956 4898 3056 4939 nos
3102 4884 3500 4956 praecipuorum
3535 4878 3760 4937 subsidia

2188 4981 2608 5035 intercessorum
2631 4991 2936 5048 qnmramus
2960 4984 3014 5032 et
3039 4975 3392 5033 invocemus?
3420 4973 3601 5029 Hostis
3626 4970 3758 5025 enim

2187 5089 2414 5145 magnus
2443 5072 2621 5127 valida
2654 5070 2712 5126 lit
2757 5071 2904 5127 caule
2948 5072 3224 5126 subactus.
3273 5067 3626 5137 Quapropter,
3656 5061 3759 5118 fra-

2188 5180 2298 5223 tres
2323 5176 2377 5222 et
2407 5175 2588 5237 patres
2607 5164 2917 5221 charissimi
2938 5204 2952 5229 ,
2983 5162 3325 5221 celebrantes
3362 5157 3607 5214 natalitia
3639 5160 3760 5224 quo-

2188 5274 2528 5294 villula-lunulam
2564 5257 2765 5294 Plu-inii
2810 5255 3178 5294 unnclnlnrnm
3248 5253 3527 5294 imitamur
3562 5247 3758 5294 alimm-
