3942 5340
183 251 270 303 Sil
1501 247 1700 302 LIBER
1741 246 2086 303 VISIONUM.

3317 245 3422 299 3η

189 454 3409 489 W

1345 607 2151 726 o'rnnom

602 822 971 886 MONACIII
1015 820 2015 884 SANCT-EMMERAMMENSIS
2055 820 2384 882 OBDINIS
2417 820 2478 884 S.
2525 822 2944 884 BENEDICTI

1636 1001 1940 1083 LIBER

186 1203 946 1339 VISIONUM
1025 1204 1369 1335 TUM
1459 1203 2162 1372 SUARUM,
2253 1205 2591 1336 TUM
2650 1203 3470 1335 ALIOBUM.‘

219 1442 310 1502 Ea:
337 1441 478 1520 ipso
502 1440 924 1520 autographa,
956 1441 1025 1501 in
1061 1437 1785 1520 imperialijnonasjert'o
1813 1438 2471 1520 sonet-Emmerammi
2511 1440 2830 1520 Ratt'shon.
2864 1445 3388 1520 asservatomuuc

347 1515 625 1599 primum
655 1515 721 1582 ῗη
749 1515 942 1581 lucem
973 1515 1269 1599 prolutus
1299 1537 1334 1578 ιι
1367 1518 1440 1578 R.
1487 1519 1557 1578 D.
1594 1517 1667 1577 P.
1707 1517 2026 1580 Ludovico
2059 1517 2406 1594 Moidt'nqs,
2445 1518 2845 1581 Benedictino
2879 1515 3242 1580 Mellicenst'.

454 1684 633 1755 (Apud
663 1683 728 1739 Β.
763 1683 824 1739 Ρ.
849 1681 1184 1740 Bernardum
1208 1682 1452 1749 Pezium,
1485 1679 1786 1737 Thesauro:
1816 1681 2013 1737 Auecd.
2060 1700 2142 1738 uo.
2163 1683 2277 1747 εει,
2311 1691 2442 1739 tom.
2464 1681 2525 1738 Ill
2557 1692 2709 1754 parte
2742 1699 2799 1749 tt,
2824 1697 2946 1753 pag.
2970 1680 3123 1737 545A

1019 1968 1424 2051 INCIPIT
1475 1968 2016 2048 PROLOGUS
2077 1968 2592 2049 OTIILONI.

245 2155 496 2212 Dominus
517 2161 685 2222 atque
709 2148 957 2206 Salvator
979 2156 1182 2213 noster,
1203 2147 1431 2218 plurima
1458 2145 1744 2218 perfectio-
1771 2153 1820 2210 Α
1850 2146 2052 2202 fuerint
2079 2149 2341 2203 attendat.
2379 2145 2534 2215 Saepe
2559 2145 2759 2201 etenim
2808 2159 2872 2198 ex
2906 2142 3125 2198 vasculo
3156 2142 3244 2197 vili
3278 2153 3434 2213 potus

189 2251 260 2304 nis
276 2248 571 2303 rudimenta
593 2245 658 2298 ad
682 2242 1068 2314 perfectionem
1087 2241 1430 2297 tendentibus
1441 2240 1742 2312 proferens,

192 2339 348 2393 docuit
375 2338 538 2394 etiam
571 2337 717 2390 inter
740 2336 852 2390 hate
880 2334 1146 2390 tardiores
1171 2332 1441 2403 quoslibet
1462 2341 1515 2388 et
1538 2348 1744 2404 paupe-

191 2429 339 2485 riores
366 2429 418 2483 in
447 2437 684 2496 utroque
714 2425 933 2482 homine
964 2441 1071 2481 non
1102 2441 1328 2496 prorsus
1358 2425 1428 2481 ob
1459 2425 1564 2481 hoc
1601 2424 1746 2480 salu-

195 2529 280 2572 tetn
309 2534 456 2573 suam
481 2518 796 2588 desperare,
819 2517 864 2571 si
890 2531 1156 2570 summam
1177 2514 1437 2570 virtutum
1460 2516 1747 2586 nequirent

193 2608 608 2677 apprehendere,
654 2606 879 2662 dicens:
934 2605 1244 2678 Quicunque
1288 2606 1488 2662 dederit
1531 2607 1747 2660 calicem

195 2715 319 2767 aqua:
345 2699 555 2769 frigida»:
581 2699 638 2752 in
675 2699 882 2752 nomine
903 2714 1017 2752 meo
1042 2737 1059 2763 ,
1100 2714 1202 2753 non
1238 2698 1416 2767 perdet
1462 2701 1745 2752 mercedem

194 2806 318 2843 suam
345 2789 563 2859 (Matth.
596 2805 652 2854 x,
683 2789 798 2860 42).
827 2788 959 2856 Quae
983 2789 1229 2861 profecto
1268 2789 1431 2844 verba
1459 2830 1474 2854 ,
1525 2805 1632 2844 non
1660 2805 1749 2845 so-

195 2877 452 2948 lnmjuxta
497 2878 737 2934 litteram
766 2919 782 2944 ,
834 2885 927 2934 sed
976 2881 1140 2934 etiam
1195 2879 1518 2948 spiritaliter
1551 2879 1750 2934 intelli-

197 2972 340 3038 genda
371 2984 491 3026 esse
519 2971 779 3036 arbitror,
807 2971 1036 3026 credens
1065 2970 1276 3025 scilicet
1321 2971 1446 3041 quia
1470 3011 1485 3037 ,
1511 2972 1655 3026 sicut
1704 2973 1749 3028 is

195 3059 269 3127 qui
290 3063 352 3115 ob
372 3063 682 3131 paupertati
703 3077 716 3113 ἱ
735 3077 848 3117 θυῖε
875 3063 1236 3132 quantitatem
1256 3063 1562 3133 portionem
1587 3064 1748 3118 mini-

195 3165 314 3204 mam
365 3152 759 3224 eleemosynaa,
822 3154 874 3209 id
927 3163 1012 3210 est
1056 3154 1282 3210 calicem
1341 3170 1497 3225 aqua:
1543 3153 1752 3225 frigida:

198 3239 426 3311 indigenti
451 3243 713 3313 largitur,
741 3243 1050 3298 mercedem
1078 3253 1462 3312 consequetur,
1489 3243 1562 3298 ita
1587 3245 1750 3300 etiam

198 3331 272 3384 ille
291 3335 374 3402 qui
404 3334 574 3389 nullis
606 3336 850 3390 scientiae
875 3335 1232 3404 competentia
1261 3336 1454 3406 opilms
1478 3335 1752 3403 suﬂultus,

198 3420 274 3475 sed
300 3423 446 3492 quasi
478 3423 786 3494 fragmenta
817 3425 901 3479 vel
947 3425 1116 3481 micas
1147 3441 1214 3481 ex
1242 3427 1538 3495 peritorum
1568 3443 1754 3484 mensa

1845 2238 2182 2294 delectabilis
2210 2238 2349 2294 solet
2378 2237 2603 2293 hauriri.
2637 2237 2724 2301 Et,
2751 2235 2820 2290 oh
2839 2233 3100 2290 infelices!
3143 2235 3232 2303 qui
3262 2235 3434 2305 pieta-

1849 2330 1977 2388 tatis
2021 2331 2218 2386 divinat
2267 2337 2530 2401 spernunt
2575 2328 2817 2393 monita,
2867 2326 3064 2396 quibus
3104 2341 3214 2380 non
3258 2325 3430 2381 solum

1847 2423 2152 2495 vigilantes,
2193 2438 2381 2478 verum
2405 2422 2568 2477 etiam
2597 2421 2779 2492 sopori
2812 2419 3045 2487 deditos,
3075 2436 3218 2476 nunc
3246 2421 3433 2476 admo-

1849 2517 2055 2572 nitione
2085 2515 2362 2573 lenissima
2382 2514 2466 2569 vel
2491 2514 2630 2569 ultra
2657 2513 2955 2571 humanum
2979 2512 3196 2568 modum
3228 2511 3430 2567 exhor-

1850 2606 2068 2671 tatoria,
2096 2622 2240 2660 nunc
2261 2604 2530 2660 horrenda
2555 2601 3198 2675 pmnaruminfernalium
3231 2603 3428 2672 ipsius-

1849 2715 1954 2770 que
2005 2698 2194 2769 judicii
2245 2697 2476 2753 extremi
2514 2697 2669 2767 quasi
2721 2694 3054 2751 imminentis
3099 2695 3431 2754 ostensione.
3498 2689 3501 2694 ⁷

1852 2790 2121 2844 interdum
2144 2803 2294 2852 vero,
2314 2803 2436 2842 cum
2459 2787 2665 2842 nullam
2694 2786 3126 2843 emendationem
3149 2800 3213 2840 ex
3245 2785 3437 2854 praedi-

1851 2890 2060 2938 ctarum
2086 2880 2354 2934 visionum
2388 2877 2610 2934 lenitate
2633 2879 2922 2950 provenire
2942 2878 3303 2949 conspexerit,
3321 2875 3435 2946 pla-

1851 2989 2038 3045 garum
2055 2973 2349 3044 ingentium
2370 2972 2660 3027 severitate
2679 2987 2707 3024 a
2721 2970 2943 3026 lascivia
2962 2978 3243 3040 ettorpore
3257 2969 3440 3022 lethali

1852 3080 2107 3122 revocare
2128 3065 2398 3136 dignatur.
2431 3063 2562 3131 Quae
2591 3064 2772 3120 omnia
2798 3073 2949 3120 tanto
2979 3063 3188 3119 cautius
3219 3077 3430 3132 praeca-

1853 3158 2021 3212 venda
2047 3158 2336 3227 veriusque
2358 3157 2627 3212 credenda
2647 3171 2767 3211 esse
2791 3156 2926 3221 scio,
2953 3163 3155 3226 quanto
3179 3154 3352 3224 magis
3373 3168 3434 3208 ea

1856 3250 1970 3319 ipse
2002 3264 2102 3320 ego
2133 3264 2228 3318 per
2257 3248 2628 3318 experimenta
2677 3246 2861 3302 didici.
2890 3246 3170 3302 Conﬁteor
3199 3260 3436 3315 namque

1855 3348 2136 3410 peccatum
2185 3355 2386 3405 meum,
2437 3339 2565 3409 quia
2595 3353 2758 3393 nemo
2807 3337 2926 3409 plus
2953 3352 3038 3392 me
3069 3351 3232 3408 super
3254 3335 3442 3404 hujus-

1858 3433 2001 3488 modi
2033 3431 2252 3486 monitis
2299 3430 2587 3495 dubitavit,
2623 3444 2907 3501 quousque
2951 3429 3233 3483 tormentis
3262 3428 3445 3482 suavis-

200 3511 445 3581 ιποίίιρεειε
475 3514 838 3584 undecunque
858 3515 1141 3586 colligens,
1164 3516 1345 3587 aliqua
1374 3517 1755 3575 aediﬁcationis
1784 3540 1832 3600 Β
1860 3525 2015 3582 simis
2045 3524 2112 3578 ad
2160 3522 2320 3578 ﬁdem
2350 3522 2644 3592 perductus
2667 3535 2809 3586 sum,
2845 3519 2982 3574 sicut
3009 3519 3061 3572 in
3094 3517 3446 3588 sequentibus

200 3602 388 3658 verbula
418 3606 728 3674 protulerit,
760 3609 1064 3664 mercedem
1093 3609 1329 3680 aliquam
1356 3620 1651 3667 mereatur.

256 3692 357 3749 liae
391 3695 559 3766 igitur
593 3698 700 3753 (ide
731 3707 898 3769 atque
921 3714 1018 3770 spe
1044 3700 1323 3768 incitatus,
1348 3704 1506 3774 cupio
1535 3705 1601 3758 ad
1627 3705 1760 3760 aedi-

203 3783 478 3843 ﬁcationem
518 3789 757 3845 ﬁdelium
793 3791 1038 3862 proferre
1066 3795 1302 3851 visiones
1325 3798 1615 3866 quasdam,
1661 3794 1760 3868 per

203 3892 314 3945 quas
339 3880 416 3935 vel
445 3896 531 3937 me
569 3883 841 3952 quondam
874 3885 1124 3956 dignatus
1150 3895 1235 3942 est
1282 3887 1540 3943 Dominus
1570 3890 1758 3945 admo-

205 3983 324 4033 nere,
353 3973 431 4026 vel
479 3989 615 4042 quas
647 3989 715 4028 ex
766 3974 992 4030 aliorum
1044 3975 1278 4032 ﬁdelium
1324 3981 1566 4050 comperi
1620 3980 1760 4036 rela-

206 4062 341 4116 t'one.
386 4062 636 4122 Visiones
685 4075 865 4121 autem
900 4067 1020 4124 dico
1046 4109 1061 4136 ,
1111 4084 1216 4124 non
1266 4071 1443 4126 solum
1487 4087 1582 4128 eas
1623 4089 1760 4142 quas

206 4168 282 4220 per
303 4158 505 4212 somnia
553 4159 737 4228 quieta
787 4159 876 4216 vel
905 4176 1002 4232 per
1045 4162 1282 4233 inquieta
1317 4164 1558 4220 videmus
1586 4205 1600 4230 ,
1637 4181 1758 4221 cum

206 4245 384 4301 scilicet
414 4251 555 4318 rapti
605 4252 658 4305 in
707 4251 904 4320 spiritu
951 4253 1159 4323 aliquas
1197 4255 1631 4325 perturbationes
1665 4273 1760 4312 seu

205 4333 382 4406 ﬂagella
437 4342 546 4411 pati
596 4358 698 4399 nos
743 4345 1071 4401 senserimus
1097 4385 1114 4413 ,
1157 4359 1252 4402 sed
1302 4348 1467 4402 etiam
1497 4364 1592 4403 eas
1626 4365 1762 4420 quas

208 4429 458 4498 vigilantes
505 4435 755 4506 plerique
802 4436 890 4492 vel
935 4437 990 4492 in
1035 4440 1294 4495 eXtremis
1334 4440 1494 4510 positi
1541 4457 1764 4497 cernere

210 4523 394 4591 solent;
422 4542 649 4597 quarum
676 4531 920 4586 omnium
944 4546 1142 4603 genera
1166 4533 1436 4587 visionum
1470 4533 1763 4589 multifario

208 4616 250 4669 izt
288 4635 431 4675 sacra
462 4625 813 4692 reperiuntur
855 4623 1136 4697 Scriptura
1163 4667 1178 4692 ,
1232 4627 1468 4683 maxime
1500 4637 1679 4681 tamen
1708 4628 1762 4682 in

209 4703 325 4764 libro
346 4722 540 4781 quarto
565 4714 917 4787 Dialogorum
951 4732 980 4770 a
1029 4717 1190 4771 beato
1234 4715 1498 4787 Gregorio
1530 4716 1758 4786 prolata.

211 4795 349 4864 Cujus
375 4803 537 4859 etiam
567 4805 926 4862 intentionem
959 4809 1010 4862 in
1042 4809 1145 4864 hoc
1178 4807 1440 4884 Opusculo
1486 4808 1758 4872 imitatus,

1864 3615 2246 3673 declarabitur.
2295 3614 2399 3670 Sed
2432 3613 2562 3684 quid
2603 3614 2825 3678 mirum,
2857 3611 2902 3667 si
2935 3611 3076 3666 Deus
3104 3610 3447 3680 omnipotens

1861 3709 2206 3780 quiescentes
2230 3707 2502 3779 quoslibet
2523 3706 2595 3761 ita
2626 3714 2804 3778 potest
2832 3705 3178 3760 admonendo
3200 3703 3444 3767 visitare.

1863 3819 1987 3860 cum
2045 3801 2211 3857 etiam
2244 3800 2506 3871 quosdam
2553 3806 2772 3854 sanctos
2822 3797 3071 3852 homines
3123 3795 3178 3850 in
3213 3794 3316 3851 hac
3338 3793 3447 3848 vita

1864 3895 2038 3949 adhuc
2078 3893 2280 3965 positos
2308 3892 2549 3962 legamus
2571 3890 2715 3946 idem
2747 3888 2962 3945 fecisse.

1936 3983 2031 4040 His
2056 3985 2238 4055 itaque
2267 3982 2580 4053 prazlibatis,
2613 3983 2785 4053 ipsius
2809 3979 3053 4035 materiae
3098 3993 3316 4034 causam
3350 3992 3442 4048 ag-

1865 4077 2201 4147 grediamur,
2231 4075 2388 4131 unice
2414 4073 2770 4129 obsecrantes
2805 4086 2900 4126 eos
2923 4069 3014 4140 qui
3043 4069 3157 4124 lucc
3185 4068 3448 4139 legentes,

1865 4167 2045 4237 aliqua
2097 4167 2185 4221 hic
2233 4165 2392 4219 aliter
2429 4178 2591 4234 quam
2651 4162 2902 4217 dicantur
2925 4173 3068 4223 esse,
3098 4157 3449 4226 cognoverint

1867 4261 2013 4333 (nam
2046 4260 2197 4315 multi
2229 4259 2406 4315 adhuc
2437 4258 2491 4312 in
2524 4258 2627 4312 hac
2679 4255 2788 4310 vita
2839 4261 3068 4318 restant,
3118 4265 3186 4306 ex
3217 4264 3446 4320 quorum

1867 4357 2129 4412 relatione
2158 4355 2272 4424 ipsa
2295 4351 2558 4423 comperi)
2591 4358 2650 4404 ut
2680 4363 2742 4404 ea
2770 4345 3125 4403 emendantes
3146 4357 3296 4414 purae
3318 4340 3447 4396 red-

1867 4447 1996 4502 dant
2022 4445 2259 4510 veritati,
2304 4457 2424 4514 qua:
2453 4440 2679 4497 forsitan
2710 4454 2739 4494 a
2771 4452 2892 4493 mea
2935 4435 3196 4491 memoria
3225 4432 3450 4497 excidit,
3507 4431 3509 4434 ⁴

1867 4539 1954 4593 vel
1984 4539 2143 4592 aliter
2169 4552 2333 4607 quam
2365 4534 2678 4590 acciderent
2702 4532 2833 4588 mihi
2861 4539 2986 4586 sunt
3007 4528 3172 4583 dicta.
3198 4526 3271 4581 Ea
3295 4539 3446 4588 vero,

1867 4645 1988 4700 quae
2017 4627 2085 4683 de
2112 4625 2431 4698 memetipso
2474 4623 2723 4696 proferre
2779 4620 2971 4678 studeo
3015 4631 3241 4689 quaeque
3283 4613 3448 4670 etiam

1868 4737 1970 4794 pro
1998 4719 2408 4776 introductione
2436 4716 2778 4788 sequentium
2804 4715 2856 4770 in
2881 4710 3073 4784 primis
3102 4709 3286 4764 dicere
3308 4704 3449 4769 volo,

1870 4813 2036 4879 Deus,
2069 4811 2122 4866 in
2155 4808 2313 4878 cujus
2337 4816 2634 4880 conspectu
2664 4820 2857 4862 omnes
2881 4799 3212 4864 assistimus,
3236 4795 3339 4851 scit
3367 4807 3451 4848 me

211 4888 407 4951 obsecro
457 4913 522 4952 ne
565 4901 685 4971 quis
722 4901 815 4956 vel
857 4911 1076 4972 propter
1126 4902 1388 4958 vilitatem
1438 4918 1614 4958 meam
1675 4904 1763 4958 vel
1791 4903 1835 4964 C
1869 4903 2010 4959 nolle
2037 4903 2336 4973 quidquam
2371 4900 2530 4955 aliter
2557 4913 2718 4968 quam
2749 4897 2862 4951 visa
2885 4891 2970 4948 vel
2994 4900 3143 4962 gesta
3172 4897 3296 4942 sunt
3325 4899 3450 4955 pro-

213 4992 406 5050 Propter
462 4990 746 5047 relationis
799 4987 970 5063 ipritts
1027 4993 1388 5049 rusticitatem
1436 4996 1551 5049 haec
1609 4995 1769 5065 parvi
1867 5011 2039 5062 mere,
2066 5002 2294 5063 excepto
2348 4992 2551 5063 siquid
2596 4989 2879 5045 brevitatis
2909 4999 3073 5040 causa
3103 4980 3183 5036 vel
3215 4977 3355 5049 quod
3381 4974 3484 5057 ad,
