3942 5340
1478 250 1781 310 OTﬂLONl
1820 249 2129 309 IONACHI
2163 249 2222 308 S.
2262 247 2683 307 EMMERAMMI

1265 485 1733 578 INCIPIT
1770 485 2155 623 .LIBER
2225 451 2911 582 VISIONUM.‘

509 718 643 774 Cum
665 716 830 789 igitur
859 715 913 771 in
957 682 1209 773 saeculari
1237 718 1417 775 adhuc
1470 718 1658 775 habitu
1701 717 2030 775 constitutus
2057 717 2108 777 Α
2138 714 2335 772 raculis
2358 716 2772 787 praeferendum,
2805 719 2852 775 si
2882 718 2937 775 id
2986 718 3130 791 quod
3160 719 3293 777 nulli
3329 719 3524 779 ibidem
3561 736 3689 793 pra-

433 809 815 881 juvenilesque
868 823 1042 865 annos
1096 824 1294 879 gerens
1347 808 1681 865 multimoda:
1730 807 2029 863 insolentiae

442 911 609 973 atque
637 899 893 966 lasciviae,
920 898 1061 955 sicut
1102 899 1194 954 illa
1226 899 1549 970 plerumque
1597 899 1735 955 solet
1755 907 1904 964 mtas,
1933 897 2028 952 de-

441 994 588 1048 ditus
641 1006 843 1056 essem,
879 990 1045 1046 variis
1066 990 1288 1045 casibus
1343 999 1452 1045 tam
1505 990 1837 1060 spiritalibus
1866 1003 2028 1059 quam

439 1081 813 1153 corporalibus
859 1096 1005 1136 nunc
1061 1080 1403 1151 vigilantem,
1454 1097 1602 1137 nunc
1657 1063 2028 1152 quiescentem

439 1190 526 1230 me
548 1173 728 1230 divina
753 1173 935 1244 pietas
960 1188 991 1227 a
1020 1171 1247 1229 lascivia
1299 1172 1606 1228 imminenti
1641 1172 1888 1229 excitare
1916 1180 2033 1227 stu-

439 1269 582 1336 duit,
610 1282 720 1324 non
744 1275 808 1322 nt
830 1266 1091 1337 quosdam
1117 1265 1382 1323 scelestos
1412 1265 1696 1336 repentina
1724 1265 2033 1325 calamitate

440 1372 752 1426 conterens,
785 1358 884 1414 sed
934 1358 1090 1429 quasi
1120 1358 1447 1429 quibusdam
1476 1358 1733 1429 gradibus
1759 1372 1789 1412 a
1812 1355 2033 1413 leviori-

438 1453 543 1507 bus
592 1451 663 1507 ad
704 1447 913 1519 majora
956 1449 1345 1505 admonitionis
1375 1449 1767 1505 medicamenta
1811 1454 2034 1519 progre-

442 1544 631 1606 diens;
656 1540 871 1611 etquod
895 1540 1076 1596 adhuc
1104 1541 1415 1610 benignius,
1432 1542 1543 1596 imo
1573 1539 1713 1595 ultra
1738 1539 2031 1594 humanam

440 1635 550 1690 vim
574 1633 896 1690 clementius
921 1632 1157 1696 videtur,
1203 1645 1269 1688 eo
1299 1631 1510 1687 scilicet
1552 1631 1718 1687 modo
1749 1645 1867 1701 quo
1885 1643 1972 1683 me
2000 1641 2032 1681 a

443 1724 684 1779 minimis
713 1735 888 1793 usque
917 1724 985 1778 ad
1012 1722 1248 1777 maxima
1278 1722 1412 1776 vitia
1436 1722 1740 1792 provehere
1767 1718 2031 1783 solebam,

440 1814 530 1869 ille
552 1815 716 1869 etiam
744 1828 832 1868 me
859 1828 889 1867 a
918 1812 1161 1868 minimis
1200 1826 1375 1882 usque
1404 1811 1471 1866 ad
1501 1811 1739 1866 maxima
1783 1809 2033 1881 quaedam

442 1908 634 1980 gratim
662 1923 775 1964 sua:
804 1907 946 1963 dona
986 1907 1313 1978 provehens,
1366 1907 1522 1983 quasi
1580 1908 1712 1963 illud
1770 1905 2034 1978 apostoli-

446 2016 569 2055 cum
603 2019 616 2055 :
651 1998 755 2054 Ubi
778 2000 1062 2055 abundavit
1086 2000 1358 2071 iniquitas,
1384 1999 1833 2070 superabundabit
1858 2000 2032 2069 gratia

2128 816 2303 872 statur
2326 807 2574 865 mihimet
2602 808 2702 865 soli
2730 817 2878 866 esset
2904 811 3330 868 concedendum.

2199 899 2327 956 Haec
2351 901 2611 971 utrinque
2637 902 2867 958 audiens
2892 902 3091 962 sudore
3115 903 3392 960 certabam
3420 920 3605 977 magna
3629 924 3692 963 ne

2128 990 2215 1046 vel
2259 991 2336 1069 illi
2376 992 2857 1061 contristarentur,
2907 1009 3006 1050 seu
3046 994 3138 1049 isti
3171 993 3575 1051 ltetilicarentur
3597 999 3693 1053 mei

2129 1082 2350 1138 damno.
2373 1082 2758 1140 Verumtamen
2786 1100 2897 1141 non
2924 1100 3147 1157 parvam
3175 1087 3432 1142 ﬁduciam
3458 1087 3695 1160 viresque

2127 1188 2197 1229 ex
2227 1173 2331 1229 hoc
2359 1174 2586 1246 adeptus
2613 1190 2731 1230 sum
2758 1176 2905 1246 quod
2956 1185 3162 1247 quanto
3204 1176 3531 1236 laboriosius
3580 1194 3699 1237 can-

2132 1265 2264 1332 tavit,
2282 1273 2432 1322 tanto
2446 1266 2620 1336 magis
2638 1265 2899 1323 Dominus
2909 1264 3041 1322 ﬂere
3061 1269 3365 1335 videbatur,
3388 1270 3545 1341 quasi
3562 1270 3701 1327 labo-

2133 1376 2249 1415 rem
2279 1373 2454 1416 meum
2483 1360 2794 1416 miseratus.
2822 1362 2897 1415 At
2927 1361 3018 1417 uni
3072 1376 3140 1416 ex
3186 1369 3361 1428 tanto,
3391 1362 3523 1418 licet
3550 1363 3701 1419 nimis

2133 1449 2416 1523 fatigatus,
2442 1451 2625 1509 studio
2647 1450 2916 1522 psallendi
2931 1466 2994 1507 ea
3017 1467 3123 1523 qua
3144 1453 3285 1525 ctepi
3317 1453 3551 1509 melodia
3570 1454 3704 1524 psal-

2133 1560 2282 1599 mum
2310 1545 2377 1599 ad
2408 1556 2643 1616 unguem
2667 1544 2920 1615 perduxi,
2952 1546 3082 1615 quid
3109 1554 3273 1616 sdper
3300 1546 3405 1603 hac
3434 1557 3707 1603 concerta-

2135 1636 2282 1692 tione
2309 1636 2491 1691 divina
2518 1635 2868 1694 'decerneret
2912 1638 3181 1694 sententia
3234 1639 3417 1696 adhuc
3456 1641 3705 1705 incertus,

2133 1728 2353 1784 substiti
2403 1726 2668 1799 trepidus.
2702 1729 2858 1786 Tunc
2894 1730 3118 1785 silentio
3165 1730 3235 1786 ab
3277 1730 3533 1786 omnibus
3572 1730 3710 1787 facto

2132 1820 2574 1893 prtestolantibus
2603 1820 2767 1892 hujus
2795 1822 2943 1877 modi
2966 1837 3080 1878 rem
3104 1819 3391 1890 diiudicari
3412 1838 3445 1877 a
3469 1823 3711 1890 Domino,

2135 1913 2254 1984 ipse
2283 1912 2544 1983 primum,
2569 1911 2711 1968 sicut
2759 1913 2896 1969 mihi
2944 1914 3250 1981 videbatur,
3297 1916 3426 1985 quia
3463 1923 3557 1970 aut
3580 1915 3713 1970 tanti

2136 2004 2401 2059 carminis
2428 2002 2808 2070 delectatione,
2832 2002 2917 2059 vel
2935 2004 3125 2085 potius
3144 2019 3213 2060 ex
3241 2014 3390 2061 tanta
3419 2005 3589 2061 animi
3612 2006 3715 2062 mei

443 2091 619 2163 ("0"!-
643 2108 696 2158 ν,
718 2092 835 2163 9-0)ν
868 2092 922 2147 in
950 2105 1038 2147 me
1066 2090 1412 2162 aliquantum
1459 2091 1774 2163 specialiter
1802 2089 2031 2162 implere
2063 2084 2105 2143 Β
2125 2096 2387 2159 molestia
2410 2106 2577 2167 atque
2595 2095 2888 2153 alllictiune
2909 2099 2973 2153 ad
2995 2086 3271 2154 miseriam
3297 2108 3477 2154 motus
3502 2099 3715 2155 interim

444 2182 629 2240 vellet.

513 2283 807 2354 Postquam
839 2298 995 2356 ergo,
1045 2289 1105 2336 ut
1161 2281 1298 2346 dixi,
1346 2281 1579 2337 assiduis
1634 2279 2036 2348 levioribusque

447 2375 544 2434 Dei
575 2375 799 2430 monitis
831 2375 1120 2429 instinctus
1150 2388 1343 2444 parum
1366 2372 1660 2428 emendare
1710 2386 1796 2424 me
1819 2369 2033 2434 curavi,

454 2467 663 2537 majora
690 2465 1048 2523 districtionis
1066 2482 1180 2521 sua:
1202 2465 1562 2520 medicamina
1589 2461 1838 2517 adhibuit
1879 2458 2032 2514 mihi.

448 2559 588 2616 Nam
647 2560 918 2615 visionum
984 2556 1344 2628 quarumdam
1412 2554 1745 2611 revelatiouc
1803 2551 2034 2607 mirifica

443 2653 608 2708 nimis
633 2644 928 2708 exterritus
948 2659 1004 2707 et
1031 2650 1303 2705 excitatus
1333 2664 1477 2714 sum,
1527 2662 1758 2719 quarum
1803 2644 2035 2716 primam

445 2744 499 2798 in
526 2742 725 2814 primis
751 2758 966 2814 quoque
988 2741 1237 2812 proferre
1265 2741 1401 2813 (55).

949 2855 1127 2912 vISIo
1151 2855 1367 2911 PRIMA
1397 2855 1535 2928 (δι).

447 2945 577 3027 Spes
604 2956 655 3001 ct
690 2945 970 3014 promissio
994 2938 1281 3087 pcczliar?
1310 2948 1430 3003 vita:
1478 2957 1690 3004 inerme
1736 2944 1964 3002 Otltlouo
2005 2964 2039 3000 a

1130 3034 1190 3072 eo
1254 3034 1393 3072 acta.

1130 3034 1190 3072 εο
1231 3034 1393 3072 tacta.

518 3107 653 3176 Qua:
702 3106 833 3162 mihi
879 3107 992 3177 jam
1021 3109 1263 3180 praestita
1313 3116 1398 3165 est
1437 3109 1697 3174 maxima,
1752 3108 2038 3179 cmpissem

448 3200 754 3267 recordari,
787 3202 959 3273 magis
987 3218 1053 3258 ac
1105 3205 1279 3274 magis
1321 3203 1581 3260 incitatus
1634 3203 2033 3274 roboratusqne

447 3294 518 3348 ad
559 3292 913 3359 cantandum,
963 3309 1250 3366 aggressus
1278 3309 1400 3351 sum
1446 3296 1719 3363 eumdem,
1754 3295 1882 3352 licet
1916 3309 2040 3365 pro-

448 3384 642 3451 lixum,
672 3399 844 3456 usque
869 3384 937 3440 ad
969 3386 1130 3450 ﬁnem
1158 3396 1380 3442 cantare
1409 3387 1676 3458 psalmum
1711 3397 1786 3454 et,
1832 3396 1893 3442 ut
1918 3402 2042 3457 pro-

2128 2189 2336 2259 jugiter
2366 2189 2797 2261 lacrymabatur,
2847 2188 3146 2261 lacrymas,
3175 2206 3296 2260 qua:
3316 2207 3384 2246 ex
3411 2190 3584 2247 oculis
3604 2191 3718 2261 ejus

2137 2280 2461 2348 deﬂuebant,
2507 2298 2670 2337 manu
2721 2281 2867 2337 lenta
2915 2282 3207 2349 abstersit;
3246 2284 3444 2339 deinde
3472 2284 3719 2354 aperiens

2135 2388 2198 2428 os
2224 2388 2402 2439 suum,
2431 2372 2670 2445 benigna
2720 2388 2856 2430 voce
2883 2373 3059 2430 dixit:
3092 2374 3163 2429 Et
3186 2392 3280 2445 pro
3326 2376 3500 2446 gratia
3542 2387 3721 2430 nostra

2137 2484 2200 2521 ac
2223 2469 2381 2522 etiam
2411 2485 2506 2539 pro
2531 2478 2721 2524 cantus
2771 2468 2857 2524 sui
2887 2468 3123 2526 mercede
3168 2471 3519 2525 concedamus
3548 2469 3597 2525 ei
3643 2486 3723 2525 te-

2136 2575 2297 2629 gnum
2327 2558 2551 2615 rtelcste.

2210 2650 2451 2721 Longum
2480 2651 2709 2707 forsitan
2734 2662 2829 2708 aut
2853 2650 3194 2708 fastidiosum
3213 2652 3492 2708 videretur
3512 2651 3724 2717 lectori,

2139 2740 2184 2796 si
2208 2756 2422 2795 omnem
2453 2756 2776 2811 percurrere
2827 2742 2987 2797 velim
3019 2742 3279 2798 visionem
3310 2742 3472 2815 hujus
3507 2742 3732 2809 somnii,

2139 2831 2319 2902 qualis
2364 2830 2575 2887 scilicet
2626 2842 2848 2900 peracto
2893 2832 3100 2903 judicio
3133 2832 3322 2889 lietitia
3350 2832 3644 2897 bonorum,
3676 2838 3731 2887 et

2141 2914 2341 2992 quanta
2393 2920 2560 2977 fuerit
2614 2926 2728 2978 visa
2761 2924 2985 2979 tristitia
3028 2924 3319 2980 malorum.
3349 2923 3588 2995 Ideoque
3614 2925 3732 2980 limo

2142 3012 2353 3082 prolata
2368 3011 2792 3085 suliiciant,qu:e
2809 3030 2989 3079 nemo,
3006 3030 3223 3085 precor,
3241 3015 3348 3072 [ide
3366 3016 3453 3071 vel
3475 3016 3730 3082 lectione,

2144 3115 2333 3178 utpote
2363 3106 3012 3177 despicabilia,deCeruat
3039 3111 3430 3182 indigua,quia
3459 3125 3570 3166 non
3598 3111 3733 3166 adeo

2146 3195 2381 3261 insanio,
2411 3206 2469 3251 ut
2492 3197 2843 3254 securitatem
2872 3198 3036 3254 ullam
3063 3215 3130 3254 ex
3158 3199 3496 3256 somniorum
3524 3200 3733 3256 visione

2147 3286 2277 3342 mihi
2305 3287 2596 3355 vindicem,
2644 3288 2741 3344 sed
2766 3297 2826 3343 ut
2856 3289 2931 3343 ita
2958 3289 3320 3361 spiritualem,
3378 3306 3502 3362 qua:
3549 3289 3734 3361 utique

2149 3394 2244 3449 per
2269 3379 2481 3435 somnia
2530 3377 2613 3446 ﬁt,
2636 3378 2777 3434 sicut
2803 3390 2859 3435 et
2898 3380 3235 3452 corporalem
3285 3381 3507 3451 pietatis
3537 3380 3733 3436 divinae

448 3477 683 3535 habilior
725 3453 823 3535 seu
871 3479 1094 3535 suavior
1119 3488 1314 3536 cantus
1356 3453 1573 3537 ριξηειίε
1615 3453 2041 3537 νίειθι-θιυι-ἐυ-
2067 3453 2114 3517 C
2147 3471 2571 3527 admonitionem
2623 3471 2987 3528 manifestem.
3027 3468 3212 3543 ‘Cujus
3247 3472 3505 3527 nimirum
3537 3470 3733 3527 somnii

448 3571 744 3638 aientibus,
771 3571 1057 3628 introitum
1088 3586 1189 3643 per
1214 3572 1460 3647 singulos
1488 3573 1806 3645 repetebam
1825 3588 2038 3628 versus.

453 3660 659 3717 Deinde
681 3676 837 3725 vero,
865 3676 987 3717 cum
1013 3670 1120 3717 tam
1144 3663 1362 3735 longum
1383 3678 1608 3719 carmen
1638 3662 1862 3719 suavius
1880 3671 2044 3732 atque

450 3755 614 3811 altius
640 3754 912 3810 resultans
937 3755 1153 3825 placere
1177 3756 1457 3811 videretur
1490 3772 1597 3811 non
1632 3755 1809 3811 solum
1836 3755 2043 3827 angelis

451 3857 509 3903 et
546 3847 861 3903 hominibus
906 3847 974 3902 ad
1005 3847 1286 3901 dexteram
1337 3861 1548 3902 mecum
1598 3845 1919 3917 segregatis,
1949 3845 2041 3901 sed

451 3938 617 3992 etiam
672 3936 905 3991 Domino
961 3946 1171 4001 nostra,
1220 3937 1266 3993 si
1297 3937 1436 3994 forte
1494 3937 1713 3994 interim
1764 3936 2046 3992 audiretur

454 4029 634 4100 aliqua
663 4029 1139 4085 circumstantium
1173 4031 1505 4097 mussitatio,
1557 4031 1783 4104 angelus
1812 4030 1921 4096 ille,
1950 4031 2042 4101 qui

453 4120 668 4175 diaconi
699 4117 880 4176 otlicio
905 4120 1124 4176 functus
1148 4136 1318 4191 prope
1364 4120 1537 4176 altare
1566 4121 1736 4186 stetit,
1768 4121 2044 4178 silentium

454 4212 620 4263 manu
647 4207 840 4264 leuiter
869 4209 1066 4275 innuit,
1097 4219 1298 4277 tacete,
1345 4211 1619 4282 inquiens,
1666 4211 1794 4283 quia
1822 4226 2043 4267 carmen

456 4290 563 4355 tale
593 4300 857 4357 Dominus
882 4310 1070 4357 uoster
1096 4304 1233 4357 satis
1253 4303 1560 4359 delectatur
1587 4304 1795 4360 audire.
1826 4302 1932 4359 Sed
1960 4319 2046 4358 me

453 4393 510 4446 in
539 4403 688 4447 tanto
725 4394 990 4464 psallendi
1043 4396 1344 4452 certamine
1390 4396 1708 4461 constituto,
1767 4394 2044 4451 silentium

458 4484 588 4539 licet
614 4485 811 4556 saepius
839 4486 908 4542 ab
938 4487 1134 4557 angelo
1163 4488 1878 4559 indiceretur,nequaquam
1908 4487 2047 4559 adeo

458 4579 637 4649 patuit
666 4580 902 4635 obtineri
934 4583 1067 4651 quin
1103 4581 1365 4653 plerique,
1400 4583 1666 4637 bonorum
1694 4579 2047 4651 prosperitati

399 4705 403 4708 ν
458 4684 597 4724 mea:
625 4671 1091 4742 congratulantes.
1136 4673 1361 4728 vocibus
1401 4673 1656 4749 clamozis
1686 4674 2044 4742 deprecaren-

458 4762 554 4818 tur
602 4778 694 4820 me
742 4752 902 4833 posse
955 4764 1206 4820 inchoata
1260 4779 1661 4829 consummare,
1715 4773 1766 4819 et
1819 4776 2045 4819 econtra

2148 3563 2409 3619 visionem
2470 3564 2600 3619 licet
2646 3579 2789 3635 sape
2845 3565 3101 3632 mirarer,
3132 3565 3444 3635 saepiusque
3469 3564 3537 3619 de
3562 3562 3737 3634 quali-

2149 3663 2258 3709 tate
2303 3655 2421 3725 ejus
2450 3663 2765 3721 tractarem,
2818 3656 2954 3712 adeo
2998 3665 3059 3712 ut
3111 3657 3438 3712 etiamtunc
3466 3655 3736 3711 dictatam

2145 3733 2460 3816 scriberem,
2492 3748 2620 3821 quia
2651 3764 2750 3819 per
2794 3749 2936 3807 idem
2985 3759 3200 3821 tempus
3252 3757 3309 3806 et
3362 3748 3604 3804 dictandi
3633 3746 3732 3803 ali-

2145 3854 2308 3908 quam
2334 3849 2391 3894 et
2416 3839 2690 3896 scribendi
2724 3857 2974 3912 magnam
3004 3843 3251 3897 notitiam
3288 3840 3476 3905 habui,
3500 3841 3735 3897 necdum

2148 3939 2325 3985 tamen
2353 3947 2450 3986 cor
2483 3933 2550 3988 ad
2594 3932 3028 3989 emendationem
3057 3932 3220 3987 ullam
3247 3931 3499 4002 apposui,
3538 3946 3643 4003 pro
3673 3945 3737 3986 eo

2147 4024 2359 4080 scilicet
2387 4025 2513 4095 quia
2537 4035 2592 4082 et
2621 4027 2829 4083 sanitas
2860 4026 3104 4096 corporis
3132 4025 3344 4096 aliaque
3372 4039 3541 4096 quam
3565 4022 3736 4095 pluri-

2149 4131 2257 4182 ma,
2311 4132 2433 4186 qua:
2479 4114 2753 4185 juventuti
2784 4128 2958 4194 .grata
3008 4118 3284 4179 videntur,
3322 4116 3460 4172 satis
3485 4116 3733 4173 aderant.

2150 4208 2349 4263 Deinde
2381 4208 2592 4265 duobus
2621 4211 2805 4275 annis,
2838 4219 2895 4265 ut
2920 4225 3065 4275 reor,
3096 4209 3405 4275 transactis,
3428 4217 3483 4264 et
3510 4215 3737 4283 peccato

2146 4301 2384 4369 quodam
2415 4301 2629 4353 nuvitcr
2649 4308 2886 4368 patrato,
2918 4300 3072 4368 cujus
3099 4298 3231 4354 mihi
3253 4307 3311 4355 et
3335 4307 3465 4353 tunc
3485 4307 3543 4353 et
3562 4298 3737 4353 adhuc

2147 4389 2400 4444 conscius
2448 4404 2591 4455 sum,
2652 4388 2852 4443 iterum
2899 4389 3081 4444 divina
3133 4388 3386 4460 apparuit
3442 4385 3735 4443 clementia

2149 4480 2452 4552 huiusmodi
2482 4481 2714 4537 visione.

2664 4594 2843 4651 VISIO
2874 4593 3214 4650 SECUNDA.

2154 4688 2489 4761 Negligcntia
2526 4688 2837 4744 clericorum
2870 4687 2949 4811 bin
2999 4686 3189 4741 divinis
3216 4705 3249 4741 a
3274 4685 3385 4741 Deo
3427 4686 3736 4757 reprehensa

2754 4769 2803 4811 et
2836 4778 2864 4811 ο
2904 4768 3133 4811 Πιναρία.

2754 4769 2803 4811 et
2836 4768 3133 4828 Objttl'gultt.

466 4812 545 4818 -__
603 4812 690 4820 ----
742 4812 900 4833 Γ---
955 4812 1206 4820 unum“
1264 4812 1661 4829 -c--------___--,
1823 4812 2045 4819 ..ηυντ
2892 4812 2913 4828 ,
2990 4812 3013 4828 ,,

462 4853 619 4908 multi
646 4841 865 4924 quoque
893 4869 1185 4925 pravorum
1216 4854 1484 4931 invidiosa
1542 4855 1675 4910 mihi
1708 4870 1841 4911 voce
1870 4812 2129 4911 detra-'D
2225 4852 2414 4907 Visam
2439 4862 2522 4906 est
2547 4852 2711 4922 igitur
2734 4850 2899 4918 mihi,
2923 4849 3062 4905 sicut
3094 4848 3339 4914 memini,
3383 4850 3514 4923 quia
3562 4849 3619 4904 in
3654 4863 3740 4903 ca-

462 4944 657 5000 heutes
683 4946 929 5003 dicerent
972 4963 1060 5004 me
1099 4947 1254 5019 juxta
1299 4946 1892 5019 inolitamarrogantim
1921 4936 2050 5002 con;

465 5039 813 5094 suetudinem
840 5041 1215 5094 tantummodo
1241 5040 1602 5094 exclamando
1626 5039 1927 5094 superbire.
1951 5026 2078 5093 aee

2154 4946 2278 5000 dem
2306 4941 2557 5008 ecclesia,
2576 4941 2630 4995 in
2647 4956 2754 5012 qua
2770 4941 2934 4996 etiam
2951 4955 3048 5009 per
3073 4939 3342 4995 somnium
3367 4939 3739 5010 supradictum

2154 5034 2443 5091 videbatur
2472 5048 2594 5089 esse
2623 5032 2738 5088 dies
2762 5033 2982 5094 iudicii,
3033 5047 3156 5088 cum
3210 5030 3329 5085 aliis
3359 5029 3615 5094 plurimis
3639 5028 3741 5085 cleo
