3942 5340
218 262 313 324 545

1519 262 1719 320 LIBER
1754 266 2102 330 VISIONUM.

3350 274 3456 338 ὃιὶδ

219 374 585 437 murmurantis
610 389 793 431 Vocem
816 375 870 431 ἰιι
898 370 1054 431 allati
1077 376 1385 432 audiebant
1412 376 1561 434 "anc
1584 394 1770 435 V060"!
1803 388 1849 442 A
1882 385 2026 442 lebat
2054 388 2268 456 ardere,
2298 390 2474 461 ipsum
2505 392 2675 462 digito
2705 389 3153 462 ntonstransdixi
3175 389 3243 445 ad
3271 390 3459 447 Domi-

218 480 479 545 postquam
496 470 701 537 audivi,
716 471 912 526 timore
935 470 1104 525 nimio
1129 469 1453 540 perterritus
1475 480 1774 527 retrorsum

1901 495 2005 534 tum
2034 497 2050 537 :
2092 480 2252 548 Quia,
2287 482 2514 538 Domine
2543 482 2694 548 Jesn,
2735 482 2809 537 nil
2841 482 2987 537 aliud
3016 482 3105 537 liic
3137 481 3460 538 verberandi

218 581 324 622 cum
350 563 619 620 tliuribulo
640 563 770 618 abii.

277 657 425 712 Stans
438 667 616 712 autem
634 657 826 713 deinde
851 655 1162 727 aliquandiu
1189 664 1244 711 et
1265 656 1551 729 diligenter
1565 657 1780 714 anscul-

219 762 321 806 tans
342 750 385 805 si
411 749 551 804 forte
570 748 787 819 aliquod
812 749 954 805 illius
975 748 1352 804 murmuriosa:
1376 750 1528 804 vocis
1552 750 1777 805 verbum

217 841 384 897 audire
407 849 462 894 et
488 841 795 912 intelligere
827 857 1063 911 possem,
1085 842 1179 897 sed
1209 842 1355 898 nullo
1383 858 1472 898 mo
1489 844 1543 898 lo
1573 842 1779 908 valens,

218 935 309 989 into
334 933 490 988 etiam
522 934 758 988 inaniter
798 948 884 989 me
932 934 1252 990 exterritum
1302 936 1553 1000 credens,
1582 936 1780 991 iterum

216 1040 391 1095 coquo
411 1026 569 1097 prius
615 1025 796 1081 studio
840 1026 909 1080 ad
957 1026 1131 1082 altare
1182 1028 1443 1082 accedere
1488 1027 1653 1082 volui.
1710 1027 1783 1081 Et

216 1119 454 1174 accedens
494 1135 716 1175 rursum
745 1121 885 1175 sicut
909 1129 964 1175 et
994 1128 1153 1175 antea
1182 1121 1363 1177 audivi
1385 1137 1577 1177 vocem
1621 1121 1781 1191 quasi

217 1211 581 1267 murmurantis
613 1221 667 1267 et
699 1227 877 1267 meum
901 1226 1181 1269 accessum
1214 1213 1505 1270 excludere
1526 1214 1779 1280 volentis,

216 1317 519 1372 rursumque
546 1304 709 1359 nimis
738 1306 1059 1374 perterritus
1083 1315 1383 1362 retrorsum
1406 1308 1513 1362 abii
1537 1310 1786 1365 concitus

218 1396 395 1465 ibique,
416 1404 484 1450 ut
511 1397 684 1468 prius,
713 1397 1127 1468 diligentissime
1155 1401 1481 1467 auscultavi,
1504 1401 1551 1457 si
1582 1403 1665 1458 vel
1694 1403 1783 1459 illa

217 1489 317 1543 vice
343 1488 564 1544 verbum
588 1489 810 1560 aliquod
856 1490 1046 1547 audire
1074 1507 1290 1563 possem
1335 1510 1402 1549 ex
1436 1493 1620 1549 altari.
1647 1496 1782 1551 Cum

218 1590 371 1635 autem
404 1581 568 1637 solito
612 1583 827 1652 longius
876 1586 1040 1640 etiam
1085 1595 1217 1643 tunc
1248 1588 1567 1658 pnestolans
1595 1606 1785 1646 vocem

219 1671 389 1727 nullam
411 1672 555 1728 ultra
583 1675 851 1741 audirem,
876 1685 931 1731 ct
958 1687 1016 1732 ut
1040 1678 1093 1732 in
1117 1678 1292 1750 prima
1320 1690 1377 1735 et
1405 1682 1640 1737 secunda
1665 1682 1784 1738 vice

220 1768 378 1821 eodem
432 1769 596 1824 modo
639 1786 855 1841 quoque
904 1772 1066 1827 tertio
1117 1772 1383 1828 accedens
1429 1789 1625 1830 manus
1661 1790 1786 1830 cum
1820 1744 1862 1803 Β

224 1859 477 1916 tburibulo
528 1862 827 1918 extendere
876 1877 1040 1933 super
1088 1862 1261 1919 altare
1312 1864 1527 1932 vellem,
1579 1866 1787 1922 interea

223 1951 379 2005 subito
402 1952 543 2007 intra
576 1952 722 2007 idem
753 1952 925 2007 altare
954 1963 1008 2009 et
1050 1964 1294 2025 apertam
1344 1969 1532 2010 vocem
1582 1955 1787 2021 audivi,

223 2051 269 2095 et
288 2043 458 2097 statim
483 2053 606 2115 post
636 2045 838 2099 emissa
862 2046 1028 2101 verba
1056 2061 1123 2100 ex
1153 2047 1379 2101 australi
1410 2047 1600 2103 altaris
1638 2057 1791 2118 parte

221 2134 480 2204 quemdam
505 2152 717 2200 senem,
752 2136 929 2206 ipsum
973 2136 1228 2192 videlicet
1249 2138 1341 2207 qui
1383 2138 1709 2206 loquebatur
1737 2139 1791 2193 in

222 2224 379 2293 specie
405 2225 712 2294 presbyteri
743 2226 812 2278 ad
860 2225 1081 2280 missam
1134 2225 1517 2281 celebrandam
1563 2227 1793 2282 omnino

223 2316 508 2387 prmparati,
533 2316 909 2384 egredientem
927 2316 1059 2370 vidi.
1077 2314 1249 2382 Quem
1276 2317 1468 2371 videns
1490 2326 1792 2372 retrorsum

223 2406 311 2459 aliii
337 2406 602 2469 concitus,
633 2406 792 2476 quasi
825 2404 1038 2476 fugiens
1081 2420 1208 2462 cum
1257 2406 1534 2461 tlmribulo
1560 2406 1614 2461 in
1661 2423 1797 2477 quo-

227 2499 330 2552 dam
369 2499 654 2554 secrrtiori
706 2498 827 2554 loco
883 2498 1103 2553 substiti
1154 2498 1414 2570 trepidus.
1462 2498 1595 2553 Erat
1642 2513 1793 2565 vero,

226 2589 344 2643 sicut
369 2590 499 2644 mihi
533 2588 841 2657 videbatur,
891 2591 1061 2645 rubra
1117 2589 1341 2644 indutus
1384 2588 1600 2653 casula;
1629 2589 1796 2645 verba

228 2696 435 2751 quoque,
488 2696 613 2751 qure
668 2682 814 2736 intra
869 2680 1044 2736 altare
1084 2680 1231 2736 dicta
1283 2687 1413 2735 sunt
1451 2680 1520 2735 ab
1557 2693 1645 2747 eo,
1687 2682 1794 2736 ltu-

224 2772 453 2842 jnsmodi,
481 2784 540 2829 ut
590 2773 795 2839 recolo,
822 2774 1176 2830 continebant
1223 2789 1467 2830 sensum.
1500 2771 1797 2840 Hactenus,

230 2867 399 2939 inquit,
420 2869 643 2923 assidue
669 2882 767 2939 per
789 2868 925 2924 alios
947 2868 1189 2923 nuntiavi
1210 2877 1264 2923 et
1286 2867 1519 2939 praecepi
1544 2876 1602 2922 ut
1625 2866 1801 2923 laudis

231 2970 373 3030 atque
395 2961 681 3016 servitutis
718 2975 851 3015 meae
897 2959 1074 3015 ollicia
1128 2970 1423 3032 agerentur
1472 2960 1653 3016 studio
1682 2975 1800 3015 ma-

1876 568 2055 624 ollicio
2082 578 2266 639 aptum
2308 572 2483 635 adest,
2526 572 2607 626 vel
2638 589 2758 627 cum
2784 572 2887 627 hoc
2916 571 3063 643 ligno
3086 572 3236 643 gravi
3260 586 3464 643 corpus

1878 679 2193 734 percussum
2246 663 2407 719 alicui
2459 664 2613 719 trade
2664 663 3002 729 infirmitati,
3055 671 3114 717 ut
3172 663 3464 719 verborum

1881 766 2097 811 tuorum
2140 756 2333 811 saltem
2367 757 2446 811 sic
2487 756 2782 826 compellar
2819 753 3118 811 recordari.
3154 752 3227 808 At
3260 753 3349 809 ille
3375 768 3466 807 re-

1881 854 2154 923 Spomlens
2214 852 2336 907 ait:
2375 851 2488 907 Non
2537 868 2675 924 opus
2719 865 2799 908 est
2848 854 2991 921 istis,
3050 868 3153 907 nec
3206 852 3312 907 erit
3351 851 3467 921 jam

1885 954 2097 1014 tempus
2120 943 2375 1014 agendis;
2407 944 2461 997 in
2495 942 2595 997 hoc
2636 942 2779 997 enim
2805 956 3144 1012 nequaquam
3183 940 3319 996 libet
3349 940 3470 994 diu-

1884 1035 1993 1089 tius
2037 1034 2340 1091 consistere
2381 1032 2522 1097 loco,
2563 1033 2656 1087 sed
2691 1032 2866 1088 redire
2908 1031 2963 1085 in
3006 1031 3248 1101 requiem
3290 1043 3469 1083 meam

1885 1127 2211 1198 quantocius
2251 1126 2393 1180 volo.
2426 1126 2773 1197 Quapropter
2801 1138 2967 1193 super
2996 1123 3082 1177 liis
3114 1137 3236 1192 qua:
3267 1118 3471 1192 rogasti

1886 1220 2026 1275 scito
2071 1219 2198 1289 quia
2248 1234 2373 1273 cum
2405 1217 2535 1272 mihi
2573 1217 2683 1272 sint
2710 1215 2895 1271 omnia
2941 1224 3092 1275 nota.
3135 1211 3372 1284 gemitus
3413 1217 3475 1267 et

1886 1312 2249 1383 lacrymarum
2296 1319 2512 1365 tuarum
2562 1307 2881 1365 eli'usionein
2921 1304 3474 1375 emendationemque

1887 1421 2099 1461 morum
2124 1421 2223 1475 pro
2250 1403 2592 1460 confessione
2615 1420 2645 1458 a
2678 1412 2729 1457 le
2753 1401 3006 1472 suscipio.

1957 1498 2086 1554 Post
2111 1498 2225 1553 lia-c
2271 1512 2402 1568 ergo
2444 1496 2577 1550 mihi
2617 1494 2945 1557 valedicens,
2989 1506 3270 1563 regressus
3292 1499 3376 1546 est
3407 1489 3476 1543 ad

1890 1580 2037 1646 illum
2084 1590 2262 1645 locum
2308 1588 2362 1645 in
2407 1603 2517 1659 quo
2560 1587 2714 1657 prius
2758 1586 2912 1642 stetit
2957 1583 3275 1638 concionem
3310 1580 3480 1636 incre-

1888 1697 2025 1751 pans
2053 1680 2411 1743 clericorum;
2456 1687 2512 1734 ct
2545 1677 2743 1733 ibidem
2788 1690 3003 1746 quoque
3045 1672 3382 1743 prospiciens
3410 1670 3478 1726 ad

1891 1770 2147 1843 pupulum
2196 1771 2290 1841 qui
2333 1778 2455 1841 post
2498 1769 2759 1835 chorum,
2800 1767 2943 1822 sicut
2990 1765 3178 1835 utique
3215 1776 3333 1818 mos
3371 1771 3477 1828 est,

1888 1865 2154 1928 constitit,
2189 1861 2498 1934 ltujusmodi
2528 1874 2835 1916 sermonem
2862 1859 2928 1912 ad
2961 1872 3057 1913 eos
3088 1854 3314 1927 protulit
3340 1872 3354 1907 :
3384 1852 3482 1907 Fa-

1890 1958 1997 2012 cite
2025 1956 2212 2027 igitur,
2260 1970 2293 2008 ο
2323 1952 2468 2016 laici,
2514 1952 2657 2007 sicut
2694 1950 2820 2004 boni
2860 1948 3038 2003 solent
3075 1945 3197 2009 viri,
3229 1955 3284 1998 et
3313 1942 3483 1998 nolite

1890 2052 2170 2105 attendere
2213 2048 2279 2102 ad
2320 2030 2484 2117 Opera
2535 2061 2722 2115 prava,
2771 2059 2891 2113 qua:
2938 2040 3134 2096 videtis
3181 2048 3236 2094 et
3279 2036 3483 2091 auditis

1892 2140 2332 2212 frequentissime
2381 2155 2411 2193 a
2449 2134 2789 2209 pastOribus,
2833 2135 3033 2191 vestris
3079 2131 3333 2188 videlicet.
3381 2128 3485 2184 cle-

1893 2235 2023 2289 ricis
2081 2233 2253 2295 facta,
2307 2232 2401 2287 sed
2458 2230 2639 2302 potius
2681 2228 2832 2299 juxta
2888 2225 3132 2282 scientiae
3178 2220 3335 2278 vobis
3386 2235 3485 2291 per
3518 2217 3559 2249 ’-
3620 2200 3665 2219 ﬂ

1893 2327 2125 2397 gratiam
2185 2324 2425 2380 divinam
2484 2321 2694 2376 collata:
2746 2319 2923 2384 dona,
2985 2329 3208 2386 operum
3267 2326 3484 2383 quoque

1894 2429 2200 2476 vestrorum
2224 2416 2443 2486 dirigite
2463 2413 2665 2477 studia,
2694 2411 2931 2467 scientes
2951 2407 3141 2479 procul
3165 2406 3331 2461 dubio
3356 2404 3485 2473 quia

1897 2520 2049 2565 tanto
2080 2507 2252 2576 major
2298 2521 2507 2561 merces
2551 2501 2722 2558 vestri
2765 2504 2873 2556 erit
2899 2498 3223 2571 quandoque
3257 2495 3485 2561 laboris,

1897 2609 2102 2671 quanto
2146 2599 2325 2653 minus
2354 2612 2498 2651 nunc
2528 2595 2635 2649 ulla
2667 2601 2944 2665 pastorum
2968 2589 3218 2660 exempla
3242 2588 3310 2643 ad
3339 2586 3489 2643 viam

1896 2710 1996 2751 vos
2020 2694 2251 2749 incitant
2278 2693 2434 2747 bona:
2458 2689 2713 2745 actionis.
2744 2686 2908 2741 lilnlta
2933 2698 3149 2755 quoque
3178 2682 3266 2737 his
3290 2678 3491 2737 similia

1900 2785 2290 2842 admonitionis
2321 2783 2487 2838 verba
2525 2791 2651 2836 tunc
2679 2780 2747 2835 ad
2789 2778 2957 2834 laicos
2984 2776 3174 2839 edidit,
3203 2790 3323 2844 qua:
3351 2787 3491 2843 quo-

1902 2880 2050 2934 niam
2095 2893 2126 2933 a
2163 2877 2428 2933 memoria
2474 2890 2593 2930 mea
2636 2873 2793 2943 longe
2834 2878 2961 2926 sunt
3001 2869 3168 2934 facta,
3215 2867 3345 2921 libet.
3377 2865 3495 2919 haec

1902 2969 2040 3036 sola,
2064 2982 2296 3039 quorum
2334 2964 2448 3034 jam
2482 2962 2729 3028 memini,
2758 2974 2988 3033 quaeque
3024 2958 3079 3013 in
3112 2955 3381 3013 sermonis
3409 2951 3496 3008 sui

229 3056 333 3126 iori.
359 3058 462 3113 Sed
489 3059 618 3130 quia
651 3060 768 3114 haec
809 3069 1081 3130 praecepta
1131 3059 1248 3129 jam
1296 3060 1470 3131 magis
1516 3075 1582 3115 ac
1631 3059 1801 3129 magis
1829 3100 1874 3159 Ε
1906 3063 2014 3118 line
2047 3058 2303 3116 omnibus
2334 3057 2445 3113 illic
2484 3053 2953 3112 commorantibus
2988 3049 3254 3142 Dominus
3290 3044 3497 3152 dixisse

232 3151 386 3220 πετηί
414 3150 796 3222 annullarique
821 3150 1002 3217 video,
1033 3151 1149 3222 ipse
1182 3151 1344 3207 modo
1390 3152 1671 3206 hominum
1707 3169 1803 3207 ne-

236 3242 513 3313 gligentiam
565 3253 1053 3315 contemptumque
1108 3245 1216 3300 mei
1268 3245 1541 3300 sustinere
1600 3246 1806 3301 diutius

237 3333 424 3400 nolens,
458 3336 618 3390 venio
650 3344 711 3390 ut
754 3350 785 3389 a
818 3336 1138 3405 memetipso
1190 3336 1499 3408 corrigatur
1546 3339 1807 3410 quidquid

236 3439 320 3494 per
344 3425 557 3480 nuntios
590 3440 743 3480 meos
771 3424 959 3478 tandiu
982 3425 1363 3495 spernebatur.

300 3514 378 3571 Sic
400 3516 583 3587 itaque
608 3515 702 3572 illo
733 3514 948 3571 ratione
993 3516 1178 3572 locuto
1205 3518 1587 3588 potentissima
1618 3517 1807 3576 clerici

241 3621 507 3678 omnesque
528 3618 773 3664 astantes
788 3608 1027 3679 percussi
1053 3618 1179 3664 sunt
1192 3610 1603 3680 perturbatione
1618 3612 1807 3679 nimia,

247 3699 380 3765 adeo,
410 3711 466 3755 ut
513 3700 853 3757 cantantium
876 3700 988 3770 jam
1037 3699 1226 3757 laudes
1252 3703 1591 3773 vespertinas
1638 3704 1808 3759 inter-

250 3805 560 3863 runtperetur
586 3795 846 3851 melodia.
898 3793 1103 3850 Deinde
1128 3811 1250 3850 cum
1275 3796 1342 3850 ab
1365 3796 1619 3852 omnibus
1646 3795 1811 3851 silen-

254 3888 362 3944 tium
387 3900 437 3946 et
465 3893 769 3948 reverentia
810 3892 912 3961 ipsi
965 3893 1079 3948 seni
1123 3893 1477 3963 pueberetur,
1504 3902 1560 3949 et
1594 3910 1626 3948 a
1663 3894 1812 3950 nullo

254 3983 361 4050 quin
387 3984 496 4052 ipse
522 3985 665 4041 Dens
689 3985 1035 4056 omnipotens
1083 3993 1229 4040 esset
1265 3984 1628 4052 dubitaretur,
1657 3999 1812 4042 acce-

254 4072 364 4129 das
402 4075 655 4146 paulatim
682 4076 838 4132 stetit
885 4091 1047 4146 super
1084 4075 1471 4132 eminentiores
1509 4077 1602 4147 qui
1658 4087 1814 4132 erant

254 4182 410 4239 coram
458 4170 615 4225 altari
671 4171 895 4244 gradus,
945 4170 1035 4224 ubi
1087 4169 1185 4225 scil
1207 4178 1297 4225 cet
1341 4169 1668 4225 clericorum
1694 4178 1816 4226 erat

254 4262 564 4329 psallentium
595 4265 819 4327 chorus,
841 4271 897 4316 et
921 4262 988 4317 ad
1013 4262 1233 4318 eosdem
1267 4273 1625 4335 congregatos
1652 4264 1813 4320 cleri-

254 4368 331 4408 cus
363 4341 657 4424 huiusmodi
686 4356 856 4412 verba
883 4355 1094 4411 locutus
1128 4366 1211 4411 est
1237 4373 1252 4410 :
1278 4357 1459 4424 Quare
1488 4358 1541 4412 in
1574 4357 1667 4413 tali
1716 4372 1813 4413 ne-

1906 3153 2217 3217 videbatur,
2242 3150 2333 3205 hic
2367 3163 2571 3219 ponere
2595 3145 2784 3202 verba.
2825 3138 3260 3205 AdmonitiOnis,
3296 3137 3493 3209 inquit,

1906 3257 2040 3298 mea:
2057 3242 2169 3314 jam
2199 3255 2470 3298 memores
2491 3247 2685 3301 estote,
2709 3247 2765 3292 et
2785 3250 2976 3291 omnes
2997 3232 3193 3288 valete.
3220 3229 3316 3284 His
3337 3228 3499 3283 dictis

1906 3351 2032 3402 mox
2072 3333 2262 3389 eadem
2292 3332 2379 3386 via
2411 3332 2635 3402 ipsaque
2667 3319 2857 3382 altaris
2896 3325 3055 3396 plaga
3097 3339 3205 3393 qua
3244 3332 3499 3393 egressus

1907 3437 1994 3485 est
2018 3400 2245 3501 'regredi
2276 3400 2479 3496 erepit,
2516 3400 2573 3479 et
2608 3423 2821 3477 intrans
2863 3419 3037 3475 altare
3072 3416 3216 3471 ultra
3256 3429 3363 3468 non
3408 3426 3501 3483 ap-

1907 3520 2108 3592 paruit.

1980 3612 2254 3683 Evigilans
2291 3618 2472 3665 autem
2510 3622 2610 3679 ego
2638 3614 2695 3662 et
2746 3617 2915 3676 genas
2952 3602 3319 3672 lacrymarum
3364 3592 3497 3679 ell‘u-

1910 3707 2065 3763 sioue
2116 3705 2295 3761 adhuc
2332 3702 2575 3758 madidas
2621 3700 2897 3763 sentiens,
2948 3705 3170 3765 stupore
3214 3689 3500 3747 detinebar

1910 3801 2099 3867 nimio,
2126 3800 2373 3871 cogitans
2397 3795 2575 3868 qualis
2604 3796 2720 3873 hinc
2742 3800 2888 3869 esset
2915 3790 3073 3855 visio,
3101 3804 3167 3842 an
3197 3784 3407 3842 scilicet
3429 3797 3498 3837 ex

1916 3896 2024 3949 Deo
2048 3908 2146 3963 per
2173 3889 2406 3953 somnia,
2448 3886 2591 3943 sicut
2618 3893 2673 3941 et
2699 3883 2992 3955 quondam,
3028 3878 3178 3950 prius
3202 3891 3287 3931 me
3314 3874 3502 3928 admo-

1915 3996 2101 4052 nente,
2126 4002 2195 4040 an
2236 3992 2383 4040 esset
2427 3997 2495 4037 ex
2535 3979 2752 4035 diabolo
2783 3973 3109 4046 imaginibus
3147 3971 3500 4042 phantasma-

1919 4079 1991 4135 tis
2030 4079 2311 4134 illudente.
2352 4073 2488 4128 Nam
2529 4072 2577 4127 si
2612 4087 2679 4126 ex
2713 4069 2846 4133 Deo,
2873 4063 3144 4137 quomodo
3166 4057 3417 4117 convenit
3447 4064 3509 4110 ut

1920 4187 2043 4228 cum
2078 4170 2193 4235 illo,
2216 4167 2309 4237 qui
2336 4165 2598 4236 optimus,
2638 4162 2750 4215 imo
2780 4159 2870 4228 qui
2918 4156 3066 4213 solus
3100 4162 3183 4209 est
3226 4151 3421 4213 bonus,
3453 4157 3511 4201 et

1920 4261 2075 4333 Cujus
2114 4268 2392 4330 aspectum
2435 4252 2611 4325 angeli
2650 4250 3008 4317 hominesque
3037 4241 3365 4300 sanctissimi
3411 4257 3517 4295 nea

1920 4362 2128 4427 queunt
2183 4351 2490 4415 sustinere,
2551 4349 2715 4402 homo
2766 4340 3131 4412 nequissimus
3180 4333 3511 4419 colloquium

254 4443 474 4514 gligcnlia
498 4446 778 4502 servitutis
805 4462 939 4502 mea!
970 4447 1131 4514 agitis
1162 4446 1376 4504 cilicia?
1404 4448 1519 4504 Cur
1551 4449 1623 4503 ita
1657 4449 1817 4521 nrgli-
1850 4457 1895 4516 ι)
1924 4449 2072 4504 visus
2113 4445 2187 4501 sit
2220 4441 2455 4499 habere?
2495 4438 2555 4494 Si
2586 4453 2715 4493 vero
2744 4451 2812 4492 ex
2843 4430 3086 4511 diabolo,
3118 4427 3517 4521 quomodopo-

254 4547 413 4602 εειιιετ
461 4538 625 4593 etiam
672 4538 772 4592 bas
800 4552 973 4606 nuper
1014 4537 1263 4609 inceptas
1294 4538 1485 4594 laudes
1531 4515 1814 4595 eecinthis
1852 4515 1872 4516 ί
1923 4549 2030 4596 test
2055 4548 2357 4608 congruere
2394 4541 2454 4586 ut
2485 4531 2531 4586 is
2567 4529 2659 4599 qui
2702 4535 2891 4582 auctor
2934 4532 3018 4578 est
3062 4521 3228 4577 totius
3256 4515 3512 4589 nequitia)

256 4627 598 4695 vespertinas?
636 4626 897 4698 Nunquid
952 4628 1156 4698 putatis
1184 4643 1269 4684 me
1310 4629 1573 4684 labiorum
1615 4629 1791 4685 solum

1922 4628 2219 4701 quemlibet
2276 4639 2377 4695 per
2421 4621 2634 4678 somnia
2690 4618 2760 4673 ad
2811 4614 3246 4672 emendationem
3300 4620 3519 4691 morum

256 4719 391 4774 modo
416 4731 559 4776 motu
602 4721 886 4786 delectari,
911 4730 967 4775 et
1013 4737 1120 4777 non
1155 4722 1363 4793 pariter
1394 4724 1699 4779 reverentia
1724 4723 1795 4779 de

1924 4725 2141 4782 studeat
2189 4717 2548 4777 convertere?
2603 4713 2729 4769 Haec
2774 4722 2829 4767 et
2880 4711 2967 4766 bis
3022 4706 3218 4764 similia
3270 4710 3519 4758 tractans

254 4809 345 4866 bita
366 4813 765 4882 psallendi,nec
796 4827 905 4867 non
936 4813 1116 4868 studio
1132 4790 1615 4889 rel‘gionisvestra:
1637 4813 1820 4869 omni?
1924 4831 2159 4879 mecum,
2203 4820 2261 4868 et
2305 4809 2451 4865 nulla
2494 4803 2967 4879 argumentatione
3008 4795 3280 4892 conjicere
3327 4790 3523 4892 valens

254 4901 345 4959 Cur
363 4922 444 4962 me
475 4907 693 4963 totiesa
721 4905 913 4977 requie
943 4919 1064 4960 mea
1091 4882 1437 4969 excitatis,et
1465 4904 1600 4960 nihil
1622 4905 1817 4960 borum
1924 4906 2126 4965 somnii
2164 4900 2690 4973 interpretationem,
2735 4891 2949 4951 surrexi
2995 4898 3050 4946 et
3102 4887 3282 4944 omnia
3328 4882 3519 4950 hujus-

255 5012 354 5066 quae
379 5001 668 5056 commissa
695 5008 825 5055 sunt
848 4999 1003 5053 vobis
1041 5012 1227 5052 curam
1259 4997 1452 5067 agitis?
1483 4996 1639 5052 Sicut
1667 4995 1817 5052 enim
1926 4999 2075 5055 medi.
2099 5002 2310 5052 secreta
2330 4993 2442 5047 Deo
2464 4987 2865 5052 commendavi,
2890 4981 3160 5052 simulque
3182 4986 3524 5082 ex'tempore

1927 5039 2075 5055 ιιιιυ-ἑι
