3942 5340
472 258 577 317 δεῖ

1507 254 1803 311 OTHLONI
1846 252 2149 310 MONACIII
2184 250 2246 306 S.
2282 248 2699 306 EMMERAMMI

3626 250 3725 305 358

478 375 828 442 futurumque
847 372 1117 443 quoddam
1141 370 1265 427 inde
1292 370 1533 426 miraculi
1556 372 1734 440 magni
1759 372 2047 442 praesigna-
2076 371 2128 429 Δ
2154 364 2480 434 Ριιηῖθηάεδιη
2516 372 2804 420 censerent
2833 383 2846 419 :
2900 362 3112 419 fuerant
3142 363 3310 419 etiam
3350 363 3442 419 alii
3486 371 3593 419 iam
3621 366 3724 419 mai

480 475 595 519 tum
645 464 892 519 mihimet
950 463 1196 529 credidi;
1260 462 1488 533 ideoque
1546 462 1751 520 intimis
1803 463 2056 533 precibus

478 573 622 629 s:cpe
660 568 793 612 tunc
820 557 1103 612 Dominum
1153 558 1408 621 exoravi,
1462 566 1543 622 ut,
1582 558 1625 613 si
1662 558 1710 612 ei
1751 558 1941 614 fuisset
1966 573 2056 614 ac-

481 647 775 715 ceptabile,
823 648 888 701 ad
937 645 1215 716 religionis
1268 648 1580 703 monasticae
1641 647 1839 713 vitam,
1889 663 2056 718 quam

477 737 607 792 olim
650 750 865 807 quoque
911 751 1036 791 cum
1086 736 1263 793 adhuc
1310 753 1486 794 essem
1530 738 1814 808 parvulus,
1865 754 1963 808 pro
1990 754 2057 795 eo

478 829 622 899 quod
661 843 772 898 prae
818 828 1001 885 multis
1048 830 1102 883 in
1146 829 1404 884 discendo
1446 830 1737 899 pollebam,
1783 831 2056 901 pollicitus

478 933 627 982 sum,
682 933 941 974 revocare
984 918 1325 989 dignaretur.
1380 918 1489 975 Sed
1538 919 1605 974 de
1656 920 1741 976 bis
1789 920 2055 978 suﬂiciant

477 1008 637 1065 dicta.

1011 1099 1188 1157 VISIO
1250 1099 1523 1157 TERTIA.

477 1210 706 1287 (Miloni
746 1212 836 1287 ad
869 1213 1030 1287 vitam
1074 1215 1418 1287 monasticam
1474 1217 1740 1270 conversio
1766 1255 1782 1280 ,
1832 1216 2057 1287 ﬂagellis

543 1283 794 1337 divinitus
821 1283 1059 1350 impacti:
1083 1295 1341 1352 promota.
1373 1282 1665 1340 Prudentia
1687 1296 1734 1340 et
1763 1282 2055 1343 moderatio

544 1353 599 1406 in
626 1353 947 1423 castigandis
974 1370 1254 1424 puerorum
1292 1355 1479 1409 erra:is
1508 1356 1672 1409 eidem
1713 1366 1938 1412 ostensa.

543 1444 663 1501 Jam
709 1462 838 1502 νηί)
880 1447 947 1502 ad
989 1450 1159 1503 tertia:
1196 1449 1422 1504 visionis
1464 1450 1660 1506 seriem
1698 1452 2054 1507 enarrandam

474 1552 766 1608 properare
795 1537 934 1604 volo,
960 1556 1101 1611 quae,
1131 1552 1335 1611 quanto
1364 1539 1555 1609 majori
1598 1540 1937 1596 districtione
1965 1558 2057 1597 ac-

474 1630 627 1694 cidit,
658 1637 808 1684 tanta
834 1630 1144 1701 prolixior-is
1169 1632 1437 1687 sermonis
1468 1647 1569 1703 ope
1597 1632 1819 1705 indiget.
1852 1631 2055 1700 Quam-

2157 468 2316 522 quam
2350 454 2808 526 archipresbyteri
2854 455 3095 525 ejusdem
3135 454 3297 509 amici
3332 454 3573 510 dieentes
3604 469 3721 509 eum

2155 543 2375 599 incauta
2403 543 2607 614 aliquid
2636 544 3002 600 commotione
3048 544 3101 599 in
3136 559 3224 600 me
3266 545 3561 600 excitatum
3586 558 3725 608 esse.

2155 634 2385 705 ideoque
2430 635 2670 690 relaxari
2706 635 2925 693 debere.
2957 635 3163 703 Quibus
3191 634 3358 693 etiam
3396 632 3727 704 praevalenti.

2154 723 2277 791 bus,
2324 724 2491 796 legati
2540 725 2608 780 ad
2651 739 2740 780 me
2794 723 2946 780 missi
3001 732 3150 791 sunt,
3197 724 3291 794 qui
3339 739 3429 780 me
3459 722 3727 795 proﬁcisci

2155 813 2523 887 Frinsingiam
2565 816 2978 887 persuaderent.
3016 815 3118 872 Ast
3161 830 3283 887 ego,
3331 815 3461 870 licet
3504 815 3597 871 diu
3643 831 3725 871 re-

2154 922 2403 971 nuerem,
2437 916 2621 964 tamen
2648 908 3000 965 consentiens
3028 907 3244 963 tandem
3270 906 3507 978 perrexi,
3530 907 3727 961 virum-

2154 995 2434 1068 quejuxta
2481 999 2841 1068 quorumdam
2882 998 3185 1053 amicorum
3235 997 3467 1054 consilia
3500 997 3726 1069 placavi.

2154 1092 2263 1151 Sed
2299 1094 2413 1164 ipsa
2464 1095 2700 1165 placatio
2745 1095 2838 1151 diu
2888 1094 3112 1151 minime
3158 1094 3558 1165 perseveravit,
3609 1095 3729 1164 quia

2153 1193 2276 1254 post
2322 1200 2430 1240 non
2472 1186 2703 1241 multum
2753 1185 3016 1256 temporis
3067 1186 3430 1241 exacerbatus
3472 1194 3560 1242 est
3600 1187 3733 1243 meis

2154 1276 2564 1333 contumacibus
2610 1277 2813 1334 verbis.
2863 1277 2991 1333 Haec
3034 1286 3215 1333 autem
3265 1277 3450 1334 omnia
3487 1278 3565 1334 ita
3614 1293 3732 1335 cve-

2155 1366 2303 1423 nisse
2329 1369 2444 1424 seio
2474 1370 2718 1441 peccatis
2746 1370 2884 1426 meis
2930 1369 3211 1435 meruisse,
3256 1370 3384 1441 quia
3429 1371 3480 1427 ei
3516 1372 3613 1441 qui
3641 1371 3734 1425 Do-

2156 1457 2306 1514 mino
2332 1459 2655 1517 adversatur
2680 1461 2864 1517 omnia
2901 1463 3281 1519 adversantur.
3310 1462 3448 1521 Cum
3475 1463 3645 1533 igitur
3668 1478 3731 1518 ex

2156 1549 2387 1620 repetita
2441 1550 2644 1622 injuria
2698 1561 2757 1608 et
2808 1552 3248 1625 archipresbyter
3293 1553 3589 1611 adversum
3633 1570 3735 1624 ,tue

2156 1639 2503 1711 iucitaretur,
2526 1652 2581 1698 et
2604 1658 2706 1715 ego
2726 1644 2794 1699 ob
2825 1644 3066 1701 scientia:
3083 1643 3344 1710 liberalis,
3365 1659 3473 1713 qua
3496 1645 3736 1700 imbutus

473 1722 684 1784 obrem,
741 1732 798 1777 ut
849 1723 1085 1795 amplius
1133 1722 1453 1794 faciliusque
1508 1735 1838 1796 agnoscatur
1887 1741 2048 1797 quam
2084 1719 2125 1778 Β
2154 1748 2276 1790 esse
2311 1735 2443 1790 mihi
2473 1734 2717 1801 videbar,
2751 1736 3084 1792 inﬂationem
3124 1736 3299 1808 magis
3335 1737 3586 1809 mgisque
3617 1751 3733 1792 eum

469 1812 616 1882 justa
664 1815 957 1870 severitate
986 1826 1300 1886 quantaque
1335 1816 1594 1886 pietatate
1625 1831 1709 1872 me
1735 1817 1879 1873 inter
1904 1832 2049 1873 eam-

475 1903 596 1958 dem
624 1905 969 1960 severitatem
1002 1906 1243 1978 potentia
1272 1907 1452 1961 divina
1494 1906 1934 1977 amplecteretur,
1967 1923 2052 1963 re-

475 1994 767 2051 mfn'scens
792 1995 1042 2054 videlicet
1089 1997 1141 2052 in
1189 1998 1270 2052 ira
1302 1998 1689 2055 misericordiae
1730 2016 1863 2066 suae,
1904 2016 2051 2055 com-

474 2102 780 2143 memorare
811 2088 940 2144 libet
984 2089 1164 2161 aliqua
1204 2100 1329 2147 ante
1362 2099 1418 2149 et
1460 2099 1585 2165 post
1610 2092 1849 2164 ’visionis
1894 2093 2053 2163 hujus

470 2179 788 2235 enarranda:
816 2189 1045 2235 textum.

543 2270 678 2327 Cum
717 2289 845 2347 ergo
876 2286 998 2346 post
1028 2274 1291 2333 visionem
1320 2277 1568 2347 proxime
1602 2276 1881 2349 praefatam
1915 2277 2054 2333 assi-

471 2363 575 2420 dua
622 2366 974 2424 meditatione
1021 2368 1074 2424 id
1122 2369 1190 2423 ad
1232 2370 1376 2440 quod
1413 2370 1746 2426 conscientia
1793 2371 2051 2426 iunuente

471 2456 654 2511 divina
693 2458 1061 2515 admonitione
1098 2462 1335 2532 cogebar
1381 2470 1698 2527 tractarem,
1745 2462 1950 2517 scilicet
1994 2472 2052 2517 ut

472 2547 541 2604 ad
567 2551 881 2605 monasticze
906 2552 1182 2624 religionis
1212 2561 1335 2608 vota
1362 2565 1685 2622 remearem,
1718 2570 1747 2609 a
1778 2570 1886 2628 qua
1916 2570 2052 2626 pene

473 2638 674 2696 invitus
696 2642 868 2713 patris
899 2644 1004 2697 mei
1054 2644 1305 2713 precibus
1355 2646 1588 2702 assiduis
1630 2647 1878 2713 discessi,
1929 2649 2049 2716 sed,

471 2733 767 2790 obstaculis
799 2733 1047 2805 plurimis
1079 2735 1583 2805 intervenientibus,
1617 2739 1873 2809 paulatim
1902 2756 2051 2796 eam-

473 2827 595 2880 dem
634 2826 1044 2881 meditationem
1113 2828 1462 2901 negligerem,
1512 2833 1715 2885 interea
1759 2831 1956 2887 accidit
1993 2840 2050 2886 ut

470 2915 690 2986 quidam
751 2919 1221 2990 archipresbyter,
1273 2921 1493 2978 nomine
1538 2921 1944 2991 Werinharius,
1994 2925 2046 2981 in

469 3007 780 3077 episcopatu
814 3009 1204 3082 Frigisingeusi
1253 3014 1751 3083 praestantissimus,
1791 3017 2048 3089 omnique

470 3114 579 3155 non
619 3101 792 3157 solum
832 3103 980 3159 clero
1022 3113 1076 3159 et
1123 3105 1307 3175 plebi,
1357 3107 1450 3163 sed
1497 3109 1661 3164 etiam
1711 3110 2048 3182 principibus

472 3192 701 3248 summis
752 3194 805 3249 in
858 3211 922 3251 ea
976 3197 1200 3253 dicecesi
1247 3202 1469 3257 statutis
1522 3204 1813 3271 verendus,
1863 3205 1915 3260 in
1963 3221 2050 3261 me

471 3296 907 3343 commoveretur
932 3305 1028 3359 pro
1066 3291 1197 3346 vitio
1226 3294 1479 3364 quodam.
1512 3294 1683 3362 Quem
1720 3311 1842 3352 cum
1871 3296 2046 3366 multi,

468 3378 799 3437 arbitrantes
843 3381 960 3438 sine
1004 3399 1164 3439 causa
1201 3384 1404 3456 aliquid
1450 3397 1640 3443 contra
1679 3403 1766 3443 me.
1814 3404 2050 3446 contmn-

470 3478 581 3524 tum
614 3486 755 3540 esse,
782 3488 882 3543 pro
914 3491 1000 3531 me
1027 3475 1117 3531 diu
1151 3477 1580 3550 interpellarent,
1614 3497 1716 3536 nec
1748 3481 2045 3552 quidquam

467 3564 654 3632 gratiae
697 3562 945 3622 obtinere
979 3575 1222 3637 possent,
1250 3577 1525 3639 postremo
1564 3571 1731 3626 etiam
1758 3558 1878 3644 ego,
1913 3572 2050 3627 lidu-

468 3653 551 3708 cia
577 3665 823 3729 accepta,
858 3670 1048 3714 contra
1078 3676 1202 3715 eum
1244 3661 1326 3717 ira
1368 3662 1612 3718 stultitia:
1640 3664 2044 3732 commovebar,

467 3743 602 3801 adeo
637 3756 697 3803 ut
724 3762 916 3805 versus
952 3750 1138 3821 plures
1170 3751 1284 3824 (qui
1319 3769 1509 3810 versus
1538 3755 1611 3809 ita
1645 3755 2007 3826 incipiebant:

676 3834 722 3891 Ο
749 3836 887 3903 letor
911 3839 1037 3910 legis
1066 3858 1318 3898 renovem
1347 3843 1553 3900 decreta
1578 3844 1793 3901 Catonis
1817 3888 1832 3913 ,

611 3925 900 3984 Multorum
928 3948 1103 3988 causa:
1133 3934 1263 3989 mihi
1292 3935 1390 3989 soli
1415 3946 1537 3991 sunt
1564 3937 1882 4010 referendae)

469 4015 523 4070 in
586 4031 760 4072 meam
821 4019 1192 4079 defensionem
1251 4023 1480 4095 ejusque
1542 4029 2042 4101 reprehensionem,

468 4116 665 4178 quanta
696 4110 842 4181 potui
871 4122 1250 4184 argumentosa
1280 4118 1358 4171 su!
1383 4117 1579 4173 tilitate
1608 4120 1803 4184 editos,
1830 4122 1882 4176 in
1914 4138 2045 4178 con-

466 4202 595 4259 cilio
620 4207 854 4275 quodam
885 4222 983 4278 pro
1023 4209 1127 4264 mci
1156 4225 1319 4264 causa
1351 4210 1536 4265 habito
1566 4227 1749 4267 coram
1789 4216 2042 4272 omnibus

469 4294 579 4351 illic
620 4297 1090 4354 eommaneutibus
1126 4300 1173 4356 ei
1219 4300 1472 4370 legendos
1524 4302 1815 4370 traderem,
1857 4305 2043 4360 dicens

467 4389 535 4445 ad
580 4388 728 4445 illum
775 4408 789 4445 :
850 4390 985 4457 Quia
1018 4392 1071 4446 in
1103 4406 1356 4449 sermone
1402 4395 1676 4449 communi
1724 4410 1829 4451 non
1881 4397 1953 4451 ita
1984 4405 2043 4452 ut

2155 1834 2211 1881 et
2247 1825 2408 1882 dictis
2454 1836 2510 1882 et
2550 1826 2774 1898 scriptis
2821 1828 3105 1885 criminari
3140 1829 3438 1897 studerem,
3461 1837 3736 1900 postremo

2154 1918 2287 1974 mihi
2353 1917 2549 1975 melius
2595 1918 2882 1975 videbatur
2933 1919 3038 1975 alio
3101 1921 3524 1991 transmigrare,
3576 1935 3735 1990 quam

2153 2004 2459 2079 hujusmodi
2494 2004 2704 2077 injuriis
2733 2006 3062 2079 subjacendo
3088 2007 3210 2079 plus
3245 2007 3521 2067 laborare.
3556 2009 3737 2080 quue

2152 2099 2275 2168 plus
2302 2099 2354 2155 id
2382 2102 2567 2158 animo
2585 2102 2865 2169 successit,
2890 2118 2999 2172 quo
3027 2101 3283 2159 libentius
3301 2103 3444 2159 inter
3465 2102 3736 2159 studiosos

2152 2205 2396 2263 quosque
2425 2201 2480 2248 et
2524 2193 2796 2250 doctiores
2835 2193 3065 2249 clericos
3107 2206 3269 2264 quam
3319 2193 3466 2249 inter
3506 2193 3736 2249 villanos

2152 2284 2363 2339 versari
2396 2300 2537 2354 stupe
2563 2284 2962 2341 desiderabam.
3414 2342 3419 2349 κ

2225 2372 2450 2429 Relictis
2478 2388 2610 2445 ergo
2639 2373 2706 2429 ad
2729 2382 2944 2445 tempus
2968 2374 3102 2429 meis
3128 2375 3399 2441 omnibus,
3426 2374 3651 2446 perrexi
3674 2375 3740 2430 ad

2151 2461 2506 2534 Ratisponam
2554 2463 2860 2529 civitatem,
2911 2463 3096 2534 ibique
3148 2463 3523 2520 Burchardum
3574 2478 3738 2519 vene-

2152 2557 2381 2613 randum
2414 2558 2667 2613 abbatem
2704 2557 2938 2613 ctenobii
2991 2557 3163 2612 sancti
3209 2556 3597 2612 Emmerammi
3644 2572 3740 2626 pro

2152 2648 2257 2703 mei
2287 2648 2633 2719 susceptione
2662 2662 2892 2718 rogans,
2926 2647 3035 2703 cito
3068 2647 3353 2717 impetravi
3383 2656 3613 2718 rogata,
3646 2662 3739 2718 pro

2150 2755 2216 2794 eo
2257 2740 2467 2795 scilicet
2518 2739 2661 2810 quod
2723 2739 2954 2794 etenobii
3008 2737 3253 2808 ejusdem
3306 2739 3560 2795 monachi
3616 2754 3740 2809 pro-

2151 2829 2451 2885 fectuosum
2511 2830 2613 2885 sibi
2683 2830 2799 2886 fore
2872 2829 3282 2885 arbitrabantur
3341 2845 3523 2886 meum
3591 2831 3737 2885 seire

2150 2923 2204 2978 in
2229 2922 2517 2978 scribendo
2545 2921 2629 2978 vel
2653 2921 2706 2976 in
2740 2922 2981 2977 docendo
3001 2921 3292 2977 canonicos
3319 2920 3621 2991 quoslibet.
3654 2919 3739 2974 ln-

2153 3022 2300 3069 terea
2327 3029 2457 3086 ergo
2485 3029 2607 3069 cum
2640 3012 2837 3068 ibidem
2866 3012 3177 3082 aliquandiu
3234 3011 3560 3082 bospitarer,
3596 3020 3739 3068 'con-
3780 3010 3783 3015 ’

2077 3081 2120 3143 C
2156 3105 2273 3178 tigit
2294 3081 2524 3176 quadam
2560 3104 2647 3160 die
2675 3113 2735 3160 ut
2760 3114 2884 3159 ante
2910 3081 3056 3159 fores
3088 3104 3307 3174 hospitii
3336 3081 3446 3158 dati
3493 3104 3737 3160 residens

2155 3197 2209 3253 in
2252 3196 2483 3254 lectione
2512 3195 2717 3252 Lucani
2770 3210 3089 3267 occuparer.
3141 3194 3379 3266 Legente
3416 3195 3609 3265 itaque
3655 3212 3738 3250 me

2154 3287 2248 3352 ihi,
2282 3288 2462 3344 subito
2507 3296 2702 3345 ventus
2750 3302 2914 3342 urens
2963 3297 3017 3341 et
3061 3287 3353 3343 vehemens
3396 3285 3465 3341 ab
3510 3287 3735 3342 australi

2152 3390 2309 3450 parte
2336 3379 2631 3436 adveniens
2656 3378 2867 3435 vicibus
2910 3378 3086 3435 tribus
3126 3394 3211 3433 me
3250 3380 3386 3433 adeo
3426 3378 3651 3441 invasit,
3682 3388 3736 3432 ut

2152 3479 2274 3540 post
2301 3469 2473 3523 vicem
2504 3468 2720 3523 tertiam
2754 3475 2904 3523 extra
2936 3476 3134 3523 tectum
3178 3468 3416 3522 residere
3459 3467 3571 3523 illic
3601 3468 3738 3522 ultra

2153 3578 2258 3617 non
2298 3562 2578 3626 auderem,
2604 3561 2718 3626 sed,
2754 3559 2893 3615 libro
2932 3569 3233 3631 assumpto,
3280 3559 3597 3631 ingrediens
3642 3560 3738 3615 do-

2153 3669 2325 3719 mum,
2359 3653 2536 3724 primo
2558 3655 2774 3724 quidem
2810 3654 2863 3707 in
2904 3668 3161 3721 magnum
3190 3661 3492 3722 stuporem,
3541 3653 3738 3709 deinde

2150 3757 2279 3798 vero
2308 3742 2562 3798 celeriter
2605 3743 2922 3797 cecidissem
2956 3742 3008 3796 in
3054 3742 3389 3813 languorem.
3449 3741 3738 3798 Verumta-

2148 3849 2272 3889 men
2300 3834 2529 3890 necdum
2574 3833 2717 3889 sensi
2761 3833 2888 3904 quid
2926 3842 3072 3888 tanta
3116 3833 3452 3902 signiﬁcaret
3501 3832 3737 3903 inpulsio

2147 3927 2315 3989 venti,
2346 3936 2527 3981 utrum
2555 3925 2716 3983 solita
2742 3925 3043 3981 communis
3073 3924 3411 3995 tempestatis
3452 3922 3597 3979 foret
3631 3924 3736 3979 im-

2150 4019 2399 4084 mutatio,
2427 4033 2495 4073 an
2520 4018 2699 4088 aliqua
2728 4017 2795 4072 ad
2821 4031 2909 4071 me
2942 4016 3279 4072 solummodo
3326 4016 3611 4086 pertinens
3658 4008 3738 4071 di-

2149 4111 2288 4165 vina:
2311 4110 2527 4180 pietatis
2554 4108 2820 4179 Operatio.
2850 4107 3112 4164 Omnibus
3146 4109 3341 4179 quippe
3372 4118 3499 4164 tunc
3532 4109 3738 4165 utrius-

2148 4218 2254 4275 que
2280 4202 2516 4257 bominis
2541 4200 2790 4256 sensibus
2819 4201 2890 4255 ita
2922 4209 3141 4271 repente
3190 4201 3464 4256 elliciebar
3508 4204 3737 4259 destitu-

2150 4304 2259 4361 tus,
2286 4300 2345 4349 ut
2374 4308 2471 4364 pro
2499 4294 2695 4349 timore
2724 4308 2819 4348 seu
2848 4301 3069 4363 stupore
3096 4293 3362 4348 interdum
3411 4294 3544 4349 mihi
3583 4296 3736 4350 vide-

2148 4402 2237 4443 rer
2261 4386 2330 4442 ab
2359 4385 2543 4454 aliquo
2569 4393 2809 4440 monstro
2856 4392 3199 4441 attrectatus.
3240 4385 3474 4456 Ideoque
3520 4386 3735 4456 quoties

468 4481 765 4538 necessitas
799 4497 917 4537 mea
969 4482 1139 4552 exigit
1182 4483 1445 4554 eloquens
1487 4501 1637 4551 sum,
1693 4485 1856 4557 legite
1905 4490 2046 4544 hanc
2075 4448 2124 4507 ί)
2152 4480 2256 4534 hac
2284 4477 2568 4535 detinebar
2595 4478 2866 4533 dementia
2897 4477 2981 4533 vel
3007 4477 3273 4544 illusione,
3308 4487 3414 4533 tam
3447 4478 3595 4535 inter
3636 4479 3735 4533 ho-

465 4570 749 4641 epistolam
796 4579 852 4626 et
898 4571 1159 4626 attendite
1201 4572 1246 4628 si
1297 4572 1426 4642 quid
1478 4574 1675 4629 litteris
1720 4577 2047 4645 respondere

468 4658 678 4713 valeam
729 4659 901 4715 vobis.
956 4659 1163 4728 Quibus
1214 4662 1455 4732 acceptis
1504 4672 1560 4718 et
1597 4664 1871 4735 perlectis,
1922 4665 2049 4721 licet

466 4748 747 4804 iracundia
774 4748 938 4805 nimia
968 4749 1296 4822 repleretur,
1330 4751 1600 4807 continuit
1639 4770 1697 4809 se
1735 4764 1914 4812 tamen
1946 4756 2045 4810 ali-

465 4850 751 4910 quantum,
808 4849 863 4896 et
916 4841 1068 4911 quasi
1128 4842 1418 4911 tranquillo
1465 4844 1648 4897 animo
1701 4845 1875 4902 dixit:
1933 4846 2042 4904 Has

466 4933 697 5000 litteras,
730 4933 783 4988 in
815 4935 1010 5005 quibus
1040 4952 1070 4990 a
1104 4944 1157 4991 te
1180 4936 1355 5009 magis
1383 4952 1546 5008 quam
1581 4937 1649 4992 ab
1679 4939 1786 4993 ullo
1821 4940 2041 4995 homine

465 5042 701 5096 unquam
737 5027 1123 5085 dehonestatns
1166 5046 1316 5095 sum,
1368 5030 1571 5085 seniori
1623 5044 1742 5085 meo
1788 5031 2041 5101 episcopo

465 5129 797 5187 praesentare
844 5120 985 5185 volo,
1036 5129 1096 5176 ut
1141 5122 1230 5177 ille
1260 5121 1515 5177 decernat
1540 5122 1669 5192 quid
1703 5137 1864 5192 super
1892 5131 2038 5176 tanta

463 5213 693 5269 stultitia
744 5223 799 5269 et
830 5215 1052 5270 audacia
1088 5216 1373 5271 adversum
1409 5232 1495 5271 me
1523 5224 1735 5285 patrata
1774 5216 2040 5286 agendum

464 5301 527 5340 εἶ’
587 5304 676 5340 [Hc
710 5306 871 5340 ἶηῖἰιηι
900 5306 1056 5340 dit-lic
1094 5307 1150 5340 ΩΙ
1178 5306 1390 5340 ηΛηηῖΙῖἷ
1429 5318 1643 5340 ulvnnnn
1677 5304 1796 5340 “nia

2152 4571 2328 4626 mines
2370 4568 2599 4640 positus,
2644 4584 2808 4640 quam
2864 4569 3028 4622 etiam
3078 4568 3246 4634 solus,
3279 4569 3426 4623 velut
3471 4567 3734 4639 litigando

2149 4670 2337 4718 contra
2366 4662 2599 4731 aliquem
2627 4676 2713 4716 me
2732 4658 2843 4729 jam
2868 4659 3088 4730 jamque
3115 4660 3521 4729 impugnantem
3553 4662 3730 4715 conti-

2148 4762 2311 4808 tutata
2338 4753 2530 4807 utebar
2572 4750 3043 4807 sermocinatione.
3094 4751 3477 4806 Verumtamen
3524 4754 3731 4808 interea

2143 4844 2266 4897 nisu
2292 4856 2400 4911 quo
2427 4850 2709 4913 potueram
2741 4841 3026 4897 lectionem
3057 4838 3260 4896 Lucani
3291 4840 3727 4911 frequentabam.

2217 4931 2351 4988 Cum
2378 4940 2558 4986 autem
2588 4944 2684 5001 per
2717 4946 2876 4986 unam
2903 4930 3017 4987 fere
3040 4930 3435 4986 hebdomadam
3486 4929 3580 4985 tali
3636 4930 3731 4988 de—

2149 5027 2354 5081 tinerer
2383 5025 2720 5093 infirmitate,
2768 5041 2866 5082 nec
2897 5027 3018 5082 ideo
3047 5025 3461 5096 aliquantulum,
3496 5026 3731 5096 peccatis

2147 5115 2284 5171 meis
2307 5117 2667 5187 exigentibus,
2696 5117 2762 5171 de
2791 5118 2983 5172 animae
3004 5134 3138 5173 mea:
3163 5126 3451 5172 tractarem
3474 5118 3726 5183 utilitate,

2148 5207 2327 5264 subito
2359 5210 2412 5262 in
2450 5207 2683 5277 quadam
2714 5216 2870 5262 nocte
2896 5208 3025 5261 mihi
3051 5209 3210 5263 solito
3240 5222 3390 5263 more
3418 5208 3473 5262 in
3520 5207 3719 5263 lectulo

2147 5298 2461 5340 nnincnonti.
2501 5298 2584 5340 vir
2614 5296 2832 5340 nnidnm
2884 5297 3079 5340 minari
3126 5298 3274 5340 vnltn
3306 5305 3361 5340 et
3409 5297 3728 5340 nnmimndn
