3942 5340
153 137 257 196 δι’)

1488 150 1690 207 LIBER
1727 149 2081 211 VISIONUM.

3308 162 3416 220 53η

152 257 411 332 munia
440 259 760 316 videbantur
786 273 908 318 esse
935 261 1185 332 verbera,
1214 278 1337 336 qua:
1381 266 1513 322 mihi
1546 267 1727 324 recolo
1756 273 1807 333 Α
1834 269 2088 341 nullaque
2106 270 2172 327 ad
2189 274 2509 347 condignam
2526 274 3417 347 pmnitentiamintentioneexinde

154 363 277 407 tunc
299 351 472 407 illata.
504 350 653 409 Inter
704 369 825 425 qua:
853 356 1113 413 nimirum
1155 360 1379 416 verbera
1426 362 1601 417 visum
1645 371 1729 418 est

152 443 251 499 huc
294 443 503 499 diutius
535 444 719 501 animo
757 446 997 513 volvere,
1041 464 1383 521 nequaquam
1430 468 1458 507 a
1504 452 1731 509 Domino

151 533 371 589 misum
394 533 487 604 qui
520 544 676 590 tanto
701 551 1029 608 quemquam
1057 538 1269 611 ﬂagello
1311 544 1559 599 cruciare
1601 558 1729 614 pos-

151 632 249 682 set.
275 623 388 681 Sed
410 634 463 681 et
492 627 598 683 hoc
626 626 950 686 reminiscor
975 632 1106 686 mihi
1142 634 1317 688 visum
1361 635 1548 704 fuisse,
1602 638 1728 707 quia

152 717 573 788 quotiescunque
606 733 669 774 os
717 720 931 790 aperire
961 722 1156 777 vellem
1197 738 1297 792 pro
1347 725 1504 780 venia
1547 736 1732 796 postu-

150 806 321 871 landa,
348 823 473 863 mox
499 811 659 880 quasi
691 811 981 882 indignans
1003 814 1096 883 qui
1127 829 1213 869 me
1235 815 1562 880 verberavit,
1589 817 1731 873 fero-

149 897 286 953 ciora
314 900 544 954 verbera
568 900 868 972 ampliavit,
896 904 1162 973 ohjiciens
1201 908 1449 976 ancdam
1499 909 1729 964 crimina

150 1003 263 1058 qua
292 988 427 1043 mihi
470 999 602 1046 tunc
625 990 950 1048 videbantur
972 1004 1122 1062 nota,
1171 1013 1313 1053 nunc
1346 1012 1473 1054 vero
1508 1000 1732 1057 minime

149 1078 486 1135 reminiscor.
515 1079 760 1151 Cumque
803 1081 1013 1154 flagella
1043 1101 1164 1156 quae
1191 1088 1323 1143 mihi
1346 1089 1565 1157 quidem
1600 1099 1730 1147 tunc

149 1167 254 1222 visa
280 1166 501 1225 fuerant
528 1176 813 1241 perennia,
844 1188 943 1244 per
973 1185 1190 1231 noctem
1233 1193 1362 1233 vero
1400 1187 1590 1242 totam,
1629 1182 1730 1236 mi-

151 1259 292 1315 rabili
315 1276 516 1333 sopore
536 1263 825 1334 depressus
846 1266 1213 1338 pertulissem,
1232 1270 1517 1341 primoque
1535 1270 1732 1330 dehinc

150 1353 473 1425 vigilassem,
506 1356 612 1412 hoc
639 1366 823 1414 autem
866 1358 986 1415 luce
1018 1360 1162 1415 clara
1190 1362 1316 1428 feci,
1353 1371 1500 1430 tunc,
1548 1378 1732 1422 recor-

152 1445 280 1501 datis
304 1461 432 1518 qua:
456 1449 708 1515 verbera,
740 1454 860 1519 quas
912 1450 1133 1505 vulnera
1184 1453 1399 1508 noviter
1443 1456 1727 1522 sentirem,

151 1542 318 1611 putavi
352 1557 420 1598 ex
441 1544 759 1599 eorumdem
784 1544 1070 1600 vulnerum
1101 1560 1299 1602 cruore
1339 1556 1546 1603 vestem
1590 1564 1727 1604 cnn-

1832 371 2176 430 compttncto,

1830 450 2128 508 Confestim
2162 453 2375 524 publice
2399 457 2552 513 vario
2582 457 2842 530 languore
2878 462 3168 532 gravabor,

1832 544 1919 608 Et,
1955 545 2097 616 quod
2125 547 2458 617 cunctigenis
2480 558 2564 606 est
2593 550 2711 621 plus
2740 554 3051 613 miserabile
3079 557 3305 623 morbis.

1831 633 2005 700 Nunc,
2045 637 2198 705 quasi
2229 637 2598 708 phreneticus,
2626 642 2713 697 vix
2741 659 2772 697 a
2815 644 2999 700 multis
3030 646 3306 719 religatus,

1831 728 1954 784 Mox
1982 730 2129 785 velut
2160 731 2429 788 exanimis
2454 734 2882 807 desperatusque
2900 738 3173 807 iacebam,

1831 821 1887 876 In
1917 829 2125 878 tantum
2155 839 2374 894 pressus
2403 837 2675 882 conventu
2714 831 3127 898 daemoniorum,

1834 912 1902 969 Ut
1928 929 2030 968 nec
2080 930 2181 984 pro
2205 916 2382 983 venia,
2412 932 2516 987 qua
2544 917 2655 987 iam
2685 921 3037 978 moribundus
3059 926 3313 994 egebam,

1830 1004 2122 1061 Catholicae
2150 1005 2274 1063 ﬁdei
2307 1009 2601 1064 tenuissem
2629 1012 2765 1066 scita
2797 1012 2877 1066 vel
2904 1013 3010 1069 ulla
3040 1032 3054 1069 :

1832 1092 1939 1151 Sed
1971 1110 2071 1150 nec
2100 1096 2255 1168 signa
2287 1100 2467 1155 crucis
2497 1100 2796 1169 potuissem
2837 1118 3039 1172 ponere
3070 1102 3254 1163 fronti.

1829 1185 2039 1242 Interea
2066 1188 2259 1244 crebro
2284 1187 2407 1242 visu
2449 1190 2702 1260 rapiebar
2730 1207 2940 1257 amaro,

1830 1275 1948 1341 Quo
1976 1277 2139 1333 nimis
2168 1278 2470 1336 horrendas
2499 1280 2647 1351 potui
2679 1296 3006 1353 cognoscere
3028 1297 3237 1353 pinnas.

1830 1367 1943 1424 iloc
1976 1369 2191 1439 quOtics
2220 1370 2417 1439 fuerat,
2447 1371 2578 1426 mihi
2615 1372 2787 1426 visum
2815 1381 2898 1428 est
2924 1387 3045 1429 esse
3083 1391 3342 1444 perenne.

1829 1459 1981 1515 Tunc
2015 1460 2231 1515 tandem
2269 1462 2414 1518 sensi
2442 1463 2584 1533 quod
2614 1463 2725 1532 iam
2756 1474 3070 1519 mereantur
3098 1466 3289 1536 iniqui,

1830 1548 1898 1604 Et
1928 1551 2150 1606 memini
2180 1552 2384 1607 dictum
2412 1571 2424 1607 :
2460 1555 2601 1609 Dens
2622 1553 2841 1624 inspicit
2863 1570 3024 1610 omne
3052 1567 3345 1621 secretum,

150 1642 338 1705 ctaque
359 1634 691 1691 lectisternia
720 1637 1048 1693 madefacta.
1078 1637 1373 1708 Postquam
1394 1648 1575 1696 antem
1608 1641 1725 1697 haec
1757 1628 1802 1687 Β
1829 1642 1931 1711 Qui
1964 1645 2043 1700 sic
2070 1654 2263 1701 cuncta
2292 1647 2395 1702 mei
2426 1647 2711 1703 deuudatis
2741 1650 2930 1705 intima
2956 1651 3138 1707 cordis

152 1727 439 1783 discutiens
463 1728 613 1785 nullo
645 1729 765 1785 visu
794 1730 999 1803 carnali
1029 1731 1261 1800 probare
1285 1733 1459 1803 potui,
1488 1733 1729 1790 circurn-

152 1820 375 1892 spiciens
400 1822 644 1877 mirabar
668 1822 757 1878 ubi
786 1801 983 1887 essem,
1020 1832 1075 1879 et
1119 1801 1393 1894 quomodo
1439 1826 1567 1881 talia
1605 1842 1731 1896 per-

154 1914 403 1982 tulissem,
427 1915 634 1986 dinqne
650 1915 874 1972 miratus
894 1916 1156 1987 opinabar
1181 1932 1267 1973 me
1288 1918 1514 1974 insania:
1539 1919 1728 1975 morbo

152 2008 472 2078 depressum.
510 2006 619 2063 Sed
650 2008 848 2064 iterum
878 2009 946 2064 ab
983 2008 1088 2065 hac
1137 2008 1389 2078 opinione
1434 2018 1725 2080 retractus,

154 2108 198 2154 et
225 2101 580 2157 reminiscens
602 2102 745 2172 quod
773 2103 1045 2174 quondam
1076 2102 1297 2175 legerim
1328 2115 1576 2161 sanctum
1603 2104 1731 2161 llieé

154 2212 424 2268 ronymum
454 2199 510 2252 in
543 2197 753 2253 somnis
796 2198 1142 2253 verberatum
1192 2197 1383 2260 fuisse.
1415 2199 1728 2255 arbitrabar

154 2291 274 2345 mihi
319 2289 519 2360 aliquid
571 2290 748 2346 simile
787 2291 1055 2346 evenisse.
1108 2290 1459 2362 Rursumque
1510 2293 1578 2349 ab
1623 2294 1727 2350 hac

154 2386 301 2437 etiam
329 2382 629 2440 intentione
659 2396 944 2441 revocatus
974 2400 1117 2452 sum,
1148 2400 1246 2455 pro
1289 2401 1355 2442 eo
1401 2389 1544 2457 quod
1592 2388 1723 2445 mihi

156 2490 388 2545 perverso
414 2487 471 2531 et
520 2474 598 2531 illi
646 2485 836 2532 sancto
885 2475 1002 2531 viro
1050 2476 1253 2533 nullius
1297 2478 1374 2533 rei
1426 2477 1725 2537 similitudo

156 2570 472 2627 conveniret.
536 2582 541 2587 ‘

213 2660 531 2733 Aliquandiu
598 2675 730 2733 ergo
791 2661 893 2717 hoc
947 2661 1108 2717 modo
1153 2671 1439 2719 cunctatus
1510 2663 1721 2719 nutanti

155 2769 323 2824 gressu
366 2755 602 2821 surrexi,
659 2755 1005 2825 excitatoquc
1047 2771 1215 2826 puero
1264 2758 1357 2826 qui
1402 2773 1584 2813 coram
1637 2774 1759 2831 me,

157 2848 407 2913 dormivit,
435 2847 767 2917 interrogavi
794 2847 837 2903 si
861 2846 989 2919 quid
1024 2849 1285 2904 tumultus
1315 2848 1368 2902 in
1410 2848 1720 2905 habitacula

158 2941 236 2997 illo
266 2951 421 2998 noctu
467 2942 725 2998 audiret?
764 2943 882 3010 Quo
925 2943 1325 3014 respondente:
1379 2943 1541 3011 Nihil,
1592 2956 1719 3001 tunc

162 2993 229 2997 ,-
472 2993 717 2998 .-__o__-_,
772 2993 807 3010 ,ι
855 2993 873 2998 ν
928 2993 1324 3014 ---Γπ-πη,
1596 2993 1718 3001 ___-,

158 3031 308 3103 magis
356 3031 640 3105 magisque
687 3034 983 3099 admirans,
1028 3044 1082 3087 et
1131 3052 1238 3090 non
1291 3035 1532 3090 τροοιιιις
1576 3035 1718 3106 quod
1748 2993 1792 3055 Ο

157 3122 428 3191 spiritualia
461 3125 580 3180 sine
607 3140 716 3194 quo
738 3141 880 3188 manu
910 3127 1179 3196 corporali
1233 3127 1413 3182 sonitu
1448 3129 1720 3193 eveniant,

160 3215 407 3271 abstracta
437 3225 609 3279 veste.
635 3217 765 3288 petii
797 3226 856 3271 ut
883 3219 926 3272 si
952 3216 1091 3272 forte
1122 3217 1204 3272 vel
1238 3219 1289 3272 in
1324 3219 1488 3274 dorso
1539 3220 1723 3290 aliqua

158 3306 382 3377 stigmata
418 3306 669 3363 ulcerosa
715 3308 947 3372 videret,
994 3307 1124 3363 mihi
1176 3308 1475 3364 intimaret.
1522 3309 1593 3364 At
1635 3308 1724 3364 ille

160 3399 348 3469 punctis
370 3399 693 3469 quibusdam
722 3401 1168 3456 exerescentibns
1188 3415 1403 3456 onmem
1432 3411 1611 3456 cutem
1641 3416 1724 3455 re-

160 3492 334 3562 pletam
361 3508 481 3549 esse
529 3493 694 3549 dixit.
728 3494 882 3549 Tunc
933 3493 1152 3549 tandem
1195 3493 1284 3548 vix
1319 3493 1549 3561 credidi,
1581 3495 1725 3566 quod

160 3586 443 3641 omnimodo
469 3585 719 3656 probavi.
756 3584 953 3641 Fateor
982 3600 1198 3657 quoque
1244 3585 1370 3656 quia
1417 3595 1545 3642 tunc
1590 3588 1725 3644 satis

161 3676 420 3731 exauditus
446 3692 564 3732 sum
592 3676 646 3731 in
681 3677 808 3741 hoc,
834 3676 997 3746 quod.
1029 3686 1087 3731 nt
1117 3691 1280 3746 supra
1304 3676 1487 3740 retuli,
1539 3676 1722 3734 Domi-

161 3781 269 3821 unm
296 3782 383 3822 me
425 3766 702 3839 ﬂagellare
742 3762 895 3837 petii.
936 3765 1215 3822 Patefacta
1262 3782 1394 3838 ergo
1453 3777 1726 3840 utcunque

162 3859 359 3916 visionis
379 3860 539 3929 huius
568 3860 858 3931 qualitate,
900 3875 1006 3914 non
1047 3857 1357 3926 molestum,
1407 3875 1611 3929 qnzeso,
1638 3860 1722 3917 vi-

164 3948 329 4006 deatur
360 3950 570 4017 lectori,
596 3950 644 4006 si
673 3966 798 4006 mox
830 3965 950 4020 qua:
969 3958 1352 4006 successerunt
1380 3949 1722 4024 subiungam,

164 4039 369 4108 qualiter
399 4041 653 4097 videlicet
690 4055 779 4096 me
825 4041 1192 4097 descendente
1216 4056 1248 4095 a
1275 4039 1616 4096 Hierusalem
1666 4042 1721 4098 in

164 4125 353 4187 Iericho
374 4140 432 4189 et
457 4131 732 4189 incidente
779 4131 832 4186 in
871 4131 1110 4189 latrones
1144 4131 1432 4203 pessimos.
1484 4134 1578 4206 qui
1613 4149 1720 4202 me,

163 4219 498 4291 despoliantes
523 4222 820 4294 plagasque
866 4222 1229 4293 imponentes,
1279 4222 1601 4278 dimiserunt
1632 4239 1721 4279 se-

164 4311 416 4379 mivivum,
471 4312 857 4368 Samaritanus
885 4312 970 4368 ille
1000 4313 1237 4383 optimus
1267 4313 1371 4368 iter
1398 4312 1608 4368 faciens
1636 4313 1718 4367 vi-
1749 4346 1800 4407 υ

163 4399 371 4475 deusque
403 4421 488 4459 me
513 4406 833 4460 semivivum
869 4405 1143 4472 relictum,
1197 4405 1566 4461 misericordia
1601 4421 1719 4461 mo-

165 4503 235 4550 tus
257 4496 337 4557 sit,
366 4506 421 4551 et
448 4497 779 4569 appropians
805 4496 1047 4568 alligavit
1100 4496 1325 4551 vulnera
1379 4512 1498 4551 mea
1545 4496 1723 4552 infun-

165 4585 274 4640 dens
320 4586 497 4642 oleum
551 4597 608 4643 et
659 4587 846 4642 vinum
897 4605 913 4645 ι
968 4586 1147 4642 oleum
1194 4587 1412 4658 quidem
1469 4588 1723 4643 omnibus

165 4674 394 4733 olivarum
455 4679 747 4747 generibus
795 4678 1048 4743 suavius,
1108 4679 1289 4733 vinum
1344 4688 1526 4734 autem
1574 4680 1722 4736 omni

165 4779 294 4823 aceto
315 4773 567 4827 amarius.
589 4771 865 4828 Fortassis
887 4780 1067 4827 autent
1091 4772 1205 4828 hzec
1226 4773 1507 4844 utriusque
1526 4773 1723 4829 inlusio

164 4856 376 4914 iutimata
408 4860 548 4928 aliis,
582 4862 735 4918 duris
768 4862 980 4917 scilicet
1020 4871 1075 4916 et
1112 4863 1397 4933 improbis,
1447 4863 1515 4917 ad
1567 4879 1720 4918 com-

163 4954 453 5019 pescendam
500 4971 688 5011 eorum
745 4954 1172 5027 improbitatem,
1223 4964 1518 5013 attestante
1573 4954 1721 5011 Scri-

164 5051 322 5112 ptura:
359 5043 474 5101 Uno
521 5046 788 5117 pestilenta
841 5044 1115 5117 ﬂagellato
1167 5046 1318 5102 multi
1361 5047 1721 5117 corripiuntur

163 5138 283 5191 stulti
306 5138 487 5210 (Prov.
519 5156 631 5205 xxx,
653 5140 773 5212 25);
805 5138 1022 5213 pusillis
1046 5155 1260 5210 quoque
1289 5151 1345 5197 et
1394 5142 1559 5211 lapsis
1590 5157 1718 5211 pro-

167 5234 395 5299 tperanda
433 5235 649 5304 pietatis
670 5236 863 5291 divinae
895 5231 1207 5288 visitatione
1235 5235 1508 5305 proficiet,
1538 5233 1631 5288 sed
1659 5242 1715 5287 et

1828 1735 2042 1794 Judicio
2068 1737 2218 1808 justo
2250 1738 2399 1794 dedit
2426 1738 2512 1794 his
2541 1755 2628 1797 me
2654 1755 2869 1811 semper
2898 1742 3099 1809 inesse,

1829 1826 1958 1894 Qua:
1981 1829 2111 1885 olim
2142 1845 2264 1885 cum
2297 1830 2522 1902 reliquis
2546 1834 2777 1889 evadere
2804 1849 2962 1905 posse
2986 1834 3197 1905 putavi.

1828 1929 1965 1984 Nam
1990 1929 2123 1985 nihil
2156 1928 2415 2000 iniustum
2446 1947 2532 1987 me
2561 1939 2687 1987 tunc
2715 1931 2958 2002 perferre
2995 1933 3291 2004 querebar,

1828 2021 2031 2077 Verum
2058 2022 2299 2078 mirabar
2323 2022 2521 2078 divinae
2545 2025 2653 2078 vim
2676 2024 2914 2094 pietatis,

1828 2115 2094 2189 Tempore
2118 2115 2219 2171 sub
2248 2124 2400 2171 tanto
2434 2115 2688 2171 stolidum
2726 2124 2927 2171 memet
2954 2116 3233 2187 patientis.

1897 2208 2024 2263 llam
2053 2215 2234 2262 autem
2268 2205 2560 2262 inﬁrmitas
2587 2206 2641 2262 in
2671 2206 2910 2262 secunda
2939 2206 3023 2261 vel
3066 2207 3223 2261 tertia
3275 2204 3418 2274 Qua-

1826 2298 2146 2370 dragcsimre
2185 2295 2521 2352 hebdomade
2551 2296 2820 2367 incipiens
2840 2296 3097 2351 continua
3127 2297 3421 2351 vexatione

1825 2404 1999 2461 usque
2032 2387 2101 2442 ad
2126 2387 2321 2441 feriam
2352 2386 2598 2455 quintam
2626 2384 2808 2442 Cinna:
2836 2384 3048 2442 Domini
3098 2400 3418 2456 persevera-

1824 2481 1922 2535 vit.
1980 2478 2036 2533 ln
2090 2486 2250 2532 nocte
2297 2476 2444 2531 enim
2496 2476 2744 2546 proxima
2791 2476 3116 2545 praecedenti
3178 2475 3418 2546 quodam

1824 2587 2018 2631 somno
2064 2570 2215 2626 suavi
2253 2577 2554 2634 recreatus,
2600 2583 2741 2624 ures
2789 2568 3030 2624 tantillas
3059 2568 3259 2623 exinde
3295 2583 3420 2622 sus-

1824 2664 1962 2735 cepi.
1995 2663 2202 2731 Quibus
2239 2660 2504 2731 paulatim
2555 2659 2631 2714 ita
2684 2659 3069 2731 angmculatis,
3115 2667 3175 2713 ut
3228 2673 3314 2712 me
3359 2655 3416 2711 in

1822 2765 2010 2812 sancto
2039 2754 2126 2809 die
2154 2751 2380 2808 Pascha:
2405 2751 2473 2805 ad
2499 2749 2789 2807 ecclesiam
2828 2766 2985 2820 poss:
3014 2751 3200 2806 venire
3230 2757 3415 2820 gratu-

1822 2850 1986 2911 larer,
2011 2855 2194 2916 postea
2228 2844 2328 2899 sub
2358 2852 2600 2913 tempore
2631 2858 2798 2913 parvo
2820 2844 2889 2897 ad
2921 2844 3213 2914 pristinam
3266 2842 3419 2898 sani-

1823 2949 1990 2995 tatem
2034 2938 2277 3009 perveni.
2330 2936 2539 2993 lnterea
2591 2952 2723 2991 vero
2761 2935 3006 3007 plerique
3050 2938 3118 2991 de
3166 2936 3417 3007 proximo

1825 3028 1997 3085 sancti
2027 3026 2406 3082 Emmerammi
2438 3025 2690 3081 etenobio
2717 3026 2970 3081 monachi
2998 3042 3084 3081 me
3105 3026 3417 3089 visitantes,

1824 3129 2126 3190 etquantae
2173 3117 2510 3173 inlirmitatis
2564 3116 2841 3172 miseriam
2888 3115 3224 3187 pertulerim,
3272 3115 3417 3186 quod

1825 3229 2043 3287 quoque
2080 3229 2185 3267 non
2212 3211 2414 3266 frustra
2441 3212 2598 3265 lieret
2627 3210 2903 3280 correptio
2956 3218 3125 3274 tanta,
3173 3224 3416 3264 comme-

1825 3317 2125 3372 morantes,
2154 3319 2297 3375 sarpe
2323 3311 2615 3360 suaserunt
2646 3311 2703 3356 ut
2730 3318 2818 3357 me
2852 3301 3148 3372 subiiciens
3174 3300 3418 3364 Christo,

1826 3398 1979 3468 cuius
2008 3397 2184 3470 gratia
2210 3396 2343 3451 mihi
2382 3394 2592 3450 reddita
2638 3396 2713 3449 sit
2757 3394 2890 3459 vita,
2941 3393 3080 3462 apud
3110 3406 3269 3447 suum
3302 3390 3416 3445 eda-4

1824 3490 2049 3547 nobium
2080 3485 2457 3543 monachalem
2482 3484 2815 3555 susciperem
2847 3482 3110 3538 habitum.
3148 3481 3260 3555 Ego
3284 3496 3416 3537 vero

1826 3584 2110 3655 inprimis,
2135 3580 2399 3654 praeteriti
2422 3579 2701 3651 languoris
2727 3577 3069 3633 vexationem
3096 3575 3232 3633 satis
3257 3590 3414 3631 reco-

1825 3678 1967 3745 lens,
1993 3677 2279 3748 Spopondi.
2324 3673 2529 3729 Deinde
2572 3688 2704 3727 vero
2753 3678 2960 3742 quanto
3007 3669 3127 3742 plus
3168 3667 3417 3740 corporis

1826 3776 2062 3845 sospitas
2086 3773 2403 3843 augebatur,
2436 3778 2587 3825 tanto
2616 3768 2792 3841 magis
2818 3766 3020 3823 oblitus
3049 3780 3187 3836 quos
3214 3777 3412 3835 passus

1824 3882 1977 3924 eram
2005 3867 2300 3930 cruciatus,
2323 3872 2380 3919 et
2400 3878 2522 3934 qua:
2541 3870 2670 3917 sunt
2694 3860 2807 3916 visa
2839 3866 3097 3930 reputans
3126 3866 3183 3911 ut
3205 3855 3415 3911 sonmia

1824 3972 1986 4022 vana,
2018 3953 2261 4025 ejusdem
2291 3951 2600 4025 sponsionis
2629 3949 2984 4005 intentionem
3022 3945 3252 4018 neglexi.
3287 3943 3415 4000 Fazx

1826 4061 2063 4116 namque
2086 4060 2204 4100 mea
2234 4044 2470 4099 nondum
2489 4050 2610 4097 erat
2631 4040 2935 4105 exinanita,
2958 4038 3181 4106 ideoque
3205 4035 3413 4106 iustum

1826 4137 1929 4191 fuit
1958 4144 2017 4190 ut
2045 4133 2113 4190 de
2137 4133 2305 4190 calice
2338 4132 2432 4187 ita:
2460 4131 2673 4187 Domini
2706 4131 2904 4185 iterent
2946 4135 3247 4199 gustarem,
3283 4138 3412 4179 sen—

1827 4228 2092 4296 tiremqne
2103 4241 2266 4296 quam
2278 4224 2471 4279 durum
2491 4222 2563 4277 sit
2584 4230 2775 4277 contra
2796 4219 3074 4275 stimulum
3094 4216 3409 4272 calcitrare:

1825 4318 1987 4376 simul
2015 4318 2200 4382 etiam,
2266 4323 2325 4370 ut
2377 4314 2566 4380 credo,
2618 4314 2738 4368 haec
2792 4310 2974 4367 omnia
3018 4308 3221 4364 idcirco
3269 4306 3412 4361 facta

1825 4419 1970 4475 sunt,
1996 4418 2055 4465 ut
2076 4409 2216 4463 Deus
2242 4407 2605 4475 omnipotens,
2636 4404 2727 4473 qui
2756 4417 2945 4458 omnes
2968 4400 3215 4456 homines
3236 4398 3413 4454 salvos

1827 4494 2110 4565 ﬁeri'vult,
2144 4501 2196 4555 in
2230 4516 2313 4554 me
2340 4498 2462 4553 aliis
2489 4510 2704 4569 quoque
2740 4494 2960 4551 divitias
3003 4492 3282 4563 potentia},
3322 4506 3415 4561 pa-

1828 4593 2032 4649 tientia:
2076 4591 2447 4660 bonitatisqne
2492 4603 2635 4655 sum,
2688 4586 3022 4652 ostenderet,
3076 4583 3415 4640 tnortilicans

1827 4702 1914 4741 nte
1945 4685 2102 4740 toties
2133 4692 2186 4739 et
2214 4683 2516 4746 vivilicans,
2548 4677 2825 4736 deducens
2854 4678 2924 4732 ad
2962 4674 3168 4731 inferos
3222 4683 3277 4729 et
3325 4688 3412 4727 rc-

1828 4780 2050 4835 ducens.
2094 4777 2358 4839 Audiant,
2411 4788 2625 4845 quaeso,
2676 4774 2793 4828 lucc
2836 4770 2999 4825 mites
3041 4778 3098 4823 et
3143 4768 3413 4829 laetentur.

1827 4868 2285 4941 magniﬁcentque
2312 4866 2601 4920 Dominum
2633 4877 2866 4929 mecum,
2905 4866 2960 4914 et
2994 4858 3297 4913 exaltemus
3319 4869 3414 4908 no-

1826 4977 1951 5017 men
1982 4958 2098 5028 eius
2129 4960 2182 5012 in
2218 4957 2475 5028 idipsum.

1896 5053 2189 5122 Postquam
2220 5051 2385 5120 igitur
2411 5066 2476 5108 eo
2508 5063 2616 5120 quo
2647 5048 2854 5104 dictum
2894 5050 2977 5097 est
3021 5040 3179 5095 modo
3224 5051 3291 5090 ex
3333 5035 3416 5088 in-

1825 5144 2087 5199 firmitate
2135 5140 2389 5196 celeriter
2438 5135 2726 5203 convalui,
2780 5142 3077 5197 omnesque
3136 5122 3416 5193 angustias

1825 5252 1924 5291 nec
1959 5250 2065 5289 non
2093 5234 2300 5304 plagas,
2331 5248 2468 5302 quas
2498 5242 2608 5287 tam
2647 5228 2706 5285 in
2747 5229 2928 5284 anima
2972 5235 3134 5290 quam
3185 5229 3415 5283 corpore

2731 5331 2771 5340 ..
2802 5332 2899 5340 ___-..
2952 5314 3072 5340 l:nnl
3106 5327 3132 5340 η
3172 5308 3415 5340 ηΙιιι-ἷιιίιει
