3942 5340
411 303 510 359 55f

1435 302 1735 358 OTllLONl
1776 299 2080 359 MONACIII
2118 300 2177 357 S.
2219 302 2636 361 ΕΜΜΕΒΑΜΜῙ

3571 296 3677 353 552

412 419 661 475 etiamin
702 433 809 488 quo
855 420 1199 490 profecturus
1245 414 1422 483 essent
1450 433 1516 474 ex
1545 418 1679 474 urbe
1710 418 2002 487 Ratispona
2036 430 2076 488 Α
2107 425 2298 487 perent
2342 426 2547 488 quanto
2592 416 2766 489 magis
2813 417 3044 475 salutem
3100 417 3443 491 desperatam
3490 416 3545 472 in
3595 431 3681 471 me

417 509 794 574 dvlibcrarem,
820 518 947 565 tunc
973 523 1069 580 per
1094 508 1208 564 dies
1227 520 1350 564 octo
1377 517 1665 579 antequam
1692 506 2003 563 afl‘ectarem

419 603 690 671 proficisci
740 611 1007 672 aegrotare
1049 603 1208 673 cmpi,
1263 609 1319 655 et
1375 601 1427 656 in
1470 601 1787 672 languorem
1840 601 2001 657 talem

420 696 619 759 decidi,
649 703 705 749 ut
742 710 867 765 pars
896 695 1114 764 quidem
1148 694 1395 765 corporis
1424 693 1694 763 quaedam,
1746 693 1876 749 item
1925 692 2004 747 fa-

415 787 536 842 cies
562 786 832 858 caputque
857 785 1015 841 simul
1049 795 1218 841 totum
1253 784 1653 842 miserabilibus
1676 794 1733 840 et
1774 784 2007 840 insolitis

421 894 770 933 verrucarum
803 878 1147 948 stigmatibus
1178 878 1628 941 circumdaretur,
1661 876 1871 945 reliqua
1912 891 2009 931 aue

424 977 533 1024 tem
572 967 813 1023 membra
860 967 1063 1034 omnia,
1114 969 1357 1039 exceptis
1402 968 1596 1037 lingua:
1637 967 2010 1036 labiorumque

424 1058 681 1124 motibus,
710 1058 1032 1131 gravissimo
1054 1060 1315 1132 paralysis
1345 1057 1509 1131 [cod.,
1534 1056 1791 1131 paralysi]
1822 1057 2010 1113 morbo

420 1153 570 1207 velut
618 1153 945 1208 mortificata
988 1150 1351 1208 efficerentur.
1377 1151 1621 1223 Curaque
1648 1151 1768 1206 dies
1812 1158 1923 1205 tres
1955 1149 2009 1203 in

423 1243 733 1314 bujusmodi
764 1238 1081 1299 infirmitate
1128 1258 1342 1314 gerens,
1375 1253 1432 1299 et
1464 1243 1840 1299 universorum
1874 1257 2012 1314 pene

424 1330 797 1393 membrorum
846 1336 1022 1393 ollicio
1070 1337 1382 1399 destitutus,
1435 1336 1640 1391 nullam
1687 1337 1810 1392 vita:
1854 1333 2013 1404 hujus

425 1444 577 1499 spem
603 1430 914 1495 retinerem,
940 1428 1062 1484 misi
1086 1438 1142 1483 et
1162 1428 1353 1484 vocavi
1378 1427 1697 1484 festinantes
1719 1428 2014 1483 monachos

425 1521 688 1590 quosdam
726 1521 793 1576 de
828 1520 1081 1591 proxinzo
1115 1520 1289 1575 sancti
1327 1519 1707 1574 Emmerammi
1741 1518 2011 1575 ctenobio.

427 1608 528 1676 Qui
547 1626 668 1664 eum
683 1609 841 1665 citius
857 1609 1225 1674 advenissent,
1243 1608 1557 1679 suppliciter
1569 1608 1697 1679 petii
1711 1608 1847 1663 utad
1871 1607 2015 1662 illam

429 1699 597 1753 vitam
632 1699 1012 1767 monasticam,
1074 1700 1142 1754 ad
1191 1714 1352 1770 quam
1412 1713 1498 1753 me
1542 1697 1738 1769 saepius
1784 1697 2016 1768 benigna

2103 510 2400 567 inolescere
2445 511 2841 583 conspicerent.
2889 509 3019 567 Jure
3060 511 3244 581 itaque
3289 510 3418 566 mihi
3466 517 3682 565 constat

2104 602 2427 674 repetendus
2458 601 2544 658 ille
2583 602 2975 675 Psalrnigrapbi
3019 602 3360 659 versiculus:
3405 600 3684 672 Castigans

2102 692 2375 763 castigavit
2430 710 2512 748 me
2566 692 2819 748 Dominus
2874 703 2923 749 et
2968 695 3125 749 morti
3179 710 3284 749 non
3328 693 3551 748 tradidit
3605 709 3686 748 me

2105 783 2278 856 (Psaf.
2331 801 2498 851 cxvn,
2547 785 2659 856 18).
2711 785 2880 857 Igitur
2912 802 2980 842 ex
3027 786 3348 843 infirmitate
3385 787 3550 842 etiam
3598 786 3687 841 illa

2106 875 2360 931 celeriter
2413 875 2480 931 ad
2536 876 2827 931 sanitatem
2875 876 3162 947 pristinam
3211 875 3492 931 restitutus
3546 889 3690 939 sum,

2107 976 2337 1038 excepto
2363 969 2532 1039 quod,
2582 972 2722 1040 pene
2750 984 2849 1039 per
2898 983 3061 1024 omne
3104 977 3337 1039 tempus,
3379 982 3488 1037 quo
3537 974 3693 1023 extra

2109 1061 2501 1118 monasterium
2549 1061 2964 1118 convalescendi
3012 1062 3244 1133 gratiam
3300 1059 3693 1131 praestolabar,

2111 1160 2326 1216 visione
2375 1160 2526 1218 varia
2560 1161 2614 1216 in
2664 1159 2888 1216 somniis
2938 1159 3300 1230 inquietabart
3336 1156 3502 1225 Quasi
3552 1155 3698 1212 enim

2113 1252 2396 1323 cujusdam
2425 1252 2701 1309 interitum
2726 1252 3055 1318 minitantis,
3082 1250 3189 1306 nisi
3219 1250 3364 1321 quod
3414 1263 3586 1320 nuper
3608 1261 3703 1301 vo-

2118 1345 2308 1400 vebam
2359 1344 2471 1400 cito
2514 1342 2864 1414 complerem,
2897 1344 3077 1413 imago
3129 1356 3273 1411 saepe
3319 1349 3501 1396 astare
3546 1336 3703 1393 vide-

2116 1435 2295 1491 batur.
2332 1433 2399 1488 Et
2425 1433 2542 1489 lucc
2566 1431 2667 1487 fuit
2700 1446 2868 1487 causa
2915 1432 3174 1496 maxima,
3217 1444 3339 1501 qua:
3384 1443 3475 1484 me
3500 1427 3554 1482 in
3583 1440 3704 1480 mo-

2118 1524 2414 1580 nasterium
2465 1523 2629 1579 citius
2688 1523 2769 1579 ire
2817 1522 3099 1592 compulit.
3148 1521 3279 1590 Quae
3326 1534 3458 1576 vero
3510 1516 3715 1574 deinde

2124 1614 2255 1669 mihi
2281 1613 2597 1669 acciderunt
2628 1622 2737 1667 tam
2782 1626 2848 1668 ex
2880 1611 3038 1667 solita
3084 1611 3283 1667 divinae
3315 1609 3535 1679 pietatis
3580 1607 3713 1663 sub-

2119 1708 2374 1763 ventione
2404 1721 2566 1777 quam
2587 1704 2869 1761 diabolicae
2898 1703 3105 1760 fraudis
3135 1702 3559 1763 machinatione,
3584 1698 3714 1759 licet

432 1791 788 1846 attrahebant
831 1791 1106 1855 suasione,
1167 1798 1293 1845 tunc
1349 1789 1623 1859 suscipere
1669 1788 2021 1859 dignarentur
2054 1794 2094 1853 Β
2126 1797 2293 1852 multa
2343 1797 2598 1865 utrinque
2648 1794 2854 1850 fuel-im
2907 1795 3055 1866 (nam
3113 1808 3216 1849 nec
3244 1793 3390 1847 Deus
3434 1795 3717 1847 consueta

434 1898 533 1952 pro
561 1882 657 1937 Dei
688 1882 1026 1938 solummodo
1069 1897 1275 1938 amore.
1307 1880 1377 1937 At
1401 1881 1479 1936 illi
1512 1882 1783 1935 intuentes
1830 1896 1939 1945 me,
1969 1888 2025 1935 et

433 1975 554 2029 visu
601 1974 846 2031 verrucis
896 1974 1334 2030 exerescentibus
1383 1974 1730 2044 desperatum
1768 1973 2026 2043 omnique

435 2065 641 2134 pariter
687 2066 1055 2119 membrorum
1113 2063 1288 2119 officio
1336 2064 1714 2129 debilitatum,
1771 2079 1890 2129 cur,
1940 2063 2025 2116 in-

438 2157 652 2225 quiunt,
715 2156 958 2211 habitum
1012 2155 1172 2211 talem
1217 2172 1362 2212 nunc
1411 2156 1708 2221 desideras,
1761 2171 1885 2211 cum
1935 2154 2029 2209 vix

437 2246 623 2302 flatum
652 2247 835 2303 ferens
869 2247 1031 2302 citius
1061 2245 1244 2316 tcjam
1275 2246 1550 2302 obiturum
1582 2247 1725 2303 scias
1756 2246 1860 2301 ?Si
1904 2260 2030 2302 vero

441 2339 666 2394 forsitan
700 2339 810 2393 Deo
832 2338 1031 2394 volenti
1065 2338 1171 2393 tibi
1189 2337 1422 2406 spatium
1449 2338 1662 2393 vivendi
1705 2336 2029 2408 proteletur,

441 2430 570 2500 quid
601 2427 850 2484 utilitatis
872 2437 990 2483 tam
1016 2443 1192 2483 cazcus
1220 2438 1277 2482 et
1300 2427 1654 2499 paralyticus,
1677 2428 1819 2497 quod
1842 2427 2033 2497 procul

443 2522 608 2576 dubio
659 2535 878 2591 semper
925 2520 1057 2584 eris,
1107 2521 1161 2575 in
1202 2520 1305 2575 hac
1336 2519 1468 2584 vita,
1516 2535 1678 2587 quam
1736 2520 1895 2574 modo
1939 2534 2036 2573 ex-

443 2612 606 2685 petis,
633 2628 872 2682 unquam
921 2627 1179 2667 exercere
1210 2610 1457 2681 poteris?
1506 2608 1641 2664 Cum
1669 2610 1814 2665 enim
1864 2625 2039 2680 nuper

442 2711 566 2773 post
597 2703 858 2756 immensa
908 2702 1242 2757 infirmitatis
1275 2711 1377 2756 tute
1430 2709 1694 2756 tormenta
1725 2716 1889 2756 sanus
1939 2715 2026 2756 es—

444 2810 533 2851 aCS
560 2792 787 2850 effectus
829 2804 884 2850 et
919 2810 1019 2850 nos
1069 2805 1120 2849 te
1165 2794 1361 2864 sacpius
1403 2793 1755 2849 admonentes
1791 2791 2037 2849 libentis—

446 2886 584 2941 sime
615 2889 668 2940 in
710 2885 1189 2956 congregationem
1225 2894 1467 2940 nostram
1518 2884 1798 2952 suscipere
1840 2882 2044 2939 voluis-

451 2993 654 3044 semus,
706 2978 896 3034 utilius
935 2978 1028 3033 tibi
1077 2987 1241 3048 atque
1282 2978 1439 3034 nobis
1486 2977 1645 3049 hujus
1686 2977 2042 3049 professionis

450 3069 783 3140 adimpleres
815 3080 988 3138 vota;
1042 3072 1135 3127 sed
1170 3087 1330 3127 neruo
1386 3079 1635 3126 nostrum
1685 3080 1814 3125 tunc
1869 3071 2045 3142 potuit

2128 1888 2514 1944 misericordia:
2534 1896 2589 1944 et
2612 1887 2975 1957 correptionis
2995 1883 3287 1956 quidquam
3312 1883 3367 1939 in
3390 1896 3477 1939 me
3500 1881 3716 1948 minuit,

2126 1996 2305 2053 neque
2355 1980 2707 2038 adversarius
2763 1979 2923 2037 solita
2974 1977 3218 2048 nequitia
3269 1990 3357 2031 me
3399 1976 3719 2047 impugnare

2128 2073 2407 2144 cessavit),
2435 2080 2615 2128 tamen
2639 2070 2768 2142 quia
2794 2069 2863 2125 ab
2890 2069 3107 2138 incepto
3147 2081 3312 2137 opere
3344 2065 3554 2138 longius
3587 2080 3717 2120 eva-

2129 2166 2246 2238 gari
2276 2179 2363 2221 me
2398 2163 2608 2219 faciunt
2645 2171 2698 2219 et
2727 2161 2782 2216 in
2830 2161 2938 2217 alio
2980 2174 3145 2232 opere
3194 2158 3354 2214 latius
3392 2158 3585 2214 eadem
3607 2157 3720 2229 jam

2133 2256 2352 2328 protuli,
2406 2255 2513 2310 duo
2558 2263 2769 2309 tantum
2797 2254 2905 2319 hic,
2959 2268 3079 2322 qua;
3110 2260 3218 2306 tam
3257 2251 3532 2323 vigilando
3555 2265 3723 2321 quam

2133 2346 2460 2417 quiescendo
2490 2359 2680 2417 passus
2709 2358 2852 2409 sum,
2873 2358 3035 2414 quam
3057 2342 3377 2399 brevissime
3399 2356 3542 2413 queo
3560 2340 3725 2397 edere

2134 2437 2344 2494 studeo.

2207 2525 2336 2581 Post
2383 2535 2597 2598 tempus
2655 2526 2822 2596 igitur
2882 2525 3230 2593 nonnullum,
3281 2539 3390 2597 quo
3438 2521 3625 2594 aufugi
3670 2522 3727 2579 in

2137 2619 2471 2686 cumobium,
2501 2620 2631 2689 quia
2671 2618 3029 2674 existimabar
3076 2618 3376 2674 instructus
3423 2615 3633 2687 aliquid
3670 2614 3729 2669 in

2140 2713 2351 2768 liberali
2376 2713 2628 2780 scientia,
2672 2712 2962 2767 commissa
2993 2719 3076 2767 est
3105 2710 3239 2765 mibi
3278 2709 3405 2764 licet
3429 2709 3729 2762 immaturo

2141 2802 2354 2859 doctori
2402 2802 2576 2857 invisa
2638 2815 2929 2871 puerorum
2982 2799 3290 2870 disciplina.
3353 2797 3489 2873 cum
3543 2805 3728 2852 autem

2144 2894 2289 2949 inter
2313 2909 2408 2950 eos
2431 2893 2613 2963 plures
2648 2891 3003 2964 provectioris
3050 2897 3234 2946 essent
3275 2888 3471 2953 anatis,
3499 2889 3594 2959 qui
3626 2887 3733 2942 sci-

2142 2981 2286 3046 licet,
2317 2983 2459 3038 sicut
2488 2982 2580 3037 illa
2622 2981 2761 3037 solet
2786 2990 2940 3046 aetas,
2988 2981 3183 3050 saepius
3214 2979 3541 3034 excederent
3574 2977 3734 3031 disci-

2144 3072 2304 3145 plina:
2352 3082 2544 3138 metas,
2578 3089 2743 3127 unum
2789 3087 2856 3126 ex
2884 3073 2984 3137 eis,
3019 3071 3111 3141 qui
3156 3070 3393 3125 maxime
3442 3077 3734 3138 protervus

457 3162 553 3218 tibi
579 3162 910 3233 persuadere
939 3162 1087 3217 talia.
1144 3163 1221 3216 En
1267 3162 1440 3234 patris
1489 3177 1726 3233 poenam,
1756 3177 1922 3232 quam
1961 3154 2115 3217 di—C
2146 3164 2281 3219 mihi
2336 3163 2642 3227 videbatur,
2690 3162 2991 3233 corripiens
3019 3177 3200 3217 coram
3250 3160 3393 3226 aliis,
3441 3161 3732 3230 plusquam

457 3256 640 3313 ximus
672 3272 791 3313 esse
820 3255 1083 3312 futuram.
1128 3255 1509 3324 Perspeximus
1549 3270 1741 3325 nempe
1796 3263 1846 3310 te
1877 3255 2046 3310 talem.

459 3350 701 3406 evasisse
745 3351 1059 3422 languorem
1090 3356 1148 3402 ut
1192 3348 1328 3402 nihil
1361 3347 1505 3401 aliud
1545 3347 1638 3401 tibi
1680 3355 1869 3417 postea
1902 3345 2044 3401 foret

459 3443 746 3512 agendum,
780 3443 884 3498 nisi
943 3451 1002 3496 ut
1032 3439 1319 3496 mundanis
1361 3438 1612 3494 erunibus
1667 3437 1865 3493 reiictis
1891 3450 2042 3493 sace-

456 3535 617 3590 deres
672 3534 725 3588 in
758 3532 1189 3589 monasterium.
1249 3531 1458 3600 Quibus
1501 3545 1602 3603 ego
1657 3530 1905 3602 respondi
1959 3529 2044 3585 di—

457 3640 590 3682 cens
623 3642 637 3679 :
671 3623 749 3679 lta
777 3639 920 3691 esse,
968 3634 1027 3679 ut
1069 3623 1336 3689 asseritis,
1382 3621 1575 3678 fateor.
1628 3621 1760 3678 Nam
1798 3623 2046 3689 corporis

459 3716 565 3772 mei
617 3715 754 3770 satis
801 3715 995 3785 probat
1041 3714 1292 3784 angustia
1345 3711 1522 3785 qualis
1574 3711 1854 3781 hucusque
1884 3709 2047 3766 fuerit

459 3807 627 3862 animi
678 3806 966 3861 industria.
1004 3803 1110 3859 Sed
1157 3804 1330 3860 dolori
1372 3818 1516 3867 meo,
1572 3817 1788 3872 precor,
1842 3801 2049 3871 parcite

459 3890 922 3969 petitionibusque
979 3896 1144 3959 meis,
1205 3897 1330 3949 dum
1380 3894 1555 3948 adhuc
1602 3890 1873 3947 infelicem
1927 3891 2047 3944 aui;

464 4006 609 4047 mam
648 3998 836 4054 teneo,
877 3989 1203 4043 succurrite.
1258 3987 1336 4041 llli
1388 4003 1519 4042 vero
1570 3986 1637 4042 ad
1667 3988 1782 4041 hanc
1839 3985 2052 4040 miseri-

464 4083 650 4140 cordia
690 4081 823 4136 moti
862 4089 940 4145 et,
977 4089 1239 4151 quantum
1292 4082 1347 4136 in
1385 4081 1468 4135 eis
1514 4087 1682 4147 esset,
1729 4080 1893 4150 petita
1930 4078 2049 4149 pol-

464 4175 597 4233 liciti
622 4176 892 4241 abierunt,
942 4184 1105 4245 atque
1134 4170 1384 4230 celeriter
1413 4173 1700 4229 redeuntes
1731 4172 1862 4227 mihi
1909 4188 2049 4227 nuu-

468 4270 737 4325 tiaverunt
800 4268 852 4323 in
907 4268 1010 4323 hoc
1063 4266 1372 4321 universam
1440 4264 1671 4319 fratrum
1732 4264 2050 4320 concionem

467 4362 809 4419 consensisse
853 4371 935 4426 ut,
990 4362 1037 4417 si
1083 4361 1249 4416 vitam
1314 4359 1582 4415 redditam
1637 4359 1844 4414 sanitas
1894 4373 2051 4414 exse-

467 4464 727 4526 queretur
750 4453 894 4518 talis,
933 4469 1053 4523 quae
1084 4467 1170 4506 me
1199 4450 1466 4522 implicari
1514 4449 1855 4520 permitteret
1891 4462 2051 4503 exer-

2144 3256 2346 3323 dccuit,
2404 3255 2679 3327 probrosis
2702 3254 3124 3326 asperriurisque
3155 3251 3456 3307 afficiebam
3503 3251 3687 3307 verbis
3716 3267 3731 3316 ;

2148 3350 2327 3404 adhuc
2357 3348 2501 3402 enim
2547 3347 2779 3417 preprizc
2823 3346 3122 3416 alienaeque
3167 3342 3481 3415 fragilitatis
3515 3343 3735 3411 ignarus

2146 3440 2432 3495 credebam
2472 3438 2546 3491 nil
2592 3437 2724 3492 mihi
2767 3435 2882 3491 fore
2933 3436 3152 3491 noxium
3207 3448 3531 3505 quocunque
3575 3432 3734 3486 modo

2147 3533 2486 3603 incrcparem
2520 3546 2668 3596 eum,
2716 3529 2805 3599 qui
2842 3529 2971 3583 mihi
2996 3526 3121 3597 jure
3150 3527 3397 3583 subditus
3424 3535 3566 3589 erat,
3610 3525 3739 3578 ado-

2146 3621 2441 3676 lescentem
2473 3617 2747 3674 stolidum.
2782 3617 3157 3687 lncrepatione
3202 3624 3384 3671 autem
3425 3613 3738 3683 huiusmodi

2151 3720 2395 3784 peracta,
2421 3711 2512 3766 ille
2557 3711 2774 3781 quidem
2816 3710 3104 3764 videbatur
3152 3709 3283 3764 satis
3323 3716 3556 3762 mmstus
3587 3723 3605 3772 ;
3638 3720 3738 3777 ego

2159 3818 2292 3857 vero
2322 3817 2448 3857 mox
2494 3816 2524 3855 a
2557 3802 2784 3871 pristina
2812 3800 2978 3855 animi
3004 3799 3310 3856 constantia
3338 3808 3391 3854 et
3422 3799 3615 3870 gratiae
3644 3814 3737 3852 su-

2148 3910 2332 3967 perna:
2387 3894 2582 3949 fiducia
2635 3894 2927 3949 destitutus
2960 3933 2975 3959 ,
3028 3892 3083 3947 in
3136 3901 3341 3962 tantam
3378 3889 3741 3962 pusillanimi-

2154 3995 2316 4041 tatem
2347 3985 2729 4054 miseriamque
2787 4000 2884 4040 nec
2915 4000 3020 4038 non
3062 3994 3264 4039 metum
3299 3983 3470 4053 magis
3518 3997 3583 4036 ac
3630 3997 3741 4035 ma—

2152 4080 2236 4150 gis
2264 4080 2543 4134 deveni‘ut
2584 4078 2836 4136 celeriter
2865 4088 2958 4132 aut
2984 4088 3130 4133 terra
3163 4079 3368 4144 hiante,
3410 4092 3504 4131 seu
3558 4074 3742 4146 aliqua

2153 4168 2430 4225 absorberi
2469 4178 2715 4239 putarem
2756 4169 2994 4223 vindicta
3042 4168 3272 4224 caelesti.
3322 4167 3429 4222 Sed
3453 4183 3579 4221 cum
3616 4166 3741 4220 talia

2153 4260 2239 4315 die
2290 4259 2378 4313 illa
2429 4266 2537 4314 tota
2587 4258 2655 4313 ab
2705 4258 3091 4329 increpationis
3143 4265 3467 4329 perpetrata:
3497 4269 3736 4328 “paterer

2155 4350 2287 4405 bora
2317 4365 2491 4420 usque
2513 4350 2579 4404 ad
2612 4365 2916 4419 vesperam,
2964 4351 3139 4420 primo
3174 4350 3263 4405 ubi
3295 4349 3378 4403 vel
3406 4349 3458 4403 in
3485 4364 3593 4418 quo
3621 4357 3747 4402 tan-.

2156 4450 2270 4495 tum
2301 4440 2500 4495 mentis
2531 4453 2819 4494 mterorem
2870 4439 3186 4506 meruerim,
3227 4439 3489 4495 dubitavi.
3540 4438 3745 4493 Debinc

469 4546 602 4602 citio
625 4544 785 4600 alicui
827 4560 959 4600 usus
982 4545 1318 4610 coauobialis,
1353 4553 1480 4598 tunc
1520 4543 1740 4598 demum
1790 4540 2054 4597 abdicatis
2084 4531 2133 4591 Ι)
2159 4541 2357 4589 cuncta
2387 4532 2557 4604 ipsius
2599 4530 2705 4586 diei
2759 4529 3046 4602 diligenter
3074 4539 3374 4585 retractans
3429 4538 3606 4600 gesta.
3648 4544 3744 4598 per

470 4637 620 4711 prius
652 4636 811 4692 rebus
851 4636 1064 4691 cunctis
1111 4635 1460 4690 saecularibus
1508 4633 1738 4705 benigne
1797 4648 1883 4687 me
1931 4646 2055 4686 sus-

471 4733 715 4800 c'perent
784 4731 839 4784 iu
883 4728 1324 4799 congregationis
1375 4742 1487 4781 suae
1535 4740 1755 4797 corpus.
1804 4723 1919 4780 Hoc
1973 4738 2057 4777 re-

473 4835 673 4891 sponso
717 4828 966 4890 accepto,
1006 4818 1133 4874 licet
1187 4818 1255 4873 de
1301 4818 1532 4873 sanitate
1572 4815 1818 4886 corporis
1865 4815 2057 4885 exqui-

472 4917 575 4972 sita
630 4914 807 4969 adhuc
856 4913 1097 4968 incertus
1146 4927 1345 4978 essent,
1379 4926 1631 4981 magnum
1662 4908 1857 4963 deinde
1884 4906 2059 4977 sospi-

476 4996 606 5069 tatis
659 5012 1056 5065 incrementum
1101 5008 1276 5080 gratia
1325 5005 1627 5079 opitulante
1672 5002 1852 5058 divina
1895 5001 2058 5057 citius

472 5103 730 5163 advenire
751 5102 918 5158 sensi.

1164 5190 1255 5204 ne
1388 5190 1421 5204 ,θ
1644 5188 1679 5204 -σ
1897 5186 2028 5204 Ιγγ--

2157 4641 2341 4681 amara
2364 4625 2598 4694 correpti
2624 4622 2839 4691 juvenis
2862 4624 3024 4678 verba
3055 4623 3195 4677 banc
3236 4622 3402 4676 etiam
3431 4621 3563 4681 mihi
3593 4635 3744 4674 ama-

2157 4716 2450 4772 ritudinem
2475 4715 2722 4771 evenisse
2758 4712 3092 4768 conscientia
3136 4721 3317 4766 reatus
3354 4711 3547 4782 agnovi
3576 4709 3743 4765 conti-

2159 4823 2398 4878 nuoque,
2432 4816 2492 4861 ut
2528 4806 2581 4859 in
2618 4814 2765 4859 tanta
2811 4800 3055 4875 poteram
3093 4802 3360 4867 molestia,
3393 4800 3612 4872 pietatis
3658 4798 3740 4853 di-

2157 4900 2299 4955 vina:
2337 4899 2496 4953 solita
2521 4898 2786 4967 exquisivi
2814 4895 3029 4952 solatia.
3082 4893 3193 4950 Nec
3220 4902 3398 4948 tamen
3430 4907 3494 4948 ea
3542 4891 3633 4946 die
3658 4904 3744 4944 se-

2161 4991 2460 5063 quentique
2509 4999 2671 5045 nocte
2718 4987 3017 5043 sentiebam
3064 4986 3268 5055 aliquid
3317 4984 3485 5039 minui
3538 4979 3743 5037 doloris

2162 5078 2592 5154 magnitudinem
2647 5079 3034 5143 imminentis;
3085 5076 3216 5147 quin
3272 5076 3380 5130 imo
3424 5088 3545 5129 cum
3577 5070 3743 5127 etiam

2165 5185 2409 5204 larvis-"Ila

2462 5181 2664 5204 clnlnln
2734 5171 3073 5204 pan-uinearum
3131 5168 3324 5204 νοΙΙοηι
3383 5161 3700 5204 dnrnaipnr'n
