3942 5340
190 334 297 391 553

197 463 379 512 crans,
408 451 469 499 ut
510 454 611 511 per
649 430 963 492 earumdem
1005 432 1320 484 sanctorum
1352 412 1802 474 intercessionem
1834 415 1879 474 Α

198 541 374 611 pietas
423 502 613 588 div-ina
642 540 698 584 ct
726 523 856 580 mihi
899 520 1279 579 misereretur,
1310 519 1365 566 et
1395 505 1629 579 qualiter
1652 502 1804 556 illum

196 593 453 700 juvenem
501 625 891 692 exasperatum
920 612 1140 684 placare
1188 619 1402 679 possem
1446 601 1687 673 pandere
1725 593 1807 648 di-

203 732 492 795 gnaretur.
532 715 671 770 Nam
704 711 849 766 inter
883 714 1110 762 caeteras
1141 698 1306 755 animi
1346 693 1623 751 molestias
1652 686 1809 742 valde

206 781 269 871 2;
302 815 410 867 hoc
433 805 720 879 aﬂligebar
744 796 1021 872 quomodo
1054 794 1228 857 illum,
1268 789 1359 860 qui
1397 786 1529 842 mihi
1561 781 1811 837 subditus

208 915 347 969 erat,
377 897 849 974 opportunissime
875 891 1080 960 absque
1104 902 1203 941 suo
1227 894 1456 952 meoque
1494 879 1693 933 dautno
1723 886 1810 927 rc-

209 965 569 1051 conciliarem
595 989 619 1043 ?
665 1003 733 1041 an
762 982 988 1056 genibus
1016 977 1194 1039 ﬂexis,
1220 983 1277 1028 ut
1323 972 1609 1043 placantur
1634 965 1817 1019 senio-

210 1088 344 1143 res?
395 1102 464 1140 an
524 1090 738 1136 tantum
788 1072 996 1137 verbis,
1051 1076 1110 1123 ut
1161 1061 1616 1137 placaturmiuor
1637 1056 1814 1112 artas?

213 1176 486 1247 siquidem
512 1172 670 1227 ﬂexis
692 1166 920 1240 genibus
958 1161 1244 1228 utriusque
1273 1157 1529 1209 damnum
1554 1164 1677 1205 esse
1698 1162 1816 1202 sum

217 1246 530 1325 arbitratus
566 1282 582 1331 ;
634 1262 774 1332 ejus,
810 1257 1042 1320 scilicet,
1068 1260 1292 1323 propter
1321 1246 1634 1308 elationem,
1658 1256 1819 1312 quam

222 1362 451 1419 forsitan
492 1360 597 1415 sibi
628 1352 969 1426 postmodum
996 1347 1120 1401 inde
1147 1343 1453 1399 vindicaret
1501 1336 1649 1405 ;mei
1691 1348 1821 1390 vero

222 1455 365 1518 ideo,
411 1451 560 1523 quod
591 1425 853 1516 arguendi
879 1440 1030 1496 illunt
1075 1445 1199 1508 post
1244 1429 1607 1489 lmmilitatem
1634 1425 1823 1496 hujus-

222 1545 368 1602 modi
400 1520 702 1599 exhibitam
747 1533 981 1590 ulterius
1030 1529 1212 1584 minor
1242 1523 1439 1580 ﬁducia
1476 1520 1611 1576 tnilti
1657 1527 1826 1574 resta-

224 1649 327 1697 ret.
378 1637 517 1694 Cum
578 1649 710 1705 ergo
767 1632 820 1685 in
865 1628 958 1683 tali
1008 1624 1220 1697 positus
1268 1618 1517 1675 molestia
1569 1613 1824 1687 lacrymis

224 1731 595 1804 precibusque
636 1722 873 1795 copiosis
916 1733 1091 1789 usque
1140 1715 1209 1770 ad
1253 1713 1395 1767 diem
1442 1710 1649 1765 clarum
1693 1706 1825 1762 insi-

228 1802 430 1877 sterem
468 1827 526 1873 et
554 1816 624 1872 ab
679 1812 1050 1881 omnipotente
1094 1807 1203 1861 Deo
1258 1802 1387 1872 quid

230 1912 435 1982 guitate
459 1904 770 1964 imminenti
790 1901 1061 1974 agendum
1078 1896 1239 1961 foret,
1267 1897 1615 1976 deposcerem
1644 1887 1827 1958 aliqua

231 1999 577 2057 manifestari
631 1996 861 2059 indicia,
902 2006 1030 2048 ecce
1087 1989 1267 2043 subito
1310 1971 1439 2055 egre
1460 1985 1622 2037 liente
1667 1996 1752 2037 me
1796 1995 1827 2034 a

233 2092 473 2164 quodam
509 2088 760 2145 oratorio
796 2083 1092 2157 praedictus
1119 2078 1340 2147 juvenis
1370 2074 1631 2136 occurrit,
1656 2081 1707 2126 et
1742 2087 1832 2126 Cu-

236 2202 352 2241 ram
405 2199 496 2239 me
554 2182 836 2239 humiliter
874 2194 995 2234 sese
1048 2183 1402 2247 prosternens
1426 2212 1442 2238 ,
1475 2186 1573 2240 pro
1613 2166 1827 2238 injuria,

235 2293 401 2348 quam
432 2276 610 2347 pridie
650 2269 981 2343 corrcptioni
1032 2282 1165 2323 meae
1213 2263 1548 2321 detrahendo
1594 2277 1687 2317 seu
1714 2276 1835 2315 con-

240 2368 564 2423 tradicendo
623 2362 991 2437 perpetravit,
1040 2360 1254 2415 veniam
1307 2357 1463 2431 petit,
1515 2356 1837 2426 promittens

241 2457 294 2513 in
336 2456 608 2525 reliquum
653 2470 713 2510 se
768 2467 1045 2523 nunquam
1088 2449 1215 2504 talia
1274 2447 1407 2502 mihi
1467 2449 1735 2502 facturum
1767 2445 1840 2499 si-

192 2624 197 2628 _
244 2547 467 2617 mulque
517 2544 841 2617 suppliciter
880 2556 1080 2612 rogans
1114 2547 1194 2605 ut,
1240 2538 1285 2594 si
1342 2538 1560 2606 quando
1600 2536 1838 2589 humana

245 2640 544 2710 fragilitate
572 2653 668 2693 seu
700 2636 865 2692 etiam
913 2630 1221 2705 ignorantia
1256 2637 1485 2700 cogente
1522 2627 1573 2681 in
1623 2625 1841 2696 aliquod

245 2731 464 2795 vitium,
519 2728 666 2799 quod
719 2725 981 2797 perfacile
1032 2722 1325 2793 juvenibus
1383 2720 1655 2789 subrepit,
1699 2717 1845 2773 labe—

247 2829 420 2884 retur,
451 2834 562 2873 non
608 2832 738 2872 mox
765 2832 796 2870 a
828 2832 936 2882 me,
970 2814 1126 2886 juxta
1159 2812 1258 2867 zeli
1291 2810 1559 2866 fervorem
1604 2808 1841 2872 solitum,

248 2931 431 2971 coram
461 2914 679 2970 caneris
701 2922 987 2981 correptus
1029 2907 1374 2964 scholasticis
1396 2903 1845 2967 confunderetur,

250 3005 343 3061 sed
365 3014 428 3060 ut
476 3003 658 3075 porius
683 3003 885 3074 pietate
931 2998 1166 3072 gratuita
1215 2996 1388 3061 illum,
1432 3010 1593 3066 quem
1627 2993 1852 3049 minime

251 3095 549 3152 rdiﬁcaret
580 3080 853 3164 correptio
881 3105 1070 3161 aspera
1108 3095 1163 3142 et
1200 3085 1514 3149 manifesta,
1540 3084 1626 3140 vel
1667 3093 1851 3139 atten-

256 3195 372 3242 tare
393 3184 649 3240 studeam
684 3183 837 3254 prius
884 3195 1007 3236 cum
1050 3179 1235 3247 aliqua
1266 3176 1609 3245 correptione
1647 3174 1752 3229 leni
1788 3190 1852 3229 ac
1879 3153 1924 3216 C
1956 3159 2091 3214 mm
2152 3160 2271 3213 Sine
2325 3155 2542 3214 θσάοιη·
2604 3155 2840 3210 Rursum
2896 3152 2964 3208 ad
3015 3149 3295 3220 ClliUStl-‘m

256 3287 512 3344 secreta;
545 3277 631 3333 sin
673 3276 728 3331 id
759 3289 949 3345 parum
976 3271 1245 3344 proﬁcere
1282 3269 1335 3324 in
1382 3269 1501 3340 ipso
1549 3282 1853 3333 cernerem,

259 3379 387 3427 tunc
410 3370 659 3433 sibimet,
686 3377 848 3438 prout
877 3366 970 3436 jus
992 3362 1316 3436 postularet,
1340 3360 1740 3416 districtissima
1771 3376 1856 3414 ra-

260 3465 409 3520 tione
451 3476 828 3518 occurrerem.
872 3459 1000 3514 Haec
1050 3467 1107 3512 et
1147 3456 1234 3510 his
1281 3453 1480 3510 similia
1520 3452 1718 3523 juvene
1766 3451 1858 3507 illo

263 3554 598 3626 supplicibus
643 3551 1039 3623 sagacibusque
1075 3546 1258 3602 verbis
1295 3543 1607 3615 proferente
1647 3552 1703 3599 et
1746 3557 1859 3598 me-

265 3658 379 3705 met
427 3648 667 3719 benigne
696 3648 765 3703 ad
795 3660 985 3717 preces
1032 3643 1151 3715 ejus
1206 3639 1589 3711 respondente,
1622 3635 1860 3692 intellexi

269 3751 478 3814 gestum
506 3741 563 3796 in
597 3740 847 3809 utrisque
876 3737 1070 3794 divina:
1117 3749 1253 3804 opus
1282 3729 1588 3788 clementia:
1620 3745 1636 3794 ;
1676 3728 1729 3783 in
1770 3727 1862 3782 illo

271 3836 517 3906 quidem,
562 3834 691 3905 quia
730 3838 1090 3903 compunctus
1124 3841 1223 3898 pro
1253 3823 1508 3880 admissis
1532 3820 1686 3894 prior
1715 3835 1865 3890 quae-

274 3930 403 3984 sivit
454 3928 720 3994 veniam;
773 3924 829 3980 in
878 3939 965 3978 me
1017 3930 1222 3984 autem,
1277 3917 1406 3988 quia
1456 3914 1745 3972 humiliato
1799 3928 1867 3968 eo

243 4015 472 4091 imagna
526 4019 664 4076 mihi
724 4016 943 4073 interim
996 4012 1343 4083 compunetio
1382 4007 1661 4064 oriebatur
1707 4004 1868 4061 simul

280 4122 331 4168 et
369 4109 720 4184 paenitentia.
778 4106 982 4163 Dehinc.
1036 4104 1218 4158 ablata
1269 4108 1355 4157 est
1402 4097 1581 4155 omnis
1632 4097 1722 4151 illa
1775 4112 1866 4151 re-

281 4219 409 4260 cens
462 4200 716 4258 molestia
783 4198 1097 4266 factumque
1157 4199 1241 4254 est
1309 4197 1369 4244 ut
1429 4204 1498 4244 ex
1558 4185 1868 4255 hujusmodi

283 4296 415 4352 vitio
471 4295 731 4363 deinceps
793 4289 1007 4346 cautior
1072 4299 1196 4342 esse
1257 4281 1533 4339 studerem
1592 4279 1650 4333 in
1697 4276 1874 4332 corri-

283 4390 501 4461 piendo.

813 4473 992 4533 VISIO
1029 4470 1337 4541 QUARTA.

289 4594 624 4650 Dwmonibus
662 4592 740 4646 ad
782 4588 1195 4660 desperationem
1238 4592 1286 4638 et
1335 4580 1613 4660 per/idiom
1651 4578 1878 4660 incitan-

354 4663 517 4792 zibus",
566 4664 807 4735 angelico
841 4650 1042 4713 monitu
1069 4650 1410 4711 OtMonusin
1453 4667 1542 4722 spe
1564 4666 1626 4704 ac
1653 4650 1758 4719 ﬁde
1788 4666 1879 4703 ro-

388 4754 486 4792 ora
510 4752 595 4790 ur.

356 4850 500 4905 Ante
548 4837 873 4905 decennium
930 4852 1123 4915 agente
1170 4853 1258 4895 me
1285 4836 1568 4894 decaniam
1614 4834 1668 4889 in
1698 4848 1884 4889 mona-

291 4942 461 4998 sterio
510 4950 717 5005 nostro,
766 4947 823 4993 et
872 4936 1097 5001 abbate,
1135 4946 1242 4987 non
1276 4931 1429 5002 juxta
1460 4925 1659 4998 regulae
1682 4933 1883 4982 sanctte

295 5034 565 5096 instituta,
590 5030 686 5087 sed
719 5028 1021 5087 secundum
1048 5023 1290 5095 episcopi
1340 5030 1671 5094 praeceptum
1698 5016 1782 5071 vel
1804 5016 1886 5088 ju-

296 5127 513 5156 “=A-I‘m

567 5124 927 5156 nlunmmt'om
978 5116 1230 5156 nﬂ’mlnna
1275 5116 1510 5156 nlurima
1551 5110 1676 5156 illlll‘.
1709 5111 1887 5156 disnn—

1531 299 1734 360 LlBER
1773 292 2101 354 VlSlONUM
2113 332 2126 346 .

1906 417 2006 474 per
2036 409 2279 472 tempora
2323 398 2492 453 multa
2522 394 2772 451 obtinere
2811 386 2975 444 valui.
3008 385 3165 443 Unde
3190 383 3389 441 factum
3417 395 3503 440 est

3392 277 3502 333 535$

1910 504 1989 559 ut,
2034 494 2160 564 quia
2195 490 2337 546 nulla
2366 488 2507 559 apud
2536 501 2659 542 eum
2702 483 2995 552 impetrare
3033 477 3201 549 potui,
3234 475 3350 531 zelo
3378 475 3501 546 plus

1905 588 2055 659 justo
2097 585 2292 640 ductus
2335 595 2527 651 aspera
2581 579 2911 645 incautaque
2962 573 3102 626 dicta
3153 569 3395 639 qumdam
3429 569 3504 623 ita

1912 658 2103 736 contra
2139 692 2263 732 eum
2312 672 2613 744 proferrem
2659 677 2719 721 ut
2747 682 2832 722 me
2883 677 3096 735 quoque
3126 658 3505 715 meledictione

1914 780 2316 826 conuectercm.
2368 764 2472 819 Pro
2518 761 2736 831 quibus,
2779 758 2905 813 licet
2944 753 3321 826 pmnitentiam
3376 759 3505 803 tunc

1916 878 2101 917 coram
2134 860 2332 915 abbate
2379 856 2637 927 egissem,
2673 861 2850 906 tamen
2880 848 3005 919 quia
3047 861 3235 900 coram
3290 843 3424 907 Deo,
3450 841 3512 896 in

1917 970 2079 1027 quem
2118 953 2291 1009 solum
2329 949 2566 1006 maxime
2596 944 2839 1018 peccavi,
2879 942 3021 996 idem
3059 938 3239 993 facere
3273 935 3507 1007 neglexi,

1918 1054 2041 1116 post
2070 1045 2186 1100 dies
2213 1057 2414 1115 paucos
2440 1040 2495 1095 in
2547 1037 2917 1093 infirmitatem
2952 1029 3144 1086 decidi.
3174 1028 3301 1083 ΠιΡο
3328 1036 3506 1082 autem

1922 1134 1995 1190 ita
2018 1150 2138 1190 esse
2166 1133 2350 1198 credo,
2390 1132 2519 1202 quia
2547 1124 2934 1196 'correptionis
2981 1120 3176 1202 divinae
3217 1116 3448 1189 gratiam
3479 1137 3515 1170 ιι.

1920 1226 2152 1297 pueritia
2189 1238 2362 1294 usque
2413 1223 2465 1277 in
2499 1233 2745 1292 prtescns
2780 1213 2943 1270 habui
2997 1193 3301 1282 saepiusque
3348 1212 3449 1263 hoc
3476 1226 3503 1260 ιι

1923 1318 2151 1372 Domino
2200 1316 2351 1387 petii,
2388 1323 2448 1369 ut
2491 1312 2923 1384 quotiescunque
2968 1304 3184 1375 aliquod
3229 1313 3509 1372 peccatum

1925 1425 2094 1481 grave
2121 1407 2261 1462 clam
2301 1422 2396 1461 seu
2436 1405 2616 1477 palam
2662 1400 3087 1461 committerem,
3131 1395 3388 1448 continuo
3427 1392 3515 1445 vel

1922 1509 2049 1571 post
2078 1515 2282 1571 paucos
2313 1499 2428 1554 dies
2464 1497 2617 1567 gravi
2647 1495 2811 1550 etiam
2846 1487 3178 1546 inﬁrmitatis
3209 1501 3302 1541 seu
3345 1484 3515 1538 tribu-

1926 1592 2148 1647 latiuuis
2174 1590 2403 1661 alicujus
2432 1587 2683 1645 molestia
2720 1583 2969 1641 alﬁccrer
2994 1598 3009 1647 ;
3035 1579 3179 1634 unde
3203 1586 3256 1635 et
3282 1568 3519 1631 inﬁrmi-

1928 1695 2093 1744 tatem
2135 1688 2385 1760 proxime
2424 1686 2626 1742 dictam
2675 1687 2841 1738 eredo
2884 1693 2987 1750 pro
3023 1691 3086 1731 ea
3126 1674 3310 1735 causa,
3357 1682 3517 1738 quam

1438 1814 1603 1869 super
1652 1795 1826 1850 amhi-
1859 1787 1900 1846 Β
1928 1780 2091 1836 modo
2124 1759 2352 1851 protuli,
2383 1779 2655 1835 evenisse.
2690 1773 2984 1831 lnﬁrmitas
3013 1777 3193 1823 autem
3230 1762 3420 1820 eadem
3446 1759 3521 1814 ita

1928 1870 2072 1926 facta
2100 1878 2209 1927 est.

2002 1961 2135 2019 Ctim
2177 1978 2274 2034 per
2298 1960 2435 2019 duos
2478 1959 2563 2016 vel
2609 1970 2719 2015 tres
2757 1956 2873 2013 dies
2909 1955 3141 2024 languor
3173 1946 3520 2003 invalesreus

1930 2071 2020 2111 me
2052 2056 2105 2109 in
2136 2056 2298 2109 domo
2324 2055 2666 2108 inﬁrmorum
2704 2063 2926 2105 manere
2958 2049 3197 2115 cogeret,
3235 2036 3438 2093 accidit
3467 2042 3526 2087 ut

1934 2148 2006 2205 ibi
2040 2146 2097 2203 in
2124 2147 2266 2203 lecto
2295 2145 2524 2200 nimium
2550 2142 2839 2214 languidus
2862 2140 3051 2211 jacens
3080 2148 3202 2206 poSt
3230 2129 3530 2201 completo-

1935 2241 2077 2297 rium
2129 2254 2408 2312 sperarem
2460 2253 2546 2292 me
2592 2236 2788 2291 melius
2834 2232 3170 2291 habiturum,
3219 2226 3263 2282 si
3301 2235 3535 2294 surgens

1937 2333 2184 2387 sederem
2212 2339 2339 2386 ante
2362 2326 2717 2394 lectum.Quo
2738 2325 2908 2389 facto,
2939 2320 3188 2375 videbam
3217 2331 3314 2388 per
3342 2314 3525 2369 lumen

1939 2423 2012 2479 ibi
2057 2438 2353 2479 accensum
2387 2420 2543 2493 quasi
2592 2417 2741 2474 fumo
2773 2414 3029 2487 repletam
3071 2425 3194 2466 esse
3229 2417 3397 2465 totam
3435 2409 3538 2459 do-

1939 2531 2108 2571 mum.
2134 2516 2251 2584 Qua
2278 2516 2344 2571 de
2374 2530 2432 2570 re
2453 2522 2509 2570 et
2545 2515 2742 2569 horror
2764 2508 2924 2565 simul
2952 2517 3006 2563 ct
3037 2507 3200 2561 tintor
3227 2518 3315 2559 me
3343 2502 3418 2556 ita
3448 2503 3529 2553 in-

1940 2609 2083 2664 vasit
2131 2617 2189 2663 ut
2235 2623 2376 2678 pene
2421 2605 2569 2663 omni
2626 2605 2733 2660 ﬁde
2780 2608 2837 2659 et
2882 2598 3283 2667 ﬁducia,quam
3334 2593 3387 2648 in
3423 2595 3539 2651 Deo

1942 2703 2146 2759 habere
2200 2702 2463 2765 solebam,
2520 2699 2814 2754 destitutus
2853 2706 3129 2764 surgeretn
3179 2699 3236 2744 et
3286 2688 3353 2743 ad
3407 2702 3531 2743 eum

1946 2792 2165 2857 laicum,
2194 2791 2285 2864 qui
2311 2791 2421 2846 illic
2448 2791 2515 2845 ad
2562 2785 2893 2859 vigilandum
2940 2786 3231 2853 deputatus
3256 2789 3395 2843 erat,
3438 2792 3541 2847 pro

1948 2899 2038 2939 me
2068 2882 2457 2943 benedicendo,
2491 2876 2841 2933 nutabundus
2888 2871 3246 2928 ambularem.
3295 2868 3540 2938 Cumun

1949 2984 2077 3029 ante
2102 2972 2220 3043 ejus
2244 2972 2444 3028 lectum
2475 2980 2704 3034 starem,
2733 2967 2943 3038 pudore
2972 2964 3143 3020 nimio
3177 2972 3367 3033 captus
3396 2961 3540 3030 quod
3614 2998 3629 3010 .

1950 3066 2018 3121 ab
2064 3078 2129 3119 eo
2180 3062 2573 3118 benedictionis
2615 3060 2849 3131 gratiam
2895 3053 3059 3112 ullam
3096 3062 3282 3126 petere
3322 3050 3545 3114 vellem,

3358 3147 3547 3202 fratris

1956 3250 2143 3322 :egroti
2180 3249 2381 3305 lectum
2417 3264 2518 3320 pro
2548 3263 2710 3303 causa
2755 3245 2945 3300 eadem
2990 3240 3344 3298 deambulans
3390 3253 3546 3293 eum-

1959 3359 2065 3414 que
2094 3342 2337 3397 dormire
2387 3341 2631 3396 sentiens
2669 3337 2921 3394 similiter
2955 3334 3078 3391 feci.
3126 3334 3342 3388 interea
3375 3330 3552 3402 magis

1957 3436 2186 3491 horrore
2214 3435 2439 3490 visionis
2487 3432 2713 3487 fumosa:
2746 3430 2985 3500 repletus
3014 3430 3080 3483 ad
3125 3427 3324 3482 lectum
3367 3440 3456 3481 me
3478 3440 3549 3479 un

1961 3529 2097 3584 redii
2135 3529 2308 3585 fessus
2344 3528 2530 3597 ibique
2561 3525 2806 3580 residens
2830 3521 3134 3578 meditabar
3159 3518 3288 3588 quid
3318 3519 3553 3573 facerem

1961 3639 2135 3695 quove
2159 3622 2398 3692 fugerem
2421 3621 2529 3675 tale
2559 3628 2884 3674 monstrum.
2918 3604 3103 3687 Neque
3123 3613 3268 3668 enim
3307 3611 3551 3668 dubitavi

1966 3718 2070 3773 hoc
2109 3713 2226 3770 fore
2263 3729 2364 3784 per
2391 3711 2654 3781 malignos
2684 3695 2929 3780 spiritus,
2958 3705 3049 3777 qui
3084 3705 3227 3759 inter
3267 3702 3439 3772 ipsum
3468 3699 3557 3758 fu-

1967 3823 2115 3864 mum
2140 3814 2356 3863 certare
2382 3804 2620 3875 qualiter
2647 3817 2732 3859 me
2758 3807 3023 3856 vexarent
3051 3796 3184 3853 mihi
3205 3793 3555 3852 videbantur.

1966 3901 2101 3957 Cum
2135 3906 2316 3953 autem
2346 3897 2437 3951 diu
2473 3902 2749 3951 certamen
2777 3889 3084 3962 hujusmodi
3115 3901 3221 3944 non
3244 3883 3562 3950 earnaliter,

1966 3993 2062 4050 sed
2087 3989 2400 4063 spiritaliter
2430 3988 2516 4060 agi
2552 3987 2840 4051 sentirem,
2872 3982 3253 4049 neminemque
3280 3977 3387 4034 illic
3408 3989 3564 4034 com-

1971 4093 2276 4152 morantem
2309 4082 2439 4138 mihi
2489 4092 2813 4137 succurrere
2859 4072 3136 4147 sperarem
3170 4072 3318 4137 (nam
3369 4085 3567 4127 omnes

1975 4179 2143 4235 nimio
2171 4185 2327 4232 erant
2366 4190 2558 4231 somno
2590 4169 2880 4243 depressi),
2917 4177 3046 4222 tunc
3073 4162 3177 4220 ﬁde
3221 4160 3563 4232 aliquantula

1975 4278 2192 4337 recepta
2221 4267 2458 4338 psalmos
2485 4264 2749 4334 quosdam
2787 4273 2987 4315 canere
3017 4257 3179 4326 cmpi.
3214 4254 3283 4309 Et
3328 4254 3433 4309 hac
3472 4253 3569 4308 de-

1978 4360 2291 4418 cantatione
2311 4370 2564 4429 egressus
2586 4352 2891 4424 proximam
2914 4348 3087 4404 sancti
3112 4344 3249 4402 Galli
3268 4344 3567 4400 Ecclesiam

1980 4450 2177 4510 intravi
2205 4451 2390 4521 ibique
2420 4462 2604 4504 coram
2636 4445 2808 4499 altare
2834 4448 3165 4514 prostratus,
3193 4454 3259 4495 eo
3280 4452 3388 4507 quo
3415 4436 3566 4507 potui

1905 4516 1954 4577 θ
1981 4547 2099 4603 nisu
2142 4516 2422 4614 psallendo
2476 4539 2646 4596 oravi.
2699 4537 2916 4593 Interea
2964 4548 3117 4599 vero,
3164 4531 3291 4602 quia
3324 4530 3570 4600 peccatis

1983 4638 2120 4694 meis
2150 4633 2491 4707 exigentibus
2519 4630 2698 4686 omnis
2734 4629 2889 4701 vigor
2919 4624 3119 4682 mentis
3151 4631 3209 4679 et
3240 4623 3489 4692 corporis
3512 4618 3570 4674 in

1986 4746 2075 4786 me
2101 4731 2210 4786 cito
2247 4726 2469 4793 defecit,
2519 4724 2663 4782 sensi
2685 4738 2785 4794 per
2832 4721 3083 4793 spiritum
3129 4714 3404 4788 quomodo
3444 4712 3577 4769 mihi

1986 4824 2129 4880 labia
2169 4840 2198 4878 a
2230 4820 2482 4895 malignis
2527 4818 2815 4891 spiritibus
2853 4812 3375 4884 comprimebantur,
3404 4821 3473 4862 ne
3510 4804 3581 4859 ad

1984 4915 2325 4988 psallendum
2373 4912 2583 4968 moveri
2629 4916 2874 4982 possent.
2924 4904 3035 4960 Sed
3091 4916 3181 4957 me
3228 4906 3418 4958 contra
3466 4896 3585 4950 hmc

1986 4987 2241 5064 manibus
2286 4988 2537 5074 utrisque
2600 5002 2669 5058 ad
2728 5001 2872 5056 labia
2920 4995 3215 5068 aperienda
3269 4987 3585 5058 aliquandiu

1989 5107 2364 5156 concertante.
2382 5095 2643 5156 fatigatus
2664 5109 2807 5156 sum,
2823 5092 2899 5148 ita
2919 5096 2981 5144 ut
3001 5086 3158 5143 facile
3178 5100 3240 5141 os
3261 5077 3476 5149 aperire
3499 5091 3589 5130 ne-
