3942 5340
418 238 532 297 355

1466 223 1770 281 OTilLO-Nl
1804 218 2114 280 MONACHI
2145 216 2204 273 S.
2246 211 2669 272 EMMERAMMI

3595 210 3720 267 55¢

420 348 745 407 lassitudine
780 345 1026 416 requiem
1069 341 1306 412 aliquam
1332 343 1549 411 soporis
1576 336 1843 395 salutiferi
1886 345 2016 391 tunc
2043 339 2091 400 Α
2121 332 2284 389 modo
2300 331 2518 387 audisti.
2561 330 2637 387 De
2667 329 2771 385 lide
2799 343 3054 399 namque,
3086 342 3247 399 quam
3277 326 3330 381 in
3372 325 3484 381 Deo
3506 325 3719 383 dudum

419 454 593 514 posse
621 437 829 496 sortiri.
863 434 1106 505 Cumque
1127 448 1227 504 pro
1256 433 1357 488 hac
1383 447 1478 503 spe
1514 430 1655 487 lecto
1688 443 1772 484 me
1802 441 2010 500 ponens

423 534 498 591 nil
516 531 721 605 sperati
738 529 948 601 soporis
976 540 1172 597 capere
1199 525 1517 596 potuissem,
1544 524 1659 587 sed,
1685 532 2012 592 quocunque

422 641 514 685 me
533 634 824 689 verterem,
842 621 931 676 illa
950 619 1181 675 fumosa:
1203 618 1428 673 visionis
1451 616 1649 672 indicia
1669 614 2012 684 aliquomodo

426 719 712 783 sentirem,
738 714 988 786 jacebam
1026 711 1193 768 nimia
1231 721 1340 767 tam
1372 710 1539 766 animi
1567 724 1729 780 quam
1770 706 2014 776 corporis

424 808 745 871 inﬁrmitate
773 807 1049 861 detentus.

493 899 639 955 later
664 899 781 955 hinc
827 913 982 963 vero,
1022 912 1145 953 cum
1182 909 1360 967 neque
1405 908 1629 965 prorsus
1663 908 1749 949 me
1783 892 2013 963 vigilare

422 1004 525 1055 nec
556 991 775 1061 penitus
822 989 1063 1044 dormire
1127 987 1445 1051 sensissem,
1500 993 1723 1055 repente
1766 983 1896 1038 mihi
1938 982 2019 1037 vi-

425 1097 543 1135 sum
604 1089 690 1136 est
760 1067 906 1150 quod
972 1080 1027 1135 in
1103 1092 1298 1147 campo
1381 1076 1616 1147 quodam
1686 1074 1819 1130 mihi
1889 1081 2018 1129 noto

423 1170 648 1228 fuissem
678 1170 1051 1227 circumdatus
1083 1168 1432 1225 multitudine
1480 1170 1784 1224 daamonum
1826 1166 2019 1236 plausu

424 1264 803 1335 cacbiunoque
846 1264 1051 1334 ingenti
1082 1276 1268 1318 coram
1307 1278 1393 1319 me
1415 1261 1738 1318 ludentium.
1770 1260 1885 1333 Ego
1914 1276 2018 1315 au-

429 1368 539 1415 tem
587 1358 724 1413 nihil
775 1357 1038 1413 dubitans
1081 1358 1173 1428 qui
1224 1365 1407 1413 essent
1454 1365 1768 1426 quantaque
1813 1352 2021 1409 malitia

429 1449 613 1507 omnia
640 1447 912 1515 facerent,
937 1456 1146 1519 quanto
1196 1448 1391 1518 majori
1437 1447 1548 1502 risu
1587 1462 1682 1502 eos
1722 1453 2022 1514 occupatos

430 1541 570 1608 vidi,
610 1549 762 1597 tanto
793 1540 1092 1596 tristiorem
1117 1553 1204 1595 me
1246 1538 1492 1604 exhibui,
1534 1545 1722 1608 utpote
1766 1536 1856 1606 qui
1901 1534 2023 1590 illos

429 1633 756 1706 perditionis
781 1648 915 1688 mea?
967 1647 1136 1688 causa
1164 1639 1527 1703 congregatos
1547 1630 1776 1687 credidi.
1809 1629 1881 1684 At
1918 1628 2019 1695 illi,

2115 425 2375 490 habuisti,
2418 423 2762 479 certissimus
2809 429 2948 477 esto.
3013 419 3120 476 Sed
3162 430 3218 476 et
3252 421 3356 476 hoc
3401 419 3541 475 scito
3579 420 3721 488 quia

2113 517 2294 573 omnia
2326 532 2447 588 quae
2493 531 2687 587 passus
2728 530 2788 571 es
2831 515 2981 570 novit
3008 515 3153 569 Deus
3183 522 3238 569 et
3289 513 3357 568 ad
3401 511 3721 587 profectum

2113 618 2264 664 tuum
2317 608 2434 663 fieri
2485 609 2750 679 permisit.
2796 607 2891 663 llis
2930 608 3088 663 dictis
3126 606 3381 661 celeriter
3433 619 3717 676 nusquam

2114 702 2435 769 comparuit.

2186 796 2257 847 At
2289 794 2563 848 daemones
2594 808 2715 847 mox
2747 800 2869 863 post
2890 792 3009 863 ejus
3030 792 3327 847 discessum
3355 789 3597 860 undique
3622 802 3721 844 so-

2115 884 2213 940 lito
2258 900 2408 940 more
2444 883 2900 940 circumvolantcs
2929 884 2997 938 ad
3040 899 3127 938 me
3175 884 3433 938 dixerunt
3468 897 3483 935 :
3521 879 3723 934 Miser-

2119 976 2278 1045 rime,
2311 977 2440 1046 quid
2473 978 2620 1042 huic,
2654 977 2747 1048 qui
2780 987 2831 1032 te
2859 977 3113 1048 decipere
3142 976 3311 1040 venit,
3341 973 3549 1044 aliquid
3594 989 3725 1029 cre-

2119 1067 2251 1123 dere
2284 1069 2467 1137 cupis?
2495 1065 2684 1122 Nonne
2712 1082 2779 1123 ex
2805 1068 2908 1123 hoc
2936 1077 3088 1139 potes
3115 1067 3351 1137 probare
3392 1065 3548 1120 illius
3576 1079 3724 1135 qua—

2119 1157 2335 1215 litatem
2362 1159 2505 1229 quod
2535 1174 2637 1213 nec
2665 1158 2755 1213 hic
2780 1158 2985 1215 diutius
3017 1173 3241 1231 manere
3280 1156 3438 1214 nobis
3473 1169 3723 1226 prtesen-

2122 1255 2269 1312 tibus
2296 1254 2561 1312 audebat?
2592 1254 2722 1321 Fac,
2756 1255 2944 1324 miser,
2976 1255 3121 1327 quod
3144 1253 3388 1311 facturus
3416 1253 3723 1318 eris,com~

2123 1348 2348 1403 mittens
2379 1356 2433 1403 te
2466 1355 2666 1403 nostrae
2691 1348 2974 1418 potestati.

2196 1437 2322 1493 llzec
2351 1447 2403 1493 et
2436 1439 2522 1493 his
2550 1438 2749 1494 similia
2796 1438 3043 1494 dicentes
3073 1449 3129 1493 et
3161 1453 3246 1494 me
3300 1438 3511 1492 interea
3544 1434 3723 1490 nimio

2124 1527 2309 1583 furore
2340 1526 2668 1592 auferentes,
2703 1528 3071 1585 discesserunt
3102 1530 3226 1584 inde
3254 1539 3309 1584 et
3338 1543 3437 1600 per
3468 1527 3629 1600 plana
3659 1534 3724 1584 et

2126 1635 2340 1692 aspera,
2373 1637 2471 1693 per
2499 1622 2715 1678 excelsa
2743 1633 2797 1679 et
2828 1622 3095 1695 profunda
3125 1640 3234 1680 uno
3262 1624 3570 1695 cadentque
3598 1638 3722 1679 mo-

429 1737 494 1781 ut
515 1726 769 1781 viderunt
788 1739 876 1780 me
900 1724 1213 1780 nullatenus
1235 1725 1315 1778 eis
1344 1722 1482 1778 velle
1508 1722 1772 1787 arridere,
1798 1721 1850 1777 in
1881 1721 2019 1775 iram
2054 1709 2096 1769 Β
2125 1711 2194 1766 de
2216 1712 2303 1767 diu
2336 1721 2612 1781 vagantes,
2647 1729 2733 1768 me
2763 1730 2860 1785 per
2891 1724 3181 1786 utrumque
3221 1714 3363 1770 latus
3413 1713 3720 1770 crudeliter

425 1815 651 1891 excitati
699 1823 828 1869 sunt
876 1813 1100 1868 nimiam
1133 1813 1417 1869 dicentes:
1451 1808 1705 1881 Nunquid
1742 1819 1805 1891 ,ιιι
1836 1809 2021 1865 uobis-

425 1888 550 1962 cum
583 1905 822 1978 gaudere
843 1913 899 1960 et
933 1903 1166 1975 joculari
1204 1919 1311 1960 non
1342 1902 1424 1959 vis
1446 1903 1469 1957 ?
1491 1901 1627 1970 Quia
1652 1888 1782 1973 ergo
1808 1900 2020 1969 elegisti

429 1994 740 2061 tristitiam,
775 1997 911 2049 satis
964 1993 1210 2065 profecto
1258 1994 1560 2065 experieris
1606 1992 1772 2047 illam.
1814 1990 2023 2059 Quibus

428 2084 589 2141 dictis
630 2100 758 2140 mox
801 2084 1257 2140 circumvolantes
1305 2083 1546 2156 undique
1604 2092 1658 2138 et
1686 2083 1915 2138 invicem
1963 2098 2022 2138 se

429 2176 787 2232 cohortantes
819 2175 873 2231 in
900 2176 1006 2231 mei
1036 2177 1420 2233 contritionem
1449 2177 1799 2245 dicentesque
1831 2194 1844 2229 :
1885 2174 2021 2241 Quid

430 2268 593 2324 modo
648 2268 876 2323 tardatis
926 2268 981 2323 in
1024 2282 1089 2324 eo
1112 2267 1254 2340 quod
1282 2265 1425 2339 saepe
1466 2266 1820 2337 petistis?En
1860 2264 2021 2320 estin

430 2361 683 2418 manibus
710 2360 932 2425 vestris,
955 2375 1117 2432 quem
1147 2360 1367 2416 assidua
1388 2359 1857 2415 eircumventione
1882 2372 2026 2427 qua:-

430 2452 601 2511 sistis.
627 2452 839 2508 Exinde
862 2451 1136 2523 proficisci
1167 2459 1472 2523 emperuut,
1498 2459 1554 2506 et
1583 2465 1670 2504 me
1689 2459 1919 2519 utroque
1948 2448 2026 2502 la-
2066 2448 2071 2449 “

430 2555 548 2601 tere
572 2559 833 2615 percusso
859 2558 1045 2600 secum
1076 2543 1156 2599 ire
1183 2556 1273 2605 ea,
1316 2542 1558 2613 qua-ipsi
1599 2542 1780 2597 ierunt
1819 2540 2025 2595 veloci-

432 2648 571 2703 tate,
621 2636 1021 2707 compulerunt.
1079 2633 1190 2689 iter
1236 2649 1365 2687 vero
1415 2647 1628 2696 eorum,
1667 2641 1726 2685 ut
1768 2630 1900 2685 mihi
1949 2628 2026 2683 vi-

431 2729 682 2792 debatur,
714 2734 863 2780 tanta
912 2723 1195 2779 celeritate
1221 2723 1487 2794 agebatur
1532 2733 1591 2776 ut
1629 2719 1729 2776 sub
1755 2728 2028 2775 momento

435 2821 766 2877 brevissimo
792 2817 1057 2873 latissima
1100 2825 1261 2872 terra:
1292 2814 1467 2885 spatia
1513 2814 1830 2869 circuircnt.
1874 2811 2027 2879 Quod

433 2927 560 2968 cum
586 2911 796 2982 pariter
831 2909 1013 2964 facere
1041 2906 1349 2984 nequirem,
1383 2914 1438 2961 et
1467 2914 1647 2959 tamen
1689 2919 1719 2958 a
1745 2902 2029 2974 spiritibus

436 3004 691 3077 malignis
721 3001 1163 3076 percussionibus
1191 2999 1401 3055 crebris
1435 2997 1761 3069 impellercr,
1789 3011 1901 3066 prce
1930 3009 2031 3049 an-

2128 1820 2449 1874 pereussum
2476 1820 2661 1862 secum
2695 1806 2775 1863 ire
2822 1807 3078 1863 celeriter
3116 1807 3401 1877 jusserunt
3448 1816 3619 1877 atque
3668 1806 3723 1860 in

2127 1894 2485 1966 praecipitium
2535 1897 2707 1953 multo
2752 1897 3111 1969 periculosius
3165 1899 3347 1969 priore
3381 1906 3723 1963 statuerunt,

2129 1988 2219 2044 ubi
2268 1990 2436 2057 idem,
2477 1998 2538 2045 ut
2585 1992 2760 2060 prius,
2808 1990 3042 2063 plurima
3085 1990 3378 2061 opprobria
3431 1990 3728 2059 variasque.

2130 2083 2306 2139 minas
2355 2084 2680 2141 ebullieutcs
2731 2087 2867 2141 adeo
2914 2102 3002 2141 me
3050 2094 3381 2153 terruerunt,
3413 2093 3475 2139 ut
3502 2084 3725 2149 eadem,

2130 2189 2250 2243 qua:
2278 2174 2441 2229 etiam
2474 2177 2646 2247 prius,
2675 2177 2852 2232 facere
2875 2178 3192 2248 cogitarem.
3247 2176 3354 2234 Sed
3379 2194 3505 2235 cum
3536 2178 3592 2233 in
3619 2178 3728 2233 hoc

2130 2269 2273 2326 bello
2304 2265 2593 2325 mstdarem
2639 2278 2695 2325 et
2735 2270 3049 2339 aliquandiu
3098 2268 3358 2326 dill‘erens
3391 2270 3575 2326 facere
3603 2285 3729 2340 quae

2132 2361 2366 2431 cegehar
2397 2370 2620 2431 propter
2669 2360 2858 2416 solatia
2915 2361 3170 2432 praedicta
3211 2361 3727 2432 circumspicerent,

2133 2450 2175 2506 si
2209 2449 2347 2504 forte
2377 2451 2571 2505 iterum
2604 2450 2818 2519 aliquod
2842 2452 3155 2520 praesidium
3183 2467 3213 2506 a
3243 2451 3351 2506 Deo
3382 2452 3722 2512 mitteretur,

2134 2540 2313 2595 subito
2346 2540 2487 2595 idem
2514 2540 2605 2610 qui
2652 2550 2705 2597 et
2736 2541 2887 2610 prius
2914 2542 3182 2611 apparuit,
3221 2541 3484 2611 majorem
3528 2551 3726 2598 osten—

2136 2640 2256 2686 taus
2287 2632 2538 2699 ﬁduciam
2590 2648 2751 2701 quam
2798 2633 2966 2703 prius.
3025 2631 3160 2686 Nam
3211 2632 3299 2686 illa
3353 2633 3729 2688 consolatoria

2136 2725 2324 2791 verba,
2356 2739 2480 2795 qum
2511 2734 2673 2779 antea
2723 2724 2883 2784 clam.
2919 2734 3046 2779 tunc
3087 2723 3423 2780 manifestim
3467 2724 3726 2794 protulit,

2137 2819 2326 2873 dicens
2351 2835 2364 2871 :
2403 2816 2546 2882 Noli,
2575 2831 2782 2887 quaeso,
2812 2815 2919 2870 noli
2952 2829 3214 2887 peragere
3240 2830 3361 2885 quze
3383 2813 3727 2879 deliberasti,

2139 2910 2231 2965 sed
2257 2909 2596 2965 eonl'ortelur
2637 2925 2733 2965 cor
2765 2918 2915 2963 tuum
2947 2916 3136 2963 contra
3167 2908 3571 2979 impugnantes.
3626 2903 3731 2959 Cui.

2138 3017 2240 3074 ego
2292 3002 2584 3072 respondi:
2619 3001 2856 3074 Nequeo,
2887 3001 3115 3057 Domine
3147 3001 3240 3069 uti,
3296 3009 3445 3056 tanta
3482 2998 3732 3069 pericula

437 3073 616 3168 gustia
638 3103 695 3150 et
723 3073 1042 3150 diﬂicultate
1071 3091 1300 3162 spiritus
1326 3089 1552 3144 videbar
1578 3087 1711 3142 mihi
1754 3087 1868 3142 cito
1897 3085 2029 3141 deli-

2142 3095 2324 3151 tandiu
2370 3095 2661 3156 suslinere.
2710 3112 2832 3151 cum
2877 3103 2933 3150 et
2966 3095 3119 3150 turba
3155 3094 3349 3165 ingens
3391 3102 3587 3149 contra
3641 3105 3733 3146 me

439 3201 584 3243 cere.
614 3185 675 3240 lu
705 3183 1015 3256 bujusmodi
1042 3196 1173 3253 ergo
1202 3179 1520 3236 diﬂicnlta'te
1546 3176 2034 3233 multainell‘abilia

438 3293 635 3350 passus
674 3277 959 3348 multaque
989 3274 1112 3332 loca
1153 3274 1422 3331 citissime
1457 3287 1777 3344 peragrans,
1820 3273 2035 3327 tandem

442 3368 654 3441 positus
701 3384 820 3425 sum
871 3368 926 3423 in
974 3366 1248 3438 quoddam
1292 3364 1650 3435 praecipitium
1708 3361 1836 3429 tale,
1886 3361 2040 3431 cujus

444 3460 738 3517 summitas
765 3459 854 3515 vix
885 3473 975 3514 me
1000 3465 1241 3528 caperet,
1274 3457 1538 3527 cujusque
1559 3457 1666 3510 ima
1691 3455 1869 3510 nullus
1894 3455 2040 3510 visus

441 3556 755 3626 pertingere
779 3561 984 3625 posset.
1033 3552 1135 3609 Ubi
1170 3567 1255 3607 me
1299 3549 1797 3621 circumspiciente,
1840 3549 1885 3604 si
1920 3549 2042 3619 quis

443 3643 710 3700 evadendi
739 3644 891 3699 locus
922 3652 1087 3710 esset,
1120 3643 1213 3712 qui
1241 3653 1420 3698 tamen
1455 3656 1562 3697 non
1584 3656 1705 3696 esse
1737 3639 2041 3706 videbatur,

444 3734 687 3804 undique
716 3733 1177 3789 eircumvolantes
1208 3732 1277 3787 ad
1320 3746 1405 3786 me
1437 3732 1712 3787 daemones
1741 3731 1997 3786 dixerunt
2025 3745 2040 3783 :

449 3823 555 3879 Ubi
580 3838 713 3892 ergo
736 3839 882 3878 nunc
908 3832 994 3878 est
1029 3837 1155 3892 spes
1197 3821 1288 3876 illa
1328 3838 1492 3893 quam
1522 3823 1573 3877 in
1602 3822 1713 3876 Deo
1760 3819 2043 3876 habuisti?

455 3910 559 3966 Ubi
587 3927 806 3982 quoque
834 3920 917 3967 est
941 3912 1056 3980 ipse
1083 3910 1226 3966 Deus
1252 3911 1412 3966 tuus?
1434 3912 1686 3967 nescisne
1706 3912 1851 3981 quod
1872 3925 2046 3980 neque

458 4004 624 4069 Deus,
656 4012 718 4059 ut
761 4003 986 4071 dicitur,
1019 4012 1126 4069 est,
1159 4018 1336 4074 neque
1385 4004 1530 4058 illius
1563 4004 1804 4075 potentia
1853 4014 2047 4059 contra

455 4110 560 4151 nos
597 4095 895 4166 quidquam
926 4094 1222 4166 prmvalet?
1256 4095 1323 4149 Et
1355 4104 1415 4150 ut
1446 4096 1552 4150 boc
1596 4096 1669 4149 ita
1694 4110 1812 4150 esse
1844 4096 2048 4165 absque

455 4186 623 4243 dubio
668 4202 953 4259 agnoscas,
985 4186 1196 4257 respice
1239 4185 1364 4256 quia
1400 4200 1563 4241 nemo
1594 4185 1684 4240 hic
1722 4195 1807 4240 est
1837 4187 2049 4255 adjutor

456 4289 585 4335 tuus
612 4294 880 4349 nemoque
903 4287 955 4333 te
984 4278 1196 4348 eripere
1227 4286 1409 4349 potest
1444 4278 1511 4333 de
1538 4277 1792 4333 manibus
1822 4278 2046 4332 nostris.

458 4370 611 4440 Elige
637 4385 768 4441 ergo
792 4386 939 4426 nunc
960 4370 1091 4441 quid
1120 4369 1312 4435 facias,
1344 4371 1472 4441 quia
1501 4370 1603 4425 nisi
1631 4370 1719 4425 illa
1744 4386 1864 4441 quae
1890 4371 2047 4427 nobis

460 4461 714 4533 placeant
739 4461 962 4517 fatearis
991 4460 1187 4517 amodo
1219 4471 1272 4515 te
1308 4472 1577 4525 acturum,
1611 4461 1699 4516 hic
1735 4462 2042 4533 praecipita-

465 4552 546 4608 ris
575 4551 628 4605 in
653 4550 930 4622 abyssum.
958 4550 1057 4605 Ast
1082 4567 1184 4621 ego
1212 4551 1328 4607 bare
1361 4553 1590 4608 audiens
1616 4553 1862 4622 angustia
1892 4552 2049 4607 undi-

469 4658 575 4714 que
602 4642 949 4714 deprimehar
975 4657 1076 4712 pro
1103 4658 1168 4698 eo
1197 4647 1342 4713 quod
1382 4659 1558 4714 neque
1602 4645 1708 4700 illis
1736 4646 2050 4703 consentire

468 4750 648 4805 neque
682 4734 939 4790 resistere
973 4743 1145 4788 tutum
1176 4748 1299 4789 esse
1322 4735 1498 4790 rebar.
1530 4734 1877 4791 Recordabar
1904 4739 2049 4794 enim

470 4825 600 4882 licet
627 4836 809 4880 mente
831 4825 1069 4891 inﬁrma,
1095 4825 1221 4894 quia
1246 4824 1349 4879 lide
1370 4825 1671 4879 certissima
1692 4827 1821 4881 olim
1845 4828 2050 4884 credidi

472 4932 529 4978 et
557 4921 663 4994 legi
697 4920 865 4976 Deum
913 4921 1113 4991 ubique
1149 4931 1474 4991 praesentem
1506 4935 1626 4976 esse
1674 4920 1904 4989 ideoque
1947 4920 2057 4975 cir-

473 5013 780 5084 cumspexi,
813 5013 860 5069 si
906 5010 1067 5077 forte,
1102 5021 1162 5066 ut
1190 5009 1552 5076 credideram,
1598 5010 1816 5080 aliquod
1851 5027 1916 5066 ex
1950 5011 2059 5068 Deo

479 5108 788 5164 mitteretur
815 5104 1136 5162 subsidium.
1168 5102 1302 5157 Cum
1343 5112 1522 5157 autem
1554 5104 1759 5159 interea
1791 5094 2062 5160 daemones

480 5207 686 5263 acriter
709 5202 1048 5266 insisterent,
1079 5199 1360 5271 exigentes
1386 5212 1416 5251 a
1451 5213 1535 5253 me
1563 5199 1689 5268 quid
1716 5198 1914 5270 eligere
1947 5198 2059 5253 vel-

482 5295 588 5340 lam
614 5296 682 5340 Ill!
723 5290 1020 5340 nmnnsim.
1069 5296 1124 5340 et
1172 5290 1224 5340 in
1250 5302 1317 5340 eo
1346 5302 1486 5340 nene
1525 5302 1614 5340 res
1656 5298 1800 5340 esset
1848 5298 1908 5340 ut.
1944 5304 2063 5340 nua:

2137 3196 2339 3261 pugnet
2360 3198 2415 3244 ct
2446 3204 2608 3244 nemo
2639 3203 2724 3245 me
2751 3186 2989 3258 adjuvet.
3014 3187 3146 3242 Nam
3169 3196 3458 3259 postquam
3486 3201 3575 3241 me
3599 3199 3735 3241 con-

2138 3281 2320 3337 solans
2374 3296 2546 3352 nuper
2595 3281 2936 3350 diseedebas,
2971 3280 3184 3336 acriora
3227 3293 3315 3334 me
3352 3277 3424 3332 ab
3466 3277 3593 3334 istis
3639 3291 3737 3333 ne—

2139 3370 2419 3441 quissimis
2462 3369 2746 3441 spiritibus
2772 3370 2881 3440 pati
2931 3378 3200 3425 tormenta
3242 3367 3539 3424 ellicicbas.
3581 3365 3733 3435 Qua-

2141 3473 2366 3533 propter
2410 3460 2496 3516 vel
2535 3475 2679 3514 nunc
2724 3475 2935 3515 mecum
2985 3474 3343 3530 perseverans
3386 3458 3585 3526 adjuva
3621 3471 3733 3524 me,

2141 3565 2211 3605 ne
2242 3549 2369 3604 dum
2400 3548 2597 3604 iterum
2638 3548 2981 3611 discesseris.
3018 3547 3221 3618 majora
3253 3548 3418 3602 etiam
3451 3548 3587 3602 mihi
3623 3557 3738 3602 tor-

2144 3650 2322 3697 menta
2360 3641 2554 3696 iterum
2586 3642 2807 3696 ellicias.
2843 3642 2913 3696 At
2949 3641 3040 3698 ille
3086 3642 3262 3697 dixit:
3292 3640 3436 3707 Non,
3462 3651 3735 3712 quantas-

2145 3747 2360 3803 cunque
2390 3732 2486 3786 tibi
2515 3732 2690 3786 ruinas
2711 3731 2968 3796 inferant,
2999 3732 3288 3803 praevalere
3317 3742 3568 3802 possunt,
3598 3731 3643 3786 si
3676 3740 3737 3785 tu

2147 3824 2522 3881 tantummodo
2573 3825 2677 3881 lide
2715 3840 2918 3896 speque
2958 3825 3233 3881 constanti
3266 3825 3316 3881 in
3352 3824 3584 3880 Domino
3610 3838 3738 3894 per-

2148 3932 2407 3972 severare
2437 3916 2641 3971 studes.
2675 3915 2998 3972 Confortare
3038 3932 3189 3988 ergo,
3221 3918 3344 3988 quia
3376 3927 3587 3987 quanto
3614 3930 3741 3988 gra-

2150 4007 2305 4061 viora
2357 4006 2554 4062 amodo
2594 4007 3253 4085 certaminasustinebis,
3280 4016 3433 4063 tanto
3469 4007 3634 4063 citius
3674 4006 3737 4060 li-

2149 4098 2385 4153 nientur.
2441 4098 2523 4152 Ad
2563 4098 2678 4153 hare
2746 4098 2911 4152 etiam
2979 4096 3242 4154 denuntio
3308 4097 3435 4167 quia
3497 4098 3547 4153 si
3597 4096 3737 4155 bella

2151 4188 2363 4244 Domini
2396 4197 2713 4244 constanter
2743 4188 3032 4259 puellaris,
3078 4190 3133 4245 in
3184 4188 3366 4245 futuro
3405 4197 3616 4245 aeterna
3645 4204 3737 4244 ac-

2152 4280 2322 4351 cipies
2350 4281 2594 4350 praemia,
2625 4288 2682 4334 et
2716 4280 2769 4334 in
2807 4281 2910 4336 hoc
2948 4280 3146 4336 saaculo
3176 4280 3374 4336 celebri
3421 4280 3742 4336 dilataberis

2156 4373 2439 4428 memoria.

2224 4464 2351 4520 llzec
2394 4465 2558 4535 igitur
2603 4451 2844 4520 secundo
2873 4464 3058 4520 dicens
3093 4465 3334 4528 evanuit,
3366 4479 3455 4527 me
3497 4464 3741 4520 discessu

2155 4573 2254 4614 suo
2286 4558 2340 4612 in
2370 4558 2613 4612 maxime
2641 4557 2976 4612 constituens
3006 4556 3267 4626 perieulo.
3299 4554 3435 4611 Nam
3466 4555 3744 4610 daemones

2156 4651 2210 4706 in
2237 4649 2353 4721 ejus
2381 4638 2598 4721 quidem
2626 4649 2918 4719 praesentia
2946 4650 3082 4704 nihil
3107 4657 3297 4725 contra
3329 4663 3414 4703 me
3442 4662 3742 4720 prassume-

2157 4744 2319 4808 baut;
2359 4753 2643 4811 postquam
2676 4755 2812 4810 vero,
2847 4740 3116 4803 discessit.
3154 4750 3300 4795 tanta
3331 4741 3385 4795 in
3419 4757 3506 4797 me
3552 4743 3746 4798 crude-

2158 4836 2311 4890 litate
2340 4834 2634 4889 saeviebaut
2670 4842 2727 4887 ut
2755 4848 2818 4888 ea
2848 4848 2965 4902 qua:
2987 4834 3397 4903 prius.agebant
3423 4833 3562 4889 levia
3601 4835 3747 4890 vide-

2164 4935 2373 4990 rentur,
2401 4923 2680 4978 dicentes.-
2717 4923 3030 4992 Experieris
3072 4924 3333 4995 profecto,
3378 4923 3511 4999 quid
3538 4924 3628 4979 ille
3652 4940 3745 4978 su-

2163 5033 2322 5071 surro
2371 5025 2493 5070 tuus
2538 5014 2632 5069 tibi
2680 5029 3001 5069 succurrere
3048 5017 3238 5086 possit.
3282 5015 3474 5093 Nonne
3509 5016 3746 5072 diximus

2167 5110 2260 5165 tibi
2285 5118 2334 5164 et
2370 5109 2518 5180 prius
2547 5108 2670 5177 quia
2704 5124 2863 5163 nemo
2884 5098 3095 5179 eripere
3128 5117 3178 5163 te
3222 5109 3366 5164 valet
3401 5109 3470 5165 de
3494 5111 3744 5165 manibus

2168 5202 2397 5256 nostris?
2420 5199 2530 5255 Cur
2559 5201 2714 5254 nobis
2759 5200 2917 5254 toties
2955 5200 3146 5255 eadem
3189 5201 3496 5255 dicentibus
3523 5201 3747 5256 minime

2168 5293 2384 5340 credis?
2412 5292 2503 5340 Ille
2551 5293 2806 5340 seductor
2838 5299 2962 5340 tuus
3010 5292 3169 5340 modo
3218 5290 3364 5340 fecit.
3394 5292 3539 5340 sicut
3582 5292 3746 5340 etiam
