3942 5340
239 219 344 273 ΒΓΠ
422 266 427 269 ,

1515 211 1714 268 LIBER
1758 211 2107 269 VISIONUH.

3359 224 3368 233 '
3404 211 3510 268 338

240 348 387 395 tuus,
416 332 686 402 quia,nisi
710 329 930 389 monit's
955 326 1462 400 atquejnssionibus
1493 328 1832 383 nostrtsohe-
1860 332 1906 390 Α
1936 342 2065 382 cens
2096 345 2108 381 :
2144 326 2289 383 Vade
2320 338 2375 383 et
2401 326 2485 383 dtc
2513 320 2767 399 ρρῐεςονο
2817 326 3052 382 civitatis
3097 324 3255 395 huius
3284 335 3342 381 ut
3368 334 3425 381 et
3455 342 3515 383 se

243 423 434 488 dieris,
457 423 527 474 ad
553 436 751 477 'nnla'tt
775 435 826 478 te
848 420 1217 479 confusionem
1239 421 1619 490 perducemus,
1643 430 1701 473 ut
1733 433 1829 488 per

242 528 463 569 omnem
497 520 698 567 terram
725 512 913 567 eadem
969 510 1215 567 confusio
1242 509 1565 579 divulgetur.
1605 508 1686 563 Ad
1715 507 1829 562 hmo

242 604 411 660 etiam
440 602 540 659 tibi
593 602 906 658 intimamus
950 603 1099 671 quia,
1152 602 1199 657 si
1245 601 1592 671 aliquomodo
1633 613 1828 656 manus

242 703 466 750 nostras
504 694 621 762 jam
649 691 889 748 evaseris
911 692 1079 762 (quod
1111 701 1291 746 tamen
1331 690 1668 761 impossibile
1714 689 1830 745 fore

249 785 573 856 credimus),
606 783 1017 856 persecutiones
1060 784 1325 837 maximas
1367 798 1462 854 per
1488 798 1586 837 nos
1616 796 1832 851 semper

245 875 495 947 patieris.
529 873 665 930 Cum
694 890 826 944 ergo
879 874 996 928 hac
1047 883 1208 943 atque
1258 873 1345 929 bis
1390 872 1585 927 similia
1636 874 1832 942 smpius

248 974 563 1037 repetentes
586 981 674 1021 me
712 964 977 1035 angustiis
1010 962 1374 1020 inell'ahilibus
1399 963 1718 1035 allligerent,
1751 965 1832 1019 in-

247 1066 417 1123 terea,
466 1057 647 1129 gratia
683 1057 861 1112 divina
889 1054 1173 1119 efﬁciente,
1201 1054 1628 1111 tintinnabulum
1653 1055 1834 1111 sonuit

243 1146 481 1217 primum
518 1147 588 1200 ad
618 1154 899 1201 nocturnae
942 1145 1121 1200 laudis
1174 1144 1414 1216 signum.
1448 1145 1602 1213 Quod
1653 1146 1743 1201 ubi
1776 1146 1831 1200 in

246 1234 385 1290 lecto
401 1234 599 1303 iacens
624 1234 981 1290 moribundus
1018 1234 1222 1300 audivi,
1251 1236 1318 1290 ad
1358 1251 1444 1291 me
1473 1235 1648 1306 ipsum
1689 1250 1828 1307 pan-

243 1325 396 1380 latim
425 1340 709 1393 reversus,
739 1326 1043 1381 sentiebam
1072 1339 1157 1379 me
1183 1326 1284 1381 hac
1306 1326 1418 1381 vita
1458 1325 1690 1395 perfrui,
1731 1341 1831 1382 nec

243 1415 372 1484 quid
402 1413 637 1471 fumosae
660 1416 882 1472 visionis
910 1415 1052 1470 ultra
1084 1416 1214 1470 vidi.
1245 1414 1585 1471 Recordatus
1613 1430 1829 1487 quoque

241 1508 561 1572 verborum,
617 1523 741 1578 qua:
767 1506 900 1562 mihi
930 1508 983 1562 in
1026 1508 1235 1563 visione
1280 1522 1310 1562 a
1348 1508 1468 1564 viro
1508 1524 1594 1565 me
1635 1524 1830 1565 conso-

244 1595 391 1653 lante
418 1598 736 1669 nuperrime
768 1598 914 1655 dicta
967 1609 1114 1664 sunt,
1144 1599 1284 1654 dixi:
1318 1599 1364 1655 Ο
1401 1614 1564 1670 quam
1594 1615 1722 1655 vera
1753 1601 1836 1655 di-

1933 424 1987 470 et
2018 432 2173 471 suum
2221 417 2423 473 clerum
2479 418 2548 474 ab
2583 418 2939 473 immoderato
2988 417 3282 488 illicitoque
3311 427 3507 474 ornatu

1934 508 2233 574 contineat,
2283 525 2354 564 ne
2381 508 2521 563 forte
2553 524 2717 579 super
2762 524 2855 564 eos
2894 508 3028 564 ultio
3083 510 3264 565 divina
3307 510 3511 566 veniat.
3548 514 3553 525 '

1933 596 2206 667 Evigilans
2250 608 2429 654 autem
2459 600 2688 654 clericus
2714 606 2769 653 et
2799 599 3063 655 visionem
3096 614 3193 668 pro
3224 598 3513 656 deluseriis

1933 690 2159 745 somniis
2190 701 2444 759 reputans
2464 688 2611 758 iussa
2641 690 2895 761 neglexit.
2925 688 3030 744 Sed
3053 687 3277 761 angelus
3300 688 3510 745 Domini

1933 777 2129 833 iterum
2184 779 2383 835 clerico
2427 780 2687 851 praedicto
2744 779 2996 834 similiter
3063 794 3352 851 apparens,
3404 782 3509 835 ait:

1933 869 2113 936 Quare
2138 880 2404 942 praecepta
2462 887 2580 927 mea
2620 872 3029 941 contempsisti?
3082 871 3227 928 Cave
3274 872 3512 929 neultra

1934 961 2122 1017 facias.
2152 961 2206 1017 In
2244 964 2474 1018 veritate
2505 964 2649 1017 enim
2687 964 2809 1019 dico
2863 963 2959 1018 tibi
3002 964 3151 1034 quia,
3184 965 3228 1019 si
3281 966 3516 1036 amplius

1934 1053 2157 1118 feceris,
2199 1070 2304 1109 non
2357 1055 2653 1124 impunitus
2706 1053 2964 1109 evaseris.
2997 1055 3064 1108 At
3096 1054 3347 1118 clericus.
3388 1058 3517 1113 licet

1933 1145 2244 1215 aliquandiu
2273 1144 2339 1199 de
2358 1143 2566 1198 visione
2588 1153 2827 1198 tractans
2848 1143 3279 1213 pertimesceret,
3304 1154 3511 1210 tamen,

1932 1244 1993 1290 ut
2021 1236 2189 1307 prius,
2216 1236 2432 1290 tandem
2455 1234 2714 1306 neglexit.
2740 1234 2920 1289 Tertia
2942 1244 3125 1288 autem
3148 1234 3266 1290 vice
3293 1236 3516 1306 angelus

1934 1324 2231 1380 adveniens
2268 1339 2395 1390 non,
2429 1332 2488 1378 ut
2526 1334 2704 1387 antea,
2740 1323 3001 1380 clericum
3039 1338 3136 1394 per
3185 1324 3393 1380 somnia
3421 1325 3519 1381 ad-

1935 1417 2163 1481 monuit,
2189 1414 2281 1471 sed
2314 1416 2488 1487 palam
2512 1416 2769 1471 excitavit
2796 1430 2943 1481 eum,
2969 1415 3186 1471 dicens:
3216 1413 3325 1471 Cur
3350 1417 3513 1472 toties

1933 1516 2204 1577 praecepta
2245 1522 2360 1563 mea
2401 1515 2769 1562 comtemuere
2823 1520 2989 1562 ausus
3044 1506 3139 1561 es?
3174 1504 3364 1561 Nonne
3404 1507 3517 1561 dixi

1934 1598 2030 1654 tibi
2053 1599 2200 1670 quia,
2227 1599 2272 1653 si
2304 1598 2534 1669 amplius
2550 1606 2949 1664 contemneres,
2977 1597 3237 1653 ultionem
3269 1597 3510 1668 aliquam

241 1696 327 1743 cta
344 1688 438 1743 ille
461 1689 709 1758 protulit,
741 1691 832 1760 qui
856 1688 1166 1746 conflictum
1188 1705 1366 1746 meum
1400 1690 1510 1746 cito
1533 1689 1827 1746 finiendum
1861 1690 1904 1748 Β
1932 1690 2200 1746 sentires?
2227 1689 2323 1745 Cui
2345 1688 2576 1745 clericus
2601 1690 2949 1760 respondens,
2974 1689 3083 1744 ait:
3117 1688 3254 1754 Non,
3301 1688 3518 1744 domine

240 1779 844 1849 essemodoprasdixitl
872 1780 995 1845 heu,
1024 1780 1153 1845 ben,
1182 1780 1325 1849 quod
1354 1793 1451 1850 per
1470 1795 1629 1835 omne
1660 1781 1833 1837 noctis

242 1867 402 1936 huius
439 1869 782 1940 praeteritum
812 1880 1023 1940 tempus
1050 1870 1182 1924 mihi
1221 1870 1491 1926 laboranti
1517 1870 1831 1926 nesciebam

239 1974 361 2014 esse
394 1961 810 2030 profectuosum
838 1962 999 2031 hujus
1027 1962 1374 2019 tintinnabuli
1402 1965 1632 2018 sonuml
1674 1977 1826 2029 nam,

238 2051 285 2105 si
316 2052 548 2118 scirem,
579 2061 1060 2123 quantumcunque
1082 2069 1163 2108 va:
1187 2053 1316 2109 mihi
1348 2054 1568 2118 inesset,
1597 2054 1684 2110 vel
1742 2069 1827 2109 re-

239 2142 448 2211 ptando
474 2143 531 2198 in
562 2143 943 2199 dormitorium
969 2142 1234 2210 venirem,
1265 2152 1323 2198 ut
1350 2143 1580 2215 aliquem
1606 2146 1673 2200 ad
1697 2145 1836 2201 idem

238 2232 665 2288 tintinnabulum
692 2233 850 2306 longe
882 2233 1032 2303 pritts
1064 2234 1367 2290 sonandum
1419 2236 1689 2300 excitans,
1741 2251 1838 2290 an-

234 2322 473 2393 gustiam
500 2323 818 2378 diuturnam
845 2323 1070 2380 visionis
1096 2323 1540 2381 laboriosissimae
1565 2326 1834 2398 aliquate-

238 2428 341 2468 nus
367 2412 710 2469 minuissem.

308 2501 708 2558 Verumtamen
737 2502 932 2559 deinde
956 2504 1011 2558 in
1035 2512 1240 2559 tantam
1265 2505 1520 2575 corporis
1551 2513 1608 2561 et
1636 2505 1834 2562 anima:

242 2592 626 2649 infirmitatem
671 2594 851 2649 decidi
883 2605 943 2650 ut
970 2611 1037 2651 ex
1090 2596 1424 2652 imminentis
1462 2597 1661 2653 doloris
1723 2614 1838 2654 ma-

240 2684 525 2752 gnitudine
564 2683 881 2755 frequenter
922 2686 991 2742 ab
1029 2686 1128 2742 hac
1157 2701 1245 2743 me
1270 2688 1377 2742 vita
1403 2687 1563 2743 citius
1591 2689 1836 2745 subtrahi

237 2784 513 2846 optarem.
541 2776 835 2847 Postquam
871 2793 1004 2834 vero
1038 2779 1312 2845 convalui,
1335 2780 1389 2835 in
1430 2781 1532 2836 hoc
1570 2781 1833 2837 visionem

242 2870 563 2938 przedictam
584 2884 773 2925 veram
801 2885 923 2926 esse
953 2872 1117 2937 sensi,
1147 2872 1290 2942 quod
1316 2871 1545 2943 plurima
1575 2874 1834 2929 tentatio—

241 2977 369 3016 num
393 2960 515 3030 jam
545 2961 637 3016 diu
666 2962 723 3016 in
770 2975 857 3017 me
888 2963 1278 3032 tepescentium
1310 2963 1550 3034 pericula
1583 2963 1835 3034 malignis

1936 1785 2030 1847 mi,
2063 1793 2415 1840 contemnens
2443 1783 2569 1837 talia
2603 1781 2723 1845 feci,
2749 1782 2842 1838 sed
2865 1782 2990 1855 quia
3027 1792 3234 1837 tantam
3282 1782 3518 1838 senioris

1936 1873 2043 1929 mei
2092 1872 2328 1943 episc0pi
2377 1872 2803 1945 indignationem
2848 1873 3045 1929 exinde
3075 1872 3517 1929 commovendam

1936 1962 2178 2018 sciebam
2211 1971 2292 2026 ιιι,
2326 1960 2427 2016 nisi
2462 1962 2673 2032 signum
2702 1962 2915 2032 aliquod
2945 1962 3165 2017 monitis
3198 1962 3398 2017 talibus
3419 1964 3519 2016 ad-

1937 2053 2142 2117 derem,
2171 2051 2469 2123 perieulum
2522 2050 2820 2105 maximum
2869 2051 3228 2106 incurrerem.
3269 2050 3355 2106 Ad
3405 2057 3520 2106 [nec

1936 2143 2188 2213 angelus:
2242 2141 2320 2206 Si,
2374 2141 2568 2212 inquit,
2609 2142 2821 2212 signum
2850 2157 2879 2196 a
2912 2157 2999 2197 me
3026 2143 3223 2212 exigis,
3254 2142 3520 2212 suscipies
3604 2206 3611 2211 η

1936 2249 2036 2305 pro
2081 2241 2252 2289 certo.
2291 2230 2385 2287 llis
2414 2232 2577 2287 dictis
2617 2232 2845 2302 sumpsit
2907 2232 3177 2302 quoddam
3219 2231 3520 2304 flagellato-

1937 2328 2101 2394 rinm,
2133 2337 2188 2382 et
2234 2342 2358 2382 cum
2403 2342 2470 2382 eo
2519 2325 2723 2382 diutius
2766 2325 2979 2381 czedeus
3032 2325 3288 2381 clericum
3341 2327 3514 2382 dixit:

1938 2418 2079 2474 Ecce
2127 2417 2358 2489 signum,
2417 2416 2558 2486 quod
2602 2416 2808 2487 petisti,
2857 2417 2939 2472 sin
2994 2416 3129 2472 alias
3168 2418 3373 2473 nostris
3413 2435 3517 2473 non

1938 2524 2099 2564 curas
2126 2509 2349 2563 credere
2383 2507 2588 2572 verbis,
2642 2508 2855 2579 signum
2886 2506 3172 2573 donamus,
3214 2509 3301 2563 cui
3340 2507 3520 2564 differt

1938 2600 2161 2656 credere
2204 2598 2405 2654 nullus.
2455 2597 2601 2654 Vade
2632 2614 2762 2670 ergo
2814 2614 2959 2654 nunc
2993 2607 3049 2655 et
3096 2600 3296 2669 perfice
3333 2609 3517 2656 nostra

1933 2692 2103 2764 jussa.
2130 2691 2231 2760 Qui
2260 2707 2384 2748 mox
2412 2691 2486 2746 nil
2509 2691 2761 2746 dubitans
2781 2692 2915 2748 abiit
2939 2692 3004 2747 ad
3025 2692 3335 2764 episcopum
3358 2694 3517 2764 eique

1937 2785 2239 2856 angelicum
2291 2783 2475 2840 retulit
2515 2784 2854 2840 mandatum.
2916 2784 3184 2841 Cazterum
3233 2784 3520 2856 episcopus

1938 2878 2164 2935 audiens
2203 2877 2511 2946 huiusmodi
2542 2878 2709 2942 dicta,
2752 2877 3121 2949 indignatione
3173 2877 3523 2948 comprehen-

1940 2974 2086 3030 ditur
2150 2972 2350 3029 nimia:
2400 2971 2597 3041 Quare,
2665 2971 2937 3041 inquiens,
2998 2971 3131 3027 tales
3184 2972 3520 3026 somniorum

237 3050 549 3123 spiritibus,
578 3051 724 3107 sicut
765 3052 1161 3123 promiserunt,
1193 3054 1641 3123 persequentibus
1677 3070 1831 3110 reca-

1941 3073 2154 3120 tuorum
2200 3079 2371 3136 nugas
2422 3062 2770 3119 stolidissime
2834 3063 3223 3135 prmsumpsisti
3260 3062 3392 3118 mihi
3434 3076 3522 3117 re-

244 3141 453 3200 lcscere
487 3143 778 3214 cmperint.
809 3143 979 3199 Porro
1001 3143 1068 3200 de
1098 3143 1318 3215 reliquis
1343 3144 1666 3215 quibusdam
1689 3160 1718 3198 a
1749 3159 1835 3200 me

245 3233 407 3289 dictis
430 3243 492 3289 et
523 3245 653 3290 tunc
676 3243 735 3291 et
762 3235 938 3291 adhuc
964 3236 1039 3291 ita
1069 3236 1310 3292 incertus
1355 3253 1497 3303 sum,
1528 3248 1589 3293 ut
1632 3239 1837 3309 absque

244 3326 416 3395 gratia
448 3326 567 3391 Dei,
596 3327 652 3382 in
678 3342 787 3397 qua
828 3326 1100 3385 conlidere
1125 3335 1181 3383 et
1204 3329 1427 3384 credere
1449 3329 1616 3384 variis
1639 3329 1837 3385 instru-

246 3425 365 3471 ttus
387 3433 511 3472 sum
532 3418 945 3489 experimentis,
972 3434 1062 3474 me
1095 3418 1231 3473 nihil
1263 3419 1550 3486 meruisse,
1588 3419 1722 3475 nihil
1749 3420 1835 3481 in-

247 3517 525 3577 posterum
550 3523 709 3580 posse
736 3511 935 3565 mereri
965 3510 1156 3566 sciam.

807 3618 983 3677 VISIO
1004 3619 1282 3688 QUINTA.

249 3713 419 3782 Quam
451 3714 795 3770 detestandus
833 3715 887 3769 in
921 3716 1123 3770 clericis
1150 3714 1306 3768 luxus
1341 3713 1554 3770 vestium
1599 3715 1666 3769 sit
1719 3716 1831 3769 cui-

811 3787 933 3839 dam
958 3798 1240 3840 ostensum.

311 3877 450 3932 Cum
490 3893 625 3947 puer
670 3877 853 3933 adhuc
902 3877 970 3931 ad
1024 3876 1413 3932 monasterium
1470 3876 1834 3934 Harveldense

242 3971 522 4027 scribendi
566 3986 734 4027 causa
787 3969 1138 4026 transmissus
1174 3970 1414 4035 fuissem,
1462 3971 1692 4041 contigit
1746 3985 1833 4026 me

242 4076 539 4133 agnoscere
574 4062 842 4117 visionem
883 4076 1130 4131 magnam
1160 4061 1225 4116 de
1278 4061 1529 4116 coenobio
1580 4062 1831 4118 llildine-

242 4150 560 4206 sheimensi.
585 4149 713 4206 lude
733 4165 968 4221 namque
982 4148 1088 4205 duo
1113 4150 1361 4207 canonici
1380 4166 1409 4204 a
1427 4149 1596 4205 beatae
1622 4166 1831 4207 memo-

243 4242 334 4296 rize
360 4240 679 4298 Gotebardo
705 4241 962 4312 episcopo
985 4242 1225 4298 discendi
1264 4242 1437 4314 gratia
1469 4244 1535 4296 ad
1566 4243 1829 4311 scholam,

239 4348 357 4405 qua:
391 4351 493 4407 per
520 4335 666 4391 idem
699 4344 911 4405 tempus
936 4335 1036 4391 sub
1060 4336 1255 4391 abbate
1301 4335 1530 4390 Arnulfo
1580 4335 1653 4389 ibi
1698 4336 1831 4391 satis

241 4402 499 4498 pollebat,
531 4428 665 4483 mihi
691 4402 842 4493 sunt,
879 4425 1312 4497 quorumjnnior
1341 4426 1496 4493 Boto,
1524 4426 1665 4482 alter
1694 4443 1827 4484 vero
1861 4402 1906 4462 θ

241 4519 581 4576 Wolfharius
614 4518 922 4575 dicebatur.
952 4519 1089 4574 llinc
1111 4519 1279 4591 igitur
1305 4517 1645 4573 Wulfharius
1694 4536 1828 4574 con-

240 4615 543 4670 sidentibus
589 4628 735 4683 saepe
783 4612 941 4668 nobis
991 4612 1044 4667 in
1089 4612 1378 4668 collatione
1423 4622 1529 4667 tam
1574 4612 1833 4682 spiritalis

239 4723 400 4779 quam
432 4705 676 4762 carnalis
704 4706 987 4772 doctrinm,
1019 4714 1071 4760 et
1109 4706 1351 4777 utrisque
1394 4706 1459 4761 de
1509 4722 1603 4762 sua
1655 4707 1831 4777 patria

241 4805 439 4876 al'quid
481 4802 861 4867 narrantibus,
919 4799 1191 4857 referebat
1225 4801 1357 4855 mihi
1402 4800 1467 4856 de
1504 4816 1603 4856 suo
1639 4816 1830 4856 mona-

243 4895 405 4950 sterio
442 4895 665 4950 dicens:
698 4893 843 4948 Ante
872 4908 1049 4948 annos
1080 4908 1242 4962 quam
1272 4893 1458 4964 plures
1489 4893 1827 4949 consuetudo

242 4984 338 5041 fuit
364 4985 490 5041 talis
530 4985 584 5040 in
621 4985 959 5041 monasterio
988 4992 1193 5052 nostro,
1223 4993 1283 5040 ut
1312 5001 1471 5041 nemo
1497 4986 1823 5042 clericorum

242 5078 356 5134 aliis
384 5078 493 5133 nisi
525 5077 946 5148 pretiosissimis
992 5085 1235 5131 uteretur
1263 5079 1602 5133 vestimentis
1632 5087 1741 5133 tam
1774 5077 1826 5131 in

242 5160 566 5243 quotidianis
590 5185 753 5243 quam
784 5169 838 5223 in
884 5163 1094 5221 festivis
1122 5166 1328 5222 diebus.
1385 5166 1559 5223 Simili
1614 5164 1828 5240 quoque

241 5277 429 5321 ornatu
457 5264 653 5322 sedilia
678 5260 843 5319 simul
866 5267 922 5314 et
961 5256 1291 5312 lectisternia
1320 5274 1507 5313 eorum
1539 5259 1821 5315 habeban-

1937 3157 2118 3215 ferrel
2161 3154 2290 3211 ch
2323 3166 2371 3211 et
2422 3161 2532 3210 Iure
2576 3156 2703 3210 mihi
2759 3155 2895 3210 Deus
2930 3154 3113 3221 addat,
3164 3155 3209 3209 si
3257 3169 3523 3225 praesum-

1935 3250 2175 3320 ptionem
2207 3257 2411 3303 tantam
2465 3248 2703 3318 nequitia
2744 3256 2833 3301 tua
2870 3248 3090 3319 impune
3135 3246 3274 3301 ferat
3318 3245 3525 3313 Quilus

1937 3342 2097 3399 dictis
2119 3339 2352 3397 clericus
2380 3339 2734 3409 progrediens
2770 3338 2838 3393 ab
2875 3353 2941 3394 eo
2972 3336 3224 3407 pusillum
3270 3338 3426 3391 exuit
3459 3350 3521 3392 se

1934 3431 2273 3489 vestimentis
2300 3432 2516 3501 citoqne
2538 3430 2851 3502 regrediens
2897 3429 3133 3485 ostendit
3158 3430 3379 3484 dorsum
3434 3429 3520 3485 nl-

1936 3524 2060 3579 miis
2085 3521 2407 3579 verberibus
2432 3530 2733 3585 exaratum,
2769 3520 2987 3577 dicens:
3013 3520 3091 3575 Eu
3121 3520 3282 3590 quale
3306 3519 3521 3591 signum

1934 3616 2181 3687 accipere
2218 3615 2415 3681 merui,
2468 3630 2588 3670 cum
2638 3621 2690 3668 te
2725 3613 2953 3668 nimium
3001 3621 3249 3668 metuens
3285 3609 3397 3666 Deo
3435 3624 3524 3667 re-

1933 3708 2090 3763 bellis
2126 3708 2337 3764 exstiti!
2395 3708 2477 3763 bis
2522 3720 2756 3778 namque
2806 3703 2989 3775 jussus
3025 3720 3052 3757 a
3096 3703 3207 3761 Deo
3259 3703 3375 3772 ejus
3424 3705 3520 3759 tibi

1936 3800 2151 3858 deferre
2180 3800 2459 3866 mandata,
2509 3798 2604 3854 sed
2641 3805 2861 3869 propter
2910 3808 3061 3851 tuum
3110 3796 3358 3851 timorem
3415 3809 3521 3850 non

1933 3891 2195 3946 obediens
2230 3889 2355 3945 talia
2384 3889 2579 3960 pertuli
2618 3886 2848 3959 ﬂagella.
2874 3885 3094 3942 Talibus
3148 3886 3313 3957 igitur
3360 3885 3522 3939 dictis

1934 3982 2093 4038 simul
2123 3990 2180 4037 et
2211 3982 2340 4036 visis
2390 3979 2685 4036 exterritus
2738 3978 3024 4050 episcopus
3077 3977 3351 4032 mandavit
3406 3973 3520 4031 fieri

1934 4071 2221 4145 synodum,
2253 4072 2305 4127 in
2356 4087 2461 4143 qua
2490 4070 2808 4127 conveniret
2859 4070 3036 4125 omnis
3091 4069 3248 4124 turba
3294 4069 3525 4124 clerico-

1934 4178 2075 4217 rum.
2103 4162 2220 4230 Quo
2240 4178 2363 4217 cum
2390 4162 2757 4227 advenissent,
2783 4162 3035 4215 omnibus
3059 4161 3311 4215 mandata
3337 4161 3518 4215 divina

1937 4255 2193 4321 innotuit,
2223 4271 2413 4311 omnes
2451 4255 2519 4310 ad
2564 4254 2963 4325 pmnitentiam,
3003 4267 3193 4309 omnes
3234 4255 3302 4307 ab
3336 4253 3522 4308 incon-

1934 4363 2068 4420 gruo
2095 4348 2536 4402 vestimentorum
2561 4355 2752 4401 ornatu
2780 4344 2849 4400 ab
2883 4346 3052 4399 linere
3080 4344 3377 4399 admonuit.
3408 4335 3521 4400 Heio

1934 4440 2182 4494 instructi
2213 4438 2585 4493 altuonitione
2614 4445 2896 4508 coeperunt
2925 4452 3116 4493 omnes
3159 4452 3217 4493 se
3245 4435 3519 4493 tediticare

1932 4529 2269 4598 vestiumque
2298 4538 2616 4583 ornamenta
2656 4536 2886 4583 mutare.

2006 4617 2210 4673 Deinde
2262 4632 2394 4673 vero
2450 4633 2557 4672 non
2620 4616 2791 4673 multo
2850 4626 3091 4689 tempore
3151 4625 3428 4673 transacto
3464 4625 3520 4672 et

1933 4711 2089 4766 hoste
2118 4712 2341 4780 antiquo
2371 4712 2439 4767 ad
2469 4712 2521 4766 id
2550 4711 2694 4783 quod
2713 4714 3050 4767 consuetudo
3075 4712 3213 4765 maia
3269 4710 3519 4765 illexerat

1936 4802 2266 4865 retrahente,
2296 4801 2555 4871 paulatim
2577 4818 2765 4859 omnes
2812 4804 2880 4857 ad
2919 4812 3205 4859 consuetas
3234 4802 3396 4856 totius
3427 4814 3520 4854 su-

1937 4891 2219 4962 pellectilis
2256 4891 2509 4963 phaleras
2554 4894 2862 4959 redierunt;
2927 4905 3055 4950 tunc
3106 4895 3300 4948 iterum
3330 4891 3396 4946 ad
3423 4905 3523 4944 eos

1938 4984 2104 5039 misso
2160 4981 2349 5038 eodem
2409 4983 2613 5039 clerico
2650 4999 2751 5053 per
2797 4985 3046 5055 angelum
3101 4983 3196 5038 Dei
3253 4978 3521 5034 admoniti

1936 5089 2084 5145 sunt,
2127 5089 2188 5135 ut
2214 5095 2396 5150 supra,
2426 5080 2696 5152 simulque
2734 5083 3114 5138 denuntiatum
3152 5088 3236 5135 est
3257 5076 3336 5131 eis
3365 5082 3444 5141 ut,
3474 5075 3521 5129 si

1935 5174 2097 5231 tertio
2126 5179 2435 5243 repeterent
2463 5172 2643 5233 solita,
2685 5172 2891 5227 ultione
2939 5171 3260 5241 punirentur
3288 5163 3523 5218 severis-

1934 5266 2105 5330 sima;
2133 5265 2276 5334 quod
2301 5272 2353 5317 ct
2382 5262 2457 5317 ita
2486 5263 2689 5317 factum
2726 5270 2826 5318 est.
2862 5260 2999 5315 Nam
3027 5261 3176 5320 dum,
3199 5256 3332 5310 sicut
3370 5255 3520 5307 canis
