3942 5340
492 165 619 239 5ῗὶοο

1557 157 1855 217 OTIILONI
1892 152 2197 215 HONACIII
2236 152 2299 208 8.
2336 150 2755 208 IaMllIERAMMI

3644 154 3743 210 360

493 290 646 339 rente
672 278 965 357 permislus
985 272 1267 357 ecclesiam
1293 273 1593 341 invaderet,
1623 274 1714 346 qui
1741 282 1797 329 et
1838 270 2063 327 durissi-
2094 275 2138 328 Α
2165 264 2311 335 iusta
2335 265 2403 319 ab
2431 263 2523 317 illo
2552 271 2869 333 usurpatum
2900 263 3102 318 sciatis.
3136 262 3245 319 Sed
3282 264 3472 322 et,hoc
3511 265 3742 327 intimari
3812 270 3815 271 ⁷

492 370 862 441 mosejusdem
885 367 1332 427 ecclesimmuros
1357 365 1589 435 quodam
1618 364 1734 420 loco
1760 359 2066 432 quadriﬁda

423 486 431 499 ν
493 461 773 535 incisione.
808 460 946 514 sicut
967 456 1127 519 hodie
1178 455 1348 510 videri
1399 464 1597 525 potest,
1653 458 1965 523 penetraret
2011 459 2068 505 et

491 551 878 604 subliacouum
913 547 1114 602 interea
1145 545 1412 616 legentem
1444 560 1541 615 per
1588 544 1823 599 medium
1856 540 2067 597 scinde-

490 650 593 703 ret,
644 638 1017 708 presbyterum
1068 651 1198 691 vero
1223 651 1287 689 ac
1313 634 1597 690 diaconum
1632 633 1697 688 ad
1742 633 1937 687 missas
1978 645 2070 700 pa-

491 739 635 782 ratos
668 728 956 782 semivivus
985 726 1237 782 eliiceret.
1263 720 1531 782 Praeterea
1564 741 1727 781 nemo
1749 724 2066 779 clericorum

490 819 574 873 vel
608 819 659 872 in
707 818 935 874 ecclesia
990 817 1078 873 vel
1133 819 1187 873 in
1247 818 1478 874 ρωποι)ἱὶ
1520 815 1772 872 claustris
1833 827 2066 884 usquam

486 911 937 965 commorantium
971 910 1193 965 relictus
1240 921 1344 976 est,
1391 909 1481 980 qui
1530 923 1635 963 non
1668 906 1907 976 aliquam
1943 918 2067 957 cor-

487 998 635 1068 poris
664 1000 1091 1055 debilitationem
1147 1008 1275 1055 IllllC
1328 1006 1636 1068 perceptam
1691 995 1746 1049 in
1796 985 2064 1062 reliquum

489 1092 697 1162 tempus
718 1107 933 1162 semper
963 1093 1241 1147 retineret.
1273 1090 1427 1169 Unde
1458 1089 1658 1143 factum
1687 1094 1765 1141 est
1792 1082 2064 1140 communi

486 1168 715 1241 consilio
741 1196 799 1240 ut
826 1201 1016 1240 omnes
1058 1168 1691 1239 ibidem’conversantes
1738 1176 1920 1233 clerici
1957 1190 2062 1230 non

484 1279 659 1335 solum
720 1278 988 1349 superﬂua
1046 1278 1490 1332 vestimentorum
1559 1278 1896 1329 ornamenta,
1971 1266 2067 1321 sed

484 1354 650 1426 etiam
687 1371 895 1424 inutilia
939 1383 1168 1439 quaeque
1223 1382 1439 1422 morum
1478 1363 1777 1435 abjicereut
1827 1359 2062 1429 fastigia.

485 1462 563 1517 Ex
594 1459 684 1516 illo
707 1474 937 1529 namque
967 1468 1204 1530 tempore
1229 1472 1398 1527 usque
1420 1455 1471 1510 in
1499 1468 1738 1527 praesens
1764 1466 1923 1506 nemo
1952 1449 2065 1505 cle-

485 1555 719 1609 ricorum
753 1552 1002 1623 apudnos
1027 1550 1480 1607 commorantium
1515 1546 1901 1617 protendeutes
1948 1542 2065 1614 pel-

2170 360 2325 413 vobis
2347 358 2525 427 petiit,
2558 359 2705 428 quia,
2742 356 2844 412 nisi
2886 356 2974 412 ille
3004 357 3156 412 locus
3182 358 3231 414 ei
3261 359 3345 413 cui
3373 359 3567 430 injuste
3601 361 3743 417 abla-

2171 459 2258 506 tus
2280 459 2366 506 est
2385 450 2551 506 fuerit
2579 450 2840 515 redditus,
2880 464 2981 505 nec
3014 449 3355 521 eleemosyna
3383 466 3481 507 nec
3510 451 3617 507 ulla
3661 452 3744 509 be-

2150 544 2361 602 .nelicia
2390 559 2419 598 a
2448 542 2599 598 vobis
2627 542 2765 599 facta
2791 544 2938 598 illum
2966 543 3033 599 ab
3057 553 3256 599 aeterna
3283 559 3443 614 poena
3475 545 3744 603 absolvere

2167 644 2412 703 possunt.
2449 635 2558 690 Pro
2592 635 2781 691 eodem
2806 650 3021 706 quoque
3060 645 3236 692 mater
3265 646 3467 705 vestra,
3502 654 3667 709 quam
3692 640 3741 695 in

2166 724 2418 794 paradiso
2441 726 2582 781 inter
2605 725 2770 779 multa
2798 733 3109 781 sanctarum
3135 727 3403 797 virginum
3434 728 3600 783 millia
3626 745 3742 785 con-

2166 814 2436 879 stitutam,
2471 814 2598 870 illuc
2630 815 2916 881 translata,
2951 816 3081 880 vidi,
3132 818 3288 871 unice
3338 816 3668 882 obsecravit,
3689 830 3741 874 ut

2165 915 2222 960 et
2240 920 2336 960 vos
2355 916 2407 960 et
2436 914 2646 975 patrem
2676 922 2708 961 a
2761 914 3023 977 perpetuo
3048 909 3290 963 cruciatu
3327 907 3564 965 liberare
3600 924 3743 967 cure-

2165 996 2255 1052 tis.
2286 997 2450 1052 Multa
2477 1013 2693 1069 quoque
2724 999 2850 1065 alia,
2890 1001 3137 1071 qumjam
3181 1016 3285 1056 non
3327 1000 3522 1065 recolo,
3562 1002 3628 1059 de
3661 1018 3743 1058 ea-

2166 1087 2286 1143 dem
2315 1087 2538 1144 muliere
2563 1089 2882 1144 resuseitata
2913 1090 3043 1145 mihi
3084 1090 3223 1145 dicta
3251 1100 3394 1145 sunt.

2235 1181 2350 1238 lloc
2368 1190 2544 1238 autem
2562 1185 2739 1250 modo,
2754 1194 2813 1238 ut
2836 1185 3038 1255 audivi,
3052 1184 3139 1242 ille
3151 1185 3359 1241 curtilis
3384 1184 3537 1241 locus
3558 1184 3741 1254 injuste

2165 1275 2343 1334 fuerat
2363 1292 2393 1332 a
2421 1276 2726 1349 Ruotpoldo
2751 1279 2985 1335 ablatus.
3023 1280 3152 1334 Erat
3176 1296 3412 1353 namque
3441 1281 3497 1336 in
3533 1281 3741 1337 c‘.vitate

2164 1367 2382 1436 quidam
2414 1368 2656 1423 urbanus
2692 1368 2763 1422 ita
2793 1383 2998 1440 pauper
3034 1377 3105 1436 ut,
3139 1370 3404 1426 Dominici
3431 1386 3629 1427 census
3654 1372 3741 1426 de-

2166 1458 2279 1513 bita
2321 1472 2417 1529 per
2456 1474 2622 1514 unum
2662 1460 2749 1513 vel
2797 1461 2931 1516 duos
2983 1476 3155 1516 annos
3205 1462 3431 1537 reddere
3476 1462 3739 1533 nequiret.

2165 1553 2409 1624 Curaque
2428 1554 2498 1610 ob
2521 1556 2624 1610 hoc
2652 1558 2721 1610 ab
2750 1557 2939 1612 eodem
2964 1557 3289 1629 Rnotpoldo,
3331 1559 3457 1630 quia
3491 1559 3742 1631 magister

484 1643 594 1699 licii
625 1644 706 1698 sui
737 1642 979 1696 manicas
1006 1641 1168 1712 pallio
1198 1639 1439 1711 pretioso
1481 1653 1647 1693 ausus
1696 1644 1780 1692 est
1823 1634 2061 1690 cireum-

2172 1646 2281 1715 ejus
2309 1657 2450 1710 erat,
2474 1647 2671 1717 smpius
2691 1647 2835 1704 facto
2868 1648 3097 1709 concilio
3127 1652 3192 1704 ad
3225 1651 3496 1706 reddenda
3527 1649 3742 1722 triplici-

483 1749 708 1803 pouere,
732 1747 852 1805 qua:
881 1732 949 1787 ab
975 1732 1096 1787 aliis
1116 1731 1353 1796 clericis,
1403 1738 1461 1785 ut
1509 1728 1659 1795 libet,
1707 1735 2059 1797 usurpantur.

483 1825 610 1891 Haec
636 1833 816 1879 autem
846 1824 918 1876 ita
943 1835 1064 1878 esse
1093 1822 1146 1877 in
1183 1836 1302 1878 meo
1354 1820 1584 1892 probare
1632 1827 1785 1889 potes
1828 1816 2062 1887 pellicia,

483 1912 804 1987 quod'nullo
833 1913 1008 1968 serico
1030 1920 1247 1977 ornatu,
1280 1911 1375 1967 sed
1404 1919 1611 1965 tantum
1634 1906 2065 1964 linteamineho-

484 2015 641 2062 neslo
669 2006 886 2073 videtur
915 2003 1330 2060 circumdatum.

542 2099 706 2154 'Talia
736 2100 902 2169 igitur
939 2097 1069 2152 mihi
1098 2095 1283 2150 retulit
1332 2092 1422 2149 ille
1449 2090 1873 2163 pramominatus
1901 2088 2061 2145 cleri-

484 2206 604 2254 cus,
629 2205 751 2245 cum
781 2189 908 2244 olim
938 2184 1356 2242 conscbolastici
1412 2197 1686 2247 essemus;
1738 2196 1859 2252 quae
1896 2180 2062 2236 etiam

480 2296 580 2350 ego
596 2279 663 2333 ad
686 2278 1102 2333 aedificationem
1127 2275 1302 2330 ret’ero
1328 2273 1581 2338 aliorum,
1612 2272 1823 2326 illorum
1856 2269 2064 2325 scilicet

483 2372 573 2442 qui
599 2386 721 2427 cum
747 2380 996 2442 pastores
1016 2369 1125 2424 sint
1166 2366 1422 2422 Ecclesia:
1453 2365 1680 2434 aliisque
1722 2378 1818 2434 pro
1852 2361 2060 2432 religio-

481 2465 566 2518 nis
594 2461 815 2533 speculo
844 2468 1249 2532 prmponantur,
1304 2457 1509 2511 nullum
1557 2456 1897 2510 arbitrantur
1939 2468 2063 2508 esse

479 2556 670 2610 vitium
699 2555 840 2624 quod
870 2561 1042 2608 semet
1061 2551 1233 2605 instar
1254 2548 1434 2618 sponsi
1459 2547 1770 2601 omnimodo
1797 2545 2062 2599 adornare

478 2652 766 2708 conantur,
796 2642 948 2712 quasi
978 2642 1043 2695 ad
1068 2654 1128 2694 se
1159 2654 1267 2693 non
1296 2637 1566 2709 pertineat
1596 2637 1646 2690 id
1674 2634 1938 2698 devitarc,
1963 2648 2062 2704 pro

481 2753 587 2809 quo
612 2742 907 2807 agnoscunt
932 2733 1069 2790 alios
1097 2746 1205 2786 non
1236 2729 1411 2787 solum
1439 2736 1746 2799 correptos,
1777 2726 1868 2781 sed
1895 2726 2060 2782 etiam

479 2828 888 2886 condemnatos.

1046 2913 1221 2975 VISIO
1244 2911 1491 2969 SEXTA.

2167 1747 2250 1793 ter
2278 1737 2361 1793 vel
2383 1738 2614 1809 amplius
2647 1739 2909 1795 Dominici
2940 1755 3135 1795 census
3158 1740 3363 1805 debita,
3406 1756 3531 1811 quae
3552 1750 3740 1796 statuto

2166 1838 2407 1900 tempore
2435 1846 2542 1884 non
2569 1840 2695 1886 sunt
2718 1831 2947 1896 reddita,
2969 1842 3274 1902 cngeretur,
3298 1841 3349 1888 et
3376 1833 3464 1888 ille
3492 1848 3594 1901 pro
3622 1849 3740 1903 pau-

2163 1929 2373 1990 pertate
2418 1936 2517 1975 nec
2554 1921 2746 1990 simpla
2797 1921 2925 1976 dare
2970 1930 3173 1990 posset,
3208 1932 3485 1992 postremo
3518 1921 3741 1978 necessi-

2170 2017 2281 2066 tate
2305 2011 2472 2066 nimia
2520 2021 2763 2077 coactus,
2817 2022 2929 2066 tum
2961 2012 3125 2067 etiam
3174 2012 3415 2081 ejusdem
3461 2013 3739 2085 Ruotpoldi

2163 2102 2389 2156 avaritia
2420 2103 2697 2173 impulsus.
2739 2102 2984 2159 curtilem
3037 2104 3233 2167 locum,
3273 2105 3365 2175 qui
3416 2120 3481 2160 ex
3530 2114 3738 2175 paterna

2166 2192 2480 2247 luereditate
2502 2194 2771 2263 provenit,
2795 2194 3014 2263 quique,
3034 2201 3093 2247 ut
3114 2194 3243 2249 mihi
3267 2194 3573 2258 dicebatur,
3587 2209 3740 2265 prope

2148 2278 2441 2343 basilicam
2472 2293 2673 2338 sancte
2701 2282 2912 2340 llelcum
2940 2284 2991 2338 in
3031 2285 3186 2356 plaga
3215 2285 3632 2355 septentrionali
3668 2287 3740 2355 ja-

2163 2382 2270 2440 cet,
2296 2374 2586 2430 traditioue
2604 2375 2813 2445 publica
2841 2376 2938 2445 ipsi
2967 2376 3263 2431 condonavi
3270 2386 3314 2444 _t,
3335 2378 3526 2448 sicque
3546 2377 3635 2432 illa
3652 2392 3737 2448 pe-

2163 2465 2331 2521 ricula
2378 2482 2498 2537 qua:
2537 2482 2635 2537 pro
2671 2468 2867 2524 debitis
2907 2466 3178 2526 sustinere
3217 2471 3517 2539 cogebatur
3556 2470 3739 2526 evasit.

2164 2558 2499 2629 Ruotpnldus
2521 2576 2648 2618 vero
2674 2560 2847 2617 locum
2873 2562 2976 2618 sibi
3005 2563 3263 2619 traditum
3300 2564 3607 2633 magnificis
3625 2565 3742 2619 :edi-

2162 2649 2264 2705 bus
2292 2666 2563 2707 exornans
2592 2662 2714 2723 post
2742 2654 2948 2710 obitum
2992 2669 3150 2711 suum
3188 2655 3403 2727 reliquit
3442 2656 3558 2711 lilio
3588 2656 3741 2712 Adal-

2164 2740 2300 2806 rico,
2323 2756 2485 2811 quem
2517 2757 2615 2811 ego
2653 2744 2818 2798 etiam
2846 2744 2980 2798 vidi.
3029 2742 3138 2801 Sed
3184 2745 3323 2800 idem
3373 2746 3657 2802 Adairieus
3683 2762 3739 2800 ea

2162 2844 2282 2898 qua:
2302 2829 2403 2884 sibi
2432 2831 2743 2886 denuntiata
2775 2831 2859 2887 vel
2883 2833 3135 2889 mandata
3159 2842 3285 2890 sunt
3315 2850 3344 2890 a
3380 2844 3542 2904 patre
3566 2843 3619 2890 et
3641 2849 3742 2890 ma-

2165 2928 2247 2974 tre
2271 2918 2541 2975 defunctis
2571 2920 2875 2979 nullatenus
2906 2923 3131 2993 ixnplere
3156 2925 3343 2990 voluit,
3387 2926 3598 2997 eligens
3638 2942 3741 2982 ma-

480 3013 690 3085 Iujusla
720 3013 971 3088 bonorum
1002 3012 1290 3088 alienorum
1314 3004 1516 3065 exactio
1534 3012 1586 3088 et
1614 3003 1833 3078 direptio
1864 3016 2059 3078 quanta
2089 2994 2132 3060 (ἶ
2166 3010 2245 3085 gis
2283 3026 2403 3069 cum
2451 3019 2604 3085 patre
2638 3022 2842 3080 teterna
2882 3023 3056 3069 morte
3094 3015 3335 3071 damnari
3366 2994 3534 3088 quam
3564 3019 3742 3075 tellure

822 3085 877 3138 iu
904 3084 1207 3154 purgatorio
1237 3097 1386 3152 parua
1415 3080 1714 3149 castigetur.

551 3198 609 3252 ln
651 3198 835 3254 habitu
872 3196 1136 3252 canonico
1162 3194 1343 3268 adhuc
1370 3192 1693 3248 constitutus
1725 3189 2063 3261 juvenilique

481 3299 641 3346 :etate
671 3308 701 3345 a
730 3291 904 3345 beatm
933 3287 1209 3346 memoriae
1258 3286 1609 3357 Meginhardo
1634 3283 2064 3365 Wurzburgensi

480 3381 735 3453 episeopo
761 3382 1032 3439 scribendi
1066 3396 1229 3437 causa
1257 3390 1483 3437 vocatus
1502 3394 1642 3435 sum.
1673 3377 1791 3447 Quo
1822 3378 1949 3432 dum
1979 3393 2065 3433 vc-

479 3477 705 3542 nissem,
734 3474 787 3530 in
821 3477 935 3546 ipso
965 3473 1226 3530 adventus
1254 3472 1356 3527 mei
1388 3471 1542 3527 initio
1564 3471 1744 3525 audivi
1781 3468 1850 3524 ab
1883 3468 2067 3540 hospi-

481 3568 625 3622 tibus
665 3566 802 3622 meis
827 3563 1116 3636 quamdam
1142 3564 1404 3618 visionem
1439 3563 1508 3618 ibi
1536 3561 1750 3616 uoviter
1779 3559 2060 3623 accidisse,

481 3674 605 3728 qua:
627 3657 826 3713 Christi
854 3655 1100 3711 fidelibus
1126 3654 1369 3709 intimata
1391 3661 1568 3723 potest
1591 3652 1865 3722 prodesse.
1892 3648 2068 3704 Fuere

487 3762 725 3819 namque
752 3748 823 3802 ibi
873 3747 978 3802 duo
1003 3746 1205 3801 trilmni
1253 3743 1353 3799 sub
1380 3757 1486 3798 uno
1517 3752 1759 3814 tempore
1787 3756 1882 3797 sua
1911 3749 2068 3811 pote-

485 3839 629 3895 state
658 3840 833 3909 potili,
879 3853 1107 3908 quorum
1137 3852 1275 3892 unus
1316 3835 1621 3897 Adalricus.
1656 3835 1794 3888 alter
1827 3849 1974 3900 vero,
2008 3843 2067 3887 ut

487 3931 733 3995 memini,
783 3929 1124 4001 Engilpertus
1159 3936 1239 3982 est
1266 3936 1509 3981 vocatus.
1566 3925 1673 3980 Sed
1725 3925 2067 3996 Engilpertus

484 4023 741 4079 ancillam
762 4023 1051 4093 quamdam
1074 4020 1287 4083 habuit,
1309 4033 1428 4089 qua:
1459 4018 1512 4071 in
1543 4032 1734 4086 magna
1754 4017 2068 4072 infirmitate

489 4114 579 4168 diu
612 4113 791 4185 posita
828 4113 1044 4168 tandem
1075 4109 1230 4165 obiit.
1284 4108 1400 4176 Qua
1446 4107 1699 4163 defuncta
1738 4106 1853 4162 dies
1897 4107 2066 4162 altera

486 4212 859 4275 exspectatur,
893 4211 955 4257 ut
993 4200 1233 4264 interim,
1267 4214 1385 4270 qua:
1412 4197 1701 4268 sepultura:
1747 4205 1929 4252 essent
1975 4211 2071 4252 ne-

488 4295 726 4350 cessaria
752 4278 1151 4364 przeparentur.
1189 4290 1323 4347 Cum
1365 4300 1542 4344 autem
1579 4287 1666 4343 die
1704 4287 1938 4341 crastina
1976 4287 2070 4341 al-

2167 3125 2332 3179 parva
2385 3109 2610 3180 privari.
2671 3107 2840 3179 llujus
2884 3109 3109 3169 visionis
3156 3110 3347 3170 relatio
3387 3113 3605 3172 etiamsi
3639 3115 3739 3179 illi,

2165 3215 2265 3269 pro
2296 3216 2403 3270 quo
2439 3201 2746 3270 specialiter
2782 3202 2927 3259 facta
2966 3212 3069 3270 est,
3127 3220 3234 3260 non
3281 3204 3576 3276 profuerit,
3632 3207 3741 3262 aliis

2169 3300 2346 3348 tamen
2376 3293 2467 3363 qui
2491 3293 2662 3348 aliena
2687 3309 2879 3365 rapere
2910 3296 3040 3352 etin
3066 3304 3387 3367 potestatem
3421 3312 3582 3355 suam
3612 3297 3743 3354 redi-

2164 3400 2295 3455 gere
2318 3384 2562 3440 nituntur
2591 3384 2858 3455 patefacta
2895 3387 3153 3459 prodesse
3185 3388 3353 3445 valet.

2692 3474 2867 3533 VISIO
2905 3476 3224 3535 SEPTIMA.

2170 3565 2481 3638 Exemplum
2508 3565 2749 3636 sacrilegi
2772 3571 3180 3641 monasticorum
3200 3548 3451 3625 bonorum
3475 3569 3742 3641 direptoris

2661 3641 2716 3692 in
2746 3639 2914 3693 altera
2942 3641 3046 3694 vita
3077 3643 3269 3710 puniti.

2241 3729 2377 3787 llnic
2404 3747 2617 3803 quoque
2636 3732 2865 3788 similem
2892 3747 3029 3803 pene
3057 3734 3315 3789 visionem
3345 3733 3434 3789 hic
3465 3735 3744 3789 adnectere

2168 3825 2309 3888 volo,
2346 3840 2509 3896 quam
2535 3825 2667 3880 mihi
2701 3834 2860 3882 notus
2889 3827 3107 3896 quidam
3135 3825 3306 3884 frater
3339 3826 3526 3883 retulit
3562 3840 3741 3899 nuper,

2169 3917 2260 3988 qui
2287 3916 2428 3971 hanc
2461 3929 2521 3972 se
2564 3931 2595 3970 a
2630 3925 2820 3972 saneto
2860 3917 3038 3973 Leone
3073 3933 3208 3990 papa
3252 3917 3568 3989 nuperrime
3612 3915 3742 3972 refe-

2169 4014 2324 4060 rente
2367 4004 2505 4059 dixit
2550 4008 2852 4076 agnovisse.
2896 4006 3189 4063 Referebat
3232 4017 3411 4063 autem
3442 4008 3549 4064 hoc
3594 4006 3744 4062 modo

2168 4096 2319 4166 quia,
2342 4110 2463 4150 cum
2486 4096 2777 4164 praedictus
2799 4112 2933 4167 papa
2963 4098 3014 4152 in
3046 4097 3393 4154 Germaniam
3426 4099 3664 4154 venisset
3696 4102 3745 4150 et

2170 4186 2224 4241 in
2250 4185 2368 4241 loco
2390 4186 2624 4257 quodam
2653 4186 2875 4242 missam
2902 4188 3187 4245 celebrans
3221 4203 3526 4245 sermonem
3558 4189 3746 4242 faceret

2171 4277 2240 4334 de
2286 4278 2436 4332 varia
2487 4277 2859 4333 coenobiorum
2929 4279 3295 4335 destructione
3344 4294 3441 4351 per
3501 4277 3743 4361 injustam

488 4385 738 4440 veniente
777 4385 928 4455 plebs
964 4399 1071 4439 non
1101 4382 1311 4438 modica
1367 4380 1435 4435 ad
1483 4378 1874 4448 deportandum
1910 4377 2070 4432 funus
2097 4370 2146 4431 ἰ)
2172 4370 2574 4441 possessionum
2601 4368 2928 4424 ablutionem
2982 4370 3143 4435 faeta,
3200 4380 3474 4441 postremo
3516 4367 3747 4424 intulerit

487 4479 834 4550 procederet,
861 4492 988 4533 ecce
1036 4477 1214 4532 subito
1254 4474 1508 4531 defuncta
1552 4472 1664 4542 jam
1711 4471 1933 4542 jamque
1979 4473 2072 4528 de-

490 4569 760 4641 portanda
813 4569 882 4623 ad
912 4567 1195 4639 tumulum
1249 4581 1370 4622 sese
1420 4565 1625 4630 erexit;
1672 4564 1815 4636 quod
1868 4563 2071 4619 factum

492 4674 704 4725 omnes,
771 4658 861 4729 qui
928 4658 1195 4721 aderant.
1251 4657 1589 4728 perterruit,
1645 4662 1898 4725 putantes
1966 4655 2071 4709 hoc

493 4758 762 4821 potestate
806 4749 1071 4806 diabolica
1127 4749 1264 4806 fieri.
1312 4748 1417 4804 Sed
1449 4763 1565 4818 qua:
1602 4748 1798 4803 revixit
1825 4755 2073 4802 errantes

491 4844 598 4896 cito
620 4842 878 4907 correxit,
907 4842 1093 4896 dicens
1121 4841 1187 4895 ad
1217 4839 1339 4894 illos
1366 4858 1380 4895 :
1412 4838 1606 4902 Nolite,
1635 4852 1835 4908 qurcso,
1856 4824 2075 4908 propter

494 4952 579 4992 me
602 4938 782 5009 aliquo
816 4952 1002 4992 errore
1031 4935 1233 4991 seduci.
1280 4934 1418 4989 Vere
1447 4933 1590 4988 enim
1633 4932 1958 4987 reviviscens
1987 4929 2074 4986 illa

494 5044 635 5093 sum,
668 5043 788 5098 qua:
834 5036 889 5082 et
916 5026 1084 5097 prius,
1128 5042 1227 5096 per
1257 5024 1351 5078 Dei
1393 5024 1620 5093 gratiam
1659 5037 1688 5076 a
1719 5031 1893 5076 morte
1922 5036 2075 5076 revoo

497 5125 638 5180 cata,
671 5126 730 5171 ut
750 5116 898 5172 vivis
920 5116 1239 5185 quibusdam
1264 5114 1380 5182 ejus
1405 5113 1657 5167 mandata
1695 5111 1943 5166 referam.
1977 5111 2077 5167 Ce-

496 5206 685 5260 leriter
713 5222 842 5276 ergo
870 5215 1058 5260 vocate
1105 5204 1438 5266 Adalricum,
1478 5200 1604 5270 quia
1659 5202 1724 5254 ad
1749 5216 1872 5254 eum
1909 5201 2075 5255 missa

499 5314 638 5340 sxum-
678 5282 814 5340 Anim
868 5304 1062 5340 vnonln
1118 5304 1173 5340 et
1227 5302 1437 5340 astante.
1474 5293 1610 5340 dixit
1643 5309 1655 5340 :
1687 5291 1846 5340 Pater
1896 5301 2077 5340 vester

2174 4461 2317 4515 bane
2338 4460 2599 4515 visionem
2643 4460 2860 4515 dicens:
2912 4458 2982 4515 Ut
3023 4474 3153 4530 ergo
3184 4462 3423 4530 apertius
3452 4459 3746 4529 agnoscatis

2174 4557 2376 4621 quanto
2401 4559 2550 4605 reatu
2582 4550 2928 4620 implicantur
2954 4561 3198 4621 raptores
3220 4550 3425 4620 injusti,
3452 4549 3744 4622 exemplain

2174 4640 2438 4711 quoddam
2462 4641 2618 4696 vobis
2650 4640 2998 4696 memorabile
3025 4640 3224 4695 dicam.

2248 4728 2363 4782 Duo
2394 4729 2556 4799 igitur
2579 4727 2795 4796 fratres,
2835 4745 2957 4784 cum
2995 4729 3153 4784 simul
3186 4739 3474 4800 pergerent
3512 4727 3755 4799 equitan-.

2178 4828 2283 4883 tes,
2310 4829 2531 4887 repente
2561 4818 2811 4872 viderunt
2841 4820 3051 4873 turbam
3099 4834 3347 4888 magnam
3395 4817 3449 4872 in
3494 4833 3617 4872 aere
3646 4828 3744 4870 non

2176 4908 2365 4980 procul
2412 4923 2441 4961 a
2505 4920 2654 4962 terra
2704 4917 3118 4964 commeantem.
3198 4910 3311 4978 Qua
3363 4896 3430 4966 de
3492 4923 3548 4965 re
3604 4907 3747 4962 Valde

2179 5003 2440 5058 mirantes
2481 5009 2642 5070 atque
2694 5000 3024 5070 trepidantes
3063 5012 3264 5057 sancte
3311 5003 3490 5057 crucis
3543 4999 3744 5072 signum

2178 5094 2278 5150 sibi
2310 5093 2636 5158 indiderunt,
2660 5100 2714 5146 et
2741 5090 3048 5159 adjurantes
3077 5109 3171 5149 eos
3191 5094 3245 5149 in
3273 5093 3492 5150 nomine
3524 5090 3746 5153 Domini,

2179 5185 2270 5254 qui
2294 5194 2477 5239 essent
2503 5182 2992 5255 interrogaverunt.
3035 5183 3187 5241 Tune
3228 5201 3366 5241 unus
3397 5200 3462 5240 ex
3498 5186 3601 5241 illis
3646 5166 3746 5239 tam

2178 5281 2235 5335 in
2291 5280 2475 5335 habitu
2523 5293 2684 5340 quam
2744 5280 2987 5340 equitatu
3041 5289 3263 5337 strenuo
3325 5281 3481 5336 militi
3536 5278 3747 5333 onuiuo
