  <div class='ocr_page' id='page_1' title='image "/cluster/home/n/w/nwhite01/storage/ocr_20150623/146/hvd.32044015471832/186.png"; bbox 0 0 3942 5340; ppageno 0'>
   <div class='ocr_carea' id='block_1_1' title="bbox 149 252 1737 348">
    <p class='ocr_par' dir='ltr' id='par_1_1' title="bbox 149 252 1696 348">
     <span class='ocr_line' id='line_1_1' title="bbox 149 252 1696 348; baseline -0.003 -2"><span class='ocrx_word' id='word_1_1' title='bbox 149 292 235 348; x_wconf 69' lang='grc' dir='ltr'><strong>δδι</strong></span> <span class='ocrx_word' id='word_1_2' title='bbox 868 252 873 257; x_wconf 54' lang='grc'><strong><em>’</em></strong></span> <span class='ocrx_word' id='word_1_3' title='bbox 1497 286 1696 343; x_wconf 79' lang='lat' dir='ltr'><strong>LIBER</strong></span> 
     </span>
    </p>
   </div>
   <div class='ocr_carea' id='block_1_2' title="bbox 1843 252 2085 348">
    <p class='ocr_par' dir='ltr' id='par_1_2' title="bbox 1847 276 2085 343">
     <span class='ocr_line' id='line_1_2' title="bbox 1847 276 2085 343; baseline 0 -2"><span class='ocrx_word' id='word_1_4' title='bbox 1847 276 2085 343; x_wconf 62' lang='lat' dir='ltr'><strong>lOSUM.</strong></span> 
     </span>
    </p>
   </div>
   <div class='ocr_carea' id='block_1_3' title="bbox 3306 282 3415 341">
    <p class='ocr_par' dir='ltr' id='par_1_3' title="bbox 3306 282 3415 341">
     <span class='ocr_line' id='line_1_3' title="bbox 3306 282 3415 341; baseline 0 0"><span class='ocrx_word' id='word_1_5' title='bbox 3306 282 3415 341; x_wconf 64' lang='grc'><strong>361</strong></span> 
     </span>
    </p>
   </div>
   <div class='ocr_carea' id='block_1_4' title="bbox 144 397 3414 477">
    <p class='ocr_par' dir='ltr' id='par_1_4' title="bbox 144 397 3414 477">
     <span class='ocr_line' id='line_1_4' title="bbox 144 397 3414 477; baseline 0 -12"><span class='ocrx_word' id='word_1_6' title='bbox 144 404 474 477; x_wconf 79' lang='lat' dir='ltr'><strong>raticnisque</strong></span> <span class='ocrx_word' id='word_1_7' title='bbox 501 420 636 461; x_wconf 77' lang='lat' dir='ltr'><strong>mea:</strong></span> <span class='ocrx_word' id='word_1_8' title='bbox 660 416 820 460; x_wconf 88' lang='lat' dir='ltr'><strong>causa</strong></span> <span class='ocrx_word' id='word_1_9' title='bbox 851 397 1108 460; x_wconf 84' lang='lat' dir='ltr'><strong>reddatis.</strong></span> <span class='ocrx_word' id='word_1_10' title='bbox 1140 400 1202 458; x_wconf 84' lang='lat' dir='ltr'><strong>Si</strong></span> <span class='ocrx_word' id='word_1_11' title='bbox 1233 400 1378 459; x_wconf 88' lang='lat' dir='ltr'><strong>enim</strong></span> <span class='ocrx_word' id='word_1_12' title='bbox 1404 415 1510 457; x_wconf 83' lang='lat' dir='ltr'><strong>non</strong></span> <span class='ocrx_word' id='word_1_13' title='bbox 1537 401 1712 456; x_wconf 88' lang='lat' dir='ltr'><strong>reddi-</strong></span> <span class='ocrx_word' id='word_1_14' title='bbox 1752 408 1799 465; x_wconf 78' lang='grc' dir='ltr'>Α</span> <span class='ocrx_word' id='word_1_15' title='bbox 1824 397 2067 469; x_wconf 84' lang='lat' dir='ltr'><strong>ejusdem</strong></span> <span class='ocrx_word' id='word_1_16' title='bbox 2122 402 2372 459; x_wconf 88' lang='lat' dir='ltr'><strong>monachi</strong></span> <span class='ocrx_word' id='word_1_17' title='bbox 2421 400 2765 460; x_wconf 71' lang='lat' dir='ltr'><strong>dilectionem</strong></span> <span class='ocrx_word' id='word_1_18' title='bbox 2809 418 2952 476; x_wconf 75' lang='lat' dir='ltr'><strong>stepe</strong></span> <span class='ocrx_word' id='word_1_19' title='bbox 3002 404 3275 477; x_wconf 87' lang='lat' dir='ltr'><strong>quondam</strong></span> <span class='ocrx_word' id='word_1_20' title='bbox 3321 424 3414 467; x_wconf 82' lang='lat' dir='ltr'><strong>ve-</strong></span> 
     </span>
    </p>
   </div>
   <div class='ocr_carea' id='block_1_5' title="bbox 140 495 1725 570">
    <p class='ocr_par' dir='ltr' id='par_1_5' title="bbox 140 495 1725 570">
     <span class='ocr_line' id='line_1_5' title="bbox 140 495 1725 570; baseline -0.004 -19"><span class='ocrx_word' id='word_1_21' title='bbox 140 497 342 567; x_wconf 81' lang='lat' dir='ltr'><strong>deritis,</strong></span> <span class='ocrx_word' id='word_1_22' title='bbox 401 513 507 554; x_wconf 88' lang='lat' dir='ltr'><strong>nec</strong></span> <span class='ocrx_word' id='word_1_23' title='bbox 555 514 677 570; x_wconf 80' lang='lat' dir='ltr'><strong>ego,</strong></span> <span class='ocrx_word' id='word_1_24' title='bbox 727 513 827 553; x_wconf 88' lang='lat' dir='ltr'><strong>nec</strong></span> <span class='ocrx_word' id='word_1_25' title='bbox 870 511 1001 562; x_wconf 79' lang='lat' dir='ltr'><strong>vos,</strong></span> <span class='ocrx_word' id='word_1_26' title='bbox 1049 508 1151 552; x_wconf 90' lang='lat' dir='ltr'><strong>nec</strong></span> <span class='ocrx_word' id='word_1_27' title='bbox 1195 495 1338 550; x_wconf 90' lang='lat' dir='ltr'><strong>ullus</strong></span> <span class='ocrx_word' id='word_1_28' title='bbox 1384 502 1725 565; x_wconf 75' lang='lat' dir='ltr'><strong>posterorum</strong></span> 
     </span>
    </p>
   </div>
   <div class='ocr_carea' id='block_1_6' title="bbox 140 584 1728 660">
    <p class='ocr_par' dir='ltr' id='par_1_6' title="bbox 140 584 1728 660">
     <span class='ocr_line' id='line_1_6' title="bbox 140 584 1728 660; baseline -0.003 -17"><span class='ocrx_word' id='word_1_29' title='bbox 140 589 273 644; x_wconf 85' lang='lat' dir='ltr'><strong>idem</strong></span> <span class='ocrx_word' id='word_1_30' title='bbox 328 589 597 660; x_wconf 72' lang='lat' dir='ltr'><strong>pnedium</strong></span> <span class='ocrx_word' id='word_1_31' title='bbox 645 587 991 645; x_wconf 73' lang='lat' dir='ltr'><strong>retinentium</strong></span> <span class='ocrx_word' id='word_1_32' title='bbox 1042 584 1260 656; x_wconf 78' lang='lat' dir='ltr'><strong>etl‘ugiet</strong></span> <span class='ocrx_word' id='word_1_33' title='bbox 1311 585 1490 657; x_wconf 81' lang='lat' dir='ltr'><strong>ignem</strong></span> <span class='ocrx_word' id='word_1_34' title='bbox 1534 598 1728 656; x_wconf 88' lang='lat' dir='ltr'><strong>perpe-</strong></span> 
     </span>
    </p>
   </div>
   <div class='ocr_carea' id='block_1_7' title="bbox 141 675 1725 752">
    <p class='ocr_par' dir='ltr' id='par_1_7' title="bbox 141 675 1725 752">
     <span class='ocr_line' id='line_1_7' title="bbox 141 675 1725 752; baseline -0.003 -18"><span class='ocrx_word' id='word_1_35' title='bbox 141 691 307 734; x_wconf 87' lang='lat' dir='ltr'><strong>tuum.</strong></span> <span class='ocrx_word' id='word_1_36' title='bbox 360 680 462 736; x_wconf 86' lang='lat' dir='ltr'><strong>Cui</strong></span> <span class='ocrx_word' id='word_1_37' title='bbox 516 679 907 752; x_wconf 87' lang='lat' dir='ltr'><strong>respondentes</strong></span> <span class='ocrx_word' id='word_1_38' title='bbox 953 678 1046 734; x_wconf 85' lang='lat' dir='ltr'><strong>lilii</strong></span> <span class='ocrx_word' id='word_1_39' title='bbox 1088 678 1383 736; x_wconf 75' lang='lat' dir='ltr'><strong>dixerunt:</strong></span> <span class='ocrx_word' id='word_1_40' title='bbox 1424 675 1725 745; x_wconf 82' lang='lat' dir='ltr'><strong>Quomodo,</strong></span> 
     </span>
    </p>
   </div>
   <div class='ocr_carea' id='block_1_8' title="bbox 139 769 1727 846">
    <p class='ocr_par' dir='ltr' id='par_1_8' title="bbox 139 769 1727 846">
     <span class='ocr_line' id='line_1_8' title="bbox 139 769 1727 846; baseline -0.003 -19"><span class='ocrx_word' id='word_1_41' title='bbox 139 785 309 844; x_wconf 87' lang='lat' dir='ltr'><strong>pater,</strong></span> <span class='ocrx_word' id='word_1_42' title='bbox 354 780 657 846; x_wconf 81' lang='lat' dir='ltr'><strong>possumus</strong></span> <span class='ocrx_word' id='word_1_43' title='bbox 698 771 1008 842; x_wconf 90' lang='lat' dir='ltr'><strong>relinquere</strong></span> <span class='ocrx_word' id='word_1_44' title='bbox 1054 779 1262 826; x_wconf 79' lang='lat' dir='ltr'><strong>tantam</strong></span> <span class='ocrx_word' id='word_1_45' title='bbox 1302 769 1727 842; x_wconf 78' lang='lat' dir='ltr'><strong>possessionem,</strong></span> 
     </span>
    </p>
   </div>
   <div class='ocr_carea' id='block_1_9' title="bbox 140 861 1730 934">
    <p class='ocr_par' dir='ltr' id='par_1_9' title="bbox 140 861 1730 934">
     <span class='ocr_line' id='line_1_9' title="bbox 140 861 1730 934; baseline -0.004 -14"><span class='ocrx_word' id='word_1_46' title='bbox 140 882 239 934; x_wconf 82' lang='lat' dir='ltr'><strong>qua</strong></span> <span class='ocrx_word' id='word_1_47' title='bbox 284 882 386 921; x_wconf 88' lang='lat' dir='ltr'><strong>nec</strong></span> <span class='ocrx_word' id='word_1_48' title='bbox 428 876 487 919; x_wconf 93' lang='lat' dir='ltr'><strong>tu</strong></span> <span class='ocrx_word' id='word_1_49' title='bbox 532 865 584 919; x_wconf 92' lang='lat' dir='ltr'><strong>in</strong></span> <span class='ocrx_word' id='word_1_50' title='bbox 627 864 732 919; x_wconf 92' lang='lat' dir='ltr'><strong>hoc</strong></span> <span class='ocrx_word' id='word_1_51' title='bbox 778 864 976 918; x_wconf 90' lang='lat' dir='ltr'><strong>mundo</strong></span> <span class='ocrx_word' id='word_1_52' title='bbox 1002 861 1230 934; x_wconf 88' lang='lat' dir='ltr'><strong>positus,</strong></span> <span class='ocrx_word' id='word_1_53' title='bbox 1262 877 1365 918; x_wconf 90' lang='lat' dir='ltr'><strong>nec</strong></span> <span class='ocrx_word' id='word_1_54' title='bbox 1394 877 1491 918; x_wconf 91' lang='lat' dir='ltr'><strong>nos</strong></span> <span class='ocrx_word' id='word_1_55' title='bbox 1523 869 1645 933; x_wconf 91' lang='lat' dir='ltr'><strong>post</strong></span> <span class='ocrx_word' id='word_1_56' title='bbox 1678 871 1730 914; x_wconf 87' lang='lat' dir='ltr'><strong>te</strong></span> 
     </span>
    </p>
   </div>
   <div class='ocr_carea' id='block_1_10' title="bbox 139 952 1726 1022">
    <p class='ocr_par' dir='ltr' id='par_1_10' title="bbox 139 952 1726 1022">
     <span class='ocr_line' id='line_1_10' title="bbox 139 952 1726 1022; baseline -0.003 -13"><span class='ocrx_word' id='word_1_57' title='bbox 139 972 324 1012; x_wconf 80' lang='lat' dir='ltr'><strong>carere</strong></span> <span class='ocrx_word' id='word_1_58' title='bbox 367 956 659 1011; x_wconf 84' lang='lat' dir='ltr'><strong>valemus?</strong></span> <span class='ocrx_word' id='word_1_59' title='bbox 711 953 818 1009; x_wconf 83' lang='lat' dir='ltr'><strong>Sed</strong></span> <span class='ocrx_word' id='word_1_60' title='bbox 846 969 945 1009; x_wconf 90' lang='lat' dir='ltr'><strong>nec</strong></span> <span class='ocrx_word' id='word_1_61' title='bbox 975 952 1080 1006; x_wconf 81' lang='lat' dir='ltr'><strong>ulla</strong></span> <span class='ocrx_word' id='word_1_62' title='bbox 1124 968 1183 1008; x_wconf 88' lang='lat' dir='ltr'><strong>re</strong></span> <span class='ocrx_word' id='word_1_63' title='bbox 1222 953 1421 1008; x_wconf 82' lang='lat' dir='ltr'><strong>videris</strong></span> <span class='ocrx_word' id='word_1_64' title='bbox 1464 952 1518 1006; x_wconf 89' lang='lat' dir='ltr'><strong>in</strong></span> <span class='ocrx_word' id='word_1_65' title='bbox 1543 953 1726 1022; x_wconf 58' lang='grc' dir='ltr'><strong>τῆξαι-ο.</strong></span> 
     </span>
    </p>
   </div>
   <div class='ocr_carea' id='block_1_11' title="bbox 139 1042 1730 1118">
    <p class='ocr_par' dir='ltr' id='par_1_11' title="bbox 139 1042 1730 1118">
     <span class='ocr_line' id='line_1_11' title="bbox 139 1042 1730 1118; baseline -0.003 -17"><span class='ocrx_word' id='word_1_66' title='bbox 139 1048 225 1118; x_wconf 89' lang='lat' dir='ltr'><strong>qui</strong></span> <span class='ocrx_word' id='word_1_67' title='bbox 275 1048 329 1101; x_wconf 89' lang='lat' dir='ltr'><strong>in</strong></span> <span class='ocrx_word' id='word_1_68' title='bbox 374 1048 563 1101; x_wconf 86' lang='lat' dir='ltr'><strong>habitu</strong></span> <span class='ocrx_word' id='word_1_69' title='bbox 607 1045 738 1101; x_wconf 83' lang='lat' dir='ltr'><strong>satis</strong></span> <span class='ocrx_word' id='word_1_70' title='bbox 785 1052 977 1099; x_wconf 86' lang='lat' dir='ltr'><strong>omato</strong></span> <span class='ocrx_word' id='word_1_71' title='bbox 1020 1043 1133 1115; x_wconf 86' lang='lat' dir='ltr'><strong>jam</strong></span> <span class='ocrx_word' id='word_1_72' title='bbox 1173 1042 1439 1113; x_wconf 82' lang='lat' dir='ltr'><strong>procedis.</strong></span> <span class='ocrx_word' id='word_1_73' title='bbox 1482 1042 1561 1096; x_wconf 79' lang='lat' dir='ltr'><strong>Ad</strong></span> <span class='ocrx_word' id='word_1_74' title='bbox 1615 1042 1730 1096; x_wconf 71' lang='lat' dir='ltr'><strong>llzl‘c</strong></span> 
     </span>
    </p>
   </div>
   <div class='ocr_carea' id='block_1_12' title="bbox 138 1134 1731 1209">
    <p class='ocr_par' dir='ltr' id='par_1_12' title="bbox 138 1134 1731 1209">
     <span class='ocr_line' id='line_1_12' title="bbox 138 1134 1731 1209; baseline -0.001 -18"><span class='ocrx_word' id='word_1_75' title='bbox 138 1148 290 1209; x_wconf 71' lang='lat' dir='ltr'><strong>pzter</strong></span> <span class='ocrx_word' id='word_1_76' title='bbox 318 1140 398 1193; x_wconf 86' lang='lat' dir='ltr'><strong>ait</strong></span> <span class='ocrx_word' id='word_1_77' title='bbox 437 1156 452 1193; x_wconf 92' lang='lat'><strong>:</strong></span> <span class='ocrx_word' id='word_1_78' title='bbox 511 1139 656 1193; x_wconf 83' lang='lat' dir='ltr'><strong>Proh</strong></span> <span class='ocrx_word' id='word_1_79' title='bbox 706 1136 890 1192; x_wconf 89' lang='lat' dir='ltr'><strong>dolor!</strong></span> <span class='ocrx_word' id='word_1_80' title='bbox 923 1135 1102 1206; x_wconf 84' lang='lat' dir='ltr'><strong>qualis</strong></span> <span class='ocrx_word' id='word_1_81' title='bbox 1128 1145 1214 1192; x_wconf 88' lang='lat' dir='ltr'><strong>est</strong></span> <span class='ocrx_word' id='word_1_82' title='bbox 1271 1135 1375 1189; x_wconf 81' lang='lat' dir='ltr'><strong>iste</strong></span> <span class='ocrx_word' id='word_1_83' title='bbox 1422 1134 1587 1190; x_wconf 83' lang='lat' dir='ltr'><strong>decor</strong></span> <span class='ocrx_word' id='word_1_84' title='bbox 1623 1149 1731 1203; x_wconf 81' lang='lat' dir='ltr'><strong>quo</strong></span> 
     </span>
    </p>
   </div>
   <div class='ocr_carea' id='block_1_13' title="bbox 140 1222 1727 1296">
    <p class='ocr_par' dir='ltr' id='par_1_13' title="bbox 140 1222 1727 1296">
     <span class='ocr_line' id='line_1_13' title="bbox 140 1222 1727 1296; baseline -0.005 -12"><span class='ocrx_word' id='word_1_85' title='bbox 140 1232 402 1285; x_wconf 83' lang='lat' dir='ltr'><strong>hactenus</strong></span> <span class='ocrx_word' id='word_1_86' title='bbox 432 1237 577 1284; x_wconf 92' lang='lat' dir='ltr'><strong>utor.</strong></span> <span class='ocrx_word' id='word_1_87' title='bbox 614 1226 934 1296; x_wconf 76' lang='lat' dir='ltr'><strong>Ubicunque</strong></span> <span class='ocrx_word' id='word_1_88' title='bbox 963 1226 1109 1281; x_wconf 89' lang='lat' dir='ltr'><strong>cnim</strong></span> <span class='ocrx_word' id='word_1_89' title='bbox 1135 1224 1265 1279; x_wconf 88' lang='lat' dir='ltr'><strong>mihi</strong></span> <span class='ocrx_word' id='word_1_90' title='bbox 1287 1222 1551 1293; x_wconf 82' lang='lat' dir='ltr'><strong>contingit</strong></span> <span class='ocrx_word' id='word_1_91' title='bbox 1586 1238 1727 1287; x_wconf 84' lang='lat' dir='ltr'><strong>esse,</strong></span> 
     </span>
    </p>
   </div>
   <div class='ocr_carea' id='block_1_14' title="bbox 140 1316 1727 1393">
    <p class='ocr_par' dir='ltr' id='par_1_14' title="bbox 140 1316 1727 1393">
     <span class='ocr_line' id='line_1_14' title="bbox 140 1316 1727 1393; baseline -0.004 -16"><span class='ocrx_word' id='word_1_92' title='bbox 140 1322 465 1377; x_wconf 77' lang='lat' dir='ltr'><strong>intolerabili</strong></span> <span class='ocrx_word' id='word_1_93' title='bbox 500 1332 759 1393; x_wconf 90' lang='lat' dir='ltr'><strong>torqueor</strong></span> <span class='ocrx_word' id='word_1_94' title='bbox 797 1321 940 1393; x_wconf 84' lang='lat' dir='ltr'><strong>igne.</strong></span> <span class='ocrx_word' id='word_1_95' title='bbox 987 1320 1093 1375; x_wconf 75' lang='lat' dir='ltr'><strong>Sed</strong></span> <span class='ocrx_word' id='word_1_96' title='bbox 1136 1329 1191 1376; x_wconf 91' lang='lat' dir='ltr'><strong>et</strong></span> <span class='ocrx_word' id='word_1_97' title='bbox 1230 1319 1413 1374; x_wconf 89' lang='lat' dir='ltr'><strong>oumia</strong></span> <span class='ocrx_word' id='word_1_98' title='bbox 1436 1333 1557 1388; x_wconf 73' lang='lat' dir='ltr'><strong>qua:</strong></span> <span class='ocrx_word' id='word_1_99' title='bbox 1589 1316 1727 1383; x_wconf 78' lang='lat' dir='ltr'><strong>visu,</strong></span> 
     </span>
    </p>
   </div>
   <div class='ocr_carea' id='block_1_15' title="bbox 139 1408 1731 1485">
    <p class='ocr_par' dir='ltr' id='par_1_15' title="bbox 139 1408 1731 1485">
     <span class='ocr_line' id='line_1_15' title="bbox 139 1408 1731 1485; baseline -0.003 -17"><span class='ocrx_word' id='word_1_100' title='bbox 139 1413 321 1469; x_wconf 88' lang='lat' dir='ltr'><strong>auditu</strong></span> <span class='ocrx_word' id='word_1_101' title='bbox 353 1414 439 1468; x_wconf 86' lang='lat' dir='ltr'><strong>vel</strong></span> <span class='ocrx_word' id='word_1_102' title='bbox 474 1422 619 1470; x_wconf 88' lang='lat' dir='ltr'><strong>tactu</strong></span> <span class='ocrx_word' id='word_1_103' title='bbox 658 1414 934 1485; x_wconf 84' lang='lat' dir='ltr'><strong>contingo,</strong></span> <span class='ocrx_word' id='word_1_104' title='bbox 964 1411 1283 1468; x_wconf 87' lang='lat' dir='ltr'><strong>comburere</strong></span> <span class='ocrx_word' id='word_1_105' title='bbox 1314 1425 1401 1465; x_wconf 90' lang='lat' dir='ltr'><strong>me</strong></span> <span class='ocrx_word' id='word_1_106' title='bbox 1430 1410 1625 1465; x_wconf 83' lang='lat' dir='ltr'><strong>sentio.</strong></span> <span class='ocrx_word' id='word_1_107' title='bbox 1664 1408 1731 1464; x_wconf 84' lang='lat' dir='ltr'><strong>Et</strong></span> 
     </span>
    </p>
   </div>
   <div class='ocr_carea' id='block_1_16' title="bbox 140 1503 1726 1578">
    <p class='ocr_par' dir='ltr' id='par_1_16' title="bbox 140 1503 1726 1578">
     <span class='ocr_line' id='line_1_16' title="bbox 140 1503 1726 1578; baseline -0.004 -17"><span class='ocrx_word' id='word_1_108' title='bbox 140 1516 195 1561; x_wconf 87' lang='lat' dir='ltr'><strong>ut</strong></span> <span class='ocrx_word' id='word_1_109' title='bbox 238 1508 345 1563; x_wconf 91' lang='lat' dir='ltr'><strong>hoc</strong></span> <span class='ocrx_word' id='word_1_110' title='bbox 386 1510 462 1563; x_wconf 88' lang='lat' dir='ltr'><strong>ita</strong></span> <span class='ocrx_word' id='word_1_111' title='bbox 489 1523 614 1563; x_wconf 88' lang='lat' dir='ltr'><strong>esse</strong></span> <span class='ocrx_word' id='word_1_112' title='bbox 649 1508 851 1578; x_wconf 78' lang='lat' dir='ltr'><strong>absque</strong></span> <span class='ocrx_word' id='word_1_113' title='bbox 888 1506 1050 1562; x_wconf 92' lang='lat' dir='ltr'><strong>dubio</strong></span> <span class='ocrx_word' id='word_1_114' title='bbox 1077 1505 1285 1570; x_wconf 85' lang='lat' dir='ltr'><strong>sciatis,</strong></span> <span class='ocrx_word' id='word_1_115' title='bbox 1326 1503 1539 1558; x_wconf 78' lang='lat' dir='ltr'><strong>hastam</strong></span> <span class='ocrx_word' id='word_1_116' title='bbox 1567 1504 1726 1567; x_wconf 84' lang='lat' dir='ltr'><strong>hanc,</strong></span> 
     </span>
    </p>
   </div>
   <div class='ocr_carea' id='block_1_17' title="bbox 139 1596 1728 1669">
    <p class='ocr_par' dir='ltr' id='par_1_17' title="bbox 139 1596 1728 1669">
     <span class='ocr_line' id='line_1_17' title="bbox 139 1596 1728 1669; baseline -0.003 -16"><span class='ocrx_word' id='word_1_117' title='bbox 139 1617 298 1669; x_wconf 84' lang='lat' dir='ltr'><strong>quam</strong></span> <span class='ocrx_word' id='word_1_118' title='bbox 342 1600 400 1656; x_wconf 84' lang='lat' dir='ltr'><strong>in</strong></span> <span class='ocrx_word' id='word_1_119' title='bbox 446 1617 610 1657; x_wconf 87' lang='lat' dir='ltr'><strong>manu</strong></span> <span class='ocrx_word' id='word_1_120' title='bbox 645 1612 823 1665; x_wconf 86' lang='lat' dir='ltr'><strong>teneo,</strong></span> <span class='ocrx_word' id='word_1_121' title='bbox 874 1598 1265 1668; x_wconf 83' lang='lat' dir='ltr'><strong>apprehendite</strong></span> <span class='ocrx_word' id='word_1_122' title='bbox 1312 1596 1461 1666; x_wconf 90' lang='lat' dir='ltr'><strong>(nam</strong></span> <span class='ocrx_word' id='word_1_123' title='bbox 1509 1610 1629 1650; x_wconf 84' lang='lat' dir='ltr'><strong>eam</strong></span> <span class='ocrx_word' id='word_1_124' title='bbox 1675 1596 1728 1649; x_wconf 92' lang='lat' dir='ltr'><strong>in</strong></span> 
     </span>
    </p>
   </div>
   <div class='ocr_carea' id='block_1_18' title="bbox 142 1686 1728 1762">
    <p class='ocr_par' dir='ltr' id='par_1_18' title="bbox 142 1686 1728 1762">
     <span class='ocr_line' id='line_1_18' title="bbox 142 1686 1728 1762; baseline -0.005 -17"><span class='ocrx_word' id='word_1_125' title='bbox 142 1708 298 1746; x_wconf 88' lang='lat' dir='ltr'><strong>manu</strong></span> <span class='ocrx_word' id='word_1_126' title='bbox 324 1692 470 1746; x_wconf 85' lang='lat' dir='ltr'><strong>l&#39;erre</strong></span> <span class='ocrx_word' id='word_1_127' title='bbox 500 1691 802 1762; x_wconf 74' lang='lat' dir='ltr'><strong>videbatur)</strong></span> <span class='ocrx_word' id='word_1_128' title='bbox 831 1706 847 1755; x_wconf 91' lang='lat'>;</span> <span class='ocrx_word' id='word_1_129' title='bbox 879 1701 1115 1759; x_wconf 79' lang='lat' dir='ltr'><strong>moxque</strong></span> <span class='ocrx_word' id='word_1_130' title='bbox 1160 1702 1299 1741; x_wconf 90' lang='lat' dir='ltr'><strong>unus</strong></span> <span class='ocrx_word' id='word_1_131' title='bbox 1342 1686 1555 1741; x_wconf 84' lang='lat' dir='ltr'><strong>illorum</strong></span> <span class='ocrx_word' id='word_1_132' title='bbox 1599 1700 1728 1755; x_wconf 84' lang='lat' dir='ltr'><strong>pro-</strong></span> 
     </span>
    </p>
   </div>
   <div class='ocr_carea' id='block_1_19' title="bbox 141 1756 1806 1854">
    <p class='ocr_par' dir='ltr' id='par_1_19' title="bbox 141 1756 1806 1854">
     <span class='ocr_line' id='line_1_19' title="bbox 141 1756 1806 1854; baseline -0.004 -15"><span class='ocrx_word' id='word_1_133' title='bbox 141 1786 271 1839; x_wconf 84' lang='lat' dir='ltr'><strong>bare</strong></span> <span class='ocrx_word' id='word_1_134' title='bbox 297 1784 489 1840; x_wconf 81' lang='lat' dir='ltr'><strong>volens</strong></span> <span class='ocrx_word' id='word_1_135' title='bbox 513 1799 637 1854; x_wconf 62' lang='lat' dir='ltr'><strong>qua:</strong></span> <span class='ocrx_word' id='word_1_136' title='bbox 686 1783 917 1849; x_wconf 75' lang='lat' dir='ltr'><strong>audivit,</strong></span> <span class='ocrx_word' id='word_1_137' title='bbox 954 1782 1201 1838; x_wconf 89' lang='lat' dir='ltr'><strong>concitus</strong></span> <span class='ocrx_word' id='word_1_138' title='bbox 1230 1780 1476 1836; x_wconf 80' lang='lat' dir='ltr'><strong>eamdem</strong></span> <span class='ocrx_word' id='word_1_139' title='bbox 1516 1780 1728 1833; x_wconf 84' lang='lat' dir='ltr'><strong>hastam</strong></span> <span class='ocrx_word' id='word_1_140' title='bbox 1764 1756 1806 1814; x_wconf 67' lang='grc' dir='ltr'><strong><em>Β</em></strong></span> 
     </span>
    </p>
   </div>
   <div class='ocr_carea' id='block_1_20' title="bbox 140 1873 1732 1950">
    <p class='ocr_par' dir='ltr' id='par_1_20' title="bbox 140 1873 1732 1950">
     <span class='ocr_line' id='line_1_20' title="bbox 140 1873 1732 1950; baseline -0.003 -17"><span class='ocrx_word' id='word_1_141' title='bbox 140 1877 379 1950; x_wconf 84' lang='lat' dir='ltr'><strong>arripere</strong></span> <span class='ocrx_word' id='word_1_142' title='bbox 421 1878 650 1933; x_wconf 86' lang='lat' dir='ltr'><strong>studuit.</strong></span> <span class='ocrx_word' id='word_1_143' title='bbox 716 1877 823 1932; x_wconf 88' lang='lat' dir='ltr'><strong>Sed</strong></span> <span class='ocrx_word' id='word_1_144' title='bbox 872 1875 1187 1946; x_wconf 84' lang='lat' dir='ltr'><strong>priusquam</strong></span> <span class='ocrx_word' id='word_1_145' title='bbox 1239 1882 1419 1941; x_wconf 76' lang='lat' dir='ltr'><strong>empta</strong></span> <span class='ocrx_word' id='word_1_146' title='bbox 1470 1873 1732 1943; x_wconf 80' lang='lat' dir='ltr'><strong>perlicere</strong></span> 
     </span>
    </p>
   </div>
   <div class='ocr_carea' id='block_1_21' title="bbox 142 1964 1733 2041">
    <p class='ocr_par' dir='ltr' id='par_1_21' title="bbox 142 1964 1733 2041">
     <span class='ocr_line' id='line_1_21' title="bbox 142 1964 1733 2041; baseline -0.006 -16"><span class='ocrx_word' id='word_1_147' title='bbox 142 1982 356 2040; x_wconf 82' lang='lat' dir='ltr'><strong>posset,</strong></span> <span class='ocrx_word' id='word_1_148' title='bbox 410 1986 524 2041; x_wconf 71' lang='lat' dir='ltr'><strong>pra:</strong></span> <span class='ocrx_word' id='word_1_149' title='bbox 585 1969 753 2023; x_wconf 89' lang='lat' dir='ltr'><strong>nimio</strong></span> <span class='ocrx_word' id='word_1_150' title='bbox 797 1966 982 2023; x_wconf 78' lang='lat' dir='ltr'><strong>calore</strong></span> <span class='ocrx_word' id='word_1_151' title='bbox 1026 1964 1234 2020; x_wconf 84' lang='lat' dir='ltr'><strong>dimisit</strong></span> <span class='ocrx_word' id='word_1_152' title='bbox 1279 1980 1420 2019; x_wconf 86' lang='lat' dir='ltr'><strong>eam.</strong></span> <span class='ocrx_word' id='word_1_153' title='bbox 1472 1964 1541 2018; x_wconf 83' lang='lat' dir='ltr'><strong>At</strong></span> <span class='ocrx_word' id='word_1_154' title='bbox 1581 1972 1733 2034; x_wconf 77' lang='lat' dir='ltr'><strong>pater</strong></span> 
     </span>
    </p>
   </div>
   <div class='ocr_carea' id='block_1_22' title="bbox 142 2053 1736 2131">
    <p class='ocr_par' dir='ltr' id='par_1_22' title="bbox 142 2053 1736 2131">
     <span class='ocr_line' id='line_1_22' title="bbox 142 2053 1736 2131; baseline -0.006 -16"><span class='ocrx_word' id='word_1_155' title='bbox 142 2071 428 2131; x_wconf 86' lang='lat' dir='ltr'><strong>antequam</strong></span> <span class='ocrx_word' id='word_1_156' title='bbox 458 2061 511 2115; x_wconf 92' lang='lat' dir='ltr'><strong>in</strong></span> <span class='ocrx_word' id='word_1_157' title='bbox 559 2068 759 2114; x_wconf 89' lang='lat' dir='ltr'><strong>terram</strong></span> <span class='ocrx_word' id='word_1_158' title='bbox 801 2056 1045 2113; x_wconf 83' lang='lat' dir='ltr'><strong>cadendo</strong></span> <span class='ocrx_word' id='word_1_159' title='bbox 1076 2054 1433 2127; x_wconf 73' lang='lat' dir='ltr'><strong>pervenisset,</strong></span> <span class='ocrx_word' id='word_1_160' title='bbox 1483 2053 1736 2109; x_wconf 86' lang='lat' dir='ltr'><strong>celeriter</strong></span> 
     </span>
    </p>
   </div>
   <div class='ocr_carea' id='block_1_23' title="bbox 144 2148 1732 2220">
    <p class='ocr_par' dir='ltr' id='par_1_23' title="bbox 144 2148 1732 2220">
     <span class='ocr_line' id='line_1_23' title="bbox 144 2148 1732 2220; baseline -0.004 -14"><span class='ocrx_word' id='word_1_161' title='bbox 144 2153 358 2207; x_wconf 88' lang='lat' dir='ltr'><strong>sustulit</strong></span> <span class='ocrx_word' id='word_1_162' title='bbox 407 2151 635 2208; x_wconf 88' lang='lat' dir='ltr'><strong>dicens:</strong></span> <span class='ocrx_word' id='word_1_163' title='bbox 679 2150 828 2205; x_wconf 87' lang='lat' dir='ltr'><strong>Scito</strong></span> <span class='ocrx_word' id='word_1_164' title='bbox 857 2149 1022 2220; x_wconf 87' lang='lat' dir='ltr'><strong>quod,</strong></span> <span class='ocrx_word' id='word_1_165' title='bbox 1063 2150 1110 2204; x_wconf 90' lang='lat' dir='ltr'><strong>si</strong></span> <span class='ocrx_word' id='word_1_166' title='bbox 1154 2149 1327 2218; x_wconf 80' lang='lat' dir='ltr'><strong>ipsam</strong></span> <span class='ocrx_word' id='word_1_167' title='bbox 1355 2148 1568 2202; x_wconf 91' lang='lat' dir='ltr'><strong>hastam</strong></span> <span class='ocrx_word' id='word_1_168' title='bbox 1602 2162 1732 2216; x_wconf 86' lang='lat' dir='ltr'><strong>pro-</strong></span> 
     </span>
    </p>
   </div>
   <div class='ocr_carea' id='block_1_24' title="bbox 137 2237 1734 2312">
    <p class='ocr_par' dir='ltr' id='par_1_24' title="bbox 137 2237 1734 2312">
     <span class='ocr_line' id='line_1_24' title="bbox 137 2237 1734 2312; baseline -0.005 -14"><span class='ocrx_word' id='word_1_169' title='bbox 137 2243 361 2312; x_wconf 86' lang='lat' dir='ltr'><strong>jecisses</strong></span> <span class='ocrx_word' id='word_1_170' title='bbox 406 2243 461 2299; x_wconf 91' lang='lat' dir='ltr'><strong>in</strong></span> <span class='ocrx_word' id='word_1_171' title='bbox 520 2252 745 2308; x_wconf 89' lang='lat' dir='ltr'><strong>terram,</strong></span> <span class='ocrx_word' id='word_1_172' title='bbox 799 2238 1061 2309; x_wconf 82' lang='lat' dir='ltr'><strong>majorem</strong></span> <span class='ocrx_word' id='word_1_173' title='bbox 1092 2239 1223 2293; x_wconf 88' lang='lat' dir='ltr'><strong>mihi</strong></span> <span class='ocrx_word' id='word_1_174' title='bbox 1267 2237 1463 2293; x_wconf 76' lang='lat' dir='ltr'><strong>exinde</strong></span> <span class='ocrx_word' id='word_1_175' title='bbox 1491 2237 1734 2292; x_wconf 84' lang='lat' dir='ltr'><strong>eiiiceres</strong></span> 
     </span>
    </p>
   </div>
   <div class='ocr_carea' id='block_1_25' title="bbox 143 2329 1732 2405">
    <p class='ocr_par' dir='ltr' id='par_1_25' title="bbox 143 2329 1732 2405">
     <span class='ocr_line' id='line_1_25' title="bbox 143 2329 1732 2405; baseline -0.006 -13"><span class='ocrx_word' id='word_1_176' title='bbox 143 2351 375 2405; x_wconf 59' lang='lat' dir='ltr'><strong>pinnam.</strong></span> <span class='ocrx_word' id='word_1_177' title='bbox 425 2334 633 2391; x_wconf 82' lang='lat' dir='ltr'><strong>Deinde</strong></span> <span class='ocrx_word' id='word_1_178' title='bbox 678 2348 808 2388; x_wconf 76' lang='lat' dir='ltr'><strong>vero</strong></span> <span class='ocrx_word' id='word_1_179' title='bbox 834 2334 1017 2403; x_wconf 88' lang='lat' dir='ltr'><strong>priora</strong></span> <span class='ocrx_word' id='word_1_180' title='bbox 1050 2339 1302 2403; x_wconf 88' lang='lat' dir='ltr'><strong>repetens</strong></span> <span class='ocrx_word' id='word_1_181' title='bbox 1328 2329 1494 2385; x_wconf 74' lang='lat' dir='ltr'><strong>dixit:</strong></span> <span class='ocrx_word' id='word_1_182' title='bbox 1535 2329 1732 2385; x_wconf 89' lang='lat' dir='ltr'><strong>lterum</strong></span> 
     </span>
    </p>
   </div>
   <div class='ocr_carea' id='block_1_26' title="bbox 142 2423 1733 2502">
    <p class='ocr_par' dir='ltr' id='par_1_26' title="bbox 142 2423 1733 2502">
     <span class='ocr_line' id='line_1_26' title="bbox 142 2423 1733 2502; baseline -0.006 -17"><span class='ocrx_word' id='word_1_183' title='bbox 142 2441 284 2502; x_wconf 80' lang='lat' dir='ltr'><strong>peto,</strong></span> <span class='ocrx_word' id='word_1_184' title='bbox 332 2427 429 2484; x_wconf 72' lang='lat' dir='ltr'><strong>ﬁlii</strong></span> <span class='ocrx_word' id='word_1_185' title='bbox 480 2428 618 2494; x_wconf 89' lang='lat' dir='ltr'><strong>mei,</strong></span> <span class='ocrx_word' id='word_1_186' title='bbox 668 2435 727 2483; x_wconf 94' lang='lat' dir='ltr'><strong>ut</strong></span> <span class='ocrx_word' id='word_1_187' title='bbox 782 2425 1053 2498; x_wconf 86' lang='lat' dir='ltr'><strong>impleatis</strong></span> <span class='ocrx_word' id='word_1_188' title='bbox 1100 2441 1293 2496; x_wconf 90' lang='lat' dir='ltr'><strong>preces</strong></span> <span class='ocrx_word' id='word_1_189' title='bbox 1336 2425 1509 2496; x_wconf 85' lang='lat' dir='ltr'><strong>patris</strong></span> <span class='ocrx_word' id='word_1_190' title='bbox 1546 2423 1733 2479; x_wconf 87' lang='lat' dir='ltr'><strong>vestri.</strong></span> 
     </span>
    </p>
   </div>
   <div class='ocr_carea' id='block_1_27' title="bbox 147 2513 1761 2605">
    <p class='ocr_par' dir='ltr' id='par_1_27' title="bbox 147 2513 1761 2605">
     <span class='ocr_line' id='line_1_27' title="bbox 147 2513 1761 2605; baseline -0.005 -31"><span class='ocrx_word' id='word_1_191' title='bbox 147 2520 348 2589; x_wconf 85' lang='lat' dir='ltr'><strong>Quibus</strong></span> <span class='ocrx_word' id='word_1_192' title='bbox 409 2520 573 2577; x_wconf 78' lang='lat' dir='ltr'><strong>dictis</strong></span> <span class='ocrx_word' id='word_1_193' title='bbox 635 2534 902 2590; x_wconf 86' lang='lat' dir='ltr'><strong>nusquam</strong></span> <span class='ocrx_word' id='word_1_194' title='bbox 955 2518 1263 2589; x_wconf 87' lang='lat' dir='ltr'><strong>comparuit</strong></span> <span class='ocrx_word' id='word_1_195' title='bbox 1326 2516 1506 2588; x_wconf 83' lang='lat' dir='ltr'><strong>imago</strong></span> <span class='ocrx_word' id='word_1_196' title='bbox 1572 2513 1761 2605; x_wconf 42' lang='lat' dir='ltr'><strong>colla:</strong></span> 
     </span>
    </p>
   </div>
   <div class='ocr_carea' id='block_1_28' title="bbox 145 2611 377 2680">
    <p class='ocr_par' dir='ltr' id='par_1_28' title="bbox 145 2611 377 2680">
     <span class='ocr_line' id='line_1_28' title="bbox 145 2611 377 2680; baseline 0.026 -20"><span class='ocrx_word' id='word_1_197' title='bbox 145 2611 377 2680; x_wconf 81' lang='lat' dir='ltr'><strong>qucntis.</strong></span> 
     </span>
    </p>
   </div>
   <div class='ocr_carea' id='block_1_29' title="bbox 210 2699 1734 2771">
    <p class='ocr_par' dir='ltr' id='par_1_29' title="bbox 210 2699 1734 2771">
     <span class='ocr_line' id='line_1_29' title="bbox 210 2699 1734 2771; baseline -0.002 -14"><span class='ocrx_word' id='word_1_198' title='bbox 210 2703 361 2760; x_wconf 86' lang='lat' dir='ltr'><strong>Tunc</strong></span> <span class='ocrx_word' id='word_1_199' title='bbox 385 2703 547 2759; x_wconf 87' lang='lat' dir='ltr'><strong>iidem</strong></span> <span class='ocrx_word' id='word_1_200' title='bbox 576 2701 775 2759; x_wconf 83' lang='lat' dir='ltr'><strong>fratres</strong></span> <span class='ocrx_word' id='word_1_201' title='bbox 803 2701 1059 2757; x_wconf 88' lang='lat' dir='ltr'><strong>instincto</strong></span> <span class='ocrx_word' id='word_1_202' title='bbox 1083 2699 1267 2757; x_wconf 79' lang='lat' dir='ltr'><strong>divino</strong></span> <span class='ocrx_word' id='word_1_203' title='bbox 1295 2700 1529 2771; x_wconf 82' lang='lat' dir='ltr'><strong>correpti</strong></span> <span class='ocrx_word' id='word_1_204' title='bbox 1559 2715 1734 2770; x_wconf 72' lang='lat' dir='ltr'><strong>coepe-</strong></span> 
     </span>
    </p>
   </div>
   <div class='ocr_carea' id='block_1_30' title="bbox 147 2794 1738 2867">
    <p class='ocr_par' dir='ltr' id='par_1_30' title="bbox 147 2794 1738 2867">
     <span class='ocr_line' id='line_1_30' title="bbox 147 2794 1738 2867; baseline -0.002 -17"><span class='ocrx_word' id='word_1_205' title='bbox 147 2806 268 2851; x_wconf 88' lang='lat' dir='ltr'><strong>runt</strong></span> <span class='ocrx_word' id='word_1_206' title='bbox 297 2797 438 2851; x_wconf 86' lang='lat' dir='ltr'><strong>inter</strong></span> <span class='ocrx_word' id='word_1_207' title='bbox 468 2812 528 2851; x_wconf 91' lang='lat' dir='ltr'><strong>se</strong></span> <span class='ocrx_word' id='word_1_208' title='bbox 554 2797 846 2866; x_wconf 79' lang='lat' dir='ltr'><strong>diligenter</strong></span> <span class='ocrx_word' id='word_1_209' title='bbox 884 2804 1120 2852; x_wconf 88' lang='lat' dir='ltr'><strong>tractare</strong></span> <span class='ocrx_word' id='word_1_210' title='bbox 1164 2810 1327 2867; x_wconf 88' lang='lat' dir='ltr'><strong>super</strong></span> <span class='ocrx_word' id='word_1_211' title='bbox 1348 2802 1571 2866; x_wconf 90' lang='lat' dir='ltr'><strong>paterna</strong></span> <span class='ocrx_word' id='word_1_212' title='bbox 1600 2794 1738 2864; x_wconf 59' lang='lat' dir='ltr'><strong>peti-</strong></span> 
     </span>
    </p>
   </div>
   <div class='ocr_carea' id='block_1_31' title="bbox 149 2887 1739 2960">
    <p class='ocr_par' dir='ltr' id='par_1_31' title="bbox 149 2887 1739 2960">
     <span class='ocr_line' id='line_1_31' title="bbox 149 2887 1739 2960; baseline -0.003 -15"><span class='ocrx_word' id='word_1_213' title='bbox 149 2893 285 2947; x_wconf 87' lang='lat' dir='ltr'><strong>tione</strong></span> <span class='ocrx_word' id='word_1_214' title='bbox 335 2891 579 2947; x_wconf 87' lang='lat' dir='ltr'><strong>dicentes</strong></span> <span class='ocrx_word' id='word_1_215' title='bbox 614 2906 634 2946; x_wconf 84' lang='lat'><strong>:</strong></span> <span class='ocrx_word' id='word_1_216' title='bbox 677 2888 733 2946; x_wconf 90' lang='lat' dir='ltr'><strong>Si</strong></span> <span class='ocrx_word' id='word_1_217' title='bbox 782 2888 1081 2946; x_wconf 85' lang='lat' dir='ltr'><strong>retinentes</strong></span> <span class='ocrx_word' id='word_1_218' title='bbox 1109 2889 1368 2960; x_wconf 68' lang='lat' dir='ltr'><strong>prmdium</strong></span> <span class='ocrx_word' id='word_1_219' title='bbox 1401 2887 1542 2957; x_wconf 90' lang='lat' dir='ltr'><strong>quod</strong></span> <span class='ocrx_word' id='word_1_220' title='bbox 1586 2897 1739 2958; x_wconf 89' lang='lat' dir='ltr'><strong>pater</strong></span> 
     </span>
    </p>
   </div>
   <div class='ocr_carea' id='block_1_32' title="bbox 147 2980 1740 3053">
    <p class='ocr_par' dir='ltr' id='par_1_32' title="bbox 147 2980 1740 3053">
     <span class='ocr_line' id='line_1_32' title="bbox 147 2980 1740 3053; baseline -0.003 -16"><span class='ocrx_word' id='word_1_221' title='bbox 147 2994 322 3038; x_wconf 81' lang='lat' dir='ltr'><strong>noster</strong></span> <span class='ocrx_word' id='word_1_222' title='bbox 376 2983 576 3053; x_wconf 85' lang='lat' dir='ltr'><strong>injuste</strong></span> <span class='ocrx_word' id='word_1_223' title='bbox 626 2982 883 3044; x_wconf 82' lang='lat' dir='ltr'><strong>abstulit.</strong></span> <span class='ocrx_word' id='word_1_224' title='bbox 934 2982 983 3036; x_wconf 91' lang='lat' dir='ltr'><strong>ei</strong></span> <span class='ocrx_word' id='word_1_225' title='bbox 1039 2997 1145 3036; x_wconf 88' lang='lat' dir='ltr'><strong>non</strong></span> <span class='ocrx_word' id='word_1_226' title='bbox 1204 2980 1589 3039; x_wconf 84' lang='lat' dir='ltr'><strong>subvenimns.</strong></span> <span class='ocrx_word' id='word_1_227' title='bbox 1640 2995 1740 3034; x_wconf 90' lang='lat' dir='ltr'><strong>nos</strong></span> 
     </span>
    </p>
   </div>
   <div class='ocr_carea' id='block_1_33' title="bbox 147 3072 1810 3173">
    <p class='ocr_par' dir='ltr' id='par_1_33' title="bbox 147 3072 1810 3173">
     <span class='ocr_line' id='line_1_33' title="bbox 147 3072 1810 3173; baseline -0.001 -45"><span class='ocrx_word' id='word_1_228' title='bbox 147 3076 342 3145; x_wconf 84' lang='lat' dir='ltr'><strong>pariter</strong></span> <span class='ocrx_word' id='word_1_229' title='bbox 362 3075 552 3146; x_wconf 87' lang='lat' dir='ltr'><strong>procul</strong></span> <span class='ocrx_word' id='word_1_230' title='bbox 578 3074 747 3129; x_wconf 90' lang='lat' dir='ltr'><strong>dubio</strong></span> <span class='ocrx_word' id='word_1_231' title='bbox 769 3074 1025 3144; x_wconf 88' lang='lat' dir='ltr'><strong>perimus.</strong></span> <span class='ocrx_word' id='word_1_232' title='bbox 1055 3073 1200 3173; x_wconf 78' lang='lat' dir='ltr'><strong>Quid</strong></span> <span class='ocrx_word' id='word_1_233' title='bbox 1227 3074 1369 3129; x_wconf 91' lang='lat' dir='ltr'><strong>cnim</strong></span> <span class='ocrx_word' id='word_1_234' title='bbox 1398 3072 1734 3143; x_wconf 83' lang='lat' dir='ltr'><strong>proﬁcimus,</strong></span> <span class='ocrx_word' id='word_1_235' title='bbox 1765 3111 1810 3173; x_wconf 75' lang='lat' dir='ltr'><strong>C</strong></span> 
     </span>
    </p>
   </div>
   <div class='ocr_carea' id='block_1_34' title="bbox 149 3165 1743 3233">
    <p class='ocr_par' dir='ltr' id='par_1_34' title="bbox 149 3165 1743 3233">
     <span class='ocr_line' id='line_1_34' title="bbox 149 3165 1743 3233; baseline -0.002 -10"><span class='ocrx_word' id='word_1_236' title='bbox 149 3169 188 3223; x_wconf 85' lang='lat' dir='ltr'><strong>si</strong></span> <span class='ocrx_word' id='word_1_237' title='bbox 230 3169 486 3224; x_wconf 89' lang='lat' dir='ltr'><strong>mundum</strong></span> <span class='ocrx_word' id='word_1_238' title='bbox 542 3176 716 3224; x_wconf 92' lang='lat' dir='ltr'><strong>totum</strong></span> <span class='ocrx_word' id='word_1_239' title='bbox 771 3167 1064 3233; x_wconf 88' lang='lat' dir='ltr'><strong>lucremur,</strong></span> <span class='ocrx_word' id='word_1_240' title='bbox 1114 3165 1417 3220; x_wconf 85' lang='lat' dir='ltr'><strong>animarum</strong></span> <span class='ocrx_word' id='word_1_241' title='bbox 1466 3178 1597 3219; x_wconf 85' lang='lat' dir='ltr'><strong>vero</strong></span> <span class='ocrx_word' id='word_1_242' title='bbox 1643 3180 1743 3220; x_wconf 89' lang='lat' dir='ltr'><strong>no-</strong></span> 
     </span>
    </p>
   </div>
   <div class='ocr_carea' id='block_1_35' title="bbox 149 3256 1739 3330">
    <p class='ocr_par' dir='ltr' id='par_1_35' title="bbox 149 3256 1739 3330">
     <span class='ocr_line' id='line_1_35' title="bbox 149 3256 1739 3330; baseline -0.002 -13"><span class='ocrx_word' id='word_1_243' title='bbox 149 3269 375 3317; x_wconf 78' lang='lat' dir='ltr'><strong>strarum</strong></span> <span class='ocrx_word' id='word_1_244' title='bbox 402 3294 406 3299; x_wconf 56' lang='grc' dir='ltr'>α</span> <span class='ocrx_word' id='word_1_245' title='bbox 434 3261 761 3317; x_wconf 71' lang='lat' dir='ltr'><strong>detrimenta</strong></span> <span class='ocrx_word' id='word_1_246' title='bbox 819 3259 1138 3330; x_wconf 79' lang='lat' dir='ltr'><strong>patiamur?</strong></span> <span class='ocrx_word' id='word_1_247' title='bbox 1185 3258 1402 3329; x_wconf 73' lang='lat' dir='ltr'><strong>(Matth.</strong></span> <span class='ocrx_word' id='word_1_248' title='bbox 1437 3273 1559 3326; x_wconf 76' lang='lat' dir='ltr'><strong>xvr,</strong></span> <span class='ocrx_word' id='word_1_249' title='bbox 1624 3256 1739 3326; x_wconf 75' lang='lat'><strong>26.)</strong></span> 
     </span>
    </p>
   </div>
   <div class='ocr_carea' id='block_1_36' title="bbox 152 3347 1740 3422">
    <p class='ocr_par' dir='ltr' id='par_1_36' title="bbox 152 3347 1740 3422">
     <span class='ocr_line' id='line_1_36' title="bbox 152 3347 1740 3422; baseline -0.003 -18"><span class='ocrx_word' id='word_1_250' title='bbox 152 3350 425 3406; x_wconf 78' lang='lat' dir='ltr'><strong>Faciamus</strong></span> <span class='ocrx_word' id='word_1_251' title='bbox 451 3366 601 3422; x_wconf 84' lang='lat' dir='ltr'><strong>ergo,</strong></span> <span class='ocrx_word' id='word_1_252' title='bbox 625 3350 771 3421; x_wconf 86' lang='lat' dir='ltr'><strong>quod</strong></span> <span class='ocrx_word' id='word_1_253' title='bbox 796 3359 848 3405; x_wconf 91' lang='lat' dir='ltr'><strong>ct</strong></span> <span class='ocrx_word' id='word_1_254' title='bbox 873 3350 1007 3420; x_wconf 88' lang='lat' dir='ltr'><strong>patri</strong></span> <span class='ocrx_word' id='word_1_255' title='bbox 1029 3360 1084 3405; x_wconf 88' lang='lat' dir='ltr'><strong>et</strong></span> <span class='ocrx_word' id='word_1_256' title='bbox 1109 3350 1263 3404; x_wconf 87' lang='lat' dir='ltr'><strong>nobis</strong></span> <span class='ocrx_word' id='word_1_257' title='bbox 1285 3349 1476 3418; x_wconf 86' lang='lat' dir='ltr'><strong>prosit,</strong></span> <span class='ocrx_word' id='word_1_258' title='bbox 1508 3347 1740 3403; x_wconf 83' lang='lat' dir='ltr'><strong>redden-</strong></span> 
     </span>
    </p>
   </div>
   <div class='ocr_carea' id='block_1_37' title="bbox 154 3438 1742 3513">
    <p class='ocr_par' dir='ltr' id='par_1_37' title="bbox 154 3438 1742 3513">
     <span class='ocr_line' id='line_1_37' title="bbox 154 3438 1742 3513; baseline 0.001 -21"><span class='ocrx_word' id='word_1_259' title='bbox 154 3450 227 3495; x_wconf 86' lang='lat' dir='ltr'><strong>tcs</strong></span> <span class='ocrx_word' id='word_1_260' title='bbox 267 3440 321 3495; x_wconf 90' lang='lat' dir='ltr'><strong>in</strong></span> <span class='ocrx_word' id='word_1_261' title='bbox 366 3441 562 3513; x_wconf 87' lang='lat' dir='ltr'><strong>primis</strong></span> <span class='ocrx_word' id='word_1_262' title='bbox 592 3440 852 3510; x_wconf 57' lang='lat' dir='ltr'><strong>prgedium</strong></span> <span class='ocrx_word' id='word_1_263' title='bbox 890 3440 958 3493; x_wconf 89' lang='lat' dir='ltr'><strong>ad</strong></span> <span class='ocrx_word' id='word_1_264' title='bbox 990 3440 1093 3496; x_wconf 85' lang='lat' dir='ltr'><strong>hoc</strong></span> <span class='ocrx_word' id='word_1_265' title='bbox 1122 3438 1263 3495; x_wconf 78' lang='lat' dir='ltr'><strong>unde</strong></span> <span class='ocrx_word' id='word_1_266' title='bbox 1295 3439 1533 3493; x_wconf 71' lang='lat' dir='ltr'><strong>ablatum</strong></span> <span class='ocrx_word' id='word_1_267' title='bbox 1567 3438 1742 3493; x_wconf 80' lang='lat' dir='ltr'><strong>fuerat</strong></span> 
     </span>
    </p>
   </div>
   <div class='ocr_carea' id='block_1_38' title="bbox 157 3516 1743 3585">
    <p class='ocr_par' dir='ltr' id='par_1_38' title="bbox 157 3516 1743 3585">
     <span class='ocr_line' id='line_1_38' title="bbox 157 3516 1743 3585; baseline 0.002 -4"><span class='ocrx_word' id='word_1_268' title='bbox 157 3531 553 3584; x_wconf 89' lang='lat' dir='ltr'><strong>monasterium.</strong></span> <span class='ocrx_word' id='word_1_269' title='bbox 622 3516 824 3585; x_wconf 77' lang='lat' dir='ltr'><strong>Deinde</strong></span> <span class='ocrx_word' id='word_1_270' title='bbox 891 3523 1079 3585; x_wconf 76' lang='lat' dir='ltr'><strong>omnia</strong></span> <span class='ocrx_word' id='word_1_271' title='bbox 1146 3528 1479 3584; x_wconf 67' lang='lat' dir='ltr'><strong>hmreditatis</strong></span> <span class='ocrx_word' id='word_1_272' title='bbox 1543 3539 1743 3584; x_wconf 72' lang='lat' dir='ltr'><strong>nostra:</strong></span> 
     </span>
    </p>
   </div>
   <div class='ocr_carea' id='block_1_39' title="bbox 156 3621 1743 3695">
    <p class='ocr_par' dir='ltr' id='par_1_39' title="bbox 156 3621 1743 3695">
     <span class='ocr_line' id='line_1_39' title="bbox 156 3621 1743 3695; baseline -0.002 -20"><span class='ocrx_word' id='word_1_273' title='bbox 156 3622 286 3676; x_wconf 83' lang='lat' dir='ltr'><strong>bona</strong></span> <span class='ocrx_word' id='word_1_274' title='bbox 314 3621 438 3678; x_wconf 83' lang='lat' dir='ltr'><strong>illuc</strong></span> <span class='ocrx_word' id='word_1_275' title='bbox 461 3624 766 3688; x_wconf 86' lang='lat' dir='ltr'><strong>tradamus,</strong></span> <span class='ocrx_word' id='word_1_276' title='bbox 814 3638 1021 3695; x_wconf 89' lang='lat' dir='ltr'><strong>nosque</strong></span> <span class='ocrx_word' id='word_1_277' title='bbox 1060 3622 1256 3678; x_wconf 80' lang='lat' dir='ltr'><strong>ibidem</strong></span> <span class='ocrx_word' id='word_1_278' title='bbox 1289 3632 1397 3676; x_wconf 90' lang='lat' dir='ltr'><strong>tam</strong></span> <span class='ocrx_word' id='word_1_279' title='bbox 1423 3637 1522 3691; x_wconf 88' lang='lat' dir='ltr'><strong>pro</strong></span> <span class='ocrx_word' id='word_1_280' title='bbox 1547 3636 1743 3692; x_wconf 83' lang='lat' dir='ltr'><strong>parcu-</strong></span> 
     </span>
    </p>
   </div>
   <div class='ocr_carea' id='block_1_40' title="bbox 160 3703 1743 3783">
    <p class='ocr_par' dir='ltr' id='par_1_40' title="bbox 160 3703 1743 3783">
     <span class='ocr_line' id='line_1_40' title="bbox 160 3703 1743 3783; baseline 0 -19"><span class='ocrx_word' id='word_1_281' title='bbox 160 3723 261 3765; x_wconf 82' lang='lat' dir='ltr'><strong>tutn</strong></span> <span class='ocrx_word' id='word_1_282' title='bbox 288 3727 446 3783; x_wconf 82' lang='lat' dir='ltr'><strong>quam</strong></span> <span class='ocrx_word' id='word_1_283' title='bbox 473 3728 572 3783; x_wconf 91' lang='lat' dir='ltr'><strong>pro</strong></span> <span class='ocrx_word' id='word_1_284' title='bbox 601 3724 912 3769; x_wconf 90' lang='lat' dir='ltr'><strong>nostrorum</strong></span> <span class='ocrx_word' id='word_1_285' title='bbox 950 3703 1344 3783; x_wconf 65' lang='lat' dir='ltr'><strong>peccaminum&#39;</strong></span> <span class='ocrx_word' id='word_1_286' title='bbox 1362 3711 1520 3767; x_wconf 81' lang='lat' dir='ltr'><strong>venia</strong></span> <span class='ocrx_word' id='word_1_287' title='bbox 1558 3726 1743 3766; x_wconf 87' lang='lat' dir='ltr'><strong>mona-</strong></span> 
     </span>
    </p>
   </div>
   <div class='ocr_carea' id='block_1_41' title="bbox 159 3800 1742 3876">
    <p class='ocr_par' dir='ltr' id='par_1_41' title="bbox 159 3800 1742 3876">
     <span class='ocr_line' id='line_1_41' title="bbox 159 3800 1742 3876; baseline 0.001 -21"><span class='ocrx_word' id='word_1_288' title='bbox 159 3805 337 3861; x_wconf 83' lang='lat' dir='ltr'><strong>sticam</strong></span> <span class='ocrx_word' id='word_1_289' title='bbox 367 3807 534 3861; x_wconf 79' lang='lat' dir='ltr'><strong>vitam</strong></span> <span class='ocrx_word' id='word_1_290' title='bbox 566 3805 944 3876; x_wconf 81' lang='lat' dir='ltr'><strong>suscipiamus.</strong></span> <span class='ocrx_word' id='word_1_291' title='bbox 968 3803 1211 3876; x_wconf 84' lang='lat' dir='ltr'><strong>Ctunque</strong></span> <span class='ocrx_word' id='word_1_292' title='bbox 1240 3802 1543 3873; x_wconf 77' lang='lat' dir='ltr'><strong>huiusmodi</strong></span> <span class='ocrx_word' id='word_1_293' title='bbox 1572 3800 1742 3857; x_wconf 90' lang='lat' dir='ltr'><strong>collo-</strong></span> 
     </span>
    </p>
   </div>
   <div class='ocr_carea' id='block_1_42' title="bbox 158 3893 1742 3966">
    <p class='ocr_par' dir='ltr' id='par_1_42' title="bbox 158 3893 1742 3966">
     <span class='ocr_line' id='line_1_42' title="bbox 158 3893 1742 3966; baseline 0.003 -21"><span class='ocrx_word' id='word_1_294' title='bbox 158 3894 274 3963; x_wconf 77' lang='lat' dir='ltr'><strong>quia</strong></span> <span class='ocrx_word' id='word_1_295' title='bbox 301 3903 544 3966; x_wconf 78' lang='lat' dir='ltr'><strong>agerent,</strong></span> <span class='ocrx_word' id='word_1_296' title='bbox 588 3895 771 3951; x_wconf 88' lang='lat' dir='ltr'><strong>subito</strong></span> <span class='ocrx_word' id='word_1_297' title='bbox 790 3904 964 3966; x_wconf 88' lang='lat' dir='ltr'><strong>pater,</strong></span> <span class='ocrx_word' id='word_1_298' title='bbox 999 3910 1103 3949; x_wconf 91' lang='lat' dir='ltr'><strong>non</strong></span> <span class='ocrx_word' id='word_1_299' title='bbox 1131 3910 1198 3950; x_wconf 90' lang='lat' dir='ltr'><strong>eo</strong></span> <span class='ocrx_word' id='word_1_300' title='bbox 1231 3909 1340 3965; x_wconf 83' lang='lat' dir='ltr'><strong>quo</strong></span> <span class='ocrx_word' id='word_1_301' title='bbox 1369 3895 1521 3965; x_wconf 86' lang='lat' dir='ltr'><strong>prius</strong></span> <span class='ocrx_word' id='word_1_302' title='bbox 1556 3893 1742 3950; x_wconf 89' lang='lat' dir='ltr'><strong>habitu</strong></span> 
     </span>
    </p>
   </div>
   <div class='ocr_carea' id='block_1_43' title="bbox 160 3982 1742 4055">
    <p class='ocr_par' dir='ltr' id='par_1_43' title="bbox 160 3982 1742 4055">
     <span class='ocr_line' id='line_1_43' title="bbox 160 3982 1742 4055; baseline 0.002 -19"><span class='ocrx_word' id='word_1_303' title='bbox 160 3997 413 4052; x_wconf 77' lang='lat' dir='ltr'><strong>apparens</strong></span> <span class='ocrx_word' id='word_1_304' title='bbox 454 3998 756 4055; x_wconf 82' lang='lat' dir='ltr'><strong>eorumque</strong></span> <span class='ocrx_word' id='word_1_305' title='bbox 811 3985 1037 4055; x_wconf 86' lang='lat' dir='ltr'><strong>pedibus</strong></span> <span class='ocrx_word' id='word_1_306' title='bbox 1086 4000 1147 4039; x_wconf 90' lang='lat' dir='ltr'><strong>sc</strong></span> <span class='ocrx_word' id='word_1_307' title='bbox 1193 3982 1512 4049; x_wconf 81' lang='lat' dir='ltr'><strong>advolvens,</strong></span> <span class='ocrx_word' id='word_1_308' title='bbox 1566 3983 1742 4039; x_wconf 60' lang='lat' dir='ltr'><strong>dixit:</strong></span> 
     </span>
    </p>
   </div>
   <div class='ocr_carea' id='block_1_44' title="bbox 159 4070 1747 4148">
    <p class='ocr_par' dir='ltr' id='par_1_44' title="bbox 159 4070 1747 4148">
     <span class='ocr_line' id='line_1_44' title="bbox 159 4070 1747 4148; baseline 0.003 -20"><span class='ocrx_word' id='word_1_309' title='bbox 159 4070 360 4130; x_wconf 75' lang='lat' dir='ltr'><strong>Gratias</strong></span> <span class='ocrx_word' id='word_1_310' title='bbox 389 4092 491 4146; x_wconf 79' lang='lat' dir='ltr'><strong>ago</strong></span> <span class='ocrx_word' id='word_1_311' title='bbox 517 4076 673 4132; x_wconf 71' lang='lat' dir='ltr'><strong>vobis</strong></span> <span class='ocrx_word' id='word_1_312' title='bbox 715 4076 839 4146; x_wconf 85' lang='lat' dir='ltr'><strong>quia</strong></span> <span class='ocrx_word' id='word_1_313' title='bbox 867 4093 965 4148; x_wconf 88' lang='lat' dir='ltr'><strong>pro</strong></span> <span class='ocrx_word' id='word_1_314' title='bbox 998 4091 1083 4141; x_wconf 90' lang='lat' dir='ltr'><strong>eo,</strong></span> <span class='ocrx_word' id='word_1_315' title='bbox 1115 4078 1259 4148; x_wconf 88' lang='lat' dir='ltr'><strong>quod</strong></span> <span class='ocrx_word' id='word_1_316' title='bbox 1303 4074 1535 4132; x_wconf 82' lang='lat' dir='ltr'><strong>ﬁrmiter</strong></span> <span class='ocrx_word' id='word_1_317' title='bbox 1558 4076 1747 4132; x_wconf 89' lang='lat' dir='ltr'><strong>decre-</strong></span> 
     </span>
    </p>
   </div>
   <div class='ocr_carea' id='block_1_45' title="bbox 159 4166 1750 4240">
    <p class='ocr_par' dir='ltr' id='par_1_45' title="bbox 159 4166 1750 4240">
     <span class='ocr_line' id='line_1_45' title="bbox 159 4166 1750 4240; baseline 0.003 -21"><span class='ocrx_word' id='word_1_318' title='bbox 159 4166 305 4223; x_wconf 81' lang='lat' dir='ltr'><strong>vistis</strong></span> <span class='ocrx_word' id='word_1_319' title='bbox 333 4167 650 4240; x_wconf 84' lang='lat' dir='ltr'><strong>petitionem</strong></span> <span class='ocrx_word' id='word_1_320' title='bbox 691 4182 870 4224; x_wconf 88' lang='lat' dir='ltr'><strong>meam</strong></span> <span class='ocrx_word' id='word_1_321' title='bbox 906 4167 1132 4240; x_wconf 86' lang='lat' dir='ltr'><strong>implere</strong></span> <span class='ocrx_word' id='word_1_322' title='bbox 1156 4168 1209 4223; x_wconf 86' lang='lat' dir='ltr'><strong>in</strong></span> <span class='ocrx_word' id='word_1_323' title='bbox 1237 4168 1511 4224; x_wconf 87' lang='lat' dir='ltr'><strong>reddenda</strong></span> <span class='ocrx_word' id='word_1_324' title='bbox 1534 4182 1750 4240; x_wconf 84' lang='lat' dir='ltr'><strong>posscs-</strong></span> 
     </span>
    </p>
   </div>
   <div class='ocr_carea' id='block_1_46' title="bbox 162 4258 1747 4333">
    <p class='ocr_par' dir='ltr' id='par_1_46' title="bbox 162 4258 1747 4333">
     <span class='ocr_line' id='line_1_46' title="bbox 162 4258 1747 4333; baseline 0.001 -21"><span class='ocrx_word' id='word_1_325' title='bbox 162 4258 324 4325; x_wconf 88' lang='lat' dir='ltr'><strong>sione,</strong></span> <span class='ocrx_word' id='word_1_326' title='bbox 366 4262 481 4333; x_wconf 85' lang='lat' dir='ltr'><strong>jam</strong></span> <span class='ocrx_word' id='word_1_327' title='bbox 520 4259 635 4331; x_wconf 83' lang='lat' dir='ltr'><strong>jam</strong></span> <span class='ocrx_word' id='word_1_328' title='bbox 683 4276 786 4332; x_wconf 89' lang='lat' dir='ltr'><strong>per</strong></span> <span class='ocrx_word' id='word_1_329' title='bbox 834 4260 926 4315; x_wconf 88' lang='lat' dir='ltr'><strong>Dei</strong></span> <span class='ocrx_word' id='word_1_330' title='bbox 974 4262 1206 4332; x_wconf 80' lang='lat' dir='ltr'><strong>gratiam</strong></span> <span class='ocrx_word' id='word_1_331' title='bbox 1249 4262 1537 4332; x_wconf 86' lang='lat' dir='ltr'><strong>deputatus</strong></span> <span class='ocrx_word' id='word_1_332' title='bbox 1562 4276 1680 4315; x_wconf 89' lang='lat' dir='ltr'><strong>sum</strong></span> <span class='ocrx_word' id='word_1_333' title='bbox 1717 4276 1747 4314; x_wconf 89' lang='lat' dir='ltr'><strong>a</strong></span> 
     </span>
    </p>
   </div>
   <div class='ocr_carea' id='block_1_47' title="bbox 164 4350 1749 4422">
    <p class='ocr_par' dir='ltr' id='par_1_47' title="bbox 164 4350 1749 4422">
     <span class='ocr_line' id='line_1_47' title="bbox 164 4350 1749 4422; baseline 0.002 -19"><span class='ocrx_word' id='word_1_334' title='bbox 164 4350 324 4415; x_wconf 65' lang='lat' dir='ltr'><strong>penis</strong></span> <span class='ocrx_word' id='word_1_335' title='bbox 346 4351 411 4406; x_wconf 86' lang='lat' dir='ltr'><strong>ad</strong></span> <span class='ocrx_word' id='word_1_336' title='bbox 434 4352 679 4422; x_wconf 89' lang='lat' dir='ltr'><strong>requiem</strong></span> <span class='ocrx_word' id='word_1_337' title='bbox 704 4352 963 4406; x_wconf 83' lang='lat' dir='ltr'><strong>transire.</strong></span> <span class='ocrx_word' id='word_1_338' title='bbox 986 4351 1104 4420; x_wconf 83' lang='lat' dir='ltr'><strong>Quo</strong></span> <span class='ocrx_word' id='word_1_339' title='bbox 1127 4353 1276 4408; x_wconf 92' lang='lat' dir='ltr'><strong>dicto</strong></span> <span class='ocrx_word' id='word_1_340' title='bbox 1308 4352 1505 4406; x_wconf 89' lang='lat' dir='ltr'><strong>iterum</strong></span> <span class='ocrx_word' id='word_1_341' title='bbox 1529 4362 1749 4406; x_wconf 89' lang='lat' dir='ltr'><strong>cvanu.t</strong></span> 
     </span>
    </p>
   </div>
   <div class='ocr_carea' id='block_1_48' title="bbox 1831 493 3416 570">
    <p class='ocr_par' dir='ltr' id='par_1_48' title="bbox 1831 493 3416 570">
     <span class='ocr_line' id='line_1_48' title="bbox 1831 493 3416 570; baseline 0.009 -23"><span class='ocrx_word' id='word_1_342' title='bbox 1831 493 2030 548; x_wconf 87' lang='lat' dir='ltr'><strong>nissem</strong></span> <span class='ocrx_word' id='word_1_343' title='bbox 2075 500 2132 548; x_wconf 90' lang='lat' dir='ltr'><strong>et</strong></span> <span class='ocrx_word' id='word_1_344' title='bbox 2172 508 2296 549; x_wconf 89' lang='lat' dir='ltr'><strong>cum</strong></span> <span class='ocrx_word' id='word_1_345' title='bbox 2350 508 2416 551; x_wconf 85' lang='lat' dir='ltr'><strong>eo</strong></span> <span class='ocrx_word' id='word_1_346' title='bbox 2468 496 2735 551; x_wconf 87' lang='lat' dir='ltr'><strong>interdum</strong></span> <span class='ocrx_word' id='word_1_347' title='bbox 2767 497 2834 553; x_wconf 89' lang='lat' dir='ltr'><strong>de</strong></span> <span class='ocrx_word' id='word_1_348' title='bbox 2875 499 3210 570; x_wconf 83' lang='lat' dir='ltr'><strong>spiritalibus</strong></span> <span class='ocrx_word' id='word_1_349' title='bbox 3253 504 3416 561; x_wconf 86' lang='lat' dir='ltr'><strong>rebus</strong></span> 
     </span>
    </p>
   </div>
   <div class='ocr_carea' id='block_1_49' title="bbox 1830 582 3414 654">
    <p class='ocr_par' dir='ltr' id='par_1_49' title="bbox 1830 582 3414 654">
     <span class='ocr_line' id='line_1_49' title="bbox 1830 582 3414 654; baseline 0.011 -18"><span class='ocrx_word' id='word_1_350' title='bbox 1830 582 2144 651; x_wconf 87' lang='lat' dir='ltr'><strong>colloquens</strong></span> <span class='ocrx_word' id='word_1_351' title='bbox 2164 582 2449 651; x_wconf 84' lang='lat' dir='ltr'><strong>sedissem,</strong></span> <span class='ocrx_word' id='word_1_352' title='bbox 2498 586 2707 643; x_wconf 88' lang='lat' dir='ltr'><strong>solebat</strong></span> <span class='ocrx_word' id='word_1_353' title='bbox 2758 588 2892 645; x_wconf 87' lang='lat' dir='ltr'><strong>mihi</strong></span> <span class='ocrx_word' id='word_1_354' title='bbox 2944 591 3148 652; x_wconf 88' lang='lat' dir='ltr'><strong>referre</strong></span> <span class='ocrx_word' id='word_1_355' title='bbox 3185 595 3414 654; x_wconf 82' lang='lat' dir='ltr'><strong>dicens:</strong></span> 
     </span>
    </p>
   </div>
   <div class='ocr_carea' id='block_1_50' title="bbox 1828 672 3423 757">
    <p class='ocr_par' dir='ltr' id='par_1_50' title="bbox 1828 672 3423 757">
     <span class='ocr_line' id='line_1_50' title="bbox 1828 672 3423 757; baseline 0.011 -30"><span class='ocrx_word' id='word_1_356' title='bbox 1828 672 2151 745; x_wconf 85' lang='lat' dir='ltr'><strong>Priusquam</strong></span> <span class='ocrx_word' id='word_1_357' title='bbox 2180 676 2571 733; x_wconf 88' lang='lat' dir='ltr'><strong>monasterium</strong></span> <span class='ocrx_word' id='word_1_358' title='bbox 2597 679 2739 735; x_wconf 84' lang='lat' dir='ltr'><strong>istud</strong></span> <span class='ocrx_word' id='word_1_359' title='bbox 2767 683 3079 753; x_wconf 90' lang='lat' dir='ltr'><strong>nuperrime</strong></span> <span class='ocrx_word' id='word_1_360' title='bbox 3107 686 3423 757; x_wconf 89' lang='lat' dir='ltr'><strong>arderet,et</strong></span> 
     </span>
    </p>
   </div>
   <div class='ocr_carea' id='block_1_51' title="bbox 1829 769 3424 842">
    <p class='ocr_par' dir='ltr' id='par_1_51' title="bbox 1829 769 3424 842">
     <span class='ocr_line' id='line_1_51' title="bbox 1829 769 3424 842; baseline 0.014 -23"><span class='ocrx_word' id='word_1_361' title='bbox 1829 781 1928 837; x_wconf 89' lang='lat' dir='ltr'><strong>per</strong></span> <span class='ocrx_word' id='word_1_362' title='bbox 1948 776 2242 824; x_wconf 86' lang='lat' dir='ltr'><strong>nocturnas</strong></span> <span class='ocrx_word' id='word_1_363' title='bbox 2273 769 2456 838; x_wconf 89' lang='lat' dir='ltr'><strong>horas,</strong></span> <span class='ocrx_word' id='word_1_364' title='bbox 2496 773 2691 842; x_wconf 89' lang='lat' dir='ltr'><strong>quibus</strong></span> <span class='ocrx_word' id='word_1_365' title='bbox 2736 775 2869 832; x_wconf 90' lang='lat' dir='ltr'><strong>mihi</strong></span> <span class='ocrx_word' id='word_1_366' title='bbox 2931 780 3195 838; x_wconf 88' lang='lat' dir='ltr'><strong>secretius</strong></span> <span class='ocrx_word' id='word_1_367' title='bbox 3221 782 3424 842; x_wconf 81' lang='lat' dir='ltr'><strong>licebat</strong></span> 
     </span>
    </p>
   </div>
   <div class='ocr_carea' id='block_1_52' title="bbox 1830 861 3419 942">
    <p class='ocr_par' dir='ltr' id='par_1_52' title="bbox 1830 861 3419 942">
     <span class='ocr_line' id='line_1_52' title="bbox 1830 861 3419 942; baseline 0.013 -32"><span class='ocrx_word' id='word_1_368' title='bbox 1830 872 1990 915; x_wconf 83' lang='lat' dir='ltr'><strong>orare.</strong></span> <span class='ocrx_word' id='word_1_369' title='bbox 2022 873 2121 930; x_wconf 84' lang='lat' dir='ltr'><strong>pro</strong></span> <span class='ocrx_word' id='word_1_370' title='bbox 2150 862 2390 931; x_wconf 84' lang='lat' dir='ltr'><strong>peccatis</strong></span> <span class='ocrx_word' id='word_1_371' title='bbox 2433 861 2593 929; x_wconf 83' lang='lat' dir='ltr'><strong>meis,</strong></span> <span class='ocrx_word' id='word_1_372' title='bbox 2643 864 2696 919; x_wconf 93' lang='lat' dir='ltr'><strong>in</strong></span> <span class='ocrx_word' id='word_1_373' title='bbox 2735 866 2963 925; x_wconf 82' lang='lat' dir='ltr'><strong>ecclesia</strong></span> <span class='ocrx_word' id='word_1_374' title='bbox 2990 870 3419 942; x_wconf 86' lang='lat' dir='ltr'><strong>deambularem,</strong></span> 
     </span>
    </p>
   </div>
   <div class='ocr_carea' id='block_1_53' title="bbox 1831 951 3416 1023">
    <p class='ocr_par' dir='ltr' id='par_1_53' title="bbox 1831 951 3416 1023">
     <span class='ocr_line' id='line_1_53' title="bbox 1831 951 3416 1023; baseline 0.012 -20"><span class='ocrx_word' id='word_1_375' title='bbox 1831 964 1973 1017; x_wconf 68' lang='lat' dir='ltr'><strong>srepe</strong></span> <span class='ocrx_word' id='word_1_376' title='bbox 2017 951 2422 1007; x_wconf 85' lang='lat' dir='ltr'><strong>mussitationes</strong></span> <span class='ocrx_word' id='word_1_377' title='bbox 2458 953 2721 1023; x_wconf 88' lang='lat' dir='ltr'><strong>quasdam</strong></span> <span class='ocrx_word' id='word_1_378' title='bbox 2751 956 2804 1012; x_wconf 92' lang='lat' dir='ltr'><strong>in</strong></span> <span class='ocrx_word' id='word_1_379' title='bbox 2835 973 2901 1014; x_wconf 88' lang='lat' dir='ltr'><strong>ea</strong></span> <span class='ocrx_word' id='word_1_380' title='bbox 2930 959 3049 1015; x_wconf 80' lang='lat' dir='ltr'><strong>ﬁeri</strong></span> <span class='ocrx_word' id='word_1_381' title='bbox 3078 963 3416 1022; x_wconf 84' lang='lat' dir='ltr'><strong>audiveram.</strong></span> 
     </span>
    </p>
   </div>
   <div class='ocr_carea' id='block_1_54' title="bbox 1833 1041 3421 1116">
    <p class='ocr_par' dir='ltr' id='par_1_54' title="bbox 1833 1041 3421 1116">
     <span class='ocr_line' id='line_1_54' title="bbox 1833 1041 3421 1116; baseline 0.01 -20"><span class='ocrx_word' id='word_1_382' title='bbox 1833 1041 1944 1112; x_wconf 76' lang='lat' dir='ltr'><strong>Ego</strong></span> <span class='ocrx_word' id='word_1_383' title='bbox 1991 1052 2173 1097; x_wconf 86' lang='lat' dir='ltr'><strong>autem</strong></span> <span class='ocrx_word' id='word_1_384' title='bbox 2220 1044 2272 1099; x_wconf 92' lang='lat' dir='ltr'><strong>in</strong></span> <span class='ocrx_word' id='word_1_385' title='bbox 2322 1045 2515 1116; x_wconf 87' lang='lat' dir='ltr'><strong>primis</strong></span> <span class='ocrx_word' id='word_1_386' title='bbox 2541 1046 2760 1115; x_wconf 89' lang='lat' dir='ltr'><strong>quidem</strong></span> <span class='ocrx_word' id='word_1_387' title='bbox 2790 1049 3096 1109; x_wconf 88' lang='lat' dir='ltr'><strong>delusiones</strong></span> <span class='ocrx_word' id='word_1_388' title='bbox 3126 1053 3421 1112; x_wconf 74' lang='lat' dir='ltr'><strong>diabolica:</strong></span> 
     </span>
    </p>
   </div>
   <div class='ocr_carea' id='block_1_55' title="bbox 1834 1133 3420 1208">
    <p class='ocr_par' dir='ltr' id='par_1_55' title="bbox 1834 1133 3420 1208">
     <span class='ocr_line' id='line_1_55' title="bbox 1834 1133 3420 1208; baseline 0.01 -21"><span class='ocrx_word' id='word_1_389' title='bbox 1834 1133 1935 1189; x_wconf 87' lang='lat' dir='ltr'><strong>hoc</strong></span> <span class='ocrx_word' id='word_1_390' title='bbox 1966 1134 2081 1188; x_wconf 82' lang='lat' dir='ltr'><strong>fieri</strong></span> <span class='ocrx_word' id='word_1_391' title='bbox 2113 1134 2435 1190; x_wconf 84' lang='lat' dir='ltr'><strong>arbitrabar.</strong></span> <span class='ocrx_word' id='word_1_392' title='bbox 2466 1135 2759 1208; x_wconf 85' lang='lat' dir='ltr'><strong>Postquam</strong></span> <span class='ocrx_word' id='word_1_393' title='bbox 2795 1155 2923 1196; x_wconf 75' lang='lat' dir='ltr'><strong>vero</strong></span> <span class='ocrx_word' id='word_1_394' title='bbox 2974 1151 3124 1199; x_wconf 90' lang='lat' dir='ltr'><strong>tanto</strong></span> <span class='ocrx_word' id='word_1_395' title='bbox 3167 1148 3420 1204; x_wconf 74' lang='lat' dir='ltr'><strong>senarius</strong></span> 
     </span>
    </p>
   </div>
   <div class='ocr_carea' id='block_1_56' title="bbox 1832 1224 3419 1313">
    <p class='ocr_par' dir='ltr' id='par_1_56' title="bbox 1832 1224 3419 1313">
     <span class='ocr_line' id='line_1_56' title="bbox 1832 1224 3419 1313; baseline 0.011 -36"><span class='ocrx_word' id='word_1_396' title='bbox 1832 1232 2037 1292; x_wconf 91' lang='lat' dir='ltr'><strong>quanto</strong></span> <span class='ocrx_word' id='word_1_397' title='bbox 2090 1224 2430 1296; x_wconf 80' lang='lat' dir='ltr'><strong>frequentius</strong></span> <span class='ocrx_word' id='word_1_398' title='bbox 2478 1227 2595 1283; x_wconf 82' lang='lat' dir='ltr'><strong>fieri</strong></span> <span class='ocrx_word' id='word_1_399' title='bbox 2644 1243 2948 1298; x_wconf 87' lang='lat' dir='ltr'><strong>senseram,</strong></span> <span class='ocrx_word' id='word_1_400' title='bbox 2999 1246 3238 1295; x_wconf 89' lang='lat' dir='ltr'><strong>tractare</strong></span> <span class='ocrx_word' id='word_1_401' title='bbox 3278 1241 3419 1313; x_wconf 69' lang='lat' dir='ltr'><strong>ccepi</strong></span> 
     </span>
    </p>
   </div>
   <div class='ocr_carea' id='block_1_57' title="bbox 1833 1318 3422 1400">
    <p class='ocr_par' dir='ltr' id='par_1_57' title="bbox 1833 1318 3422 1400">
     <span class='ocr_line' id='line_1_57' title="bbox 1833 1318 3422 1400; baseline 0.013 -31"><span class='ocrx_word' id='word_1_402' title='bbox 1833 1331 1940 1370; x_wconf 90' lang='lat' dir='ltr'><strong>non</strong></span> <span class='ocrx_word' id='word_1_403' title='bbox 1970 1332 2037 1372; x_wconf 77' lang='lat' dir='ltr'><strong>ex</strong></span> <span class='ocrx_word' id='word_1_404' title='bbox 2065 1318 2304 1381; x_wconf 87' lang='lat' dir='ltr'><strong>diabolo.</strong></span> <span class='ocrx_word' id='word_1_405' title='bbox 2357 1320 2453 1374; x_wconf 86' lang='lat' dir='ltr'><strong>sed</strong></span> <span class='ocrx_word' id='word_1_406' title='bbox 2500 1336 2566 1376; x_wconf 79' lang='lat' dir='ltr'><strong>ex</strong></span> <span class='ocrx_word' id='word_1_407' title='bbox 2612 1322 2794 1395; x_wconf 89' lang='lat' dir='ltr'><strong>aliqua</strong></span> <span class='ocrx_word' id='word_1_408' title='bbox 2822 1326 3016 1383; x_wconf 75' lang='lat' dir='ltr'><strong>divina:</strong></span> <span class='ocrx_word' id='word_1_409' title='bbox 3062 1329 3277 1400; x_wconf 82' lang='lat' dir='ltr'><strong>pietatis</strong></span> <span class='ocrx_word' id='word_1_410' title='bbox 3305 1332 3422 1389; x_wconf 77' lang='lat' dir='ltr'><strong>dis-</strong></span> 
     </span>
    </p>
   </div>
   <div class='ocr_carea' id='block_1_58' title="bbox 1838 1409 3418 1493">
    <p class='ocr_par' dir='ltr' id='par_1_58' title="bbox 1838 1409 3418 1493">
     <span class='ocr_line' id='line_1_58' title="bbox 1838 1409 3418 1493; baseline 0.016 -34"><span class='ocrx_word' id='word_1_411' title='bbox 1838 1409 2157 1477; x_wconf 87' lang='lat' dir='ltr'><strong>pensatione</strong></span> <span class='ocrx_word' id='word_1_412' title='bbox 2210 1411 2448 1477; x_wconf 85' lang='lat' dir='ltr'><strong>actitari,</strong></span> <span class='ocrx_word' id='word_1_413' title='bbox 2485 1413 2736 1486; x_wconf 87' lang='lat' dir='ltr'><strong>ideoque,</strong></span> <span class='ocrx_word' id='word_1_414' title='bbox 2757 1427 3022 1487; x_wconf 89' lang='lat' dir='ltr'><strong>quantum</strong></span> <span class='ocrx_word' id='word_1_415' title='bbox 3056 1437 3219 1479; x_wconf 89' lang='lat' dir='ltr'><strong>ausus</strong></span> <span class='ocrx_word' id='word_1_416' title='bbox 3244 1438 3418 1493; x_wconf 86' lang='lat' dir='ltr'><strong>eram.</strong></span> 
     </span>
    </p>
   </div>
   <div class='ocr_carea' id='block_1_59' title="bbox 1832 1500 3423 1591">
    <p class='ocr_par' dir='ltr' id='par_1_59' title="bbox 1832 1500 3423 1591">
     <span class='ocr_line' id='line_1_59' title="bbox 1832 1500 3423 1591; baseline 0.016 -38"><span class='ocrx_word' id='word_1_417' title='bbox 1832 1500 2074 1571; x_wconf 89' lang='lat' dir='ltr'><strong>propius,</strong></span> <span class='ocrx_word' id='word_1_418' title='bbox 2092 1502 2181 1557; x_wconf 91' lang='lat' dir='ltr'><strong>ubi</strong></span> <span class='ocrx_word' id='word_1_419' title='bbox 2206 1503 2321 1559; x_wconf 67' lang='lat' dir='ltr'><strong>hazc</strong></span> <span class='ocrx_word' id='word_1_420' title='bbox 2344 1505 2546 1573; x_wconf 83' lang='lat' dir='ltr'><strong>audivi,</strong></span> <span class='ocrx_word' id='word_1_421' title='bbox 2570 1509 2829 1565; x_wconf 87' lang='lat' dir='ltr'><strong>accedere</strong></span> <span class='ocrx_word' id='word_1_422' title='bbox 2849 1512 3151 1571; x_wconf 86' lang='lat' dir='ltr'><strong>studebam.</strong></span> <span class='ocrx_word' id='word_1_423' title='bbox 3176 1518 3423 1591; x_wconf 84' lang='lat' dir='ltr'><strong>Cumque</strong></span> 
     </span>
    </p>
   </div>
   <div class='ocr_carea' id='block_1_60' title="bbox 1831 1590 3425 1675">
    <p class='ocr_par' dir='ltr' id='par_1_60' title="bbox 1831 1590 3425 1675">
     <span class='ocr_line' id='line_1_60' title="bbox 1831 1590 3425 1675; baseline 0.014 -30"><span class='ocrx_word' id='word_1_424' title='bbox 1831 1590 2118 1662; x_wconf 85' lang='lat' dir='ltr'><strong>aliquoties</strong></span> <span class='ocrx_word' id='word_1_425' title='bbox 2165 1594 2511 1663; x_wconf 80' lang='lat' dir='ltr'><strong>accederem,</strong></span> <span class='ocrx_word' id='word_1_426' title='bbox 2561 1601 2716 1669; x_wconf 88' lang='lat' dir='ltr'><strong>quasi</strong></span> <span class='ocrx_word' id='word_1_427' title='bbox 2770 1601 2982 1673; x_wconf 76' lang='lat' dir='ltr'><strong>aliquos</strong></span> <span class='ocrx_word' id='word_1_428' title='bbox 3027 1590 3425 1675; x_wconf 83' lang='lat' dir='ltr'><strong>psallenteset</strong></span> 
     </span>
    </p>
   </div>
   <div class='ocr_carea' id='block_1_61' title="bbox 1832 1680 3424 1773">
    <p class='ocr_par' dir='ltr' id='par_1_61' title="bbox 1832 1680 3424 1773">
     <span class='ocr_line' id='line_1_61' title="bbox 1832 1680 3424 1773; baseline 0.016 -39"><span class='ocrx_word' id='word_1_429' title='bbox 1832 1680 2023 1738; x_wconf 91' lang='lat' dir='ltr'><strong>intime</strong></span> <span class='ocrx_word' id='word_1_430' title='bbox 2061 1693 2282 1741; x_wconf 90' lang='lat' dir='ltr'><strong>orantes</strong></span> <span class='ocrx_word' id='word_1_431' title='bbox 2305 1684 2501 1742; x_wconf 81' lang='lat' dir='ltr'><strong>audivi.</strong></span> <span class='ocrx_word' id='word_1_432' title='bbox 2552 1689 2670 1756; x_wconf 81' lang='lat' dir='ltr'><strong>Quo</strong></span> <span class='ocrx_word' id='word_1_433' title='bbox 2716 1692 2923 1764; x_wconf 88' lang='lat' dir='ltr'><strong>audito,</strong></span> <span class='ocrx_word' id='word_1_434' title='bbox 2953 1695 3257 1770; x_wconf 77' lang='lat' dir='ltr'><strong>intelligens</strong></span> <span class='ocrx_word' id='word_1_435' title='bbox 3278 1708 3424 1773; x_wconf 73' lang='grc' dir='ltr'><strong>φκιά</strong></span> 
     </span>
    </p>
   </div>
   <div class='ocr_carea' id='block_1_62' title="bbox 1836 1774 3423 1864">
    <p class='ocr_par' dir='ltr' id='par_1_62' title="bbox 1836 1774 3423 1864">
     <span class='ocr_line' id='line_1_62' title="bbox 1836 1774 3423 1864; baseline 0.014 -38"><span class='ocrx_word' id='word_1_436' title='bbox 1836 1788 1932 1844; x_wconf 86' lang='lat' dir='ltr'><strong>pro</strong></span> <span class='ocrx_word' id='word_1_437' title='bbox 1964 1774 2142 1845; x_wconf 87' lang='lat' dir='ltr'><strong>aliqua</strong></span> <span class='ocrx_word' id='word_1_438' title='bbox 2171 1777 2393 1846; x_wconf 89' lang='lat' dir='ltr'><strong>periculi</strong></span> <span class='ocrx_word' id='word_1_439' title='bbox 2428 1776 2601 1836; x_wconf 85' lang='lat' dir='ltr'><strong>futuri</strong></span> <span class='ocrx_word' id='word_1_440' title='bbox 2628 1796 2793 1838; x_wconf 87' lang='lat' dir='ltr'><strong>causa</strong></span> <span class='ocrx_word' id='word_1_441' title='bbox 2827 1791 3180 1855; x_wconf 83' lang='lat' dir='ltr'><strong>permutanda</strong></span> <span class='ocrx_word' id='word_1_442' title='bbox 3230 1801 3287 1847; x_wconf 91' lang='lat' dir='ltr'><strong>et</strong></span> <span class='ocrx_word' id='word_1_443' title='bbox 3322 1809 3423 1864; x_wconf 86' lang='lat' dir='ltr'><strong>pro</strong></span> 
     </span>
    </p>
   </div>
   <div class='ocr_carea' id='block_1_63' title="bbox 1833 1864 3425 1949">
    <p class='ocr_par' dir='ltr' id='par_1_63' title="bbox 1833 1864 3425 1949">
     <span class='ocr_line' id='line_1_63' title="bbox 1833 1864 3425 1949; baseline 0.016 -33"><span class='ocrx_word' id='word_1_444' title='bbox 1833 1864 2248 1921; x_wconf 88' lang='lat' dir='ltr'><strong>inhabitantium</strong></span> <span class='ocrx_word' id='word_1_445' title='bbox 2286 1871 2675 1927; x_wconf 85' lang='lat' dir='ltr'><strong>monachorum</strong></span> <span class='ocrx_word' id='word_1_446' title='bbox 2717 1875 3042 1949; x_wconf 78' lang='lat' dir='ltr'><strong>negligentia</strong></span> <span class='ocrx_word' id='word_1_447' title='bbox 3087 1883 3425 1940; x_wconf 76' lang='lat' dir='ltr'><strong>emendanda</strong></span> 
     </span>
    </p>
   </div>
   <div class='ocr_carea' id='block_1_64' title="bbox 1834 1956 3425 2037">
    <p class='ocr_par' dir='ltr' id='par_1_64' title="bbox 1834 1956 3425 2037">
     <span class='ocr_line' id='line_1_64' title="bbox 1834 1956 3425 2037; baseline 0.015 -30"><span class='ocrx_word' id='word_1_448' title='bbox 1834 1956 2007 2010; x_wconf 86' lang='lat' dir='ltr'><strong>sancti</strong></span> <span class='ocrx_word' id='word_1_449' title='bbox 2054 1957 2224 2012; x_wconf 88' lang='lat' dir='ltr'><strong>Deum</strong></span> <span class='ocrx_word' id='word_1_450' title='bbox 2253 1961 2509 2031; x_wconf 90' lang='lat' dir='ltr'><strong>precibus</strong></span> <span class='ocrx_word' id='word_1_451' title='bbox 2553 1962 2761 2022; x_wconf 87' lang='lat' dir='ltr'><strong>intimis</strong></span> <span class='ocrx_word' id='word_1_452' title='bbox 2781 1979 3090 2037; x_wconf 78' lang='lat' dir='ltr'><strong>exorarent,</strong></span> <span class='ocrx_word' id='word_1_453' title='bbox 3118 1975 3327 2032; x_wconf 84' lang='lat' dir='ltr'><strong>accessi</strong></span> <span class='ocrx_word' id='word_1_454' title='bbox 3355 1978 3425 2031; x_wconf 88' lang='lat' dir='ltr'><strong>ad</strong></span> 
     </span>
    </p>
   </div>
   <div class='ocr_carea' id='block_1_65' title="bbox 1834 2046 3428 2127">
    <p class='ocr_par' dir='ltr' id='par_1_65' title="bbox 1834 2046 3428 2127">
     <span class='ocr_line' id='line_1_65' title="bbox 1834 2046 3428 2127; baseline 0.015 -26"><span class='ocrx_word' id='word_1_455' title='bbox 1834 2046 2125 2115; x_wconf 87' lang='lat' dir='ltr'><strong>abbatem;</strong></span> <span class='ocrx_word' id='word_1_456' title='bbox 2189 2063 2244 2108; x_wconf 92' lang='lat' dir='ltr'><strong>et</strong></span> <span class='ocrx_word' id='word_1_457' title='bbox 2272 2056 2397 2126; x_wconf 85' lang='lat' dir='ltr'><strong>quia</strong></span> <span class='ocrx_word' id='word_1_458' title='bbox 2429 2069 2616 2127; x_wconf 90' lang='lat' dir='ltr'><strong>aperte</strong></span> <span class='ocrx_word' id='word_1_459' title='bbox 2661 2059 2729 2117; x_wconf 87' lang='lat' dir='ltr'><strong>de</strong></span> <span class='ocrx_word' id='word_1_460' title='bbox 2785 2078 2997 2119; x_wconf 90' lang='lat' dir='ltr'><strong>morum</strong></span> <span class='ocrx_word' id='word_1_461' title='bbox 3048 2069 3428 2125; x_wconf 80' lang='lat' dir='ltr'><strong>emendatione</strong></span> 
     </span>
    </p>
   </div>
   <div class='ocr_carea' id='block_1_66' title="bbox 1833 2140 3426 2222">
    <p class='ocr_par' dir='ltr' id='par_1_66' title="bbox 1833 2140 3426 2222">
     <span class='ocr_line' id='line_1_66' title="bbox 1833 2140 3426 2222; baseline 0.014 -31"><span class='ocrx_word' id='word_1_462' title='bbox 1833 2153 1956 2193; x_wconf 90' lang='lat' dir='ltr'><strong>eum</strong></span> <span class='ocrx_word' id='word_1_463' title='bbox 2014 2140 2306 2199; x_wconf 88' lang='lat' dir='ltr'><strong>admonere</strong></span> <span class='ocrx_word' id='word_1_464' title='bbox 2355 2161 2465 2202; x_wconf 90' lang='lat' dir='ltr'><strong>non</strong></span> <span class='ocrx_word' id='word_1_465' title='bbox 2520 2148 2805 2218; x_wconf 76' lang='lat' dir='ltr'><strong>audebam,</strong></span> <span class='ocrx_word' id='word_1_466' title='bbox 2863 2153 2990 2222; x_wconf 85' lang='lat' dir='ltr'><strong>petii</strong></span> <span class='ocrx_word' id='word_1_467' title='bbox 3051 2162 3426 2214; x_wconf 68' lang='lat' dir='ltr'><strong>tantummodo</strong></span> 
     </span>
    </p>
   </div>
   <div class='ocr_carea' id='block_1_67' title="bbox 1838 2230 3429 2318">
    <p class='ocr_par' dir='ltr' id='par_1_67' title="bbox 1838 2230 3429 2318">
     <span class='ocr_line' id='line_1_67' title="bbox 1838 2230 3429 2318; baseline 0.011 -33"><span class='ocrx_word' id='word_1_468' title='bbox 1838 2230 2137 2295; x_wconf 84' lang='lat' dir='ltr'><strong>humiliter.</strong></span> <span class='ocrx_word' id='word_1_469' title='bbox 2182 2243 2241 2289; x_wconf 89' lang='lat' dir='ltr'><strong>ut</strong></span> <span class='ocrx_word' id='word_1_470' title='bbox 2266 2235 2509 2294; x_wconf 70' lang='lat' dir='ltr'><strong>ecclesiae</strong></span> <span class='ocrx_word' id='word_1_471' title='bbox 2558 2242 2841 2298; x_wconf 87' lang='lat' dir='ltr'><strong>thesauros</strong></span> <span class='ocrx_word' id='word_1_472' title='bbox 2890 2244 3167 2318; x_wconf 87' lang='lat' dir='ltr'><strong>librosque</strong></span> <span class='ocrx_word' id='word_1_473' title='bbox 3208 2249 3262 2304; x_wconf 91' lang='lat' dir='ltr'><strong>in</strong></span> <span class='ocrx_word' id='word_1_474' title='bbox 3308 2250 3429 2306; x_wconf 85' lang='lat' dir='ltr'><strong>loco</strong></span> 
     </span>
    </p>
   </div>
   <div class='ocr_carea' id='block_1_68' title="bbox 1834 2325 3429 2416">
    <p class='ocr_par' dir='ltr' id='par_1_68' title="bbox 1834 2325 3429 2416">
     <span class='ocr_line' id='line_1_68' title="bbox 1834 2325 3429 2416; baseline 0.014 -37"><span class='ocrx_word' id='word_1_475' title='bbox 1834 2326 2140 2416; x_wconf 5' lang='lat' dir='ltr'><strong>cautoyponi</strong></span> <span class='ocrx_word' id='word_1_476' title='bbox 2158 2325 2429 2395; x_wconf 87' lang='lat' dir='ltr'><strong>jussisset.</strong></span> <span class='ocrx_word' id='word_1_477' title='bbox 2451 2331 2633 2387; x_wconf 80' lang='lat' dir='ltr'><strong>Atille</strong></span> <span class='ocrx_word' id='word_1_478' title='bbox 2662 2333 2779 2390; x_wconf 60' lang='lat' dir='ltr'><strong>haec</strong></span> <span class='ocrx_word' id='word_1_479' title='bbox 2800 2336 3026 2393; x_wconf 90' lang='lat' dir='ltr'><strong>audiens</strong></span> <span class='ocrx_word' id='word_1_480' title='bbox 3063 2348 3118 2395; x_wconf 88' lang='lat' dir='ltr'><strong>et</strong></span> <span class='ocrx_word' id='word_1_481' title='bbox 3158 2357 3224 2397; x_wconf 79' lang='lat' dir='ltr'><strong>ex</strong></span> <span class='ocrx_word' id='word_1_482' title='bbox 3245 2344 3429 2416; x_wconf 85' lang='lat' dir='ltr'><strong>aliqua</strong></span> 
     </span>
    </p>
   </div>
   <div class='ocr_carea' id='block_1_69' title="bbox 1837 2414 3429 2502">
    <p class='ocr_par' dir='ltr' id='par_1_69' title="bbox 1837 2414 3429 2502">
     <span class='ocr_line' id='line_1_69' title="bbox 1837 2414 3429 2502; baseline 0.013 -33"><span class='ocrx_word' id='word_1_483' title='bbox 1837 2414 2169 2471; x_wconf 76' lang='lat' dir='ltr'><strong>somniorum</strong></span> <span class='ocrx_word' id='word_1_484' title='bbox 2217 2419 2548 2476; x_wconf 87' lang='lat' dir='ltr'><strong>revelatione</strong></span> <span class='ocrx_word' id='word_1_485' title='bbox 2588 2422 2729 2479; x_wconf 89' lang='lat' dir='ltr'><strong>dicta</strong></span> <span class='ocrx_word' id='word_1_486' title='bbox 2769 2435 2968 2495; x_wconf 89' lang='lat' dir='ltr'><strong>putans</strong></span> <span class='ocrx_word' id='word_1_487' title='bbox 3014 2428 3313 2502; x_wconf 76' lang='lat' dir='ltr'><strong>increpavit</strong></span> <span class='ocrx_word' id='word_1_488' title='bbox 3342 2414 3429 2489; x_wconf 78' lang='lat' dir='ltr'><strong>ine</strong></span> 
     </span>
    </p>
   </div>
   <div class='ocr_carea' id='block_1_70' title="bbox 1836 2506 3431 2596">
    <p class='ocr_par' dir='ltr' id='par_1_70' title="bbox 1836 2506 3431 2596">
     <span class='ocr_line' id='line_1_70' title="bbox 1836 2506 3431 2596; baseline 0.01 -36"><span class='ocrx_word' id='word_1_489' title='bbox 1836 2506 2073 2563; x_wconf 84' lang='lat' dir='ltr'><strong>dicens:</strong></span> <span class='ocrx_word' id='word_1_490' title='bbox 2142 2507 2301 2590; x_wconf 83' lang='lat' dir='ltr'><strong>Vobis</strong></span> <span class='ocrx_word' id='word_1_491' title='bbox 2355 2514 2599 2583; x_wconf 83' lang='lat' dir='ltr'><strong>gerentis</strong></span> <span class='ocrx_word' id='word_1_492' title='bbox 2651 2516 2785 2571; x_wconf 90' lang='lat' dir='ltr'><strong>nihil</strong></span> <span class='ocrx_word' id='word_1_493' title='bbox 2838 2519 3046 2590; x_wconf 79' lang='lat' dir='ltr'><strong>gratius</strong></span> <span class='ocrx_word' id='word_1_494' title='bbox 3109 2522 3431 2596; x_wconf 81' lang='lat' dir='ltr'><strong>dulciusqu</strong></span> 
     </span>
    </p>
   </div>
   <div class='ocr_carea' id='block_1_71' title="bbox 1835 2596 3430 2689">
    <p class='ocr_par' dir='ltr' id='par_1_71' title="bbox 1835 2596 3430 2689">
     <span class='ocr_line' id='line_1_71' title="bbox 1835 2596 3430 2689; baseline 0.011 -36"><span class='ocrx_word' id='word_1_495' title='bbox 1835 2600 2050 2655; x_wconf 88' lang='lat' dir='ltr'><strong>videtur</strong></span> <span class='ocrx_word' id='word_1_496' title='bbox 2099 2616 2221 2657; x_wconf 89' lang='lat' dir='ltr'><strong>esse</strong></span> <span class='ocrx_word' id='word_1_497' title='bbox 2271 2596 2822 2674; x_wconf 58' lang='lat' dir='ltr'><strong>quam&#39;somniorum</strong></span> <span class='ocrx_word' id='word_1_498' title='bbox 2886 2621 3191 2670; x_wconf 89' lang='lat' dir='ltr'><strong>vcstrormn</strong></span> <span class='ocrx_word' id='word_1_499' title='bbox 3255 2632 3430 2689; x_wconf 80' lang='lat' dir='ltr'><strong>nugas</strong></span> 
     </span>
    </p>
   </div>
   <div class='ocr_carea' id='block_1_72' title="bbox 1837 2691 3428 2774">
    <p class='ocr_par' dir='ltr' id='par_1_72' title="bbox 1837 2691 3428 2774">
     <span class='ocr_line' id='line_1_72' title="bbox 1837 2691 3428 2774; baseline 0.011 -29"><span class='ocrx_word' id='word_1_500' title='bbox 1837 2691 2119 2748; x_wconf 88' lang='lat' dir='ltr'><strong>attendere</strong></span> <span class='ocrx_word' id='word_1_501' title='bbox 2145 2703 2308 2764; x_wconf 88' lang='lat' dir='ltr'><strong>atque</strong></span> <span class='ocrx_word' id='word_1_502' title='bbox 2328 2694 2449 2750; x_wconf 91' lang='lat' dir='ltr'><strong>aliis</strong></span> <span class='ocrx_word' id='word_1_503' title='bbox 2474 2695 2702 2753; x_wconf 88' lang='lat' dir='ltr'><strong>referre.</strong></span> <span class='ocrx_word' id='word_1_504' title='bbox 2732 2699 2983 2772; x_wconf 79' lang='lat' dir='ltr'><strong>Nunquid</strong></span> <span class='ocrx_word' id='word_1_505' title='bbox 3006 2714 3229 2774; x_wconf 85' lang='lat' dir='ltr'><strong>propter</strong></span> <span class='ocrx_word' id='word_1_506' title='bbox 3250 2718 3428 2763; x_wconf 72' lang='lat' dir='ltr'><strong>vestra</strong></span> 
     </span>
    </p>
   </div>
   <div class='ocr_carea' id='block_1_73' title="bbox 1838 2781 3433 2855">
    <p class='ocr_par' dir='ltr' id='par_1_73' title="bbox 1838 2781 3433 2855">
     <span class='ocr_line' id='line_1_73' title="bbox 1838 2781 3433 2855; baseline 0.013 -20"><span class='ocrx_word' id='word_1_507' title='bbox 1838 2781 2050 2836; x_wconf 89' lang='lat' dir='ltr'><strong>somnia</strong></span> <span class='ocrx_word' id='word_1_508' title='bbox 2103 2782 2273 2838; x_wconf 88' lang='lat' dir='ltr'><strong>debeo</strong></span> <span class='ocrx_word' id='word_1_509' title='bbox 2315 2794 2560 2842; x_wconf 75' lang='lat' dir='ltr'><strong>evertere.</strong></span> <span class='ocrx_word' id='word_1_510' title='bbox 2612 2788 2842 2845; x_wconf 84' lang='lat' dir='ltr'><strong>omnia?</strong></span> <span class='ocrx_word' id='word_1_511' title='bbox 2877 2792 3136 2851; x_wconf 89' lang='lat' dir='ltr'><strong>discedite</strong></span> <span class='ocrx_word' id='word_1_512' title='bbox 3181 2814 3211 2851; x_wconf 93' lang='lat' dir='ltr'><strong>a</strong></span> <span class='ocrx_word' id='word_1_513' title='bbox 3263 2815 3349 2855; x_wconf 91' lang='lat' dir='ltr'><strong>me</strong></span> <span class='ocrx_word' id='word_1_514' title='bbox 3376 2810 3433 2855; x_wconf 90' lang='lat' dir='ltr'><strong>et</strong></span> 
     </span>
    </p>
   </div>
   <div class='ocr_carea' id='block_1_74' title="bbox 1841 2877 3429 2962">
    <p class='ocr_par' dir='ltr' id='par_1_74' title="bbox 1841 2877 3429 2962">
     <span class='ocr_line' id='line_1_74' title="bbox 1841 2877 3429 2962; baseline 0.014 -34"><span class='ocrx_word' id='word_1_515' title='bbox 1841 2877 2019 2937; x_wconf 85' lang='lat' dir='ltr'><strong>videte</strong></span> <span class='ocrx_word' id='word_1_516' title='bbox 2076 2893 2145 2933; x_wconf 90' lang='lat' dir='ltr'><strong>ne</strong></span> <span class='ocrx_word' id='word_1_517' title='bbox 2195 2878 2336 2934; x_wconf 90' lang='lat' dir='ltr'><strong>ultra</strong></span> <span class='ocrx_word' id='word_1_518' title='bbox 2372 2896 2400 2936; x_wconf 91' lang='lat' dir='ltr'><strong>a</strong></span> <span class='ocrx_word' id='word_1_519' title='bbox 2441 2880 2593 2940; x_wconf 80' lang='lat' dir='ltr'><strong>vobis</strong></span> <span class='ocrx_word' id='word_1_520' title='bbox 2620 2886 2836 2942; x_wconf 90' lang='lat' dir='ltr'><strong>audiam</strong></span> <span class='ocrx_word' id='word_1_521' title='bbox 2881 2889 3033 2945; x_wconf 89' lang='lat' dir='ltr'><strong>talia.</strong></span> <span class='ocrx_word' id='word_1_522' title='bbox 3089 2890 3205 2962; x_wconf 83' lang='lat' dir='ltr'><strong>Ego</strong></span> <span class='ocrx_word' id='word_1_523' title='bbox 3247 2887 3429 2953; x_wconf 82' lang='lat' dir='ltr'><strong>autem</strong></span> 
     </span>
    </p>
   </div>
   <div class='ocr_carea' id='block_1_75' title="bbox 1841 2968 3433 3058">
    <p class='ocr_par' dir='ltr' id='par_1_75' title="bbox 1841 2968 3433 3058">
     <span class='ocr_line' id='line_1_75' title="bbox 1841 2968 3433 3058; baseline 0.011 -34"><span class='ocrx_word' id='word_1_524' title='bbox 1841 2968 2148 3039; x_wconf 78' lang='lat' dir='ltr'><strong>hujusmodi</strong></span> <span class='ocrx_word' id='word_1_525' title='bbox 2205 2972 2572 3043; x_wconf 89' lang='lat' dir='ltr'><strong>increpatione</strong></span> <span class='ocrx_word' id='word_1_526' title='bbox 2625 2980 2983 3037; x_wconf 89' lang='lat' dir='ltr'><strong>contristatus</strong></span> <span class='ocrx_word' id='word_1_527' title='bbox 3031 2984 3168 3040; x_wconf 80' lang='lat' dir='ltr'><strong>nihil</strong></span> <span class='ocrx_word' id='word_1_528' title='bbox 3197 2987 3433 3058; x_wconf 88' lang='lat' dir='ltr'><strong>amplius</strong></span> 
     </span>
    </p>
   </div>
   <div class='ocr_carea' id='block_1_76' title="bbox 1841 3060 3434 3145">
    <p class='ocr_par' dir='ltr' id='par_1_76' title="bbox 1841 3060 3434 3145">
     <span class='ocr_line' id='line_1_76' title="bbox 1841 3060 3434 3145; baseline 0.012 -30"><span class='ocrx_word' id='word_1_529' title='bbox 1841 3077 1909 3115; x_wconf 79' lang='lat' dir='ltr'><strong>cx</strong></span> <span class='ocrx_word' id='word_1_530' title='bbox 1950 3060 2036 3115; x_wconf 88' lang='lat' dir='ltr'><strong>his</strong></span> <span class='ocrx_word' id='word_1_531' title='bbox 2063 3077 2184 3131; x_wconf 77' lang='lat' dir='ltr'><strong>quae</strong></span> <span class='ocrx_word' id='word_1_532' title='bbox 2218 3062 2521 3130; x_wconf 89' lang='lat' dir='ltr'><strong>audieram,</strong></span> <span class='ocrx_word' id='word_1_533' title='bbox 2556 3068 2842 3138; x_wconf 86' lang='lat' dir='ltr'><strong>propalare</strong></span> <span class='ocrx_word' id='word_1_534' title='bbox 2871 3088 3035 3129; x_wconf 89' lang='lat' dir='ltr'><strong>ausus</strong></span> <span class='ocrx_word' id='word_1_535' title='bbox 3062 3075 3289 3145; x_wconf 80' lang='lat' dir='ltr'><strong>fueram,</strong></span> <span class='ocrx_word' id='word_1_536' title='bbox 3334 3081 3434 3135; x_wconf 87' lang='lat' dir='ltr'><strong>sed</strong></span> 
     </span>
    </p>
   </div>
   <div class='ocr_carea' id='block_1_77' title="bbox 1845 3151 3434 3239">
    <p class='ocr_par' dir='ltr' id='par_1_77' title="bbox 1845 3151 3434 3239">
     <span class='ocr_line' id='line_1_77' title="bbox 1845 3151 3434 3239; baseline 0.011 -33"><span class='ocrx_word' id='word_1_537' title='bbox 1845 3151 2011 3208; x_wconf 91' lang='lat' dir='ltr'><strong>tacito</strong></span> <span class='ocrx_word' id='word_1_538' title='bbox 2053 3154 2218 3209; x_wconf 90' lang='lat' dir='ltr'><strong>corde</strong></span> <span class='ocrx_word' id='word_1_539' title='bbox 2244 3153 2431 3210; x_wconf 88' lang='lat' dir='ltr'><strong>dolens</strong></span> <span class='ocrx_word' id='word_1_540' title='bbox 2455 3158 2707 3225; x_wconf 81' lang='lat' dir='ltr'><strong>sustinui,</strong></span> <span class='ocrx_word' id='word_1_541' title='bbox 2766 3161 2971 3217; x_wconf 89' lang='lat' dir='ltr'><strong>veritus</strong></span> <span class='ocrx_word' id='word_1_542' title='bbox 3009 3166 3252 3234; x_wconf 89' lang='lat' dir='ltr'><strong>quotidie</strong></span> <span class='ocrx_word' id='word_1_543' title='bbox 3286 3170 3434 3239; x_wconf 86' lang='lat' dir='ltr'><strong>quod</strong></span> 
     </span>
    </p>
   </div>
   <div class='ocr_carea' id='block_1_78' title="bbox 1841 3241 2247 3298">
    <p class='ocr_par' dir='ltr' id='par_1_78' title="bbox 1841 3241 2247 3298">
     <span class='ocr_line' id='line_1_78' title="bbox 1841 3241 2247 3298; baseline 0.005 -3"><span class='ocrx_word' id='word_1_544' title='bbox 1841 3241 2082 3298; x_wconf 87' lang='lat' dir='ltr'><strong>futurum</strong></span> <span class='ocrx_word' id='word_1_545' title='bbox 2108 3253 2247 3298; x_wconf 90' lang='lat' dir='ltr'><strong>erat.</strong></span> 
     </span>
    </p>
   </div>
   <div class='ocr_carea' id='block_1_79' title="bbox 1912 3331 3434 3414">
    <p class='ocr_par' dir='ltr' id='par_1_79' title="bbox 1912 3331 3434 3414">
     <span class='ocr_line' id='line_1_79' title="bbox 1912 3331 3434 3414; baseline 0.012 -29"><span class='ocrx_word' id='word_1_546' title='bbox 1912 3331 1968 3385; x_wconf 87' lang='lat' dir='ltr'><strong>In</strong></span> <span class='ocrx_word' id='word_1_547' title='bbox 1991 3333 2240 3401; x_wconf 74' lang='lat' dir='ltr'><strong>proximo</strong></span> <span class='ocrx_word' id='word_1_548' title='bbox 2260 3347 2441 3392; x_wconf 86' lang='lat' dir='ltr'><strong>autem</strong></span> <span class='ocrx_word' id='word_1_549' title='bbox 2467 3348 2758 3410; x_wconf 84' lang='lat' dir='ltr'><strong>antequam</strong></span> <span class='ocrx_word' id='word_1_550' title='bbox 2786 3343 3004 3399; x_wconf 89' lang='lat' dir='ltr'><strong>arderet</strong></span> <span class='ocrx_word' id='word_1_551' title='bbox 3021 3348 3434 3414; x_wconf 85' lang='lat' dir='ltr'><strong>monasterium.</strong></span> 
     </span>
    </p>
   </div>
   <div class='ocr_carea' id='block_1_80' title="bbox 1844 3425 3444 3509">
    <p class='ocr_par' dir='ltr' id='par_1_80' title="bbox 1844 3425 3444 3509">
     <span class='ocr_line' id='line_1_80' title="bbox 1844 3425 3444 3509; baseline 0.013 -31"><span class='ocrx_word' id='word_1_552' title='bbox 1844 3425 1899 3478; x_wconf 94' lang='lat' dir='ltr'><strong>in</strong></span> <span class='ocrx_word' id='word_1_553' title='bbox 1929 3433 2089 3481; x_wconf 89' lang='lat' dir='ltr'><strong>nocte</strong></span> <span class='ocrx_word' id='word_1_554' title='bbox 2114 3429 2349 3496; x_wconf 88' lang='lat' dir='ltr'><strong>quadam</strong></span> <span class='ocrx_word' id='word_1_555' title='bbox 2376 3429 2555 3485; x_wconf 85' lang='lat' dir='ltr'><strong>audivi</strong></span> <span class='ocrx_word' id='word_1_556' title='bbox 2581 3432 2774 3488; x_wconf 87' lang='lat' dir='ltr'><strong>iterum</strong></span> <span class='ocrx_word' id='word_1_557' title='bbox 2803 3435 2959 3505; x_wconf 89' lang='lat' dir='ltr'><strong>quasi</strong></span> <span class='ocrx_word' id='word_1_558' title='bbox 2985 3437 3195 3509; x_wconf 75' lang='lat' dir='ltr'><strong>aliquos</strong></span> <span class='ocrx_word' id='word_1_559' title='bbox 3213 3452 3444 3506; x_wconf 71' lang='lat' dir='ltr'><strong>orantes</strong></span> 
     </span>
    </p>
   </div>
   <div class='ocr_carea' id='block_1_81' title="bbox 1843 3518 3433 3602">
    <p class='ocr_par' dir='ltr' id='par_1_81' title="bbox 1843 3518 3433 3602">
     <span class='ocr_line' id='line_1_81' title="bbox 1843 3518 3433 3602; baseline 0.011 -33"><span class='ocrx_word' id='word_1_560' title='bbox 1843 3524 1902 3571; x_wconf 89' lang='lat' dir='ltr'><strong>et</strong></span> <span class='ocrx_word' id='word_1_561' title='bbox 1954 3518 2184 3589; x_wconf 83' lang='lat' dir='ltr'><strong>suspiria</strong></span> <span class='ocrx_word' id='word_1_562' title='bbox 2240 3518 2452 3584; x_wconf 87' lang='lat' dir='ltr'><strong>crebra,</strong></span> <span class='ocrx_word' id='word_1_563' title='bbox 2518 3538 2617 3578; x_wconf 91' lang='lat' dir='ltr'><strong>nec</strong></span> <span class='ocrx_word' id='word_1_564' title='bbox 2676 3539 2785 3579; x_wconf 80' lang='lat' dir='ltr'><strong>non</strong></span> <span class='ocrx_word' id='word_1_565' title='bbox 2850 3527 3119 3597; x_wconf 85' lang='lat' dir='ltr'><strong>singultus</strong></span> <span class='ocrx_word' id='word_1_566' title='bbox 3168 3531 3433 3602; x_wconf 66' lang='lat' dir='ltr'><strong>quosdam</strong></span> 
     </span>
    </p>
   </div>
   <div class='ocr_carea' id='block_1_82' title="bbox 1845 3609 3436 3685">
    <p class='ocr_par' dir='ltr' id='par_1_82' title="bbox 1845 3609 3436 3685">
     <span class='ocr_line' id='line_1_82' title="bbox 1845 3609 3436 3685; baseline 0.009 -23"><span class='ocrx_word' id='word_1_567' title='bbox 1845 3609 2121 3665; x_wconf 88' lang='lat' dir='ltr'><strong>luctuosos</strong></span> <span class='ocrx_word' id='word_1_568' title='bbox 2146 3611 2486 3683; x_wconf 84' lang='lat' dir='ltr'><strong>proferentes</strong></span> <span class='ocrx_word' id='word_1_569' title='bbox 2506 3622 2631 3669; x_wconf 87' lang='lat' dir='ltr'><strong>ante</strong></span> <span class='ocrx_word' id='word_1_570' title='bbox 2659 3616 2831 3672; x_wconf 73' lang='lat' dir='ltr'><strong>sancti</strong></span> <span class='ocrx_word' id='word_1_571' title='bbox 2865 3618 3071 3685; x_wconf 87' lang='lat' dir='ltr'><strong>Quirini</strong></span> <span class='ocrx_word' id='word_1_572' title='bbox 3104 3620 3295 3677; x_wconf 87' lang='lat' dir='ltr'><strong>altare.</strong></span> <span class='ocrx_word' id='word_1_573' title='bbox 3328 3623 3436 3678; x_wconf 82' lang='lat' dir='ltr'><strong>Sed</strong></span> 
     </span>
    </p>
   </div>
   <div class='ocr_carea' id='block_1_83' title="bbox 1845 3701 3439 3788">
    <p class='ocr_par' dir='ltr' id='par_1_83' title="bbox 1845 3701 3439 3788">
     <span class='ocr_line' id='line_1_83' title="bbox 1845 3701 3439 3788; baseline 0.01 -33"><span class='ocrx_word' id='word_1_574' title='bbox 1845 3701 1972 3785; x_wconf 81' lang='lat' dir='ltr'><strong>licet</strong></span> <span class='ocrx_word' id='word_1_575' title='bbox 2025 3702 2141 3759; x_wconf 83' lang='lat' dir='ltr'><strong>haec</strong></span> <span class='ocrx_word' id='word_1_576' title='bbox 2191 3715 2376 3775; x_wconf 88' lang='lat' dir='ltr'><strong>aperte</strong></span> <span class='ocrx_word' id='word_1_577' title='bbox 2424 3705 2666 3763; x_wconf 76' lang='lat' dir='ltr'><strong>audrcm</strong></span> <span class='ocrx_word' id='word_1_578' title='bbox 2712 3720 2767 3765; x_wconf 90' lang='lat' dir='ltr'><strong>et</strong></span> <span class='ocrx_word' id='word_1_579' title='bbox 2815 3712 3177 3782; x_wconf 77' lang='lat' dir='ltr'><strong>periculosum</strong></span> <span class='ocrx_word' id='word_1_580' title='bbox 3232 3714 3439 3788; x_wconf 87' lang='lat' dir='ltr'><strong>aliquid</strong></span> 
     </span>
    </p>
   </div>
   <div class='ocr_carea' id='block_1_84' title="bbox 1846 3795 3436 3879">
    <p class='ocr_par' dir='ltr' id='par_1_84' title="bbox 1846 3795 3436 3879">
     <span class='ocr_line' id='line_1_84' title="bbox 1846 3795 3436 3879; baseline 0.008 -29"><span class='ocrx_word' id='word_1_581' title='bbox 1846 3795 2153 3869; x_wconf 79' lang='lat' dir='ltr'><strong>significare</strong></span> <span class='ocrx_word' id='word_1_582' title='bbox 2202 3797 2438 3866; x_wconf 90' lang='lat' dir='ltr'><strong>scirem,</strong></span> <span class='ocrx_word' id='word_1_583' title='bbox 2493 3803 2754 3859; x_wconf 78' lang='lat' dir='ltr'><strong>accedere</strong></span> <span class='ocrx_word' id='word_1_584' title='bbox 2805 3813 2984 3862; x_wconf 87' lang='lat' dir='ltr'><strong>tamen</strong></span> <span class='ocrx_word' id='word_1_585' title='bbox 3041 3806 3265 3879; x_wconf 91' lang='lat' dir='ltr'><strong>propius</strong></span> <span class='ocrx_word' id='word_1_586' title='bbox 3328 3825 3436 3864; x_wconf 88' lang='lat' dir='ltr'><strong>non</strong></span> 
     </span>
    </p>
   </div>
   <div class='ocr_carea' id='block_1_85' title="bbox 1846 3887 3440 3969">
    <p class='ocr_par' dir='ltr' id='par_1_85' title="bbox 1846 3887 3440 3969">
     <span class='ocr_line' id='line_1_85' title="bbox 1846 3887 3440 3969; baseline 0.01 -30"><span class='ocrx_word' id='word_1_587' title='bbox 1846 3887 2186 3958; x_wconf 83' lang='lat' dir='ltr'><strong>praesumpsi.</strong></span> <span class='ocrx_word' id='word_1_588' title='bbox 2248 3887 2402 3945; x_wconf 82' lang='lat' dir='ltr'><strong>Unde</strong></span> <span class='ocrx_word' id='word_1_589' title='bbox 2453 3890 2656 3947; x_wconf 91' lang='lat' dir='ltr'><strong>claram</strong></span> <span class='ocrx_word' id='word_1_590' title='bbox 2721 3894 2827 3951; x_wconf 90' lang='lat' dir='ltr'><strong>dici</strong></span> <span class='ocrx_word' id='word_1_591' title='bbox 2885 3895 3061 3952; x_wconf 89' lang='lat' dir='ltr'><strong>lucem</strong></span> <span class='ocrx_word' id='word_1_592' title='bbox 3112 3908 3440 3969; x_wconf 80' lang='lat' dir='ltr'><strong>exspectans</strong></span> 
     </span>
    </p>
   </div>
   <div class='ocr_carea' id='block_1_86' title="bbox 1848 3976 3444 4057">
    <p class='ocr_par' dir='ltr' id='par_1_86' title="bbox 1848 3976 3444 4057">
     <span class='ocr_line' id='line_1_86' title="bbox 1848 3976 3444 4057; baseline 0.009 -24"><span class='ocrx_word' id='word_1_593' title='bbox 1848 3976 2052 4033; x_wconf 71' lang='lat' dir='ltr'><strong>acccSSi</strong></span> <span class='ocrx_word' id='word_1_594' title='bbox 2074 3979 2141 4034; x_wconf 92' lang='lat' dir='ltr'><strong>ad</strong></span> <span class='ocrx_word' id='word_1_595' title='bbox 2171 3978 2372 4049; x_wconf 86' lang='lat' dir='ltr'><strong>locum,</strong></span> <span class='ocrx_word' id='word_1_596' title='bbox 2418 3982 2509 4038; x_wconf 91' lang='lat' dir='ltr'><strong>ubi</strong></span> <span class='ocrx_word' id='word_1_597' title='bbox 2535 3984 2714 4040; x_wconf 86' lang='lat' dir='ltr'><strong>audivi</strong></span> <span class='ocrx_word' id='word_1_598' title='bbox 2741 3986 2953 4043; x_wconf 90' lang='lat' dir='ltr'><strong>turbam</strong></span> <span class='ocrx_word' id='word_1_599' title='bbox 2983 3991 3356 4057; x_wconf 64' lang='lat' dir='ltr'><strong>manentium,</strong></span> <span class='ocrx_word' id='word_1_600' title='bbox 3384 4002 3444 4047; x_wconf 84' lang='lat' dir='ltr'><strong>et</strong></span> 
     </span>
    </p>
   </div>
   <div class='ocr_carea' id='block_1_87' title="bbox 1848 4068 3442 4152">
    <p class='ocr_par' dir='ltr' id='par_1_87' title="bbox 1848 4068 3442 4152">
     <span class='ocr_line' id='line_1_87' title="bbox 1848 4068 3442 4152; baseline 0.008 -28"><span class='ocrx_word' id='word_1_601' title='bbox 1848 4068 2030 4125; x_wconf 80' lang='lat' dir='ltr'><strong>inveni</strong></span> <span class='ocrx_word' id='word_1_602' title='bbox 2054 4068 2426 4140; x_wconf 76' lang='lat' dir='ltr'><strong>pavimentum</strong></span> <span class='ocrx_word' id='word_1_603' title='bbox 2455 4072 2634 4130; x_wconf 88' lang='lat' dir='ltr'><strong>adhuc</strong></span> <span class='ocrx_word' id='word_1_604' title='bbox 2663 4076 2942 4133; x_wconf 88' lang='lat' dir='ltr'><strong>madidum</strong></span> <span class='ocrx_word' id='word_1_605' title='bbox 2971 4076 3234 4135; x_wconf 79' lang='lat' dir='ltr'><strong>eilusione</strong></span> <span class='ocrx_word' id='word_1_606' title='bbox 3256 4079 3442 4152; x_wconf 78' lang='lat' dir='ltr'><strong>lacry-</strong></span> 
     </span>
    </p>
   </div>
   <div class='ocr_carea' id='block_1_88' title="bbox 1849 4166 3442 4227">
    <p class='ocr_par' dir='ltr' id='par_1_88' title="bbox 1849 4166 3442 4227">
     <span class='ocr_line' id='line_1_88' title="bbox 1849 4166 3442 4227; baseline 0.003 -6"><span class='ocrx_word' id='word_1_607' title='bbox 1849 4182 2084 4221; x_wconf 88' lang='lat' dir='ltr'><strong>tuarum.</strong></span> <span class='ocrx_word' id='word_1_608' title='bbox 2114 4166 2266 4224; x_wconf 85' lang='lat' dir='ltr'><strong>Tunc</strong></span> <span class='ocrx_word' id='word_1_609' title='bbox 2295 4169 2522 4224; x_wconf 89' lang='lat' dir='ltr'><strong>miratus</strong></span> <span class='ocrx_word' id='word_1_610' title='bbox 2547 4170 2706 4225; x_wconf 90' lang='lat' dir='ltr'><strong>simul</strong></span> <span class='ocrx_word' id='word_1_611' title='bbox 2729 4178 2785 4225; x_wconf 90' lang='lat' dir='ltr'><strong>et</strong></span> <span class='ocrx_word' id='word_1_612' title='bbox 2807 4170 3161 4227; x_wconf 89' lang='lat' dir='ltr'><strong>contristatus</strong></span> <span class='ocrx_word' id='word_1_613' title='bbox 3188 4172 3254 4227; x_wconf 89' lang='lat' dir='ltr'><strong>de</strong></span> <span class='ocrx_word' id='word_1_614' title='bbox 3278 4181 3442 4226; x_wconf 61' lang='lat' dir='ltr'><strong>tanta)</strong></span> 
     </span>
    </p>
   </div>
   <div class='ocr_carea' id='block_1_89' title="bbox 1852 4260 3443 4337">
    <p class='ocr_par' dir='ltr' id='par_1_89' title="bbox 1852 4260 3443 4337">
     <span class='ocr_line' id='line_1_89' title="bbox 1852 4260 3443 4337; baseline 0.003 -20"><span class='ocrx_word' id='word_1_615' title='bbox 1852 4262 1928 4317; x_wconf 89' lang='lat' dir='ltr'><strong>rei</strong></span> <span class='ocrx_word' id='word_1_616' title='bbox 1959 4261 2136 4331; x_wconf 83' lang='lat' dir='ltr'><strong>signo,</strong></span> <span class='ocrx_word' id='word_1_617' title='bbox 2187 4260 2441 4333; x_wconf 86' lang='lat' dir='ltr'><strong>lugebam</strong></span> <span class='ocrx_word' id='word_1_618' title='bbox 2485 4264 2632 4319; x_wconf 91' lang='lat' dir='ltr'><strong>omni</strong></span> <span class='ocrx_word' id='word_1_619' title='bbox 2687 4264 2847 4321; x_wconf 90' lang='lat' dir='ltr'><strong>modo</strong></span> <span class='ocrx_word' id='word_1_620' title='bbox 2887 4265 3031 4336; x_wconf 90' lang='lat' dir='ltr'><strong>quod</strong></span> <span class='ocrx_word' id='word_1_621' title='bbox 3076 4264 3316 4337; x_wconf 87' lang='lat' dir='ltr'><strong>periculo</strong></span> <span class='ocrx_word' id='word_1_622' title='bbox 3348 4268 3443 4322; x_wconf 86' lang='lat' dir='ltr'><strong>tali</strong></span> 
     </span>
    </p>
   </div>
   <div class='ocr_carea' id='block_1_90' title="bbox 1852 4352 3442 4428">
    <p class='ocr_par' dir='ltr' id='par_1_90' title="bbox 1852 4352 3442 4428">
     <span class='ocr_line' id='line_1_90' title="bbox 1852 4352 3442 4428; baseline 0.004 -19"><span class='ocrx_word' id='word_1_623' title='bbox 1852 4352 2156 4409; x_wconf 88' lang='lat' dir='ltr'><strong>nullatenus</strong></span> <span class='ocrx_word' id='word_1_624' title='bbox 2203 4354 2492 4411; x_wconf 89' lang='lat' dir='ltr'><strong>subvenire</strong></span> <span class='ocrx_word' id='word_1_625' title='bbox 2542 4358 2728 4427; x_wconf 89' lang='lat' dir='ltr'><strong>potui;</strong></span> <span class='ocrx_word' id='word_1_626' title='bbox 2785 4374 2909 4428; x_wconf 66' lang='lat' dir='ltr'><strong>qua:</strong></span> <span class='ocrx_word' id='word_1_627' title='bbox 2959 4367 3139 4415; x_wconf 89' lang='lat' dir='ltr'><strong>tamen</strong></span> <span class='ocrx_word' id='word_1_628' title='bbox 3187 4359 3291 4417; x_wconf 90' lang='lat' dir='ltr'><strong>sub</strong></span> <span class='ocrx_word' id='word_1_629' title='bbox 3319 4376 3442 4418; x_wconf 83' lang='lat' dir='ltr'><strong>mea</strong></span> 
     </span>
    </p>
   </div>
   <div class='ocr_carea' id='block_1_91' title="bbox 168 4444 3445 4537">
    <p class='ocr_par' dir='ltr' id='par_1_91' title="bbox 168 4444 3445 4537">
     <span class='ocr_line' id='line_1_91' title="bbox 168 4444 3445 4537; baseline 0.005 -44"><span class='ocrx_word' id='word_1_630' title='bbox 168 4456 224 4496; x_wconf 80' lang='lat' dir='ltr'><strong>ex</strong></span> <span class='ocrx_word' id='word_1_631' title='bbox 252 4444 416 4503; x_wconf 77' lang='lat' dir='ltr'><strong>oculis</strong></span> <span class='ocrx_word' id='word_1_632' title='bbox 457 4462 675 4504; x_wconf 90' lang='lat' dir='ltr'><strong>eorum.</strong></span> <span class='ocrx_word' id='word_1_633' title='bbox 715 4447 785 4501; x_wconf 81' lang='lat' dir='ltr'><strong>At</strong></span> <span class='ocrx_word' id='word_1_634' title='bbox 818 4447 889 4500; x_wconf 90' lang='lat' dir='ltr'><strong>illi</strong></span> <span class='ocrx_word' id='word_1_635' title='bbox 916 4463 982 4502; x_wconf 90' lang='lat' dir='ltr'><strong>eo</strong></span> <span class='ocrx_word' id='word_1_636' title='bbox 1021 4448 1103 4503; x_wconf 87' lang='lat' dir='ltr'><strong>de</strong></span> <span class='ocrx_word' id='word_1_637' title='bbox 1124 4447 1269 4503; x_wconf 92' lang='lat' dir='ltr'><strong>otius</strong></span> <span class='ocrx_word' id='word_1_638' title='bbox 1308 4448 1576 4516; x_wconf 85' lang='lat' dir='ltr'><strong>citiusque</strong></span> <span class='ocrx_word' id='word_1_639' title='bbox 1620 4460 1746 4516; x_wconf 83' lang='lat' dir='ltr'><strong>pro—</strong></span> <span class='ocrx_word' id='word_1_640' title='bbox 1780 4478 1826 4537; x_wconf 72' lang='grc' dir='ltr'>ο</span> <span class='ocrx_word' id='word_1_641' title='bbox 1852 4458 1980 4499; x_wconf 91' lang='lat' dir='ltr'><strong>cura</strong></span> <span class='ocrx_word' id='word_1_642' title='bbox 2013 4454 2315 4515; x_wconf 85' lang='lat' dir='ltr'><strong>tenueram,</strong></span> <span class='ocrx_word' id='word_1_643' title='bbox 2342 4446 2634 4519; x_wconf 77' lang='lat' dir='ltr'><strong>diligenter</strong></span> <span class='ocrx_word' id='word_1_644' title='bbox 2659 4457 2851 4505; x_wconf 88' lang='lat' dir='ltr'><strong>contra</strong></span> <span class='ocrx_word' id='word_1_645' title='bbox 2891 4450 3131 4523; x_wconf 84' lang='lat' dir='ltr'><strong>pericula</strong></span> <span class='ocrx_word' id='word_1_646' title='bbox 3155 4451 3445 4511; x_wconf 74' lang='lat' dir='ltr'><strong>observavi</strong></span> 
     </span>
    </p>
   </div>
   <div class='ocr_carea' id='block_1_92' title="bbox 168 4534 1745 4611">
    <p class='ocr_par' dir='ltr' id='par_1_92' title="bbox 168 4534 1745 4611">
     <span class='ocr_line' id='line_1_92' title="bbox 168 4534 1745 4611; baseline 0.001 -23"><span class='ocrx_word' id='word_1_647' title='bbox 168 4534 313 4590; x_wconf 77' lang='lat' dir='ltr'><strong>inissa</strong></span> <span class='ocrx_word' id='word_1_648' title='bbox 344 4538 730 4611; x_wconf 77' lang='lat' dir='ltr'><strong>impleverunt,</strong></span> <span class='ocrx_word' id='word_1_649' title='bbox 762 4554 868 4610; x_wconf 88' lang='lat' dir='ltr'><strong>quo</strong></span> <span class='ocrx_word' id='word_1_650' title='bbox 899 4538 1130 4594; x_wconf 87' lang='lat' dir='ltr'><strong>celerius</strong></span> <span class='ocrx_word' id='word_1_651' title='bbox 1156 4538 1326 4611; x_wconf 85' lang='lat' dir='ltr'><strong>patris</strong></span> <span class='ocrx_word' id='word_1_652' title='bbox 1354 4536 1745 4593; x_wconf 85' lang='lat' dir='ltr'><strong>absolutionem</strong></span> 
     </span>
    </p>
   </div>
   <div class='ocr_carea' id='block_1_93' title="bbox 170 4621 685 4687">
    <p class='ocr_par' dir='ltr' id='par_1_93' title="bbox 170 4621 685 4687">
     <span class='ocr_line' id='line_1_93' title="bbox 170 4621 685 4687; baseline 0.012 -7"><span class='ocrx_word' id='word_1_653' title='bbox 170 4621 349 4684; x_wconf 79' lang='lat' dir='ltr'><strong>factam</strong></span> <span class='ocrx_word' id='word_1_654' title='bbox 373 4631 685 4687; x_wconf 89' lang='lat' dir='ltr'><strong>audierunt.</strong></span> 
     </span>
    </p>
   </div>
   <div class='ocr_carea' id='block_1_94' title="bbox 227 4716 1751 4795">
    <p class='ocr_par' dir='ltr' id='par_1_94' title="bbox 227 4716 1751 4795">
     <span class='ocr_line' id='line_1_94' title="bbox 227 4716 1751 4795; baseline 0.001 -23"><span class='ocrx_word' id='word_1_655' title='bbox 227 4716 366 4776; x_wconf 84' lang='lat' dir='ltr'><strong>llauc</strong></span> <span class='ocrx_word' id='word_1_656' title='bbox 418 4721 586 4793; x_wconf 88' lang='lat' dir='ltr'><strong>igitur</strong></span> <span class='ocrx_word' id='word_1_657' title='bbox 612 4722 935 4779; x_wconf 88' lang='lat' dir='ltr'><strong>relationem</strong></span> <span class='ocrx_word' id='word_1_658' title='bbox 966 4721 1260 4795; x_wconf 78' lang='lat' dir='ltr'><strong>prtedictus</strong></span> <span class='ocrx_word' id='word_1_659' title='bbox 1286 4737 1424 4793; x_wconf 90' lang='lat' dir='ltr'><strong>papa</strong></span> <span class='ocrx_word' id='word_1_660' title='bbox 1471 4719 1538 4776; x_wconf 90' lang='lat' dir='ltr'><strong>ad</strong></span> <span class='ocrx_word' id='word_1_661' title='bbox 1578 4734 1751 4792; x_wconf 89' lang='lat' dir='ltr'><strong>p0pu-</strong></span> 
     </span>
    </p>
   </div>
   <div class='ocr_carea' id='block_1_95' title="bbox 168 4807 1748 4872">
    <p class='ocr_par' dir='ltr' id='par_1_95' title="bbox 168 4807 1748 4872">
     <span class='ocr_line' id='line_1_95' title="bbox 168 4807 1748 4872; baseline 0.004 -11"><span class='ocrx_word' id='word_1_662' title='bbox 168 4807 262 4863; x_wconf 84' lang='lat' dir='ltr'><strong>lum</strong></span> <span class='ocrx_word' id='word_1_663' title='bbox 289 4814 486 4870; x_wconf 86' lang='lat' dir='ltr'><strong>faciens</strong></span> <span class='ocrx_word' id='word_1_664' title='bbox 520 4823 754 4871; x_wconf 84' lang='lat' dir='ltr'><strong>testatus</strong></span> <span class='ocrx_word' id='word_1_665' title='bbox 782 4824 865 4870; x_wconf 91' lang='lat' dir='ltr'><strong>est</strong></span> <span class='ocrx_word' id='word_1_666' title='bbox 897 4830 954 4871; x_wconf 88' lang='lat' dir='ltr'><strong>se</strong></span> <span class='ocrx_word' id='word_1_667' title='bbox 982 4813 1201 4872; x_wconf 87' lang='lat' dir='ltr'><strong>eosdem</strong></span> <span class='ocrx_word' id='word_1_668' title='bbox 1240 4811 1441 4870; x_wconf 80' lang='lat' dir='ltr'><strong>fratres</strong></span> <span class='ocrx_word' id='word_1_669' title='bbox 1470 4813 1524 4869; x_wconf 92' lang='lat' dir='ltr'><strong>in</strong></span> <span class='ocrx_word' id='word_1_670' title='bbox 1559 4811 1748 4868; x_wconf 89' lang='lat' dir='ltr'><strong>habitu</strong></span> 
     </span>
    </p>
   </div>
   <div class='ocr_carea' id='block_1_96' title="bbox 167 4909 1745 4969">
    <p class='ocr_par' dir='ltr' id='par_1_96' title="bbox 167 4909 1745 4969">
     <span class='ocr_line' id='line_1_96' title="bbox 167 4909 1745 4969; baseline 0.003 -9"><span class='ocrx_word' id='word_1_671' title='bbox 167 4912 463 4969; x_wconf 81' lang='lat' dir='ltr'><strong>monachico</strong></span> <span class='ocrx_word' id='word_1_672' title='bbox 491 4913 698 4969; x_wconf 78' lang='lat' dir='ltr'><strong>vidisse</strong></span> <span class='ocrx_word' id='word_1_673' title='bbox 723 4912 870 4968; x_wconf 89' lang='lat' dir='ltr'><strong>etab</strong></span> <span class='ocrx_word' id='word_1_674' title='bbox 897 4913 979 4969; x_wconf 89' lang='lat' dir='ltr'><strong>eis</strong></span> <span class='ocrx_word' id='word_1_675' title='bbox 1020 4912 1282 4969; x_wconf 86' lang='lat' dir='ltr'><strong>visionem</strong></span> <span class='ocrx_word' id='word_1_676' title='bbox 1314 4909 1478 4967; x_wconf 90' lang='lat' dir='ltr'><strong>istam</strong></span> <span class='ocrx_word' id='word_1_677' title='bbox 1506 4909 1745 4966; x_wconf 87' lang='lat' dir='ltr'><strong>audisse.</strong></span> 
     </span>
    </p>
   </div>
   <div class='ocr_carea' id='block_1_97' title="bbox 166 5000 1751 5085">
    <p class='ocr_par' dir='ltr' id='par_1_97' title="bbox 166 5000 1751 5085">
     <span class='ocr_line' id='line_1_97' title="bbox 166 5000 1751 5085; baseline 0.004 -33"><span class='ocrx_word' id='word_1_678' title='bbox 166 5000 320 5066; x_wconf 76' lang='lat' dir='ltr'><strong>Quam</strong></span> <span class='ocrx_word' id='word_1_679' title='bbox 348 5003 515 5085; x_wconf 78' lang='lat' dir='ltr'><strong>etiam</strong></span> <span class='ocrx_word' id='word_1_680' title='bbox 568 5013 673 5075; x_wconf 78' lang='lat' dir='ltr'><strong>ego</strong></span> <span class='ocrx_word' id='word_1_681' title='bbox 713 5003 940 5059; x_wconf 87' lang='lat' dir='ltr'><strong>audiens</strong></span> <span class='ocrx_word' id='word_1_682' title='bbox 979 5002 1207 5058; x_wconf 88' lang='lat' dir='ltr'><strong>aliorum</strong></span> <span class='ocrx_word' id='word_1_683' title='bbox 1254 5002 1460 5058; x_wconf 73' lang='lat' dir='ltr'><strong>notitia:</strong></span> <span class='ocrx_word' id='word_1_684' title='bbox 1505 5002 1751 5058; x_wconf 87' lang='lat' dir='ltr'><strong>simulet</strong></span> 
     </span>
    </p>
   </div>
   <div class='ocr_carea' id='block_1_98' title="bbox 165 5086 1264 5167">
    <p class='ocr_par' dir='ltr' id='par_1_98' title="bbox 165 5086 1264 5167">
     <span class='ocr_line' id='line_1_98' title="bbox 165 5086 1264 5167; baseline 0.001 -19"><span class='ocrx_word' id='word_1_685' title='bbox 165 5093 492 5154; x_wconf 64' lang='lat' dir='ltr'><strong>adiﬁcationi</strong></span> <span class='ocrx_word' id='word_1_686' title='bbox 524 5086 731 5153; x_wconf 88' lang='lat' dir='ltr'><strong>litteris</strong></span> <span class='ocrx_word' id='word_1_687' title='bbox 754 5096 992 5167; x_wconf 81' lang='lat' dir='ltr'><strong>pandere</strong></span> <span class='ocrx_word' id='word_1_688' title='bbox 1023 5095 1264 5151; x_wconf 87' lang='lat' dir='ltr'><strong>decrevi.</strong></span> 
     </span>
    </p>
   </div>
   <div class='ocr_carea' id='block_1_99' title="bbox 695 5207 1179 5240">
    <p class='ocr_par' dir='ltr' id='par_1_99' title="bbox 695 5207 1179 5240">
     <span class='ocr_line' id='line_1_99' title="bbox 695 5207 1179 5240; baseline 0 0"><span class='ocrx_word' id='word_1_689' title='bbox 695 5208 874 5240; x_wconf 69' lang='grc' dir='ltr'><strong>νιριη</strong></span> <span class='ocrx_word' id='word_1_690' title='bbox 910 5207 1086 5240; x_wconf 71' lang='grc' dir='ltr'><strong>ΛΡΤΔ</strong></span> <span class='ocrx_word' id='word_1_691' title='bbox 1099 5207 1142 5240; x_wconf 73' lang='grc' dir='ltr'><strong>ν</strong></span> <span class='ocrx_word' id='word_1_692' title='bbox 1155 5210 1179 5240; x_wconf 74' lang='grc' dir='ltr'><strong>Α</strong></span> 
     </span>
    </p>
   </div>
   <div class='ocr_carea' id='block_1_100' title="bbox 1851 4533 2051 4592">
    <p class='ocr_par' dir='ltr' id='par_1_100' title="bbox 1851 4533 2051 4592">
     <span class='ocr_line' id='line_1_100' title="bbox 1851 4533 2051 4592; baseline 0.015 -3"><span class='ocrx_word' id='word_1_693' title='bbox 1851 4533 2051 4592; x_wconf 83' lang='lat' dir='ltr'><strong>futura.</strong></span> 
     </span>
    </p>
   </div>
   <div class='ocr_carea' id='block_1_101' title="bbox 2442 4653 2871 4714">
    <p class='ocr_par' dir='ltr' id='par_1_101' title="bbox 2442 4653 2871 4714">
     <span class='ocr_line' id='line_1_101' title="bbox 2442 4653 2871 4714; baseline 0.002 -1"><span class='ocrx_word' id='word_1_694' title='bbox 2442 4653 2625 4713; x_wconf 67' lang='lat' dir='ltr'><strong>VISIO</strong></span> <span class='ocrx_word' id='word_1_695' title='bbox 2662 4655 2871 4714; x_wconf 74' lang='lat' dir='ltr'><strong>NONA.</strong></span> 
     </span>
    </p>
   </div>
   <div class='ocr_carea' id='block_1_102' title="bbox 1856 4738 3448 4820">
    <p class='ocr_par' dir='ltr' id='par_1_102' title="bbox 1856 4738 3448 4820">
     <span class='ocr_line' id='line_1_102' title="bbox 1856 4738 3448 4820; baseline 0.009 -25"><span class='ocrx_word' id='word_1_696' title='bbox 1856 4738 2186 4813; x_wconf 78' lang='lat' dir='ltr'><strong>Negligentia</strong></span> <span class='ocrx_word' id='word_1_697' title='bbox 2227 4742 2430 4820; x_wconf 68' lang='lat' dir='ltr'><strong>abbatis</strong></span> <span class='ocrx_word' id='word_1_698' title='bbox 2475 4746 2734 4818; x_wconf 78' lang='lat' dir='ltr'><strong>Elliugeri</strong></span> <span class='ocrx_word' id='word_1_699' title='bbox 2779 4765 2814 4803; x_wconf 78' lang='grc' dir='ltr'><em>α</em></span> <span class='ocrx_word' id='word_1_700' title='bbox 2861 4749 3109 4820; x_wconf 74' lang='lat' dir='ltr'><strong>defuncto</strong></span> <span class='ocrx_word' id='word_1_701' title='bbox 3144 4751 3337 4809; x_wconf 73' lang='lat' dir='ltr'><strong>clerico</strong></span> <span class='ocrx_word' id='word_1_702' title='bbox 3362 4770 3448 4809; x_wconf 80' lang='lat' dir='ltr'><strong>re-</strong></span> 
     </span>
    </p>
   </div>
   <div class='ocr_carea' id='block_1_103' title="bbox 2319 4817 2992 4893">
    <p class='ocr_par' dir='ltr' id='par_1_103' title="bbox 2319 4817 2992 4893">
     <span class='ocr_line' id='line_1_103' title="bbox 2319 4817 2992 4893; baseline 0.01 -25"><span class='ocrx_word' id='word_1_703' title='bbox 2319 4817 2573 4887; x_wconf 74' lang='lat' dir='ltr'><strong>prehensa</strong></span> <span class='ocrx_word' id='word_1_704' title='bbox 2617 4817 2666 4873; x_wconf 75' lang='lat' dir='ltr'><strong>et</strong></span> <span class='ocrx_word' id='word_1_705' title='bbox 2716 4817 2992 4893; x_wconf 77' lang='lat' dir='ltr'><strong>castigata.</strong></span> 
     </span>
    </p>
   </div>
   <div class='ocr_carea' id='block_1_104' title="bbox 1928 4905 3446 4981">
    <p class='ocr_par' dir='ltr' id='par_1_104' title="bbox 1928 4905 3446 4981">
     <span class='ocr_line' id='line_1_104' title="bbox 1928 4905 3446 4981; baseline 0.004 -22"><span class='ocrx_word' id='word_1_706' title='bbox 1928 4905 2180 4962; x_wconf 75' lang='lat' dir='ltr'><strong>Referam</strong></span> <span class='ocrx_word' id='word_1_707' title='bbox 2206 4912 2263 4961; x_wconf 88' lang='lat' dir='ltr'><strong>et</strong></span> <span class='ocrx_word' id='word_1_708' title='bbox 2292 4906 2457 4972; x_wconf 88' lang='lat' dir='ltr'><strong>aliud,</strong></span> <span class='ocrx_word' id='word_1_709' title='bbox 2492 4909 2637 4981; x_wconf 90' lang='lat' dir='ltr'><strong>quod</strong></span> <span class='ocrx_word' id='word_1_710' title='bbox 2684 4920 2872 4981; x_wconf 89' lang='lat' dir='ltr'><strong>postea</strong></span> <span class='ocrx_word' id='word_1_711' title='bbox 2899 4910 2951 4965; x_wconf 93' lang='lat' dir='ltr'><strong>in</strong></span> <span class='ocrx_word' id='word_1_712' title='bbox 2978 4912 3238 4980; x_wconf 70' lang='lat' dir='ltr'><strong>prmdicto</strong></span> <span class='ocrx_word' id='word_1_713' title='bbox 3265 4912 3446 4967; x_wconf 86' lang='lat' dir='ltr'><strong>audivi</strong></span> 
     </span>
    </p>
   </div>
   <div class='ocr_carea' id='block_1_105' title="bbox 1857 4997 3447 5073">
    <p class='ocr_par' dir='ltr' id='par_1_105' title="bbox 1857 4997 3447 5073">
     <span class='ocr_line' id='line_1_105' title="bbox 1857 4997 3447 5073; baseline 0.007 -23"><span class='ocrx_word' id='word_1_714' title='bbox 1857 4997 2151 5069; x_wconf 87' lang='lat' dir='ltr'><strong>contigisse</strong></span> <span class='ocrx_word' id='word_1_715' title='bbox 2180 4999 2519 5056; x_wconf 87' lang='lat' dir='ltr'><strong>monasterio</strong></span> <span class='ocrx_word' id='word_1_716' title='bbox 2556 5001 2729 5057; x_wconf 84' lang='lat' dir='ltr'><strong>eidem</strong></span> <span class='ocrx_word' id='word_1_717' title='bbox 2776 5001 2982 5066; x_wconf 86' lang='lat' dir='ltr'><strong>abbati,</strong></span> <span class='ocrx_word' id='word_1_718' title='bbox 3015 5002 3118 5058; x_wconf 88' lang='lat' dir='ltr'><strong>sub</strong></span> <span class='ocrx_word' id='word_1_719' title='bbox 3146 5018 3255 5073; x_wconf 82' lang='lat' dir='ltr'><strong>quo</strong></span> <span class='ocrx_word' id='word_1_720' title='bbox 3287 5001 3447 5061; x_wconf 74' lang='lat' dir='ltr'><strong>arde-</strong></span> 
     </span>
    </p>
   </div>
   <div class='ocr_carea' id='block_1_106' title="bbox 1858 5089 3450 5169">
    <p class='ocr_par' dir='ltr' id='par_1_106' title="bbox 1858 5089 3450 5169">
     <span class='ocr_line' id='line_1_106' title="bbox 1858 5089 3450 5169; baseline 0 -24"><span class='ocrx_word' id='word_1_721' title='bbox 1858 5090 1973 5157; x_wconf 87' lang='lat' dir='ltr'><strong>bat,</strong></span> <span class='ocrx_word' id='word_1_722' title='bbox 2016 5089 2108 5162; x_wconf 88' lang='lat' dir='ltr'><strong>qui</strong></span> <span class='ocrx_word' id='word_1_723' title='bbox 2162 5091 2328 5147; x_wconf 87' lang='lat' dir='ltr'><strong>etiam</strong></span> <span class='ocrx_word' id='word_1_724' title='bbox 2384 5091 2694 5168; x_wconf 82' lang='lat' dir='ltr'><strong>Ellingerus</strong></span> <span class='ocrx_word' id='word_1_725' title='bbox 2748 5105 2833 5152; x_wconf 87' lang='lat' dir='ltr'><strong>est</strong></span> <span class='ocrx_word' id='word_1_726' title='bbox 2895 5094 3092 5153; x_wconf 87' lang='lat' dir='ltr'><strong>dictus.</strong></span> <span class='ocrx_word' id='word_1_727' title='bbox 3142 5095 3278 5169; x_wconf 81' lang='lat' dir='ltr'><strong>Nam</strong></span> <span class='ocrx_word' id='word_1_728' title='bbox 3322 5105 3450 5146; x_wconf 82' lang='lat' dir='ltr'><strong>eum</strong></span> 
     </span>
    </p>
   </div>
   <div class='ocr_carea' id='block_1_107' title="bbox 1858 5181 3452 5240">
    <p class='ocr_par' dir='ltr' id='par_1_107' title="bbox 1858 5181 3452 5240">
     <span class='ocr_line' id='line_1_107' title="bbox 1858 5181 3452 5240; baseline 0.001 -6"><span class='ocrx_word' id='word_1_729' title='bbox 1858 5181 2062 5240; x_wconf 88' lang='lat' dir='ltr'><strong>diutius</strong></span> <span class='ocrx_word' id='word_1_730' title='bbox 2102 5192 2158 5240; x_wconf 90' lang='lat' dir='ltr'><strong>et</strong></span> <span class='ocrx_word' id='word_1_731' title='bbox 2202 5183 2560 5240; x_wconf 80' lang='lat' dir='ltr'><strong>semetipsum</strong></span> <span class='ocrx_word' id='word_1_732' title='bbox 2609 5195 2666 5240; x_wconf 87' lang='lat' dir='ltr'><strong>et</strong></span> <span class='ocrx_word' id='word_1_733' title='bbox 2708 5185 3017 5240; x_wconf 75' lang='lat' dir='ltr'><strong>emnobium</strong></span> <span class='ocrx_word' id='word_1_734' title='bbox 3070 5194 3256 5240; x_wconf 80' lang='lat' dir='ltr'><strong>atteret</strong></span> <span class='ocrx_word' id='word_1_735' title='bbox 3302 5196 3452 5238; x_wconf 82' lang='lat' dir='ltr'><strong>eom-</strong></span> 
     </span>
    </p>
   </div>
  </div>
