3942 5340
488 234 593 331 ses

1485 270 1787 328 O'l‘liLONI
1824 272 2144 329 MONACIII
2184 273 2242 330 S.
2280 273 2703 334 EMMERAMMI

3670 282 3779 340 361

487 390 770 465 :rgrotanti
815 390 1108 446 inwisione
1135 402 1403 460 apparens
1449 397 1503 444 et
1533 404 1657 445 eum
1687 388 1741 444 in
1773 389 1917 445 latus
1948 404 2075 461 per-
2107 394 2153 453 Α
2183 406 2293 461 que
2320 392 2560 448 studium
2602 393 2747 449 circa
2793 393 2936 451 hunc
2983 392 3163 451 locum
3204 395 3606 452 emundandum
3648 407 3705 453 et
3743 415 3777 471 ρ
3818 444 3823 449 .

487 485 724 548 cuticns,
767 482 1097 551 increpando
1129 480 1265 535 dixit
1294 499 1307 535 :
1345 479 1454 535 Cur
1482 480 1554 535 ita
1588 479 1925 552 negligenter
1969 479 2085 551 agis

490 579 542 634 in
603 578 764 633 rebus
812 573 1157 632 commissis?
1207 571 1262 628 Si
1319 588 1450 642 ergo
1506 589 1609 627 non
1666 573 2084 637 cmendaveris,

489 654 667 738 aliqua
700 664 945 737 profecto
997 665 1131 719 dura
1179 663 1505 734 quandoque
1542 662 1852 717 sustinebis.
1896 662 2084 717 Abbas

489 767 669 814 autem
696 755 959 827 evigilans
1012 754 1105 808 ditt
1151 755 1369 825 quidem
1421 751 1605 808 lateris
1651 751 1961 822 patiebatur
1989 751 2083 805 do-

487 854 678 905 lorem.
733 847 888 917 Saepe
927 838 1101 901 etiam
1151 843 1422 900 clamabat
1472 844 1768 914 Duringum
1821 843 1903 898 sui
1962 858 2084 899 esse

484 952 899 1012 percussorem;
938 928 1016 989 ea
1070 948 1235 1002 vero,
1280 949 1377 1003 pro
1426 935 1621 1003 quibus
1673 934 1982 1003 inerepatus
2029 922 2085 987 et

484 1041 779 1100 percussus
808 1033 894 1083 est
922 1026 991 1082 ab
1016 1041 1102 1092 eo,
1137 1039 1333 1096 parum
1360 1025 1703 1080 emendabat.
1737 1023 1893 1080 Unde
1916 1024 2080 1081 etiam

485 1118 728 1175 secundo
754 1116 1032 1188 depositus
1064 1126 1148 1172 est
1201 1116 1269 1171 ab
1307 1115 1546 1171 abbatia.
1602 1116 1725 1172 llaec
1769 1115 1950 1186 itaque
1976 1115 2083 1171 duo

483 1202 551 1268 de
579 1209 847 1282 Tegrinse
876 1209 1021 1264 dicta
1055 1209 1354 1264 monachos
1378 1206 1539 1263 simul
1568 1217 1621 1263 et
1644 1206 1869 1263 abbates
1889 1221 2082 1263 omnes

484 1302 779 1359 admonere
821 1308 1068 1372 possunt,
1100 1309 1161 1356 ut
1187 1298 1472 1356 attendant
1504 1299 1558 1354 in
1590 1307 1792 1368 quanta
1820 1297 2091 1378 sollicitus

483 1392 611 1449 dine
666 1408 768 1467 pro
822 1407 919 1448 sua
984 1390 1312 1464 negligentia
1390 1391 1565 1448 sancti
1631 1391 1834 1464 iugiter
1895 1391 2079 1447 cousi-

396 1546 409 1555 _
484 1492 636 1540 stant
673 1493 1019 1559 quantasque
1070 1498 1261 1558 preces
1305 1498 1405 1559 pro
1450 1497 1639 1540 eorum
1696 1483 1871 1539 salute
1922 1483 2075 1541 emit—
2142 1500 2146 1504 ‘

488 1586 631 1634 tant.

1037 1666 1217 1726 VISIO
1265 1667 1542 1726 DECIMA.

801 1778 869 1819 DE
918 1778 968 1819 Β.
1017 1776 1343 1818 εδιδιειῑλιιδιι
1395 1774 1754 1818 MONASTEBIO.

629 1858 850 1913 Diversa
897 1858 1011 1913 uisa
1061 1867 1110 1912 et
1165 1857 1308 1911 dicta
1364 1855 1639 1910 Adalberli
1691 1853 1936 1909 monachi

876 1927 1372 1982 Emmerammensia
1401 1927 1667 1980 morituri.

561 2041 717 2098 Nunc
755 2041 822 2097 ad
868 2039 1045 2097 sancti
1091 2037 1477 2094 Emmerammi
1528 2038 1838 2093 coenobium
1886 2037 2081 2094 relatio

478 2142 669 2197 nostra
704 2132 890 2188 redeat
923 2140 980 2188 et
1025 2147 1163 2203 quas
1191 2128 1431 2187 visiones
1471 2128 1667 2184 exinde
1711 2129 2078 2198 comperimus

487 2224 757 2295 proferat.
788 2224 1027 2295 Denique
1056 2230 1182 2277 ante
1229 2237 1400 2277 annos
1446 2236 1650 2292 paucos
1678 2219 1967 2276 defunctus
1995 2228 2079 2274 est

485 2314 561 2370 ibi
588 2314 810 2385 quidam
845 2314 1033 2381 frater,
1074 2313 1295 2369 nomine
1331 2313 1685 2384 Adclpertus,
1719 2312 1916 2389 illustri
1959 2310 2079 2381 qui-

483 2408 606 2463 :lem
638 2415 693 2463 et
721 2405 885 2461 nobili
916 2405 1193 2476 parcntela
1222 2413 1396 2471 ortus,
1447 2403 1542 2459 sed
1591 2404 1716 2472 quia
1744 2403 1934 2458 "adhuc
1960 2412 2079 2456 erat

478 2500 700 2571 juvenis
728 2499 1023 2570 atque'sub
1050 2513 1114 2554 eo
1141 2507 1383 2568 tempore
1415 2507 1524 2551 tam
1565 2495 1635 2551 ob
1676 2496 1889 2551 abbatis
1914 2509 2076 2565 quam

481 2588 723 2663 episcopi
795 2590 1063 2647 incuriam
1128 2589 1312 2645 omnia
1384 2588 1685 2658 disciplina:
1750 2585 1962 2642 vincula
2020 2587 2075 2640 in

479 2683 730 2739 cmnobio
758 2682 946 2739 eodem
977 2682 1158 2735 laxata
1208 2690 1371 2744 sunt,
1425 2680 1541 2749 ipse
1585 2680 1751 2733 etiam
1802 2678 2077 2752 negligens

482 2776 695 2830 exstitit
747 2775 801 2830 in
852 2772 1074 2838 multis,
1121 2772 1218 2827 sed
1274 2770 1505 2824 orationi
1553 2770 1783 2825 assiduze
1838 2770 2076 2824 intemus

478 2882 615 2922 crat.
654 2867 753 2922 llic
804 2867 966 2938 igitur
1013 2864 1328 2918 inﬁrmitate
1378 2874 1663 2932 correptus
1716 2861 1881 2916 multa
1912 2871 2075 2931 atque

480 2956 726 3011 miranda
756 2955 895 3010 vidit
939 2968 1045 3009 non
1089 2968 1186 3023 per
1222 2953 1457 3014 somnia,
1508 2950 1603 3007 sed
1655 2952 1770 3006 visu
1803 2949 2072 3021 vigilanti,

480 3064 604 3118 qum
634 3046 895 3102 fratribus
943 3060 1126 3101 coram
1162 3045 1466 3100 astantibus
1497 3043 1789 3097 intimavit.
1832 3041 2075 3109 Quorum

2188 485 2619 543 destructoribns
2662 489 2876 553 cunctis
2920 488 3257 563 eripiendum
3304 499 3492 561 aperte
3535 480 3777 548 cernam.

2188 575 2327 632 Vere
2356 577 2499 632 enim
2541 577 2663 632 dico
2693 579 2847 653 vobis
2886 580 3039 650 quia,
3093 576 3199 635 nisi
3238 566 3477 652 peccatis
3518 569 3780 648 gravibus

2185 662 2960 743 impediatur,'maximaDei
2995 670 3170 742 gratia
3222 688 3387 744 super
3416 655 3575 727 hunc,
3595 673 3774 730 locum
3828 684 3835 689 ‘

2185 757 2506 813 destinatur.
2558 754 2745 816 Facite
2791 776 2922 832 ergo
2969 776 3089 833 qua:
3144 770 3271 818 sunt
3316 760 3587 820 facienda.
3639 762 3781 821 Con-

2186 854 2433 901 vertatnr
2489 850 2862 920 unusquisque
2889 861 3124 907 vestrum
3159 866 3189 906 a
3216 852 3308 909 via
3352 867 3449 908 sua
3498 854 3664 917 mala,
3714 870 3782 911 ne

2188 946 2333 991 tanta
2382 938 2710 1011 impediatur
2768 942 2964 1010 gratia.
3027 941 3159 1010 Quae
3210 941 3466 1000 nimirum
3520 946 3668 1003 dicta
3706 946 3778 1004 ita

2185 1029 2424 1085 vidimus
2474 1032 2714 1103 impleta.
2763 1032 2909 1088 Inter
2949 1034 3066 1090 haec
3100 1050 3333 1107 namque
3378 1038 3535 1094 home
3571 1053 3784 1098 memo—

2185 1120 2281 1177 ria:
2311 1122 2499 1177 Caesar
2532 1123 2818 1191 Henricus,
2859 1124 3032 1203 .bujns
3072 1126 3283 1197 parvuli
3314 1128 3457 1199 regis
3490 1131 3653 1184 modo
3688 1145 3776 1185 rc-

2186 1213 2403 1283 gnantis
2436 1210 2651 1271 llenriei
2684 1225 2855 1286 pater,
2897 1215 3106 1273 nisibus
3141 1217 3466 1275 omnimodis
3515 1222 3773 1278 tractavit

2182 1304 2420 1374 qualiter
2447 1305 2696 1362 eumdem
2734 1304 2910 1363 locum
2941 1322 2971 1362 a
3010 1307 3301 1366 durissimo
3336 1309 3640 1367 Pharaonis
3673 1314 3776 1368 im-

2181 1399 2355 1469 perio,
2378 1400 2429 1456 id
2459 1409 2565 1468 est,
2593 1402 2660 1457 ab
2692 1403 2930 1476 episcOpi
2957 1405 3196 1476 potentia
3217 1405 3475 1478 eriperet.
3507 1405 3655 1475 Sed,
3685 1404 3779 1464 illo

2183 1489 2309 1545 talia
2369 1480 3006 1566 tractante-pradiaque
3066 1496 3313 1566 quaedam
3382 1497 3451 1553 ab
3520 1497 3815 1570 cpiscopo‘

2181 1582 2507 1641 Gebchardo
2570 1586 2751 1643 ablata
2831 1586 3189 1649 restituente,
3255 1598 3534 1659 postremo
3606 1591 3779 1646 etiam

2183 1685 2410 1747 prepter
2456 1690 2695 1732 amorem
2746 1677 2841 1733 Dei
2889 1688 2945 1734 et
2986 1687 3209 1750 propter
3256 1680 3540 1754 privilegia
3589 1698 3783 1739 mona-

2104 1768 2151 1828 B
2179 1767 2332 1823 sterii
2370 1768 2541 1822 nostri
2580 1767 2798 1823 interim
2832 1768 3048 1824 inventa
3096 1770 3152 1826 in
3202 1772 3401 1845 regiam
3448 1783 3776 1845 potestatem

2184 1857 2327 1914 idem
2352 1858 2740 1913 monasterium
2772 1849 3085 1929 recipiente,
3108 1862 3257 1930 quia,
3284 1862 3418 1929 prob
3454 1861 3640 1918 dolor!
3681 1877 3784 1918 nos

2183 1946 2433 2002 monachi
2485 1962 2584 2017 pro
2646 1955 2790 2001 tanta
2836 1946 3010 2016 gratia
3055 1948 3382 2019 perﬁcienda
3431 1967 3542 2007 non
3602 1951 3780 2007 solum

2131 2105 2137 2111 η
2180 2038 2372 2097 solitas
2412 2040 2771 2112 negligentias
2802 2057 2908 2097 non
2954 2041 3268 2109 minuimus,
3302 2044 3396 2099 sed
3436 2044 3785 2099 etiam'intcr

2182 2141 2263 2189 tot
2304 2133 2569 2189 beneﬁcia
2622 2147 2822 2187 novum
2872 2133 3148 2203 quoddam
3201 2134 3380 2190 scelus
3427 2135 3778 2196 addidimus,

2181 2222 2471 2279 credentes
2515 2221 2726 2278 scilicet
2769 2222 2981 2297 absque
3032 2220 3217 2278 labore
3282 2214 3464 2294 aliquo
3522 2216 3781 2279 sublimia

2179 2332 2342 2388 posse
2365 2317 2587 2383 mereri,
2620 2325 3007 2388 sperantesque
3035 2316 3211 2388 magis
3247 2316 3303 2372 in
3342 2316 3587 2373 humano
3610 2331 3775 2388 quam

2181 2407 2236 2462 in
2297 2407 2480 2462 divino
2536 2406 2782 2473 auxilio,
2851 2415 3077 2477 repente
3129 2421 3255 2478 spes
3313 2419 3499 2464 nostra
3555 2400 3778 2464 cecidit.

2179 2484 2336 2560 Nam,
2393 2497 2710 2565 priusquam
2751 2495 2843 2549 illa
2886 2481 3001 2565 iam
3049 2485 3479 2551 commemorata
3516 2510 3778 2555 consmil-

2178 2574 2464 2641 marentur
2486 2584 2752 2641 beneﬁcia
2800 2601 2830 2640 a
2881 2583 3141 2657 przcdicto
3182 2585 3440 2652 Ctesare,
3487 2587 3780 2644 defunctus

2177 2686 2286 2743 est,
2312 2665 2573 2748 tantaque
2609 2666 2851 2749 episcopi
2892 2672 3216 2747 persecutio
3239 2678 3436 2735 exinde
3473 2694 3644 2751 super
3680 2697 3780 2736 nos

2180 2784 2301 2826 esse
2323 2772 2491 2842 cmpit
2511 2770 2692 2841 qualis
2716 2785 2994 2840 nunquam
3013 2781 3173 2827 antea
3197 2770 3318 2828 fuit.
3346 2770 3553 2843 Sicque
3590 2784 3778 2830 verum

2179 2848 2350 2919 fuisse
2382 2863 2652 2935 probatur
2690 2863 2835 2932 quod
2882 2877 2949 2917 ex
3006 2861 3192 2918 fratris
3240 2862 3520 2935 Adelperti
3572 2863 3781 2921 visione

2178 2955 2603 3029 prtedicebatur.
2630 2954 2889 3011 Praediin
2919 2954 3066 3011 enim
3089 2956 3379 3010 maximam
3410 2954 3506 3010 Dei
3540 2956 3778 3029 gratiam

2178 3051 2431 3110 eoenobio
2468 3060 2657 3108 nostro
2704 3042 2989 3106 venturam
3016 3044 3177 3117 ,"nisi
3226 3048 3465 3121 peccatis
3516 3050 3779 3120 gravibus

479 3154 648 3210 pauca
684 3136 911 3193 fratrum
944 3138 1301 3207 quorumdam
1334 3133 1504 3189 relatu
1536 3133 1741 3198 audivi,
1787 3133 1913 3203 quia
1943 3140 2068 3188 tunc
2097 3125 2141 3187 C
2176 3141 2551 3213 impediretur,
2574 3141 2723 3196 Dixit
2749 3150 2805 3197 el,
2827 3139 2932 3195 alia
2971 3154 3093 3211 qua:
3127 3137 3225 3206 ita,
3259 3147 3319 3195 ιιι
3342 3138 3621 3210 pmdixit,
3650 3152 3778 3195 eve.

479 3230 547 3287 ad
570 3226 1245 3286 monasteriumFuldense
1260 3225 1552 3298 profectus,
1584 3226 1657 3282 ibi
1682 3240 1918 3296 praesens
1947 3240 2065 3280 esse

486 3322 731 3395 nequivi.
1410 3302 1423 3316 I
1544 3318 1548 3323 ’
1764 3334 1769 3339 ’

552 3414 685 3470 Cum
719 3430 849 3487 ergo
867 3397 1134 3485 aegrotare
1171 3413 1462 3485 cmpisset,
1517 3410 1643 3483 quia
1699 3409 1938 3487 tlelicatre
1979 3426 2072 3467 na-

482 3520 617 3564 tura:
655 3517 772 3566 erat
820 3508 1019 3580 aliique
1052 3491 1299 3580 iuniores
1330 3506 1382 3560 id
1420 3507 1594 3576 ipsum
1628 3513 1874 3560 amantes
1899 3504 1950 3559 in
1980 3504 2071 3558 illo

479 3601 754 3657 levitatem
781 3601 985 3657 nullam
1016 3599 1503 3670 reprcbemlebant,
1544 3614 1647 3652 non
1676 3612 1799 3651 cum
1824 3597 1876 3652 in
1912 3598 2072 3651 domo

448 3693 849 3761 inﬁrmorum,
872 3692 965 3747 sed
999 3701 1153 3746 extra
1188 3688 1502 3746 monasterii
1549 3688 1787 3745 claustra
1829 3687 1883 3742 in
1930 3703 2068 3758 qua-

482 3784 606 3838 dam
637 3781 905 3847 caminata
934 3781 1161 3836 honesta
1214 3796 1381 3851 prope
1421 3779 1706 3834 ecclesiam
1751 3777 1929 3847 posita
1957 3791 2072 3831 ma-

443 3864 611 3929 "nere
659 3872 1067 3937 decernebant;
1118 3871 1208 3926 ubi
1249 3880 1430 3925 tamen
1473 3868 1671 3924 fratres
1716 3869 1867 3923 illum
1910 3865 2070 3923 facie

477 3962 706 4017 visitare
755 3967 1024 4032 poterant.
1087 3960 1198 4016 Illic
1244 3961 1478 4029 denique
1516 3960 1731 4029 iacente
1781 3956 1915 4023 illo,
1959 3972 2067 4011 non

484 4050 651 4107 semel
680 4062 769 4105 aut
795 4050 901 4116 bis,
934 4051 1025 4104 sed
1055 4049 1273 4120 saepius,
1326 4060 1386 4105 ut
1420 4050 1551 4104 mihi
1583 4049 1883 4114 dicebatur,
1929 4048 2068 4103 mira

483 4143 833 4205 intuebatur;
890 4158 1121 4214 quorum
1166 4150 1251 4196 est
1298 4156 1463 4196 unum
1512 4150 1607 4204 et,
1653 4150 1711 4197 ut
1751 4156 1909 4206 reor,
1959 4138 2070 4211 pri-

482 4249 667 4289 mum:
719 4233 1271 4305 quosdan‘t‘namque
1322 4231 1470 4286 virus
1523 4231 1710 4287 habitu
1763 4231 2069 4286 venerando

476 4327 775 4397 przeclaros
817 4336 1204 4399 praetereuntes
1236 4341 1293 4381 se
1333 4326 1487 4381 vidit.
1520 4326 1652 4390 Sed,
1683 4327 1809 4381 dum
1845 4325 2065 4395 quidam

479 4422 623 4476 inter
655 4435 755 4476 eos
812 4421 879 4475 ad
916 4435 1038 4475 cum
1086 4418 1342 4473 visitandi
1388 4419 1562 4491 gratia
1607 4419 1827 4488 propius
1868 4418 2069 4474 vellent

479 4514 761 4579 accedere,
804 4520 1101 4568 renuerunt
1152 4513 1266 4577 alii,
1319 4512 1608 4568 dicentes:
1657 4509 1772 4567 Non
1816 4510 2067 4567 convenit

479 4603 635 4660 nobis
660 4612 720 4657 ut
746 4616 869 4657 cum
916 4601 1007 4671 qui
1044 4609 1196 4656 extra
1246 4600 1561 4657 monasterii
1604 4601 1841 4656 claustra
1875 4609 1930 4656 et
1950 4586 2065 4656 non

478 4694 530 4748 in
586 4693 748 4750 domo
813 4692 1151 4747 inﬁrmorum
1215 4693 1491 4748 communi
1549 4690 1697 4759 jacet
1762 4692 2064 4748 visilemus.

482 4789 656 4857 Quod,
703 4789 828 4843 dum
863 4786 1090 4843 vidisset
1132 4798 1188 4842 et
1228 4786 1490 4853 audisset,
1529 4785 1791 4843 fratribus
1838 4785 2066 4857 quibus-

434 4948 439 4953 .
478 4883 602 4937 dam
632 4881 936 4937 astantibus
964 4879 1322 4935 denuntiavit.
1364 4880 1468 4949 Qui
1506 4891 1707 4946 tamen,
1754 4895 1858 4951 qua
1902 4892 2064 4936 causa

476 4972 682 5035 nescio,
722 4980 942 5042 portare
978 4986 1100 5028 eum
1142 4972 1195 5027 in
1232 4970 1453 5027 domum
1503 4969 1840 5027 inﬁrmorum
1880 4971 2068 5027 nolue-

475 5075 619 5108 ...ιιι
652 5066 832 5116 Altera
861 5074 1034 5120 autem
1071 5066 1190 5122 vice
1236 5081 1471 5123 cernens
1513 5077 1568 5121 et
1602 5054 1849 5122 ecclesia:
1892 5072 1948 5121 et
1988 5072 2067 5119 to-

2174 3242 2397 3289 nerunt.

2233 3311 2741 3397 ’Cuidaminamque
2774 3300 3013 3379 fratrum
3043 3322 3262 3379 sibimet
3298 3320 3652 3386 cltarissimo,
3683 3319 3775 3390 qui

2136 3436 2143 3446 ~‘
2174 3418 2354 3473 dictus
2393 3426 2479 3472 est
2514 3415 2715 3483 ‘Aribo,
2744 3414 3129 3487 praenuntiavit
3169 3426 3275 3469 non
3322 3411 3480 3481 longe
3512 3419 3642 3482 post
3679 3411 3775 3465 ob-

2177 3498 2327 3565 itum"
2354 3490 2666 3564 suunicesse
2687 3508 2981 3562 victurum.
3008 3506 3164 3573 Quod
3195 3514 3251 3560 et
3278 3506 3351 3559 ita
3383 3503 3613 3559 accidit.
3640 3501 3772 3558 Nam

2173 3598 2447 3655 itreodcm
2480 3597 2603 3663 die;
2636 3613 2744 3669 quo
2791 3590 3116 3668 Adélpertus
3144 3594 3301 3674 obiit,
3352 3603 3637 3650 transacto
3666 3608 3773 3648 uno

2175 3700 2383 3747 tantum
2416 3678 2599 3757 anno,
2629 3688 2796 3745 Aribo
2842 3687 3007 3743 etiam
3057 3687 3225 3741 vitam
3279 3683 3477 3741 ﬁnivit.
3512 3684 3772 3741 indicarit

2166 3796 2392 3853 quoque
2454 3781 2673 3837 cuidam
2738 3779 2893 3835 fratri
2928 3784 2984 3845 ,"
3019 3776 3205 3849 cuius
3236 3792 3433 3834 nomen
3501 3785 3562 3833 et
3611 3784 3768 3853 actus

2173 3885 2430 3940 ηεηοεεο,
2478 3870 2630 3942 quia,
2661 3869 2768 3926 nisi
2810 3866 2927 3925 se'a
2956 3855 3267 3925 Judazorurn
3291 3865 3571 3937 colloquio
3604 3861 3775 3922 abstiJ

2174 3971 2349 4027 ueret,
2391 3961 2445 4015 in
2478 3968 2746 4016 tormenta
2793 3961 2905 4030 iam
2934 3958 3037 4015 sibi
3087 3965 3391 4029 praeparata
3439 3955 3768 4026 quandoque
3802 3958 3808 3966 ‘

2174 4055 2559 4113 descenderet.
2594 4052 2873 4111 lntimavit
2909 4061 2965 4107 et
3019 4042 3150 4108 illud
3206 4051 3273 4107 de
3304 4050 3539 4121 quodam
3597 4047 3767 4102 fratre

2165 4148 2280 4218 iam
2312 4147 2569 4204 defuncto
2615 4147 2742 4218 quia
2781 4162 2906 4201 eum
2946 4146 3001 4201 in
3053 4158 3214 4215 poma
3261 4157 3458 4215 magna
3509 4136 3763 4197 infernali

2172 4243 2409 4313 positum
2435 4255 2557 4296 esse
2586 4247 2838 4295 cerneret
2867 4228 3101 4308 ideoque
3131 4251 3270 4307 opus
3289 4249 3413 4292 esse
3430 4243 3492 4289 ut
3517 4249 3620 4306 pro
3649 4231 3765 4300 eius

2173 4333 2513 4391 absolutione
2548 4331 2725 4388 oratio
2759 4329 2947 4387 intima
2994 4330 3166 4385 ﬁeret.
3198 4328 3335 4386 Cum
3374 4334 3558 4382 autem
3594 4321 3761 4381 multa

2174 4425 2481 4498 huiusmodi
2544 4425 2753 4481 diceret
2806 4438 2990 4479 coram
3040 4419 3342 4483 fratribus,
3396 4416 3625 4473 fuerunt
3672 4412 3764 4487 qui

2100 4489 2147 4548 θ
2177 4489 2467 4576 censerent
2506 4533 2616 4575 non
2664 4514 2782 4586 eius
2812 4516 2995 4572 verbis
3046 4513 3378 4571 credendum
3407 4502 3553 4578 eSSe,
3579 4514 3760 4580 utpote

2171 4614 2260 4682 qui
2300 4609 2475 4668 insani
2522 4607 2718 4679 capitis
2748 4603 3037 4663 vexatione
3068 4613 3283 4675 captus,
3318 4592 3455 4656 nihil
3485 4598 3636 4654 aliud
3660 4594 3762 4653 nisi

2172 4704 2316 4774 quod
2344 4700 2553 4759 insania
2582 4707 2898 4772 suggereret
2922 4740 2936 4763 ,
2987 4697 3133 4768 loqui
3195 4702 3397 4767 posset.
3429 4690 3612 4761 Quod,
3639 4690 3761 4746 dum

2173 4799 2261 4853 ille
2292 4799 2556 4864 audisset,
2589 4796 2780 4852 dolens
2807 4810 2908 4867 pro
2938 4791 3321 4851 incredulitate
3365 4804 3557 4846 eorum
3586 4782 3761 4843 dixit:

2173 4890 2308 4957 Quia
2344 4890 2503 4946 video
2530 4870 2626 4943 vos
2659 4872 2811 4945 meis.
2846 4886 3107 4944 difﬁdere
3135 4883 3344 4949 verbis,
3394 4882 3576 4939 dicam
3612 4877 3763 4935 vobis

2174 4982 2412 5052 signum,
2441 4982 2584 5037 unde
2603 4983 2826 5038 credere
2852 4979 3094 5053 possitis.
3127 4978 3187 5035 Si
3221 4992 3353 5050 ergo
3381 4990 3451 5032 ex
3475 4975 3580 5031 hac
3609 4971 3760 5029 inﬁr-

2173 5071 2364 5126 mitate
2396 5058 2572 5127 factus
2597 5071 2754 5126 fuero
2783 5085 2967 5136 sanus,
3000 5064 3256 5138 quaelibet
3305 5067 3424 5123 dixi
3458 5063 3597 5121 falsa
3645 5058 3762 5119 esse
