3942 5340
423 252 530 313 567

1434 256 1738 341 οτιιιοΝι
1779 252 2085 315 MONACIII
2119 258 2180 317 S.
2221 263 2640 322 ΕΜΜΕΒᾹΜΜΙ

3597 258 3709 317 568

421 374 491 429 ob
519 384 688 443 quam
714 368 926 442 culpam
956 379 1142 444 ageret
1169 332 1564 444 pmulteutiam.
1603 374 1675 429 At
1718 373 1809 430 ille
1836 412 1852 440 ,
1886 387 2014 430 cau-
2037 379 2085 439 Α
2117 389 2289 437 ueret.
2313 382 2486 452 Quam
2508 395 2633 439 mox
2657 376 2961 451 impositam
2983 376 3144 451 cupio
3163 390 3486 449 percurrere
3510 330 3706 443 totam,

423 474 541 523 sant
570 462 845 535 aperiens,
873 462 1118 518 narravit
1145 462 1276 518 milti
1304 464 1490 522 dicens
1515 484 1528 521 :
1554 465 1688 521 Mira
1710 480 2015 536 magnaque

423 564 509 612 est
534 568 726 622 causa,
762 567 867 626 pro
893 567 998 623 qua
1040 554 1095 609 in
1141 553 1475 626 pceniteutiae
1506 555 1667 626 hujus
1697 555 1882 612 labore
1927 555 2013 611 in-

428 647 595 703 cedo.
619 645 780 710 Nam,
804 659 930 701 cum
956 659 1163 715 parvus
1193 645 1374 702 adhuc
1416 644 1470 701 in
1503 648 1668 703 domo
1695 647 1868 717 patris
1908 646 2014 701 mei

426 752 603 795 essem
631 779 645 802 ,
684 736 909 808 conligit
949 745 1013 792 ut
1036 752 1156 809 ego
1202 736 1404 810 aliique
1443 740 1598 810 pueri
1638 754 1832 809 agnos,
1875 740 2017 795 sicut

424 828 590 901 vulgo
616 826 834 895 solent,
883 827 1217 891 rusticorum
1245 844 1613 901 pasceremus.
1645 830 1889 902 Cumque
1917 830 2019 886 bos

426 924 482 978 in
527 921 664 978 locis
720 921 789 977 ad
836 921 939 977 hoc
989 920 1155 978 licitis
1199 922 1403 993 passim
1432 922 1872 987 observarcmus,
1898 923 2020 993 qui-

425 1014 657 1071 busdam
683 1012 859 1070 visum
888 1022 969 1069 est
1004 1013 1245 1084 parvulis
1273 1024 1334 1068 ut
1360 1027 1456 1069 eos
1484 1014 1551 1069 ad
1581 1023 1801 1084 pratttm
1846 1019 2021 1086 patris

427 1106 563 1171 mei.
592 1106 753 1162 domo
784 1107 1130 1177 contiguum,
1158 1106 1462 1177 pascendos
1492 1105 1837 1177 pelleremus.
1867 1104 2022 1173 Quod

426 1201 629 1258 factum
681 1200 825 1272 patri
889 1214 1015 1256 meo
1066 1198 1309 1272 agnitum
1383 1198 1704 1269 displicuit;
1749 1197 2024 1267 jussitque

425 1302 511 1361 ut,
539 1294 583 1351 si
615 1293 850 1350 ulterius
895 1293 1025 1349 illuc
1054 1292 1211 1364 pueri
1240 1290 1494 1349 venirent
1521 1307 1644 1349 eum
1678 1292 1837 1364 agnis
1862 1335 1875 1356 .
1903 1307 2026 1347 eos-

425 1388 551 1443 dem
596 1384 948 1457 expcllerem.
993 1384 1199 1441 Deinde
1231 1400 1364 1442 vero
1408 1386 1796 1442 accedentibus
1827 1386 2024 1441 iterum

424 1477 610 1550 pueris
636 1476 690 1531 iit
718 1475 858 1548 prati
883 1476 1128 1547 prmdicti
1156 1474 1333 1532 locum
1362 1491 1484 1532 cum
1515 1476 1692 1547 agnis,
1715 1490 1835 1547 ego,
1856 1475 2027 1548 patris

427 1567 535 1624 mei
586 1567 1127 1639 praecepta'implcrc
1173 1567 1387 1636 volens,
1424 1567 1602 1640 evpuli
1652 1577 1858 1639 quanta
1911 1569 2034 1636 viro,

427 1670 546 1719 tute
576 1660 750 1733 petui.
793 1659 851 1717 In
901 1675 1006 1731 qua
1037 1660 1360 1733 expulsiOne
1410 1659 1701 1731 aliquando
1750 1659 2028 1716 incautius

2117 467 2220 526 hoc
2243 464 2452 543 pariter
2480 487 2711 545 poscens
2742 479 2801 525 ut
2826 468 3080 541 precibus
3114 467 3312 525 vestris
3338 467 3589 524 mihimet
3615 484 3687 540 pa

2118 562 2295 633 triqne
2337 563 2557 633 iuvetis.
2609 561 2736 617 Ilme
2782 561 2949 632 igitur
2985 560 3129 616 dicta
3156 599 3173 627 ,
3219 575 3341 632 qua
3377 559 3430 615 iu
3461 560 3717 633 proxima

2117 660 2238 724 post
2293 654 2651 726 Epiphaniam
2701 651 3037 709 hebdomade
3092 659 3433 717 evenerunt,
3484 652 3720 707 credens

2118 745 2240 802 aliis
2310 745 2592 818 profutura
2650 744 2892 802 scribere
2958 743 3224 811 decrevi,
3280 744 3403 814 quin
3457 757 3628 813 posco
3686 756 3717 796 a

2118 838 2336 895 nemine
2370 839 2549 910 sperni
2570 846 2606 895 ':

2193 926 2361 996 Ilujus
2384 942 2620 999 namque
2648 928 2723 983 rei
2751 927 2952 1001 poterit
2980 928 3189 984 ratione
3216 927 3432 995 doceri,

2193 1016 2404 1087 Quanta
2432 1017 2635 1090 perjuri
2672 1034 2832 1091 pmna
2863 1028 3176 1074 mereantur
3205 1018 3383 1074 aduri.

2523 1111 2702 1169 VISIO
2731 1112 2983 1169 DECIMA
3022 1111 3301 1169 TERTIA.

2352 1204 2616 1262 Obstiuati
2645 1204 2826 1259 Juda'i
2846 1204 3157 1276 sempiterna
3182 1205 3477 1261 damnatio.

2196 1297 2369 1353 Ilonto
2413 1297 2631 1367 quidam
2678 1296 2731 1351 in
2770 1296 3064 1367 liatispona
3102 1296 3170 1352 de
3202 1295 3478 1352 inferioris
3521 1313 3716 1354 mona-

2125 1389 2276 1445 sterii
2311 1388 2513 1444 familia
2541 1385 2859 1449 inﬁrmitate
2888 1388 3193 1443 tenebatur.
3219 1387 3302 1444 Ad
3346 1401 3546 1458 quem,
3589 1388 3718 1445 dum

2125 1480 2309 1551 plures
2337 1478 2595 1535 visitandi
2644 1478 2819 1551 gratia
2844 1479 3218 1545 accederent,
3265 1478 3449 1536 subito
3497 1496 3723 1540 sursum

2127 1571 2398 1643 aspiciens
2444 1570 2721 1636 clamavit,
2768 1569 2958 1626 dicens
3008 1586 3025 1625 :
3072 1567 3119 1626 Ο
3165 1570 3344 1640 qualia
3388 1567 3501 1640 jam
3527 1571 3717 1625 Viden!

2128 1661 2281 1718 Tunc.
2315 1662 2384 1718 ab
2414 1661 2721 1717 astantibus
2762 1660 3128 1732 interrogatus
3165 1660 3293 1730 quid
3347 1661 3584 1727 videret,
3628 1675 3722 1715 re-

425 1768 596 1809 tutum
626 1768 747 1825 prae.
774 1753 989 1809 caeteris
1020 1767 1218 1825 agnum
1270 1752 1474 1824 perculi
1522 1754 1595 1809 ita
1650 1761 1709 1809 ut
1737 1752 2019 1809 debilitato
2051 1737 2094 1796 Β
2122 1756 2339 1827 spondit
2384 1764 2441 1811 et
2482 1753 2620 1810 dixit
2672 1771 2686 1808 :
2731 1753 3004 1810 Abraham
3057 1750 3304 1809 Judaeum
3333 1752 3490 1809 video
3546 1753 3722 1823 igneis

426 1852 588 1904 crure
609 1846 834 1919 periret.
863 1846 1033 1917 Cujus
1059 1859 1437 1917 percussorem
1466 1845 1719 1901 dominus
1743 1844 1862 1916 ejus
1894 1844 2019 1901 dili-

427 1947 621 2009 genter
673 1938 988 1995 sciscitatus
1035 1937 1250 2009 agnovit
1302 1953 1333 1993 a
1379 1951 1466 1993 nte
1508 1952 1629 1995 esse
1678 1953 2017 2009 percussum.

426 2034 790 2103 Quamobrem
861 2040 1017 2105 pater
1086 2044 1280 2098 meus,
1355 2032 1732 2102 repensioncut
1794 2030 2041 2088 oricula"

378 2182 381 2185 λ
424 2124 588 2193 huius
616 2123 847 2181 reddere
873 2132 1122 2187 exactus,
1151 2122 1402 2191 qu:esivit
1445 2137 1473 2177 a
1501 2138 1588 2178 nte
1632 2123 1944 2178 omniumth
1974 2123 2020 2178 si

428 2220 555 2271 reus
578 2228 755 2270 essent
777 2214 837 2268 in
868 2212 1222 2285 percussione
1265 2210 1429 2268 illius.
1459 2211 1569 2284 Ego
1614 2223 1796 2269 autem
1830 2214 1883 2267 iu
1929 2217 2018 2268 tali

427 2316 587 2365 aetate
614 2307 742 2378 quid
768 2306 915 2363 aliud
942 2307 1237 2379 cogitarent
1272 2306 1374 2363 nisi
1410 2315 1623 2362 reatum
1652 2307 2015 2362 excusarem?

424 2397 566 2454 Nam
596 2398 640 2453 si
676 2396 760 2453 vel
790 2404 935 2453 esset
965 2397 1146 2467 aliqua
1193 2395 1295 2450 uisi
1325 2408 1564 2465 prmseus
1609 2409 1767 2465 poena
1807 2395 2019 2452 nescie-

426 2488 577 2545 bam.
620 2486 777 2544 Unde
803 2496 857 2543 et
880 2485 1024 2558 patri
1062 2498 1184 2543 meo
1213 2485 1628 2555 diligentissime
1660 2486 2018 2555 interroganti

429 2582 775 2636 innocentem
807 2594 896 2635 nte
944 2579 999 2634 in
1030 2580 1133 2634 Itoc
1179 2578 1323 2634 facto
1358 2578 1594 2649 iurando
1627 2578 1899 2651 respondi.
1952 2576 2017 2631 At

428 2672 519 2729 ille
567 2671 787 2727 incaute
818 2670 950 2726 tttilti
999 2669 1229 2744 puerulo
1282 2669 1372 2726 tali
1405 2671 1669 2733 credens,
1728 2686 1849 2725 cum
1896 2684 1955 2725 se
1989 2686 2037 2725 a‘

426 2768 609 2823 vicino
638 2780 738 2822 suo
764 2768 863 2835 pro
891 2763 1120 2821 ovicula:
1164 2778 1435 2835 percusszc
1465 2765 1820 2821 excusatione
1863 2766 2023 2821 aliter

428 2857 681 2927 nequiret
715 2855 1020 2921 absolvere,
1043 2855 1281 2927 iurando
1308 2855 1359 2910 itt
1390 2865 1706 2912 sanctorum
1755 2856 2039 2929 reliquiis,

430 2948 576 3003 sicut
601 2961 720 3003 mos
749 2955 832 3003 est
860 2986 875 3011 ,
906 2945 1158 3002 absolvit.
1211 2945 1366 3013 Quod
1418 2945 1716 3018 periurium
1764 2957 1873 3004 tam
1919 2964 2021 3021 ego

431 3056 593 3112 quam
618 3048 775 3113 pater
796 3055 950 3098 meus
968 3056 1067 3113 pro
1103 3041 1275 3099 nihilo
1298 3053 1675 3116 coutputantes
1698 3043 2018 3116 pmnitentia

432 3132 575 3189 nulla
602 3132 1034 3190 emendavimus.

503 3226 732 3285 Factum
755 3233 840 3282 εει
864 3234 1046 3281 autem
1088 3235 1216 3283 ante
1258 3243 1458 3284 ﬂllnlllll
1501 3243 1671 3284 ιιηιιιιι
1698 3237 1756 3283 ιιι
1783 3241 2021 3284 ιιιοτρω-

433 3328 520 3375 tur
543 3326 700 3391 pater
720 3333 896 3375 nteus.
923 3319 1025 3388 Qui
1066 3320 1323 3376 nimirum
1355 3320 1662 3389 defunctus,
1697 3321 1748 3376 itt
1776 3321 1894 3392 ipso
1920 3320 2017 3377 dc-

436 3411 749 3469 fnnetionis'
777 3425 889 3468 suae
937 3427 1081 3468 anno
1125 3412 1440 3486 frequenter
1468 3415 1719 3485 apparuit
1764 3414 1894 3469 mihi
1925 3428 2026 3484 per

435 3505 607 3561 visunt
639 3505 959 3576 deprecans,
995 3508 1054 3560 ιιι
1096 3505 1199 3561 sibi
1246 3506 1300 3561 in
1328 3503 1461 3561 locis
1488 3503 1794 3576 pmttalihus
1822 3504 2027 3561 consti-

435 3604 555 3651 tuto
602 3594 818 3666 aliquod
862 3597 1122 3667 juvamen
1178 3597 1567 3668 impenderent.
1617 3597 1723 3653 Sed
1757 3612 1882 3653 cum
1921 3611 2024 3667 ego

437 3692 874 3764 quantiscunque
902 3692 1157 3763 precibus
1179 3706 1266 3747 me.
1294 3708 1392 3764 per
1415 3692 1681 3748 visionem
1714 3690 2028 3762 interpella-

436 3793 543 3851 ret,
575 3785 959 3858 neglexissem,
990 3784 1044 3839 in
1073 3785 1320 3855 proxima
1349 3781 1556 3839 Natalis
1582 3783 1794 3838 Domini
1823 3783 2024 3839 solem-

438 3876 611 3930 nitate
657 3874 909 3946 apparuit
944 3874 1080 3929 mihi
1131 3889 1236 3929 non
1269 3883 1329 3929 ttt
1369 3870 1523 3945 prius
1555 3873 1608 3928 in
1640 3873 1846 3928 somnis
1875 3913 1891 3939 ,
1931 3872 2026 3928 sed

439 3973 630 4035 :zyerte
659 3980 845 4021 coram
876 3963 1077 4019 lectulo
1107 3977 1229 4018 meo
1257 3972 1405 4019 stare
1437 3962 1587 4019 visus
1616 3974 1721 4028 est,
1770 3964 1873 4017 ista
1902 3978 2025 4019 cum

436 4055 639 4126 ejulatu
665 4055 830 4109 verba
876 4054 1068 4110 dicens
1096 4067 1111 4109 :
1135 4054 1351 4123 Quare,
1377 4052 1473 4119 Illi,
1502 4068 1694 4124 preces
1727 4068 1877 4109 meas
1909 4062 2029 4108 tau-

439 4146 532 4202 diu
581 4144 992 4219 contempsisti?
1020 4145 1130 4203 Cur
1177 4162 1283 4201 non
1340 4145 1619 4202 succurris
1670 4146 1836 4201 mihi?
1892 4145 2029 4202 Ecce

437 4237 583 4294 enim
625 4246 779 4294 tanto
806 4253 905 4310 pro
951 4245 1005 4294 le
1050 4248 1203 4294 reatu
1232 4237 1541 4309 implicatus
1565 4253 1706 4305 smn,
1736 4246 1797 4293 ut
1841 4238 1894 4293 itt
1926 4238 2031 4295 bac

438 4340 623 4396 nocte,
653 4331 707 4385 in
740 4346 843 4401 qua
880 4328 1127 4402 plurimze
1172 4330 1370 4387 animre
1402 4330 1645 4401 requiem
1678 4330 1884 4386 habere
1915 4346 2031 4385 nte-

439 4432 652 4490 rentur,
679 4437 779 4494 ego
808 4438 913 4478 non
947 4437 1187 4489 merear,
1218 4421 1320 4477 nisi
1348 4421 1490 4489 quod
1519 4421 1659 4492 apud
1700 4420 1866 4475 Deum
1897 4435 2026 4475 san-

2123 1848 2331 1903 catenis
2362 1845 2505 1902 trahi
2538 1845 2590 1900 in
2624 1843 2916 1900 infernum.
2941 1844 3075 1900 Cum
3107 1851 3291 1900 autem
3318 1844 3386 1900 de
3412 1844 3724 1901 astantibus

2122 1938 2340 2010 quidam
2370 1939 2485 1996 lure
2512 1939 2677 1994 verba
2709 1952 2808 2009 pro
2835 1937 3046 1993 Insania
3075 1938 3248 2008 magis
3276 1953 3438 2008 quam
3481 1936 3724 2007 veritate

2121 2031 2264 2087 dicta
2293 2046 2414 2087 esse
2438 2031 2859 2096 arbitrarentur,
2890 2028 3089 2085 iterum
3124 2030 3372 2086 infirmus
3402 2030 3719 2090 allirutavit.

2123 2126 2350 2181 dicens:
2380 2124 2438 2178 Si
2471 2137 2577 2179 non
2609 2121 2770 2178 aliter
2796 2120 2928 2176 mihi
2959 2121 3185 2177 credere
3208 2119 3394 2187 vultis,
3424 2120 3719 2176 mittite‘ad

2122 2218 2346 2273 domum
2373 2216 2494 2287 ejus
2536 2224 2847 2287 qurercutes
2874 2214 3005 2286 quid
3051 2214 3122 2269 sit
3167 2214 3237 2270 de
3265 2214 3356 2270 illo
3401 2216 3721 2285 nuperrime

2123 2309 2348 2363 laetum.
2391 2304 2641 2375 Moxque,
2668 2304 2851 2360 missis
2879 2304 3089 2359 tttnttiis
3120 2303 3187 2359 ad
3214 2304 3446 2359 Abraltze
3470 2301 3716 2371 domum,

2123 2404 2463 2469 agnoverunt
2498 2409 2624 2450 eum
2654 2395 2869 2451 noviter
2895 2408 3018 2451 esse
3046 2385 3381 2450 defunctum.
3413 2393 3530 2466 Ego
3565 2402 3717 2461 vero,

2126 2492 2217 2562 qui
2247 2490 2498 2547 eumdem
2527 2486 2772 2544 Judaeum
2803 2489 2937 2545 satis
2965 2487 3181 2560 agnovi,
3228 2487 3279 2543 id
3311 2489 3378 2543 de
3428 2472 3523 2544 illo
3563 2502 3721 2543 vera-

2125 2586 2263 2639 citer
2288 2581 2537 2639 attestari
2552 2580 2705 2635 valeo
2727 2580 2852 2651 quia
2871 2580 2922 2635 itt
2948 2588 3097 2635 tanta
3126 2580 3306 2636 cordis
3333 2578 3537 2635 malitza
3562 2588 3620 2634 et
3641 2580 3721 2633 in-

2124 2675 2549 2737 saniacoustitit,
2578 2672 2703 2729 utsi
2728 2672 3011 2743 quisquam
3034 2681 3300 2743 praesente
3326 2672 3444 2741 ipso
3472 2670 3722 2741 loquere-

2125 2780 2213 2824 tur
2239 2768 2308 2825 de
2336 2766 2565 2822 Domino
2601 2775 2788 2820 nostro
2812 2763 2940 2820 Jcsu
2967 2762 3201 2824 Christo.
3229 2779 3351 2819 mox
3378 2762 3538 2833 quasi
3567 2762 3719 2817 canis

2122 2862 2403 2920 oblatrans
2441 2859 2806 2931 blasphemias
2835 2857 3093 2913 nefandas
3120 2867 3309 2913 contra
3342 2857 3514 2913 Deum
3563 2854 3720 2910 entit-

2125 2968 2283 3014 teret.
2309 2955 2566 3024 Quamvis
2587 2968 2720 3024 ergo
2743 2952 2924 3008 brevis
2951 2951 3215 3007 consistat
3238 2950 3375 3005 visio
3402 2950 3547 3009 talis.
3572 2948 3721 3004 utilis

2126 3061 2306 3106 tamen
2336 3062 2459 3105 esse
2500 3048 2735 3104 sentitur
2760 3047 2826 3102 ad
2855 3045 3192 3101 mditlcamett
3236 3044 3345 3101 illis
3368 3043 3460 3114 qui
3500 3054 3743 3114 pcenam'

2048 3122 2093 3185 ί)
2126 3142 2377 3199 dubitant
2401 3149 2608 3196 restare
2632 3138 2890 3193 futuram.

2517 3248 2698 3309 VISIO
2736 3251 2989 3308 DECIMA
3019 3247 3332 3320 QUARTA.

2128 3345 2492 3416 Quorumdam
2562 3345 2721 3399 etiam
2772 3353 3091 3416 sanctorum
3148 3350 3518 3416 purgatormm
3582 3336 3721 3393 beati

2342 3416 2600 3473 Guutbcri
2650 3414 2906 3484 discipulo
2950 3410 3157 3468 Isauro,
3199 3410 3502 3465 revelatum.

2198 3513 2241 3567 Λ
2295 3512 2454 3568 beato
2520 3507 2824 3564 Guntltario
2893 3505 3122 3562 cretttita
3180 3503 3492 3597 c.(enobiuut
3546 3502 3717 3573 quod-

2127 3604 2253 3661 dam
2295 3609 2669 3660 constructunt
2710 3607 2790 3655 est
2838 3598 2891 3655 itt
2926 3591 3293 3653 Bobcutiaflu
3327 3608 3437 3665 quo
3460 3591 3719 3647 videlicet

2125 3694 2382 3752 ctenobio
2414 3692 2583 3747 luisse
2612 3689 2787 3746 fertur
2814 3689 3138 3752 monachus,
3170 3686 3324 3741 Isaac
3352 3685 3552 3750 dictus,
3585 3696 3716 3755 prte-

2128 3784 2257 3842 dieti
2291 3784 2393 3840 viri
2435 3782 2720 3854 disciplina
2740 3789 2889 3837 tanto
2930 3781 3104 3851 magis
3146 3778 3467 3842 instructus,
3509 3785 3718 3847 quanto

2129 3876 2426 3947 prolixiora
2460 3883 2703 3945 tempora
2728 3871 2951 3943 gerebat
2973 3885 3097 3925 cum
3128 3883 3190 3924 co
3216 3876 3592 3925 conversatus.
3621 3862 3721 3919 llic

2132 3967 2323 4039 igitur,
2361 3973 2422 4020 ut
2449 3980 2479 4019 a
2505 3963 2779 4034 plerisque
2811 3958 3057 4017 ﬁdelibus
3088 3958 3141 4014 in
3168 3956 3466 4029 Ratispona
3496 3958 3714 4028 agnovi,

2129 4057 2444 4129 spiritaliter
2481 4066 2668 4127 raptus
2690 4053 2857 4109 multa
2899 4052 3040 4109 vidit
3071 4051 3354 4117 miranda,
3380 4066 3618 4123 quorum
3652 4048 3721 4105 ad

2130 4148 2382 4205 notitiam
2417 4155 2653 4203 nostram
2683 4154 3052 4215 pervenerunt
3077 4144 3195 4200 hmc
3220 4158 3410 4216 pauca.

2207 4240 2350 4295 Vidit
2398 4253 2632 4310 namque
2676 4252 2736 4293 se
2776 4234 2955 4293 subito
2989 4234 3223 4306 positum
3249 4235 3303 4291 in
3343 4234 3720 4291 antmnissimo

2129 4332 2272 4404 prati
2316 4333 2465 4399 loco,
2506 4329 2595 4385 ubi
2629 4328 2850 4384 beatum
2882 4327 3246 4384 Guntltarium
3278 4326 3483 4399 reperit
3515 4320 3741 4382 solum.

2132 4423 2253 4493 Qui,
2280 4432 2341 4478 ut
2369 4436 2491 4478 eum
2516 4421 2673 4487 vidit,
2697 4419 2930 4491 benigne
2957 4416 3273 4489 appellavit,
3301 4418 3491 4475 dicens
3524 4433 3541 4471 :
3573 4417 3719 4474 Bene

437 4518 651 4572 elorum
696 4513 1014 4570 intercessio
1061 4514 1164 4570 hoc
1192 4501 1363 4570 solum
1410 4513 1666 4578 obtinuit,
1706 4515 1840 4569 utin
1890 4514 2022 4569 hora
2057 4490 2105 4547 θ
2134 4518 2279 4586 veni,
2304 4516 2502 4573 dilecte
2546 4514 2644 4569 liii.
2684 4512 2861 4570 Crede
2907 4511 3065 4577 mihi,
3095 4510 3461 4583 permultum
3505 4512 3725 4585 tempus

436 4605 759 4662 brevissima
780 4597 1097 4663 ‘dintitterer
1121 4606 1214 4663 tibi
1241 4624 1358 4665 utea
1387 4611 1709 4665 denuntiare
1733 4620 2026 4665 tormenta.

437 4692 574 4751 Nam
605 4711 771 4768 prope
800 4712 886 4752 nte
914 4707 1022 4753 stat
1047 4697 1140 4768 qui
1177 4714 1263 4756 me
1288 4698 1342 4754 in
1376 4709 1653 4771 potestate
1680 4701 1887 4757 habens
1918 4701 2027 4756 cito

439 4787 509 4844 ad
547 4788 663 4846 loca
708 4789 942 4861 poenalia
975 4791 1236 4846 reducere
1281 4792 1454 4862 cupit.
1504 4791 1603 4849 Cui
1655 4808 1755 4864 ego
1804 4809 2028 4864 respon-

439 4882 574 4935 dens
604 4880 713 4935 dixi
752 4899 765 4935 :
795 4882 924 4947 Quae
960 4890 1045 4937 est
1085 4897 1236 4954 ergo,
1282 4890 1478 4953 pater,
1509 4883 1600 4939 illa
1638 4885 1815 4956 culpa,
1863 4900 2024 4954 quam

439 4980 664 5022 propter
706 4987 794 5022 me
830 4974 1202 5024 neraetrasti?
1248 4973 1314 5026 εει
1368 4973 1457 5026 ille
1500 4992 1514 5026 :
1570 4974 1785 5028 Nonne.
1833 4976 2024 5030 innuit.

2134 4611 2235 4664 ltoe
2280 4622 2308 4661 a
2363 4608 2473 4661 Deo
2516 4603 2645 4677 petii
2678 4611 2738 4659 ut
2777 4604 2976 4676 aliquis
3024 4603 3252 4661 fratrum
3304 4612 3618 4662 nostrorum
3668 4606 3725 4660 in

2131 4699 2332 4757 smculo
2378 4699 2558 4754 adhuc
2608 4699 3063 4754 commorantium
3107 4698 3217 4755 huc
3243 4699 3314 4754 ad
3354 4713 3443 4755 me
3482 4700 3717 4757 veniret.

2130 4794 2304 4863 Quem
2335 4793 2637 4847 monaclt‘us
2664 4791 3029 4863 interrogans,
3060 4791 3213 4861 quid,
3248 4791 3446 4863 inquit,
3477 4793 3720 4859 domine,

2131 4884 2405 4957 significat
2434 4884 2559 4953 quia
2588 4881 2737 4938 solus
2765 4882 2855 4939 hic
2885 4884 3130 4939 resides?
3163 4884 3235 4939 At
3261 4883 3352 4940 ille
3386 4889 3724 4957 respondens

2134 4978 2248 5030 ait:
2282 4975 2549 5030 Exspecta
2582 4973 2854 5030 paulisper
2879 4983 2935 5030 et
2966 4973 3192 5030 forsitan
3224 4976 3439 5030 aliquos
3464 4974 3722 5030 mare.
