3942 5340
228 381 310 439 Ξϐθ
1512 375 1708 436 LIBER
1748 377 2098 437 VlSlONUil.

3347 367 3466 454 sto

222 490 793 568 purgatorium,cxinde
816 489 961 546 ducti
989 505 1179 547 surnus
1203 491 1257 546 in
1279 489 1420 546 istud
1444 494 1585 562 quod
1613 493 1762 560 vides
1793 499 1838 554 Α
1869 503 2060 563 quant,
2111 491 2398 562 nullusque
2453 490 2752 556 locus‘sit,
2795 493 2904 560 quo
2946 502 3058 544 non
3113 493 3458 559 pertranseat

229 583 549 657 refrigerium.
582 582 790 652 Quibus
820 583 984 640 dictis
1013 593 1235 654 repente
1260 586 1396 640 vecti
1427 596 1554 640 sunt
1580 587 1769 640 beatus

225 676 400 732 scilicet
422 674 752 730 Guntharius
780 684 838 730 et
884 676 1184 730 monachus
1229 676 1282 730 in
1318 687 1556 732 montem
1590 678 1770 733 excolo

224 783 321 822 sum
342 764 500 826 valde,
523 766 667 820 unde
694 782 819 836 pars
849 767 1082 821 maxima
1112 767 1455 821 infernalium
1486 783 1767 837 pmnarum

222 859 422 928 desuper
451 856 691 928 conspici
723 867 924 927 posset.
958 857 1076 926 Quo
1105 860 1230 913 dum
1260 859 1418 929 positi
1461 859 1687 914 fuissent
1715 870 1770 914 et

221 947 424 1019 undique
479 947 715 1018 cjulatus
764 946 1060 1004 dicentium
1118 964 1232 1015 va).
1289 965 1402 1014 vic,
1457 950 1764 1015 audiretur,

219 1038 464 1095 exhorruit
495 1047 550 1092 ct
580 1038 798 1106 expavit
839 1039 1172 1104 tuonachus,
1218 1039 1449 1094 audiens
1487 1040 1635 1094 talia.
1671 1041 1767 1094 Vir

223 1145 330 1184 vero
355 1138 571 1184 sanctus
597 1128 823 1183 dixitad
847 1144 970 1182 eum
998 1147 1012 1181 :
1043 1128 1100 1184 Si
1134 1139 1187 1184 tu
1224 1131 1276 1183 in
1308 1140 1586 1185 inomento
1617 1130 1766 1185 brevi

219 1231 392 1284 tantam
421 1219 695 1276 miseriam
738 1220 968 1276 audiens
998 1229 1160 1290 atque
1194 1222 1384 1275 videns
1421 1221 1686 1276 cxhorres
1716 1231 1770 1276 et

215 1312 451 1383 pavescis,
475 1309 607 1381 quid
637 1320 797 1380 putas
826 1310 955 1364 mihi
991 1310 1183 1375 fuisse,
1215 1311 1304 1381 qui
1338 1312 1451 1366 lucc
1482 1327 1580 1381 per
1608 1312 1770 1381 quin-

213 1402 474 1472 quennium
523 1401 579 1454 in
629 1401 734 1455 isto
784 1401 902 1456 loco
933 1402 1142 1470 positus
1178 1403 1516 1455 incessanter
1551 1402 1768 1456 audivi?

213 1491 310 1547 Non
339 1491 492 1563 igitur
519 1507 734 1546 summa
759 1505 1066 1546 mercmnur
1088 1493 1135 1545 vi
1169 1492 1287 1546 sine
1316 1508 1529 1563 magna.
1557 1493 1768 1547 Intuere

212 1601 320 1657 σεο
338 1601 488 1655 quam
521 1585 800 1640 horrenda
824 1585 933 1640 sint
965 1572 1087 1650 ista,
1113 1595 1169 1638 ut
1199 1601 1448 1642 reversus
1478 1585 1769 1641 incredulis

209 1690 255 1731 et
276 1676 672 1733 contumacibus
707 1675 910 1731 referas
936 1676 1071 1746 ipsa.
1098 1676 1177 1730 Ad
1206 1677 1320 1730 hrec
1347 1677 1513 1729 etiam
1544 1675 1649 1729 alia
1673 1675 1768 1729 dc—

213 1767 493 1824 monstrabo
506 1766 606 1822 tibi
636 1767 795 1823 mira.
812 1767 877 1822 Et
903 1767 1083 1821 subito
1106 1766 1158 1821 in
1181 1767 1344 1820 alium
1363 1767 1555 1821 locum
1585 1782 1767 1835 aspor-

1873 583 2084 638 luxuria
2109 583 2191 639 vel
2225 583 2454 638 avaritia
2478 596 2691 648 eorum,
2711 578 2974 650 iudicabit
2998 589 3176 634 tamen
3199 587 3254 635 et
3277 577 3460 634 vincet

1873 672 1993 728 illos
2030 673 2359 742 quandoque
2398 673 2560 735 Deus,
2589 671 2680 741 qui
2718 670 2877 725 modo
2906 668 3080 724 abeis
3107 666 3383 736 iudicatur
3404 676 3462 722 et

1868 763 2146 833 spernitur
2189 764 2392 832 quique
2434 777 2533 832 pro
2573 776 2640 817 co
2668 761 2812 831 quod
2850 775 3002 815 nunc
3031 767 3324 830 peccantes
3351 756 3460 811 cleo

1870 863 2082 908 menter
2107 854 2340 909 sustinet
2367 867 2578 916 omnes,
2607 860 2826 922 peccata
2858 866 3046 906 eorum
3074 859 3169 904 aut
3196 849 3315 905 sine
3345 863 3460 918 po:-

1887 945 2100 1000 nitentia
2139 945 2417 999 dimittere
2450 941 2530 997 vel
2555 957 2778 1012 prorsus
2816 940 3027 996 nescire
3060 948 3301 1011 putatur.
3332 936 3460 995 Haec

1872 1036 2037 1106 igitur
2057 1052 2122 1090 ex
2153 1036 2442 1092 occasione
2460 1034 2890 1104 visionis,'quam
2913 1033 3159 1103 proxime
3182 1032 3294 1104 jam
3321 1031 3455 1095 disi,

1867 1129 2178 1201 compulsus
2205 1130 2438 1186 dolendo
2468 1127 2752 1197 subiunxit
2780 1136 2860 1193 ut,
2890 1125 2935 1182 si
2967 1126 3090 1196 quis
3125 1124 3264 1182 forte
3292 1139 3458 1182 aures

1868 1220 2120 1276 audiendi
2171 1221 2383 1276 habens
2424 1220 2615 1274 eadem
2650 1220 2904 1274 lecturus
2947 1217 3457 1281 adveniat,-mceum

1867 1312 2069 1374 doleat.
2103 1328 2335 1380 mecum,
2359 1313 2406 1368 si
2429 1329 2587 1382 quem
2610 1311 2804 1382 possit,
2827 1309 3168 1366 admonendo
3186 1307 3458 1366 aediﬁcare

1870 1403 2106 1458 studeat.

2263 1515 2440 1570 VlSlO
2490 1515 2740 1570 DECIMA
2783 1513 3064 1582 QUINTA.

1873 1605 1948 1660 De
1977 1607 2186 1661 CuIsare
2217 1607 2448 1662 Henrico
2481 1607 2596 1661 ΙΙΙ.
2634 1607 2909 1673 Quomodo
2935 1624 3050 1666 eius
3094 1607 3148 1659 in
3182 1603 3458 1659 audiendis

1939 1694 2226 1816 pauperum
2239 1679 2412 1733 causis
2432 1689 2478 1732 et
2499 1679 2736 1748 precibus
2768 1677 3078 1749 negligentia
3100 1694 3131 1731 α
3150 1676 3260 1730 Deo
3273 1675 3458 1745 punita

1967 1758 2121 1802 uerti.

215 1858 290 1912 tati
321 1866 470 1924 sunt,
510 1859 602 1911 ubi
647 1858 1064 1913 innumerabilis
1099 1867 1430 1913 convenerat
1477 1859 1764 1913 multitudo
1801 1853 1844 1914 Β
1942 1858 2218 1915 \‘isioncm
2261 1874 2474 1932 quoque
2497 1861 2787 1931 quamdam
2831 1860 3130 1917 terribilem
3161 1871 3218 1917 et
3247 1861 3458 1916 eunetis

212 1958 301 2004 tam
323 1952 589 2004 beatorum
615 1965 778 2020 quam
806 1949 1159 2019 rcproborum
1185 1949 1493 2016 spirituum.
1517 1950 1621 2004 Sed
1640 1950 1770 2003 bea-

213 2051 360 2096 torum
390 2042 610 2112 quidam
659 2043 814 2112 quasi
854 2041 1066 2112 judices
1098 2041 1149 2098 in
1183 2041 1396 2118 thronis
1423 2041 1763 2105 residebant;

213 2130 286 2185 alii
313 2147 428 2187 vero
455 2132 615 2202 quasi
657 2147 850 2187 causas
896 2131 1145 2202 proprias
1195 2131 1416 2188 relaturi
1453 2148 1640 2188 curam
1687 2134 1768 2190 eis

209 2223 444 2278 astabant.
473 2223 634 2279 Tunc
677 2232 920 2278 astantes
967 2224 1141 2277 sancti
1189 2223 1514 2292 quaeritando
1563 2223 1763 2294 singuli

207 2330 286 2369 sua
309 2315 611 2372 referebant
637 2327 960 2372 accusantes
981 2316 1216 2386 aliquem
1246 2316 1606 2386 reprobornm
1631 2334 1768 2388 prae-

214 2407 420 2462 scnlium
447 2407 547 2465 huc
570 2407 768 2468 modo:
791 2407 928 2463 Ecce
957 2409 1046 2464 hic
1073 2407 1386 2463 niunasterii
1422 2407 1526 2463 mei
1555 2407 1767 2464 destru-

207 2505 309 2550 ctor
353 2508 505 2563 erat;
547 2500 657 2554 hoc
699 2497 809 2554 Deo
835 2498 1099 2568 vobisque
1128 2501 1383 2553 oumibtts
1425 2515 1767 2571 conquerens

206 2587 450 2646 denuntio.
486 2590 738 2662 Cumque
772 2591 979 2648 eisdem
1010 2590 1195 2646 verbis
1223 2605 1414 2646 omnes
1445 2592 1646 2658 sancti,
1673 2594 1764 2662 qui

205 2682 424 2738 astabant
450 2691 645 2739 contra
671 2697 863 2739 omnes
890 2683 1152 2753 reprobus
1179 2682 1340 2738 simul
1367 2691 1606 2742 astantes
1635 2700 1766 2754 que‘

201 2771 439 2830 arimouias
477 2790 611 2831 suas
633 2775 987 2847 singulariter
1013 2776 1349 2848 peregissent
1371 2775 1648 2847 digitoque
1674 2793 1766 2833 ac-

206 2874 394 2920 cusatus
441 2876 762 2931 notassent,
816 2866 1039 2937 maligni
1083 2867 1309 2937 spiritus
1351 2869 1562 2938 pariter
1603 2868 1766 2923 adve-

201 2955 384 3014 nientes
409 2957 765 3016 accusatione
795 2967 945 3015 tanta
970 2958 1252 3027 lmtilieati,
1281 2969 1570 3016 accusatos
1604 2960 1764 3017 simul

200 3060 363 3103 omnes
389 3048 588 3117 singuli
637 3047 884 3119 singulos
922 3050 1132 3104 catenis
1170 3049 1344 3120 igneis
1369 3050 1688 3120 carpebant,
1712 3059 1768 3105 et

200 3137 258 3189 ad
307 3137 592 3196 infer-nales
639 3153 834 3210 pcenas
886 3139 1267 3213 retrahebant;
1307 3141 1495 3209 sicque
1535 3141 1765 3197 concilio

198 3224 329 3281 linito
361 3229 446 3284 isti
476 3231 544 3285 ad
585 3230 839 3296 inferna,
869 3229 1026 3286 alteri
1061 3244 1189 3287 vero
1221 3231 1537 3286 remeabant
1565 3231 1632 3286 ad
1673 3246 1762 3286 su-
1791 3221 1836 3282 C

199 3329 362 3385 perna.

262 3407 451 3477 Quibus
492 3411 744 3482 peractis
792 3421 1017 3466 sanctus
1060 3409 1398 3467 Guntharius
1445 3410 1604 3466 rediit
1637 3427 1760 3467 cum

201 3504 440 3558 monacho
463 3506 530 3558 ad
563 3503 776 3569 locum,
805 3500 894 3558 ubi
925 3503 1159 3574 primum
1190 3501 1442 3558 iuventus
1471 3509 1554 3557 cst
1579 3501 1654 3562 ab,
1676 3517 1761 3566 eo,

198 3592 272 3648 ubi
292 3595 444 3649 etiam
469 3593 578 3652 duo
601 3595 802 3652 sedilia
828 3595 988 3664 ignea
1021 3593 1348 3648 videbantur
1367 3593 1568 3664 posita,
1598 3610 1762 3650 unmn

199 3683 387 3751 quidem
409 3687 586 3758 majus
610 3686 808 3743 altero.
834 3685 941 3743 Sed
967 3687 1158 3742 beatus
1183 3671 1523 3742 Guntharius
1552 3685 1761 3742 refere-

196 3769 276 3826 bat
315 3777 576 3833 monacho
613 3775 796 3847 majus
824 3775 1064 3848 episcopi
1106 3775 1553 3848 Ratisponensis;
1588 3778 1765 3833 minus

198 3873 308 3919 vero
335 3867 571 3937 episcopi
621 3868 916 3940 Pragensis
949 3882 1098 3934 esse,
1133 3884 1234 3940 pro
1274 3884 1340 3924 eo
1383 3867 1593 3925 scilicet
1621 3871 1765 3940 quod

198 3953 273 4011 ille
293 3958 431 4026 prior
451 3960 668 4015 habens
684 3959 898 4032 plebem
923 3959 1222 4031 subiectam
1249 3960 1315 4015 ad
1338 3962 1764 4017 convertendunt

200 4045 500 4120 faciliorem;
530 4054 676 4109 alter
723 4063 906 4109 autem
951 4053 1339 4118 indoctiorem,
1381 4061 1576 4109 neuter
1604 4055 1764 4126 quid~

196 4155 337 4212 quam
364 4147 589 4203 doctore
613 4147 839 4218 dignum
860 4145 1099 4212 fecisset,
1117 4153 1174 4200 et
1199 4145 1320 4200 ideo
1349 4155 1574 4216 uterque
1600 4147 1754 4216 depu-

181 4242 323 4306 tatus
366 4247 512 4297 esset
556 4240 845 4311 gehennae.
879 4238 1009 4307 Quae
1048 4246 1340 4310 postquam
1382 4239 1540 4307 vidit,
1585 4239 1768 4296 subito

195 4329 378 4386 excitus
398 4331 688 4389 remeavit.
1541 4385 1544 4389 ,

253 4420 435 4478 Fertur
463 4434 521 4480 et
569 4424 666 4479 hic
701 4422 1003 4478 monachus
1028 4421 1245 4486 vidisse
1281 4431 1339 4478 et
1368 4422 1551 4478 dicere
1586 4421 1763 4493 plura,

196 4525 298 4580 qua:
319 4530 420 4570 non
451 4532 519 4572 ex
554 4515 672 4572 ullo
696 4515 848 4585 potui
883 4516 1086 4572 rescire
1117 4513 1344 4571 sciente.
1375 4513 1552 4569 Pauca
1582 4500 1762 4569 tamen

1867 1948 2052 2004 sicculi
2099 1950 2433 2020 principibus
2493 1952 2784 2007 verendam
2835 1952 2900 2008 de
2950 1950 3165 2008 Caesare
3224 1951 3459 2008 Henrico

1869 2041 2119 2110 proxime
2145 2041 2406 2098 defuncto
2442 2042 2669 2109 factam,
2697 2058 2858 2114 quam
2891 2043 2946 2097 in
2985 2043 3298 2099 narratione
3321 2058 3461 2114 prae~

1871 2134 2068 2198 terita,
2111 2149 2236 2188 cum
2273 2134 2341 2189 de
2384 2149 2450 2190 eo
2475 2134 2720 2204 quoniam
2762 2135 2878 2188 visa
2920 2133 3216 2199 referrem,
3258 2134 3461 2192 oblitus

1868 2241 2019 2280 eram
2060 2240 2362 2296 apponere,
2383 2223 2498 2294 jam
2533 2225 2652 2281 volo
2680 2224 2884 2280 dicere.
2915 2223 3068 2280 llunc
3098 2233 3278 2280 autem
3308 2240 3338 2278 a
3363 2239 3468 2278 vc-

1868 2318 2100 2374 nerabili
2149 2318 2449 2389 ilnmperto
2473 2319 2750 2389 episc0po,
2791 2316 2883 2371 ilio
2914 2316 3168 2370 videlicet
3191 2316 3285 2385 qui
3317 2315 3460 2371 beati

1868 2409 2068 2463 Leonis
2099 2408 2413 2480 nuperrime
2441 2422 2593 2478 papze
2615 2419 2814 2463 comes
2834 2404 2978 2476 jugis
3009 2402 3460 2472 consiliariusquc

1867 2498 2281 2568 acceptissimus
2328 2497 2572 2563 exstitit,
2625 2496 2842 2567 agnovi.
2901 2494 3014 2566 lllo_
3047 2509 3283 2564 namque
3332 2509 3457 2550 cum

1867 2603 2005 2660 papa
2036 2588 2254 2644 Victore
2297 2589 2352 2643 in
2392 2588 2697 2659 llatiSpuna
2720 2587 2898 2657 posito
2934 2595 2992 2643 et
3017 2586 3086 2644 ad
3115 2585 3460 2643 eummultis

1867 2680 2300 2748 confluentibus,
2343 2681 2552 2736 accessi
2584 2680 2750 2747 etiam
2772 2693 2873 2750 go
2903 2693 3001 2749 pro
3029 2692 3192 2734 causa
3221 2677 3456 2749 quadam

1867 2784 1923 2829 et
1953 2773 2134 2828 audivi
2177 2788 2302 2829 eum
2343 2775 2509 2845 .plnra
2557 2773 2638 2841 de-
2673 2770 2832 2840 hujus
2875 2772 3058 2828 saeculi
3091 2771 3374 2829 insolentia
3403 2779 3461 2826 et

1869 2865 2108 2920 maxime
2138 2864 2206 2920 de
2236 2866 2541 2936 principum
2573 2863 2900 2936 negligentia
2926 2863 3282 2933 loquentem,
3313 2861 3460 2919 inter

1867 2973 1989 3029 qua:
2020 2957 2224 3014 addidit
2252 2959 2387 3025 ista,
2419 2957 2608 3013 dicens
2634 2972 2649 3011 :
2683 2955 2913 3013 Videtur
2935 2955 3069 3011 mihi
3107 2953 3254 3011 nulla
3271 2953 3458 3024 .majur

1870 3068 2055 3124 regum
2087 3051 2168 3107 vel
2196 3053 2422 3108 aliorum
2450 3048 2940 3122 principumculpa
2971 3063 3134 3120 quam
3157 3046 3309 3118 quod
3326 3062 3460 3116 pan»

1870 3161 2060 3216 perum
2089 3145 2368 3216 querelam
2404 3144 2625 3199 student
2651 3152 3032 3199 contemnere;
3057 3140 3249 3198 Solent
3275 3139 3418 3198 enim
3437 3171 3460 3204 ς

1868 3238 2004 3309 prob
2030 3237 2216 3292 dolor!
2245 3236 2602 3304 imperatores
2627 3234 2711 3290 vel
2737 3249 2892 3304 reges
2920 3229 3461 3304 nostripauperibus

1866 3347 2060 3388 causas
2097 3330 2438 3385 necessitatis
2467 3344 2578 3383 sua:
2617 3327 2719 3384 sibi
2757 3322 3454 3384 referentibus‘nihilaliud

1867 3424 2044 3481 solatii
2074 3424 2314 3494 prreberc
2345 3422 2446 3477 nisi
2479 3431 2685 3476 tantum
2726 3420 2908 3475 dicere
2937 3435 2951 3473 :
2983 3419 3252 3488 Exspecta
3279 3417 3454 3472 donec

1867 3526 2080 3586 tempus
2095 3529 2402 3585 congruum
2434 3512 2563 3567 mihi
2591 3511 2918 3580 veniat,quo
2941 3519 3060 3566 tuas
3083 3507 3456 3578 querimonias

1867 3606 2070 3676 possim
2120 3605 2310 3659 audire
2350 3613 2509 3672 teque
2547 3615 2574 3656 a
2618 3602 2726 3657 tuis
2753 3599 3200 3671 persecutoribus
3239 3612 3456 3652 eruere.

1867 3697 1934 3752 Et
1968 3705 2028 3750 ut
2067 3695 2180 3750 haec
2219 3695 2292 3749 ita
2323 3709 2444 3749 esse
2482 3693 2697 3756 sciatis,
2729 3689 2960 3746 referam
2993 3687 3147 3746 vobis
3189 3686 3454 3744 visionem

1871 3787 1938 3842 de
1976 3785 2100 3851 illo,
2139 3785 2233 3856 qui
2266 3784 2576 3854 nuperrime
2610 3781 2898 3837 defunctus
2931 3788 3040 3844 est,
3070 3777 3282 3845 Caesare
3310 3776 3460 3859 lien,

1868 3878 2018 3943 rico;
2047 3892 2113 3931 ex
2143 3891 2248 3946 qua
2279 3876 2413 3930 satis
2434 3872 2708 3942 conjicere
2734 3870 2962 3942 potestis
2985 3879 3248 3938 quantmn
3270 3881 3460 3937 pecca+

1867 3976 1982 4022 tum
2010 3968 2083 4022 sit
2114 3980 2408 4036 pauperum
2439 3978 2632 4020 causas
2655 3961 2924 4034 negligere
2949 3969 3005 4016 et
3029 3962 3095 4016 de
3121 3959 3209 4014 die
3237 3957 3292 4013 in
3309 3955 3456 4020 diem

1869 4059 1936 4113 ad
1971 4057 2257 4129 regendum
2281 4054 2518 4116 differre.
3172 4109 3174 4111 .
3449 4109 3453 4114 ,

1941 4150 2018 4204 Eo
2048 4164 2280 4219 namque
2305 4158 2563 4218 tempore,
2591 4161 2697 4215 quo
2725 4145 2828 4200 iste
2857 4152 3042 4200 noster
3063 4155 3223 4212 papa,
3247 4139 3338 4210 qui
3366 4141 3468 4226 hic]

1822 4242 1825 4246 ’
1863 4242 1977 4312 jam
2006 4249 2394 4305 con‘imoratur,
2423 4240 2622 4294 mansit
2649 4253 2770 4292 cum
2795 4235 3054 4307 pracdicto
3081 4233 3293 4289 Caasare
3315 4232 3456 4302 lien,—

1869 4336 1985 4390 rico
2029 4335 2081 4389 in
2115 4333 2363 4405 partibus
2403 4331 2523 4386 istis
2565 4328 2900 4392 Germaniae,
2927 4325 3204 4396 profectus
3245 4334 3328 4379 cst
3366 4311 3456 4378 hic

1870 4427 2090 4498 quidam
2136 4442 2204 4480 ex
2253 4408 2584 4495 principibus
2633 4420 2911 4476 Romanis.
2948 4417 3084 4473 Cum
3125 4424 3304 4472 autem
3342 4429 3452 4470 non

1872 4518 2028 4590 longe
2063 4518 2130 4574 ad
2167 4517 2314 4572 illum
2352 4516 2526 4572 locum
2551 4555 2564 4577 ,
2598 4529 2706 4585 quo
2749 4522 2877 4569 tunc
2912 4525 3052 4581 papa
3083 4525 3204 4564 cum
3239 4507 3456 4563 Caesare

195 4602 314 4686 dieta
336 4618 563 4678 possunt
593 4609 697 4664 hos
717 4609 989 4664 :edificare
1010 4609 1124 4686 qui,
1142 4623 1250 4678 quo
1272 4609 1590 4664 subvertant
1612 4621 1765 4676 pror-
1797 4598 1845 4660 D
1867 4609 1980 4679 jam
2015 4607 2066 4661 iu
2099 4607 2361 4662 extremis
2386 4605 2679 4660 constituto
2717 4603 2944 4667 mansit,
2975 4599 3282 4656 haberetin
3314 4613 3454 4668 quo-

195 4696 390 4755 susloca
405 4711 622 4768 sancta,
639 4700 910 4759 laborant.
927 4701 1103 4770 Quod.
1118 4704 1250 4773 proh
1266 4702 1446 4758 dolor!
1467 4687 1572 4756 non
1590 4697 1761 4756 solum

197 4784 300 4844 laici
322 4806 491 4849 sacrm
523 4794 831 4864 Scriptum:
853 4793 1050 4865 ignari,
1066 4794 1162 4849 sed
1188 4795 1352 4850 etiam
1374 4793 1557 4849 clerici
1582 4793 1649 4848 ad
1679 4809 1769 4848 su—

198 4891 342 4946 perna
389 4885 715 4941 omnimodo
737 4885 985 4941 instructi
1028 4895 1084 4941 et
1107 4886 1174 4940 ad
1207 4888 1500 4958 regendam
1531 4885 1766 4942 ﬁdelium

194 4972 376 5039 plebem
405 4975 700 5033 constitui
716 4976 832 5048 jam
865 4979 1103 5036 maxime
1125 4979 1349 5043 faciunt,
1382 4995 1488 5035 non
1519 4989 1771 5036 curantes

196 5075 371 5102 ηιηιιισι
405 5078 685 5102 Inv-monia
725 5069 1053 5102 nlonnt‘nnnn
1087 5069 1189 5102 cini
1216 5071 1422 5102 noctu-ri
1479 5070 1770 5102 Jan-annan

1872 4699 1995 4754 dam
2025 4697 2147 4753 vico
2172 4695 2496 4766 bospitatus,
2531 4695 2602 4749 ibi
2633 4709 2692 4749 se
2724 4692 2926 4765 supori,
2957 4699 3142 4762 utpote
3175 4690 3335 4762 longo
3367 4689 3453 4744 iti-

1873 4805 2004 4845 nere
2041 4789 2327 4858 fatigatus,
2360 4786 2414 4841 in
2445 4785 2674 4840 meridie
2703 4783 2950 4840 tradidit.
2976 4781 3033 4837 In
3064 4796 3172 4852 quo
3203 4779 3455 4836 videlicet

1872 4898 2085 4955 sopore,
2115 4891 2172 4936 ut
2193 4893 2377 4952 pOStea
2403 4878 2668 4950 evigilans
2686 4877 2891 4944 retulit,
2913 4876 3164 4932 eumdem
3183 4874 3452 4931 Caesarem

1874 4975 1928 5028 in
1959 4974 2096 5030 solio
2130 4971 2295 5044 regali
2329 4969 2677 5033 residentem,
2703 4984 2804 5024 nec
2831 4982 2935 5022 non
2967 4965 3133 5021 multa
3169 4974 3454 5034 procerum

1873 5065 2028 5102 Inpius
2055 5061 2448 5102 nirnnnulhlnln
2473 5059 2626 5102 Viti“-
2803 5073 2923 5102 011111
2949 5054 3178 5102 nlnrima
3207 5046 3462 5102 (101.υεῖἓὲ-
