3942 5340
448 365 549 424 571

1443 376 1743 436 OTIILONI
1785 376 2090 444 uoxacm
2135 379 2194 437 s.
2235 338 2661 440 animusaut

3626 383 3734 444 δη

451 481 649 536 lterum
689 497 948 554 responsa
984 483 1184 541 dantur
1215 504 1230 541 :
1264 484 1443 553 Vade,
1469 488 1736 561 improbe,
1770 492 1821 547 in
1852 492 2035 547 odium
2066 498 2110 556 Α
2142 502 2287 557 etum
2315 504 2397 550 est
2425 496 2703 566 opinante,
2728 503 2849 566 post
2873 496 2989 554 dies
3018 511 3217 569 paucos
3239 486 3513 570 reperitur
3537 512 3736 572 corpus

447 573 543 630 Dei
575 584 630 631 et
660 587 919 647 exspecta
964 592 1138 647 usque
1172 580 1300 636 dum
1326 582 1530 651 possim
1560 590 1614 639 to
1656 583 1867 638 audire.
1901 583 2036 639 Nam

448 676 597 721 tanta
628 666 759 722 mihi
780 666 920 723 cura
961 670 1124 725 modo
1147 670 1252 726 alia
1282 671 1534 727 audiendi
1557 684 1611 727 et
1642 675 1864 745 regendi
1893 685 1953 729 ut
1980 683 2038 729 tu

447 752 650 811 frustra
684 770 771 811 me
800 756 1040 813 invoccs.
1074 756 1200 815 Iltec
1226 774 1359 831 ergo
1381 761 1610 817 audiens
1629 776 1836 834 pauper
1866 764 2041 821 tristis

447 842 735 900 abscessit.
762 845 994 917 Moxque
1009 849 1239 904 accessit
1258 860 1315 904 et
1335 850 1474 904 alios
1494 865 1721 922 pauper,
1736 852 1828 921 qui
1851 852 2039 907 eodem

446 938 630 1003 modo,
658 948 717 993 ut
742 940 914 1009 prior,
945 942 1013 996 ad
1036 942 1308 998 Caesarem
1340 942 1626 1010 clamavit;
1656 943 1753 1000 sed
1786 944 2043 1000 similiter

450 1031 507 1087 in
535 1045 735 1087 vanum
757 1032 1044 1089 laboravit.
1070 1033 1198 1090 Post
1221 1034 1474 1105 pusillum
1497 1050 1714 1107 quoque
1743 1034 1891 1091 venit
1911 1051 2042 1106 pau-

451 1137 557 1193 per
581 1123 775 1180 tertius
795 1125 984 1181 eadem
1012 1142 1264 1192 narrans,
1287 1127 1477 1182 eadem
1508 1143 1702 1199 rogans
1726 1142 1847 1199 quae
1865 1136 1922 1181 et
1945 1141 2045 1180 an-

446 1214 700 1271 teriores.
750 1214 858 1271 Sed
902 1224 957 1271 et
1002 1216 1091 1270 ille
1138 1218 1190 1272 in
1241 1233 1439 1273 vanum
1480 1217 1739 1274 laborans
1792 1216 2046 1273 discessit

449 1318 718 1374 mestus,
769 1308 1003 1364 Domino
1053 1323 1181 1364 mox
1236 1309 1367 1365 talia
1410 1321 1658 1380 questus.
1713 1309 1906 1365 Adhuc
1951 1308 2045 1365 illo

446 1401 759 1470 queritante
821 1408 877 1454 et
942 1399 1230 1455 Dominum
1280 1400 1567 1457 invocaute
1616 1416 1721 1456 vox
1778 1401 1847 1456 de
1899 1400 2045 1453 rmlo

446 1482 668 1558 Seuuit,
705 1492 892 1547 dicens
929 1506 944 1545 :
979 1489 1205 1547 Auferte
1248 1492 1412 1547 istum
1463 1500 1730 1548 rectorem
1780 1499 1838 1546 et
1879 1490 2046 1547 facite

445 1579 741 1638 euminter
763 1596 1045 1651 pinnarum
1080 1568 1262 1637 moras
1301 1582 1516 1638 discere
1545 1582 1818 1654 quomodo
1844 1584 2047 1655 patipa-

446 1687 535 1728 res
560 1675 773 1728 valeant
791 1672 997 1743 judicia
1031 1689 1130 1728 sua
1160 1684 1506 1745 exSpectare;
1555 1691 1676 1746 qua:
1707 1673 1856 1729 dedit
1894 1674 2043 1731 acci-

443 1760 596 1836 piat;
624 1780 745 1836 qua:
771 1766 842 1820 sit
882 1764 1069 1820 dilatio
1104 1765 1298 1822 discat.
1338 1764 1435 1821 liis
1463 1765 1623 1821 dictis
1645 1765 1828 1821 subito
1859 1775 2046 1836 raptus

447 1867 534 1912 est
574 1873 607 1912 a
645 1865 917 1914 conventu
958 1856 1070 1912 illo.
1629 1929 1633 1933 ν
1948 1868 1951 1871 ·

515 1947 729 2004 Interea
753 1963 903 2014 vero,
931 1946 1295 2004 cuinltalicus
1318 1949 1592 2005 dormiens
1620 1949 1746 2003 talia
1767 1948 1819 2003 in
1838 1947 2047 2003 somnis

441 2040 1017 2107 vidisset-,‘intimatus
1047 2050 1130 2096 est
1160 2041 1214 2096 in
1242 2041 1429 2097 eadem
1457 2042 1640 2106 dumo,
1672 2055 1777 2111 qua
1792 2038 2044 2109 hospita-

445 2129 632 2200 batur,
683 2131 913 2189 Caesaris
965 2132 1165 2187 obitus.
1229 2132 1475 2202 Cumque
1524 2132 1751 2203 vigilans
1804 2129 2045 2186 audisset
2108 2130 2111 2133 ’

445 2208 639 2278 oxitncs
665 2224 732 2278 de
760 2226 948 2280 eodem
977 2223 1130 2279 obitu
1170 2222 1418 2278 ﬂebilitcr
1446 2224 1904 2287 scrnioeiuantes,
1944 2236 2047 2277 nec

442 2326 656 2376 tamen.
684 2315 812 2387 quia
856 2314 1095 2386 linguam
1127 2330 1234 2370 non
1283 2323 1540 2380 noverat,
1585 2314 1791 2368 sentire
1828 2321 2043 2382 posset,

447 2409 808 2479 interrogavit
836 2423 1001 2463 unum
1030 2409 1095 2462 de
1123 2409 1235 2463 suis
1278 2407 1571 2462 comitibus
1605 2407 1800 2476 lngua;
1849 2405 2051 2459 'I‘eutc-

446 2500 585 2555 nica:
606 2515 835 2572 gnarum
867 2500 998 2572 quid
1031 2508 1140 2553 tam
1172 2500 1414 2558 luctuosa
1448 2499 1836 2553 sermocinatio
1870 2498 2042 2567 signi-v

444 2591 655 2647 ﬁcaret.
687 2592 757 2647 At
789 2591 880 2646 illo
908 2593 1214 2661 respondit,
1243 2593 1429 2647 dicens
1457 2609 1471 2644 :
1514 2590 1758 2652 Nmitor,
1786 2590 2040 2656 domine,

445 2676 572 2740 eum
602 2692 656 2738 tu
687 2696 880 2738 somno
906 2683 1119 2737 deditus
1149 2697 1318 2748 esses,
1351 2681 1657 2735 numiatum
1689 2689 1773 2735 est
1804 2681 1890 2735 hic
1919 2681 2045 2750 quia

443 2776 654 2839 Caesar,
682 2773 749 2827 ad
777 2787 938 2843 quem
977 2782 1031 2827 tu
1063 2772 1281 2827 volebas
1311 2787 1566 2843 pergere,
1613 2774 1673 2826 dc
1687 2772 1905 2826 furatus
1949 2776 2041 2827 sit.

444 2867 555 2923 Pro
579 2866 682 2922 hoc
705 2880 836 2937 ergo
866 2865 1156 2920 tristantur
1175 2865 1381 2930 cuneti,
1407 2879 1572 2933 super
1596 2864 1702 2919 hoc
1725 2872 1856 2920 sunt
1889 2872 2041 2918 tanta

446 2959 639 3022 locuti.
687 2958 754 3013 Et
802 2956 963 3020 mibi,
1010 2956 1214 3028 inquit,
1259 2958 1419 3012 modo
1445 2957 1735 3012 dormienti
1782 2958 1847 3013 de
1892 2958 2043 3012 obitu

447 3054 569 3124 ejus
594 3052 841 3124 quaedam
867 3065 965 3121 per
990 3050 1253 3107 visionem
1289 3065 1370 3106 rei
1383 3050 1523 3105 elata
1552 3060 1700 3105 sunt.
1734 3049 2044 3118 Statimque

447 3146 565 3202 suis
592 3144 841 3200 eamdem
867 3143 1129 3199 visionem
1155 3183 1171 3210 ,
1203 3158 1363 3212 quant
1395 3146 1652 3213 praelatus
1682 3159 1800 3199 sum
1820 3186 1834 3208 ,
1861 3145 2042 3199 retulit

2144 581 2271 651 eius
2300 585 2403 639 sub
2429 586 2665 656 quodam
2707 597 2921 645 meatus
2938 588 3168 660 equorel
3198 590 3501 646 retinaculo
3523 593 3738 650 occulto

2140 691 2246 731 nou
2276 676 2435 750 longe
2476 678 2546 733 ab
2590 676 2682 732 illo
2711 678 2861 747 loco,
2896 695 3005 751 quo
3034 683 3322 738 immersus
3341 692 3426 740 est
3446 726 3462 749 ,
3493 666 3736 743 basisSe.

2140 768 2374 840 Moxque
2420 780 2729 826 extractum
2763 772 2899 828 inde
2932 788 3055 829 cum
3086 777 3232 831 omni
3273 777 3652 847 compassione
3689 789 3742 834 et

2140 855 2324 913 debita
2348 858 2614 915 ommiuis
2643 861 2980 919 exhibitione
3016 866 3247 920 traditur
3275 866 3590 937 sepultum.
3613 865 3742 923 Post

2142 948 2260 1004 haec
2301 949 2465 1004 etiam
2497 952 2816 1021 pra-benda,
2866 967 2988 1024 qua:
3037 969 3138 1024 pro
3180 954 3303 1009 aliis
3346 944 3742 1013 fratribus-de-

2142 1037 2347 1094 functis
2376 1039 2431 1095 in
2458 1040 2861 1113 eleemosynam
2905 1043 3256 1108 oin-rebatur,
3289 1060 3385 1116 pro
3415 1046 3508 1099 illo
3539 1032 3742 1102 nihilo-

2145 1128 2327 1184 minus
2355 1128 2539 1185 otI'erri
2557 1130 2870 1201 jubebatur.
2898 1132 3073 1200 Quam
3101 1134 3228 1188 dum
3268 1150 3366 1204 per
3390 1133 3510 1190 dies
3537 1136 3744 1207 aliquot

2104 1300 2106 1303 λ
2143 1220 2426 1288 cellarius,
2474 1222 2567 1294 qui
2600 1232 2728 1278 ltlttt‘.
2781 1225 3043 1294 temporis
3088 1234 3236 1291 erat,
3279 1226 3534 1281 indevoto
3563 1228 3744 1281 animo

2146 1315 2428 1381 traderet,
2453 1308 2683 1388 contigit
2729 1326 2789 1372 ut
2820 1314 3044 1387 prorsus
3070 1332 3190 1373 eam
3238 1312 3509 1388 denegare
3541 1332 3744 1389 praesu-

2146 1417 2359 1473 meret,
2407 1408 2595 1464 dicens
2625 1407 2758 1463 :‘Ilii
2802 1397 3006 1462 nullam
3052 1409 3495 1475 communionem
3543 1396 3746 1464 debere

2146 1513 2268 1554 esse
2300 1513 2423 1553 cum
2454 1497 2695 1569 reliquis
2720 1483 2984 1573 fratribus
3004 1510 3103 1569 pro
3128 1514 3193 1556 eo
3224 1501 3367 1569 quod
3386 1489 3744 1571 semetipsum

2147 1590 2430 1659 in‘aquam
2460 1591 2855 1662 praecipitando
2893 1591 3401 1661 perdiderit.“Quod
3441 1586 3648 1671 dictum
3676 1602 3749 1671 pet

2148 1682 2354 1738 factum
2384 1684 2673 1743 tuorttitio
2704 1683 2888 1760 divina
2916 1675 3104 1742 secuta
3133 1683 3402 1743 estNam
3433 1669 3745 1745 cumidem

2149 1773 2404 1843 cellarius
2460 1785 2621 1839 nocte
2669 1772 2918 1844 seipienti
2971 1775 3469 1831 noclnrme‘landis
3524 1777 3748 1847 signum

2077 1865 2122 1944 Ii
2152 1865 2376 1921 audiens
2407 1877 2753 1938 exsurgeret,
2805 1869 3291 1923 accessa'luccrna
3341 1866 3406 1922 ad
3458 1868 3750 1924 ecclesiam

2146 1961 2475 2030 properavit.
2525 1960 2631 2015 Sed
2673 1975 2797 2015 cum
2859 1961 2928 2015 ab
2980 1959 3069 2035 illa
3100 1960 3470 2024 dormitorio,
3526 1959 3583 2015 in
3635 1968 3750 2034 quo

2147 2048 2465 2119 quiescebat
2502 2048 2650 2119 (nam
2695 2062 2793 2119 per
2840 2042 2981 2103 idem
3027 2040 3539 2119 teniptis'pleraque
3582 2047 3750 2105 fuisse

2147 2139 2460 2196 referuntur
2490 2149 2597 2194 tam
2631 2149 2854 2210 propter
2878 2146 2879 2149 ‘
2903 2141 3297 2195 monachorum
3342 2127 3749 2210 multitudinem

2146 2249 2309 2303 quam
2362 2234 2431 2287 ob
2464 2233 2566 2287 luci
2612 2215 3111 2303 consuetudinem),
3163 2233 3219 2286 in
3260 2232 3590 2311 vestibulum
3641 2248 3753 2302 quo

2150 2324 2349 2380 fratres
2379 2326 2446 2379 azl
2472 2324 2766 2395 capitulum
2801 2323 3094 2379 convenire
3131 2322 3380 2383 solebant
3411 2324 3667 2394 quodque
3697 2324 3751 2378 ei

2146 2415 2393 2487 pervium
2418 2423 2573 2479 erat,
2607 2418 2904 2485 properans
2932 2414 3203 2479 venisset,
3251 2400 3508 2485 apparuit
3536 2413 3586 2469 ei
3618 2413 3751 2473 visi-

2148 2508 2332 2563 bilitcr
2378 2508 2669 2578 praedictus
2723 2511 2917 2573 frater,
2964 2508 3049 2562 cui
3096 2506 3208 2576 jam
3255 2508 3539 2565 defuncto‘
3574 2507 3746 2581 pridie

2146 2603 2489 2673 prabendam
2521 2602 2652 2657 dare
2684 2602 2888 2668 noluit,
2922 2601 3108 2658 dicens
3142 2620 3155 2656 :
3197 2585 3502 2658 Lucernam
3572 2618 3745 2675 quam

2147 2705 2367 2766 portas,
2422 2692 2612 2758 frater,
2658 2692 2900 2763 depone,
2932 2701 2989 2749 et
3015 2700 3272 2764 exspecta
3302 2692 3581 2767 pauluium
3638 2706 3750 2767 quo

2147 2799 2319 2853 uSque
2353 2782 2518 2840 verba
2562 2797 2735 2854 pauca
2769 2784 2965 2855 loquar
2994 2793 3195 2839 tecum.
3221 2782 3469 2854 Cumque
3497 2782 3592 2839 iile
3617 2785 3751 2839 suib-

2099 2943 2118 2957 υ
2146 2875 2395 2939 sisteret,
2430 2874 2569 2928 dixit
2602 2891 2615 2927 :
2647 2874 2754 2928 Cur
2793 2888 2924 2943 ergo
2956 2873 3131 2943 pridie
3176 2886 3521 2945 communem
3576 2880 3753 2930 statu-

2146 2973 2364 3033 tamque
2393 2964 2606 3019 cunctis
2636 2960 2901 3017 fratribus
2926 2961 3200 3019 defunctis
3216 2963 3592 3032 pratbettdam‘
3615 2962 3755 3034 pras-

2143 3045 2421 3129 sumpsisti
2452 3054 2701 3109 mihimet
2729 3054 3032 3125 denegare?
3060 3053 3190 3125 quid
3218 3054 3285 3110 ad
3323 3062 3400 3115 te,
3431 3068 3601 3126 rogo,
3632 3070 3754 3125 per-

2146 3147 2285 3201 tinet
2334 3148 2403 3201 de
2444 3146 2650 3215 judicio
2695 3145 2910 3209 divino,
2962 3147 3106 3217 quod
3152 3145 3207 3201 in
3257 3156 3345 3201 me
3394 3143 3604 3200 factum
3636 3156 3752 3213 est,

445 3248 505 3293 et
528 3237 596 3293 ad
624 3236 987 3292 del'unctionis
1007 3233 1124 3303 ejus
1155 3234 1331 3290 locum
1356 3237 1683 3303 quantocius
1709 3236 2038 3307 pmprravit.
2069 3240 2113 3301 C
2145 3237 2439 3305 quidquam
2478 3235 2772 3304 judicare?
2817 3237 2959 3292 Deus
3003 3238 3151 3294 enim
3200 3236 3331 3293 fecit
3378 3238 3433 3292 in
3487 3254 3578 3293 mc
3631 3254 3752 3309 qua:

443 3321 748 3388 Pmdiettts
771 3329 935 3402 igitur
956 3330 1207 3401 princeps
1227 3329 1445 3383 Italicus
1468 3328 1594 3382 talia
1620 3328 1750 3382 mihi
1777 3327 1830 3381 in
1851 3329 2041 3383 eodvm

408 3434 415 3440 '
448 3409 699 3495 tempore
722 3422 1014 3480 nuntiavit.
1043 3419 1200 3478 Unde
1232 3420 1393 3476 nimis
1427 3418 1762 3474 invocandus
1791 3429 1874 3473 est
1901 3420 2043 3475 licus

446 3526 508 3572 ut
533 3517 863 3573 misereatur
905 3514 1062 3572 nobis
1103 3513 1283 3570 dando
1310 3513 1586 3584 principes
1619 3512 1752 3567 tales
1781 3512 1871 3583 qui
1902 3523 1956 3567 et
1984 3527 2044 3568 se

445 3618 504 3665 et
539 3609 641 3666 sibi
671 3608 919 3665 subditos
963 3617 1071 3663 tam
1109 3621 1374 3679 pauperes
1404 3620 1566 3677 quam
1614 3604 1808 3659 divites
1855 3619 2045 3675 regere

447 3703 688 3769 valeant.
718 3702 855 3758 Nam
886 3703 937 3755 in
972 3700 1077 3757 isto
1104 3700 1330 3772 parvulo
1360 3715 1485 3769 rege
1515 3707 1702 3753 nostro
1747 3712 1844 3769 per
1874 3697 2045 3752 multa

446 3804 714 3863 tempora,
732 3793 869 3863 prob
892 3791 1077 3847 dolor!
1107 3791 1181 3846 nil
1207 3792 1485 3863 regiminis
1507 3790 1707 3847 habere
1732 3804 2040 3861 possumus.

447 3883 577 3940 Haec
604 3883 788 3954 itaque
815 3893 1031 3954 egomet
1056 3898 1086 3938 a
1116 3868 1373 3952 praedicto
1399 3881 1688 3938 venerabili
1744 3881 2043 3953 llumperto

452 3975 711 4045 episcopo
740 3974 1012 4032 referente
1055 3989 1390 4046 agnoscens,
1419 3974 1544 4030 aliis
1573 3987 1787 4045 quoque
1816 3975 1885 4030 ad
1914 3975 2045 4031 redi—

448 4064 760 4145 ticationcm
783 4065 987 4121 credidi
1015 4078 1138 4120 esse
1163 4063 1486 4120 intimanda.

872 4177 1051 4236 VISIO
1092 4177 1341 4235 DECIMA
1385 4177 1636 4233 SEXTA.

451 4269 739 4336 Fuldensis
780 4273 1068 4335 monachus
1096 4269 1159 4325 ob
1198 4280 1438 4340 negatam
1465 4270 1521 4325 in
1551 4271 1784 4339 defuncti
1813 4272 2039 4339 gratiam

521 4344 857 4413 pra’bendnm
906 4358 999 4398 seu
1062 4340 1441 4413 eleemosynam
1498 4342 1726 4412 ﬂagellis
1792 4342 2042 4395 divinitus

520 4429 711 4473 cretus.

522 4523 681 4583 Libet
705 4526 869 4583 etiam
900 4526 1094 4583 litteris
1127 4526 1338 4581 tradere
1363 4527 1492 4597 quid
1536 4526 1591 4582 in
1638 4525 1892 4581 Fuldensi
1921 4541 2040 4581 mo-

2145 3325 2332 3382 rolnit.
2363 3325 2746 3382 Verumtamen
2781 3342 2923 3394 non,
2971 3336 3030 3383 ut
3075 3337 3129 3383 tu
3162 3337 3356 3399 putas,
3392 3327 3445 3384 iu
3476 3345 3567 3384 me
3597 3328 3748 3385 fecit.

2144 3416 2283 3485 Quia
2312 3416 2480 3489 igitur
2506 3418 2693 3488 inique
2733 3426 2790 3473 et
2820 3416 2875 3472 in
2917 3414 3183 3486 judicium
3223 3418 3467 3475 divinum
3491 3429 3548 3475 et
3580 3420 3636 3475 in
3667 3435 3753 3476 me

2142 3526 2306 3585 agere
2353 3512 2784 3583 prmsumpsisti,
2815 3514 3146 3570 sententiam
3178 3514 3424 3586 aliquam
3471 3516 3753 3573 sustinere

2143 3604 2311 3660 debes
2335 3644 2349 3669 ,
2380 3612 2443 3659 ut
2472 3613 2527 3660 et
2553 3612 2604 3659 tu
2639 3605 2692 3660 in
2723 3605 2910 3662 futuro
2940 3606 3140 3663 saeculo
3172 3607 3353 3664 debita
3396 3610 3607 3665 evadas
3642 3618 3753 3664 tor-

2143 3706 2325 3753 menta
2357 3707 2411 3754 et
2438 3697 2528 3753 alii
2560 3711 2656 3767 per
2686 3707 2737 3753 te
2768 3699 3054 3770 depravati
3075 3701 3443 3773 corrigantur.
3471 3702 3573 3758 llis
3592 3702 3750 3758 dictis

2141 3789 2209 3843 ad
2236 3788 2545 3843 columnam
2596 3788 2705 3845 illic
2736 3798 2971 3845 stantem
3001 3806 3125 3846 eum
3169 3790 3388 3847 fortiter
3416 3792 3672 3862 alligavit
3698 3805 3752 3849 et

2143 3879 2463 3951 aliquandiu
2495 3881 2615 3936 dire
2652 3881 2982 3938 verberavit.
3033 3883 3153 3950 Quo
3202 3883 3349 3939 facto
3390 3882 3558 3940 solvit
3587 3882 3747 3951 eum,

2141 3971 2332 4028 dicens
2366 3991 2378 4026 :
2418 3970 2699 4043 Vadejam
2751 3982 2806 4028 et
2850 3973 3112 4030 fratribus
3159 3975 3341 4031 indica
3390 3978 3524 4047 quia
3554 3994 3657 4050 pro
3687 3992 3749 4033 eo

2143 4064 2288 4135 quod
2307 4064 2359 4118 in
2386 4080 2471 4120 me
2493 4064 2751 4131 peccasti,
2775 4063 2981 4135 ﬂagella
3004 4065 3131 4121 talia
3150 4065 3447 4138 pertulisti.
3473 4068 3581 4137 Qui
3598 4069 3747 4141 jussa

2142 4153 2408 4224 implens,
2439 4154 2526 4209 die
2556 4153 2697 4209 faeta
2727 4154 3073 4225 congregatis
3103 4156 3357 4211 omnibus
3385 4156 3671 4212 intimavit
3693 4166 3748 4211 et

2141 4249 2384 4304 ostendit
2410 4248 2539 4319 quid
2567 4246 2873 4318 pertulerit.
2905 4247 3031 4303 Ilaec
3065 4247 3233 4319 igitur
3256 4262 3358 4319 ego
3392 4249 3467 4303 ita
3494 4249 3755 4305 evenisse

2141 4340 2369 4395 audiens
2424 4339 2626 4396 litteris
2698 4338 2915 4394 tradere
2968 4340 3196 4407 curavi,
3264 4352 3497 4408 sperans
3548 4338 3748 4393 exinde

2142 4432 2379 4503 aliquem
2407 4430 2581 4501 posse
2598 4430 2881 4487 aediﬁcari.

2499 4541 2680 4600 VISIO
2738 4541 2998 4599 DECIMA
3065 4540 3384 4597 SEPTIMA.

451 4618 696 4677 nasterio
742 4618 1011 4689 quondam
1064 4591 1585 4690 contigisse'nupcr
1632 4634 1663 4674 a
1714 4617 2037 4689 quibusdam

2146 4637 2496 4708 Tlieopham'w
2520 4635 2873 4711 imperatricis
2894 4634 2956 4688 ob
2986 4632 3171 4689 fraxino
3202 4634 3418 4688 vestium
3448 4633 3507 4688 in
3533 4650 3733 4711 purga-

449 4710 698 4782 ejusdem
744 4708 1060 4765 monasterii
1104 4707 1365 4765 fratribus
1411 4708 1778 4765 referentibus
1822 4708 2036 4780 agnovi.

448 4800 647 4856 Fertur
673 4815 910 4871 namque
954 4800 1028 4857 ibi
1075 4801 1373 4857 monachus
1397 4801 1619 4873 quidam
1669 4801 1838 4857 fuisse
1862 4799 2040 4855 ollicio

447 4890 670 4946 functus
695 4891 1086 4963 praepositum.
1118 4889 1222 4958 Qui
1257 4899 1504 4962 tempore
1547 4889 1688 4946 vicis
1716 4906 1829 4946 sua:
1873 4890 2040 4945 adve-

449 4984 636 5039 niente
682 4991 740 5038 ut
788 4983 1049 5039 fratribus
1096 4983 1343 5040 ciborum
1385 4999 1486 5039 usu
1530 4982 1738 5039 servire
1784 4982 2039 5047 deberet,

445 5084 733 5147 postquam
758 5076 862 5131 hoc
882 5075 969 5129 die
996 5075 1228 5145 quadam
1252 5071 1537 5128 devotione
1562 5060 1775 5126 s'nmma
1805 5070 2041 5138 comple-

446 5164 567 5233 vit,
606 5164 797 5221 volens
839 5164 1004 5219 etiam
1053 5165 1168 5231 ipse
1217 5162 1402 5226 refici,
1454 5161 1522 5213 ad
1570 5160 1776 5223 rivum,
1808 5159 1898 5228 qui
1945 5172 2043 5226 per

446 5253 669 5292 h'mmlri
694 5254 938 5292 nﬁ‘mirme
985 5256 1182 5292 rlnnlnc
1210 5264 1379 5292 nrnnn
1430 5248 1776 5292 refectui-inm
1824 5247 2039 5292 rleﬂuit-

2772 4707 2906 4760 torio
2932 4720 3117 4776 parum.

2218 4800 2563 4857 Itcminiscor
2610 4799 2787 4854 adhuc
2831 4796 3111 4867 cujusdam
3162 4794 3422 4860 visionis,
3473 4794 3669 4851 nescio
3716 4809 3747 4849 ι

2144 4907 2283 4963 quo,
2316 4891 2448 4946 mihi
2492 4890 2766 4961 quondam
2795 4886 2978 4943 relata:
3019 4888 3086 4943 de
3130 4885 3467 4955 Theophane
3505 4885 3745 4955 impera-

2148 4986 2304 5040 trice.
2335 4983 2445 5038 Sed
2474 4998 2597 5037 cum
2637 4997 2861 5037 sensum
2892 4995 3313 5048 sermonemque
3343 4977 3586 5032 dicentis
3630 4990 3746 5033 cer-

2151 5078 2358 5131 tissime
2414 5077 2704 5131 retinerem
2751 5084 2806 5128 et
2836 5073 2980 5143 quod
3026 5086 3133 5126 non
3180 5072 3251 5125 ob
3300 5069 3481 5135 aliud,
3538 5070 3643 5124 nisi
3682 5069 3745 5123 ad

2148 5169 2561 5224 :ediiicationem
2587 5165 2823 5229 dixerit,
2849 5163 3041 5229 sciam,
3066 5161 3253 5217 nescio
3282 5162 3412 5231 quid
3437 5161 3578 5216 mibi
3608 5160 3748 5215 obsit

2149 5260 2290 5290 nunn.‘
2334 5275 2440 5290 nn...
2461 5274 2561 5288 ΛιιΛ
2599 5257 2885 5288 κΛΓ-ιαΛσιΙῗο
2916 5273 2942 5286 Α
2984 5258 3246 5286 m.\nsA-.:n
3278 5256 3481 5286 lyra-3.!!-
3536 5256 3744 5284 "gul-Dei.
