3942 5340
196 290 304 349 $73

1470 308 1475 313 ε
1550 276 1754 356 Lmen
1795 295 2143 361 visroatnt.

3362 299 3469 357 δτι

189 412 400 487 fueram
428 413 708 493 connubio
736 413 973 473 Cmsaris
1009 412 1251 473 Ottonis.
1298 415 1380 472 Ad
1427 415 1543 470 haec
1585 416 1774 489 virgo,
1808 420 1854 479 Α
1882 412 2148 468 diabolica
2201 411 2395 484 expelli
2446 428 2564 469 mos
2616 419 2732 479 est,
2794 410 3167 468 invocationes
3214 411 3469 484 protulit,

190 515 246 563 et
296 506 608 578 quomodo,
659 505 869 577 inquit,
922 522 1068 565 nunc
1132 516 1225 561 tua
1278 522 1366 562 res
1415 519 1536 563 sese
1589 504 1789 562 habet?

190 594 495 666 Respondit
542 610 559 649 :
612 595 883 661 Pessime,
933 597 1061 667 quia
1111 596 1168 652 in
1219 596 1460 652 maximo
1516 603 1789 652 tormento

191 686 364 756 posita
394 700 545 741 sum.
578 684 790 754 Quare,
819 687 932 742 ait?
975 687 1175 743 iterum
1202 686 1522 759 respondit,
1555 687 1687 758 quia
1708 686 1790 742 vi-

190 773 391 833 delicet
412 776 587 831 multa
614 774 887 848 superﬂua
915 785 972 834 et
998 776 1276 833 luxoriosa
1298 776 1590 834 mulierum
1629 791 1791 832 orna-

190 878 404 932 menta,
455 869 658 941 quibus
700 869 910 926 Graecia
964 869 1047 926 uti
1097 870 1272 938 solet,
1320 869 1415 925 sed
1460 877 1687 925 eatenus
1735 869 1789 922 in

190 959 498 1019 Germania:
543 950 900 1033 Franeiaeque
926 960 1227 1034 provinciis
1274 967 1431 1016 erant
1472 959 1747 1030 incognita
1771 998 1788 1025 ,

185 1051 296 1110 huc
323 1053 510 1124 primo
541 1051 714 1108 detuli
767 1068 1054 1123 memeque
1099 1051 1304 1108 eisdem
1333 1052 1456 1122 plus
1482 1067 1642 1122 quam
1684 1051 1788 1106 hu-

192 1156 366 1199 manm
414 1151 626 1198 natura:
656 1144 1000 1209 conveniret,
1026 1142 1377 1200 circumdans
1420 1151 1476 1197 et
1507 1143 1560 1198 in
1602 1142 1791 1214 hujus-

191 1237 335 1293 ruodi
366 1233 556 1292 habitu
585 1235 779 1292 nocivo
825 1237 1083 1294 incedens
1111 1235 1251 1292 alias
1299 1235 1558 1293 mulieres
1584 1235 1788 1290 similia

168 1334 512 1396 appetentes
533 1341 762 1396 peccare
786 1325 910 1383 feci.
935 1324 1063 1383 llaec
1088 1336 1216 1383 sunt
1242 1327 1388 1383 enim
1414 1342 1532 1383 mea
1554 1336 1777 1397 peccata

190 1418 467 1479 maxima,
501 1433 604 1488 pro
634 1418 833 1488 quibus
875 1418 1052 1474 merui
1092 1426 1355 1489 teternam
1387 1418 1789 1475 damnationem

192 1498 331 1582 pati.
380 1500 515 1576 Quae
564 1495 825 1565 nimirum
871 1519 1091 1579 peccata
1142 1519 1293 1565 tanto
1332 1508 1582 1581 graviora
1614 1507 1789 1574 fuere,

190 1584 397 1679 quanto
438 1586 623 1657 minus
664 1615 732 1656 ea
762 1600 847 1657 vel
874 1616 996 1657 esse
1022 1612 1249 1672 peccata
1295 1600 1625 1656 existimavi.
1653 1599 1789 1663 Nam

175 1682 238 1765 lsi
263 1691 392 1760 talia
436 1690 645 1751 scirem
676 1706 799 1747 esse
851 1686 1104 1763 peccata,
1149 1688 1471 1763 pmnitcntia
1500 1690 1685 1760 utique
1715 1689 1788 1744 di-

136 1766 151 1853 ί
189 1779 413 1836 luissem
443 1781 653 1863 aliqua.
682 1780 869 1861 77Nune.
889 1796 1019 1854 ergo
1063 1784 1188 1852 quia
1224 1782 1359 1837 mihi
1400 1780 1580 1854 divina
1613 1781 1788 1850 gratia
1823 1772 1864 1831 il

191 1886 343 1927 ccnci
356 1884 511 1926 ssum
543 1881 628 1926 est
654 1881 712 1952 ut
740 1872 838 1928 tibi
863 1887 1129 1944 apparens
1146 1882 1199 1929 et
1222 1889 1337 1945 pect
1354 1884 1443 1928 ata
1469 1888 1587 1928 mea
1603 1882 1657 1928 et
1680 1883 1791 1931 tor-

191 1975 373 2018 menta
396 2004 413 2029 ,
443 1980 570 2036 quae
598 1981 700 2037 pro
726 1967 817 2035 bis
844 1967 1045 2045 patior,
1081 1968 1354 2034 intimare,
1388 1977 1443 2023 tu
1473 1985 1571 2039 pro
1600 1983 1788 2023 amore

190 2048 282 2112 Dei
320 2058 377 2113 in
405 2060 661 2116 oratione
706 2069 795 2114 tua
826 2069 1102 2117 memento
1147 2062 1277 2118 mei.
1325 2062 1451 2118 Scio
1491 2062 1635 2127 enim
1651 2062 1788 2132 quia

190 2158 648 2221 quantuscunque
682 2151 974 2206 meruerim
1024 2166 1217 2223 papas
1260 2153 1566 2218 sristinere,
1598 2168 1697 2224 pro
1724 2169 1792 2208 eo

143 2304 162 2315 77
192 2247 370 2294 tamen
403 2240 548 2308 quod
576 2239 634 2297 in
668 2239 773 2296 fide
816 2239 1093 2315 Catholica
1132 2243 1514 2314 perseveravi,
1546 2244 1589 2298 si
1623 2243 1791 2314 aliqui

174 2320 331 2385 servi
366 2331 461 2384 Dei
507 2346 606 2400 pro
638 2346 729 2387 me
758 2340 1074 2387 constanter
1098 2348 1261 2389 orare
1288 2331 1522 2399 vellent,
1550 2333 1615 2388 de
1640 2334 1796 2388 dant-

154 2412 414 2477 natione
460 2432 730 2495 perpetua
776 2438 864 2478 me
911 2423 1145 2482 liberare
1194 2436 1435 2496 possent.
1488 2426 1585 2482 His
1633 2427 1797 2498 igitur

145 2574 156 2594 7
192 2514 353 2573 dictis
380 2502 844 2591 discessit’imagn
871 2517 1164 2588 loquentis.
1193 2519 1331 2587 Quid
1353 2534 1484 2576 vero
1504 2534 1603 2589 pro
1622 2535 1787 2576 causa

193 2604 360 2675 petita
394 2603 587 2660 fecerit
614 2606 789 2677 virgo,
820 2609 905 2662 cai
931 2609 1181 2664 revelata
1205 2620 1291 2665 est
1318 2611 1433 2667 haec
1461 2611 1620 2679 visio,
1652 2611 1795 2671 scire

196 2710 299 2767 nrq
322 2712 431 2752 reo.
467 2697 579 2768 Ego
615 2704 806 2779 tamen
836 2698 1082 2770 ejusdem
1113 2700 1343 2756 visionis
1378 2702 1522 2757 dicta
1551 2700 1797 2757 recolens

194 2788 262 2843 ob
284 2791 394 2845 hoc
415 2805 445 2846 s
478 2789 593 2845 tibi:
604 2807 660 2847 re
680 2791 770 2845 hic
793 2792 1029 2861 decrevi,
1052 2802 1111 2847 ut
1128 2792 1292 2863 aliqui
1312 2793 1412 2848 ista
1435 2803 1796 2866 agnoscentes

192 2894 293 2949 pro
318 2879 692 2961 imperatricis
716 2884 989 2954 praedicta:
1012 2885 1353 2956 absolutione
1379 2886 1546 2941 Deum
1563 2901 1797 2942 exorare

153 3038 160 3042 _
193 2984 384 3040 seque,
418 2989 488 3027 ne
509 2972 717 3050 sinilia
747 2974 1045 3044 patiantur,
1088 2978 1346 3035 studeant
1372 2978 1682 3035 emendare.

591 3085 774 3143 VISIO
808 3086 1065 3144 DECIMA
1102 3089 1402 3147 OCTAVA.

162 3202 165 3205 π
198 3174 499 3248 Suspensus
530 3179 586 3234 in
605 3179 850 3264 patibulo
884 3182 1198 3264 mirabiliter
1236 3202 1269 3240 a
1310 3185 1441 3254 ﬁliis
1468 3184 1526 3239 in
1555 3187 1661 3241 vita
1692 3200 1799 3242 ser-

294 3290 297 3293 .
356 3316 363 3319 7
690 3318 693 3319 7
728 3261 880 3305 vatus
920 3261 969 3304 et
1014 3261 1270 3310 nutritus.

152 3410 155 3411 7
196 3410 199 3411 7
267 3335 439 3409 Cupio
484 3347 541 3394 et
574 3337 707 3394 illud
757 3353 1009 3409 promere
1036 3344 1178 3412 quol
1221 3361 1392 3415 nuper
1446 3346 1662 3405 fidelem
1698 3363 1801 3405 no-

196 3439 425 3503 tumque
476 3431 612 3485 mihi
658 3432 889 3487 fratrem
921 3434 1104 3491 audivi
1138 3435 1365 3492 referre.
1412 3439 1618 3495 Retulit
1658 3440 1803 3497 enim

201 3522 267 3576 de
295 3522 518 3577 homine
543 3522 821 3592 quodam,
851 3539 1010 3595 quem
1061 3526 1166 3581 sibi
1219 3528 1353 3585 satis
1397 3540 1587 3585 notum
1630 3539 1686 3586 et
1712 3530 1806 3585 Al-

200 3611 416 3667 lrieum
444 3611 615 3667 etiam
645 3613 854 3669 dictqu
881 3631 1004 3672 esse
1028 3616 1346 3683 allirmavit,
1382 3620 1542 3688 quia,
1579 3638 1702 3677 cum
1728 3622 1807 3677 iu-

201 3716 406 3760 nocens
435 3703 489 3758 in
518 3705 762 3774 patibulo
788 3720 1082 3778 suspensus
1104 3719 1249 3766 esset
1270 3749 1285 3776 ,
1315 3709 1457 3766 infra
1505 3714 1805 3770 hebdoma-

162 3861 168 3865 _
201 3796 325 3850 dam
346 3836 361 3860 ,
391 3812 517 3866 qua:
545 3804 675 3853 tunc
695 3807 819 3868 post
846 3797 1208 3857 Pentecosten
1240 3803 1492 3871 proxime
1520 3805 1724 3871 evenit,
1751 3804 1804 3859 in

200 3890 398 3944 eodem
428 3890 676 3961 patibulo
709 3891 864 3947 vivus
910 3895 1174 3963 penderet
1201 3910 1341 3965 pene
1373 3911 1545 3968 usque
1570 3898 1638 3952 ad
1670 3896 1808 3954 festa

205 3983 382 4039 sancti
408 3983 599 4042 Jacobi
634 3985 901 4055 apostoli,
931 3988 1151 4058 quando
1179 3989 1396 4044 scilicet
1446 4000 1656 4060 tempus
1690 4000 1811 4045 erat

165 4131 171 4135 .
206 4077 466 4132 metendi.
495 4075 673 4134 Locus
700 4086 886 4135 autem
907 4120 922 4146 ,
959 4080 1050 4135 ubi
1082 4082 1373 4151 pependit,
1417 4082 1582 4137 messi
1634 4083 1810 4138 conti-

155 4245 163 4251 7
209 4184 351 4240 guns
380 4169 613 4225 exstitit.
643 4170 783 4226 Cum
813 4185 944 4241 ergo
985 4172 1074 4227 die
1102 4173 1357 4243 quadam.
1377 4174 1562 4229 rustici
1594 4174 1660 4229 ad
1698 4180 1811 4231 me-

208 4261 435 4319 tendum
466 4262 852 4327 eonvenirent,
882 4262 1062 4319 subito
1087 4265 1180 4335 qui
1222 4279 1320 4334 per
1340 4265 1571 4323 multant
1602 4276 1812 4337 tempus

207 4352 985 4424 pependit,.laquco‘disrupta
1007 4353 1075 4410 de
1096 4355 1341 4424 patibulo
1362 4357 1559 4413 cecidit
1578 4372 1813 4429 moxque

208 4459 397 4513 gressu
423 4444 639 4498 nutanti
665 4445 735 4498 ad
766 4442 1015 4511 fontem,
1055 4444 1150 4517 qui
1180 4446 1258 4502 ibi
1300 4462 1467 4518 prope
1495 4456 1644 4511 erat.
1672 4448 1813 4504 bibi-

210 4543 363 4609 turus
388 4534 645 4591 accessit.
700 4532 822 4601 Quo
849 4534 969 4591 viso
1013 4544 1286 4593 metentes
1311 4552 1504 4593 omnes
1530 4539 1812 4607 perterriti

212 4625 503 4698 fugerunt,
554 4629 897 4685 arbitrantes
942 4644 1081 4702 opus
1126 4644 1249 4686 esse
1295 4629 1617 4686 diabolicum
1666 4631 1812 4701 quod

214 4710 471 4789 agebatur
496 4735 619 4790 per
667 4733 1019 4791 suspensum.
1067 4720 1177 4776 Sed
1223 4720 1348 4786 ille,
1392 4729 1679 4791 postquam
1708 4722 1811 4777 ali-

183 4853 187 4856 .
214 4825 344 4879 quat.
372 4810 468 4867 ulu
493 4827 527 4865 ιι
564 4806 728 4877 bibit,
755 4820 908 4867 recto
944 4812 1172 4873 tramite
1197 4814 1266 4869 ad
1289 4814 1469 4870 vicum
1501 4814 1810 4882 proximum

213 4917 356 4975 prope
376 4920 510 4960 rant
557 4904 609 4959 in
654 4905 882 4961 domum
924 4918 1089 4959 suam
1141 4905 1384 4960 divertit.
1439 4905 1574 4961 Cum
1627 4915 1810 4963 autem

180 5038 183 5039 ν
214 4996 424 5073 rustici,
444 4994 541 5067 qui
569 4993 741 5066 paulo
761 5001 887 5048 ante
911 4992 1184 5064 fugientes
1212 4995 1442 5068 ingressi
1472 5004 1599 5051 sunt
1624 4996 1814 5051 domos

198 5101 377 5157 .suas,
412 5088 549 5146 talia
600 5086 1063 5157 conspexissent,
1104 5084 1362 5157 fugerunt
1404 5088 1569 5144 etiam
1619 5088 1813 5143 exinde

219 5191 403 5243 omnm
441 5188 679 5250 cxcepla
726 5175 974 5247 cjusdem
1024 5176 1262 5235 hominis
1304 5178 1568 5250 conjuge,
1610 5178 1814 5250 quaein

220 5274 394 5327 eadem
430 5272 558 5340 die,
609 5286 754 5340 prcu
806 5278 1059 5340 poterat,
1086 5285 1186 5340 pro
1217 5273 1337 5340 ejus
1372 5272 1551 5326 anima
1582 5273 1817 5340 eleemo-

1889 502 2148 572 adjurans
2200 514 2303 571 ut,
2358 506 2404 560 si
2456 505 2679 576 spiritus
2730 504 2998 577 malignus
3050 512 3227 571 esset,
3285 502 3475 581 procul

1889 596 2229 656 abscederet.
2280 595 2347 651 At
2386 595 2474 652 ille
2511 597 2730 670 propius
2766 594 3030 653 accedens
3079 595 3147 651 ad
3191 580 3474 666 conjugcm

1888 686 2060 743 dixit:
2105 685 2265 753 Noli,
2310 700 2524 758 quaeso,
2564 686 2672 742 noli
2711 686 2901 741 timere
2938 699 3218 741 accessum
3252 680 3473 751 meum:

1888 778 1982 832 sed
2019 792 2121 847 pro
2156 784 2309 833 certo
2343 790 2610 848 cognosce
2647 790 2732 830 nte
2770 775 2946 829 virum
2986 782 3139 829 tuum
3172 786 3331 837 esse,
3381 771 3473 841 qui

1890 866 1943 921 in
1973 865 2247 937 patibulo,
2291 865 2435 922 sicut
2472 865 2652 931 nosti,
2691 864 2765 920 fui
2802 879 3133 933 suspensus,
3172 861 3266 919 sed
3302 861 3475 933 gratia

1888 957 2067 1012 divina
2091 964 2446 1014 succurrente
2492 956 2544 1010 iu
2572 956 2762 1011 eodem
2793 955 3032 1026 patibulo
3060 955 3128 1010 ad
3158 953 3324 1009 vitam
3353 964 3477 1011 sum

1888 1061 2222 1106 reservatus.
2258 1049 2341 1104 Ad
2379 1051 2496 1105 haec
2534 1047 2772 1105 mulier:
2812 1047 2898 1113 Si,
2934 1048 3140 1119 inquit,
3169 1047 3286 1103 haec
3311 1045 3385 1101 ita
3414 1058 3480 1103 so

1889 1142 2323 1206 habent,accede
2351 1140 2574 1212 propius
2605 1140 2657 1195 in
2687 1139 2904 1195 nomine
2936 1137 3169 1204 Dotnini,
3200 1145 3258 1194 et
3281 1151 3476 1197 enarra

1890 1234 2048 1290 nobis
2076 1232 2346 1304 quomodo
2380 1232 2603 1289 vixeris.
2642 1232 2715 1285 At
2752 1230 2843 1286 ille
2883 1229 3212 1301 respondens
3246 1227 3360 1283 ait:
3402 1229 3478 1283 De

1889 1326 1974 1381 his
2000 1324 2145 1381 nulla
2173 1338 2431 1394 responsa
2458 1322 2619 1387 dabo,
2647 1321 2959 1391 priusquam
2984 1318 3052 1375 ad
3075 1318 3362 1393 ecclesiam
3386 1331 3481 1373 ve-

1890 1433 2028 1474 nero
2058 1434 2073 1485 ;
2108 1417 2235 1473 illuc
2264 1417 2409 1473 enim
2442 1415 2495 1470 in
2526 1413 2721 1485 primis
2750 1413 2938 1495 venire
2968 1413 3157 1484 cupio,
3192 1419 3249 1466 ut
3277 1410 3483 1481 gratias

1890 1526 2046 1582 agam
2076 1500 2433 1580 omnipotenti
2467 1508 2608 1575 Deo,
2637 1506 2728 1577 qui
2759 1522 2845 1562 me
2882 1506 3183 1569 clementer
3221 1502 3485 1565 mirabili-

1893 1610 2083 1670 terque
2114 1600 2367 1670 prtesenti
2400 1599 2527 1655 vita:
2559 1597 2880 1655 reservavit.
2921 1597 3053 1653 illuc
3090 1597 3258 1652 etiam
3301 1595 3486 1651 veniat

1897 1685 2151 1763 quisquis
2204 1706 2238 1746 a
2292 1705 2380 1746 me
2432 1687 2960 1765 audiredesiderat
3024 1702 3149 1758 qua:
3202 1687 3349 1743 circa
3398 1690 3487 1743 me

1895 1794 2048 1857 gesta
2094 1766 2242 1841 sunt.
2291 1783 2389 1839 llis
2434 1782 2619 1852 itaque
2656 1781 2818 1838 dictis
2848 1780 3163 1851 properavit
3201 1779 3267 1833 ad
3306 1777 3484 1837 eccle-

1893 1880 2029 1934 siam
2071 1880 2256 1951 ibique
2289 1877 2605 1949 aliquandiu
2644 1882 2955 1946 prostratus
3001 1873 3112 1929 Deo
3147 1872 3356 1929 debitas
3392 1886 3483 1934 re-

1894 1972 2017 2027 tulit
2044 1972 2271 2043 gratias.
3452 2032 3459 2039 7

1964 2066 2179 2121 lnterea
2208 2064 2359 2135 plebs
2383 2065 2561 2120 omnis
2578 2105 2592 2129 ,
2618 2078 2737 2133 quae
2762 2070 2888 2119 ante
2916 2061 3157 2133 fugerat,
3188 2075 3491 2132 agnoscens

1893 2172 2021 2212 vere
2068 2172 2189 2226 qua:
2226 2156 2296 2210 ab
2335 2156 2558 2211 homine
2597 2155 2741 2211 facta
2782 2154 3124 2226 sunt,.quod
3174 2152 3388 2208 scilicet
3434 2160 3491 2206 et

1894 2250 1999 2304 rite
2025 2248 2345 2319 loqueretur
2374 2247 2442 2303 ad
2471 2248 2759 2321 conjugem
2791 2257 2845 2302 et
2871 2246 2940 2301 ad
2971 2245 3259 2303 ecclesiam
3287 2260 3487 2317 prope-

1832 2410 1835 2411 7
1894 2347 2112 2407 rasset,
2136 2339 2393 2395 convenit
2419 2339 2626 2410 pariter
2656 2338 2786 2393 illuc
2811 2377 2827 2402 ,
2860 2336 3149 2393 sciscitans
3187 2335 3257 2391 ab
3293 2335 3487 2391 eodem

1894 2431 2131 2503 qualiter
2179 2430 2234 2485 in
2285 2438 2437 2486 tanto
2488 2439 2733 2499 tempore
2778 2443 3076 2499 suspensus
3124 2425 3377 2481 vixisset.
3420 2421 3495 2479 At

1896 2523 1986 2578 ille
2032 2521 2309 2592 respondit
2328 2520 2560 2578 dicens:
2603 2519 2735 2576 Mira
2762 2517 3152 2590 omnipotentis
3180 2516 3275 2572 Dei
3309 2514 3487 2587 gratia

1896 2614 2030 2669 vixi.
2065 2613 2203 2681 Quia
2232 2613 2378 2668 enim
2416 2622 2548 2668 octo
2588 2612 2826 2667 infantes
2859 2610 2927 2666 de
2964 2610 3237 2679 baptismo
3273 2607 3489 2678 suscepi

1899 2706 2090 2776 eisque
2115 2705 2369 2765 omnibus
2401 2702 2777 2763 catechizandi
2811 2701 2880 2757 ad
2911 2701 3070 2755 fidem
3101 2713 3317 2754 sacram
3347 2712 3491 2768 prie-

1900 2799 2047 2864 mia,
2099 2806 2328 2869 excepto
2371 2810 2517 2862 uno,
2559 2794 2802 2865 praebui,
2839 2790 3124 2847 videbatur
3164 2788 3297 2843 mihi
3347 2785 3497 2856 quod

1901 2890 2275 2962 unusquisque
2313 2904 2501 2945 eorum
2539 2901 2680 2959 quos
2714 2885 2783 2941 ad
2820 2884 2980 2940 ﬁdem
3017 2881 3298 2946 conduxi,
3332 2878 3490 2948 quIa

1900 2982 2152 3038 ordinem
2201 2979 2428 3052 singulis
2466 2979 2659 3035 diebus
2699 2983 2880 3032 semet
2915 2974 3145 3046 pedibus
3182 2970 3320 3026 meis
3372 2967 3500 3023 sub~

1871 3088 2142 3145 ponens,
2182 3072 2251 3128 ab
2290 3070 2436 3127 omni
2477 3069 2725 3127 molestia
2759 3066 3027 3139 pendendi
3072 3078 3160 3120 me
3210 3062 3496 3118 relevarct.
3524 3114 3539 3123 ,
3619 3118 3623 3125 .

1903 3167 2147 3236 Cumque
2177 3164 2282 3219 hoc
2309 3178 2407 3233 per
2435 3171 2645 3232 septem
2674 3161 2790 3216 dies
2819 3159 3108 3215 continuos
3138 3154 3387 3211 levamen
3412 3151 3501 3221 ju-

1903 3258 2044 3329 giter
2077 3255 2400 3320 sensissem,
2438 3253 2494 3307 in
2533 3260 2728 3308 octava
2770 3251 2858 3306 die
2896 3263 3147 3319 magnam
3195 3244 3498 3313 molestiam

1903 3348 2145 3419 pendens
2175 3345 2408 3417 pertuli,
2440 3344 2566 3414 quia
2599 3352 2727 3398 tunc
2754 3358 2785 3397 a
2817 3340 2966 3396 nullo
2995 3339 3366 3394 sustentabar.
3404 3334 3501 3393 ilia

1906 3457 2147 3512 namque
2172 3440 2258 3495 die
2288 3454 2517 3509 puerum
2546 3445 2799 3492 octavum
2820 3475 2837 3500 ,
2868 3432 2955 3490 cui
2987 3430 3137 3488 nulla
3167 3432 3310 3485 dona
3340 3428 3496 3492 dedi,

1904 3535 2335 3595 circumeuntem
2363 3528 2580 3599 quidem
2610 3540 2778 3599 prope
2808 3522 3105 3596 patibulum
3134 3520 3279 3587 vidi,
3312 3519 3406 3577 sed
3430 3518 3519 3574 ab.

1903 3641 1971 3682 eo
2007 3624 2082 3683 nil
2121 3621 2269 3680 soliti
2306 3619 2591 3676 lcvaminis
2626 3616 2867 3690 percepi.
2904 3614 3173 3671 Praaterea
3208 3610 3503 3682 quemdam

1907 3726 2075 3775 tanta:
2113 3714 2404 3775 suavitatis
2432 3726 2685 3785 saporem
2717 3710 2770 3765 in
2802 3723 2898 3764 ore
2923 3722 3044 3764 meo
3068 3718 3285 3777 semper
3314 3702 3506 3760 adesse

1906 3809 2229 3872 sentiebam,
2253 3816 2314 3862 ut
2352 3815 2408 3862 et
2446 3818 2665 3861 omnem
2703 3801 2948 3857 ciborum
2988 3799 3350 3857 humanorum
3388 3793 3504 3852 fra-

1907 3899 2184 3968 grantiam
2214 3895 2508 3953 excelleret
2532 3903 2588 3951 et
2617 3907 2895 3965 nunquam
2923 3890 3134 3946 esurire
3163 3902 3251 3944 me
3276 3874 3504 3959 permit-

1911 3997 2071 4044 teret.
2100 3987 2256 4044 Nunc
2296 4003 2458 4059 ergo,
2488 3985 2615 4057 quia
2661 3984 2803 4040 miro
2842 3977 3217 4038 sustentaculo
3260 3977 3507 4048 miroque

1910 4079 2115 4136 ferculo
2142 4094 2239 4150 per
2267 4080 2496 4151 gratiam
2542 4077 2632 4132 Dei
2662 4075 2771 4131 vita
2799 4073 2931 4129 mihi
2969 4085 3211 4144 praesens
3247 4083 3507 4126 concessa

1910 4181 2030 4237 est,
2064 4170 2198 4226 nihil
2225 4169 2370 4224 aliud
2397 4168 2593 4224 amodo
2619 4166 2888 4239 agendum
2920 4162 3052 4218 mihi
3084 4168 3283 4224 restat,
3316 4158 3511 4215 nisiut

1912 4262 2094 4333 aliquo
2120 4262 2216 4318 Dei
2246 4259 2470 4317 servitio
2499 4273 2587 4314 me
2616 4256 2937 4327 mancipare
2959 4253 3241 4318 studeam;
3274 4250 3511 4320 ideoque

1913 4369 2105 4425 precor
2131 4361 2190 4409 ut
2230 4366 2356 4408 cum
2384 4350 2628 4407 omnium
2657 4358 2901 4403 vestrum
2928 4345 3201 4418 adjutorio
3246 4343 3301 4401 in
3330 4342 3510 4399 eccle-

1842 4485 1889 4545 D
1915 4447 1996 4501 sia
2024 4444 2375 4501 mansionarii
2410 4455 2624 4498 merear
2656 4437 2806 4510 fungi
2834 4436 3032 4494 olllcio.
3074 4437 3248 4505 Quam
3288 4434 3510 4508 petitio-

2179 4534 2189 4545 .
2386 4531 2417 4545 η
2566 4531 2581 4545 1
2693 4528 2729 4545 ι.
2816 4528 2892 4545 ,o.o
2918 4544 2950 4545 η
2988 4528 3000 4545 9
3026 4543 3049 4545 ,_
3078 4544 3085 4545 κ
3110 4520 3296 4545 _:M_x_!-
3327 4524 3507 4545 ξιιμ--

1917 4551 2041 4592 nem
2061 4534 2225 4605 ,quia
2252 4531 2505 4588 omnibus
2530 4528 2770 4602 placuit,
2803 4528 2963 4585 citius
2988 4520 3300 4599 impetravit
3327 4524 3513 4595 ibique

1917 4637 2103 4698 postea
2143 4642 2239 4697 per
2280 4639 2452 4680 annos
2491 4623 2674 4694 plures
2718 4621 2927 4692 positus
2969 4621 3022 4674 in
3050 4620 3189 4673 bona
3215 4607 3510 4673 conversa-

1919 4720 2067 4776 tione
2116 4719 2283 4774 vitam
2339 4726 2662 4786 praesentem
2709 4712 2907 4768 finivit.
2958 4708 3281 4780 Hujusmodi
3327 4706 3515 4775 itaque

1918 4809 2179 4868 miracula
2209 4826 2238 4862 a
2267 4809 2503 4880 quodam
2541 4805 2683 4863 ﬁdeli
2716 4805 2889 4861 fratre
2914 4801 3043 4858 mihi
3074 4816 3180 4855 una
3224 4811 3348 4855 cum
3392 4795 3514 4850 aliis

1918 4918 2048 4964 sunt
2074 4904 2245 4965 relata
2272 4920 2289 4969 ;
2322 4904 2437 4958 haec
2459 4902 2626 4959 etiam
2649 4915 2749 4971 ego
2766 4940 2781 4961 .
2807 4898 2930 4955 aliis
2957 4895 3239 4967 profutura
3265 4889 3512 4949 credens,

1915 4997 1983 5052 ad
2011 5009 2200 5052 eorum
2235 4992 2485 5049 notitiam
2516 4990 2715 5046 litteris
2749 4987 3047 5043 transferre
3077 4979 3317 5038 decrevi.

1988 5084 2192 5142 Deinde
2232 5098 2393 5150 vero,
2438 5084 2569 5153 quia
2608 5081 2813 5137 nullam
2855 5077 3015 5134 aliam
3056 5072 3352 5133 visionem,
3393 5080 3515 5138 qua:

1884 5172 2259 5243 temporibus
2314 5172 2531 5228 nostris
2581 5168 2874 5233 acciderit,
2930 5159 3315 5243 proferendam
3365 5153 3513 5221 scio,

1918 5242 2184 5335 quasdam
2213 5269 2346 5317 ante
2373 5268 2620 5334 tempora
2653 5257 2821 5314 multa
2850 5255 3117 5326 prolatas,
3145 5248 3243 5303 sed
3266 5242 3535 5340 plurimis.
