3942 5340
474 233 582 288 315

1481 238 1781 297 OTﬂLO‘Ni
1806 234 2122 295 .MONACIH
2163 235 2222 292 S.
2262 234 2683 293 ΕΜΜΕΠΑΜΜΙ

3628 234 3749 289 -Ξῖε

476 345 768 424 quamdam
816 363 883 404 ex
932 349 1123 407 sancti.
1151 349 1414 419 Bonifacii
1460 352 1704 423 epistolis
1752 361 2065 423 exceptam,
2096 352 2145 413 Α
2174 350 2349 406 vando
2390 360 2445 406 et
2482 348 2833 415 excusando;
2908 355 2963 404 et
3004 347 3239 419 seipsum
3290 348 3470 407 omnia
3537 339 3751 406 audisse

473 451 640 507 quam
668 438 782 507 ipse
809 439 1020 495 cuidam
1049 452 1311 499 matrona:
1340 442 1586 501 scribens
1623 444 1802 511 misit,
1842 442 2067 512 conjun-

472 542 601 599 gere
634 529 810 600 cupio.
853 526 1058 586 Scribit
1086 539 1269 587 autem
1299 532 1402 589 hoc
1432 534 1592 590 modo
1618 538 1633 588 ἐ

890 642 1070 702 VISIO
1104 646 1359 704 DECIMA
1398 648 1610 704 NONA.

510 733 572 790 S.
614 734 876 809 Bonifatii
907 738 1141 809 episcopi
1168 749 1216 792 et
1252 739 1502 809 martyris
1532 739 1753 809 epistola
1784 739 1849 795 de
1871 717 2028 794 dictis

741 816 789 861 rt
824 805 949 860 rixis
970 807 1248 876 cujusdam
1279 805 1519 864 monachi
1556 805 1787 864 rediriri.

446 873 471 978 ᾗ
543 890 795 969 negabas
838 912 954 961 me,
1000 912 1159 953 soror
1201 899 1520 954 charissima
1549 940 1565 966 ,
1610 909 1670 954 ut
1716 900 2063 957 admirandas

458 986 711 1042 -visiones
752 987 821 1042 de
857 986 950 1042 illo
990 988 1263 1051 redivivo,
1292 990 1383 1060 qui
1425 1006 1598 1061 nuper
1636 992 1689 1047 in
1732 995 2062 1050 monasterio

460 1076 749 1150 ‘Milburga:
789 1080 1079 1137 abbatissae
1120 1091 1370 1139 mortuus
1395 1094 1480 1139 est
1507 1093 1563 1140 et
1590 1086 1813 1147 revixit.
1849 1102 1969 1158 qua:
2010 1088 2060 1142 ei

461 1177 704 1225 ostensa;
755 1179 913 1235 sunt,
968 1171 1260 1227 scribendo
1309 1173 1564 1230 intimare
1602 1184 1656 1229 et
1692 1178 2061 1234 transmittere

468 1275 722 1316 curarem
770 1261 1226 1331 quemadmodum
1275 1262 1408 1329 ista,
1451 1268 1746 1322 reverenda
1787 1266 2059 1341 abbatissa

471 1346 740 1407 llildelida
787 1351 1095 1414 referente.
1127 1353 1313 1409 didici.
1354 1354 1510 1410 Modo
1549 1357 1813 1427 siquidem
1858 1361 2060 1428 gratias

474 1443 834 1513 omnipotenti
867 1444 976 1499 Deo
1004 1444 1215 1508 refero,
1244 1447 1369 1515 quia
1400 1448 1452 1503 in
1485 1449 1589 1504 hoc
1614 1450 1919 1505 dilectionis
1957 1461 2060 1507 tua:

469 1534 803 1592 voluntatem
856 1536 1068 1607 pl.-nirs
1109 1538 1501 1610 liquidiusque.
1549 1542 1656 1597 Deo
1697 1544 2057 1616 patrocinium

469 1634 762 1692 praestante
781 1669 795 1690 ,
828 1626 1052 1698 implere
1080 1629 1235 1686 valeo
1256 1672 1273 1696 ,
1302 1632 1428 1702 quia
1457 1632 1572 1703 ipse
1596 1650 1716 1689 cum
1744 1637 2057 1706 supradicto

473 1712 645 1771 fratre
676 1718 917 1774 redivivo
935 1759 950 1780 .
980 1720 1104 1775 dum
1134 1737 1306 1791 nuper
1333 1723 1398 1777 de
1424 1725 1803 1780 transmarinis
1823 1725 2063 1793 partibus

471 1805 540 1859 ad
571 1806 703 1863 istas
728 1809 974 1877 pervenit
1012 1810 1259 1880 regiones
1294 1810 1506 1867 locutus
1543 1829 1684 1878 sum,
1728 1824 1783 1869 et
1822 1815 1908 1869 ille
1931 1816 2061 1869 mihi

470 1899 770 1968 stupendas
805 1900 1075 1967 visiones,
1107 1917 1243 1972 quas
1270 1914 1424 1958 extra
1461 1919 1660 1975 corpus
1689 1922 1843 1961 suum
1878 1917 2064 1978 raptus

472 1988 527 2043 in
556 1989 748 2060 spiritu
778 1991 950 2056 vidit,
981 1993 1203 2063 proprio
1231 1996 1480 2064 exposuit
1507 2011 1778 2051 sermone.
1960 2049 1965 2055 .

541 2082 766 2138 Dicebat
787 2092 966 2139 autem
992 2100 1051 2141 se
1070 2074 1168 2155 per
1187 2086 1439 2143 violentis
1460 2090 1795 2160 aegritudinis
1820 2089 2061 2145 dolorem

471 2170 718 2241 corporis
764 2174 1058 2244 gravedine
1113 2174 1292 2229 subito
1341 2187 1564 2233 exutum
1600 2179 1767 2235 fuisse
1805 2190 1858 2236 et
1894 2181 2063 2236 simil-

462 2259 660 2315 'limum
691 2275 811 2319 esse
838 2263 1153 2329 collatione,
1180 2265 1343 2321 veluti
1374 2269 1417 2323 si
1446 2269 1679 2325 videntis
1708 2280 1757 2327 et
1790 2271 2064 2343 vigilantfs

471 2348 713 2406 hominis
742 2352 1066 2408 densissimo
1093 2355 1233 2410 oculi
1269 2358 1503 2427 tegmine
1525 2359 1788 2426 velentur,
1811 2371 1864 2417 et
1883 2363 2063 2419 subito

468 2440 751 2498 auferatur
788 2445 1058 2512 velamen,
1094 2456 1148 2502 et
1184 2458 1311 2505 tunc
1350 2453 1639 2523 perspicua
1687 2453 1797 2508 sint
1844 2455 2060 2519 omnia,

470 2547 591 2603 qua:
620 2544 749 2592 ante
774 2550 881 2592 non
911 2536 1057 2602 visa,
1088 2548 1145 2595 et
1176 2542 1349 2596 velata
1388 2550 1444 2597 et
1480 2543 1664 2613 ignota
1702 2541 1902 2599 fuerint
1928 2562 1944 2611 ;
1982 2545 2063 2602 sic

466 2624 570 2680 sibi
596 2623 808 2694 abjecto
830 2636 1060 2685 terrena:
1085 2633 1268 2688 carnis
1289 2633 1555 2689 telamine
1569 2646 1694 2690 ante
1715 2647 2060 2708 conspectum

469 2715 786 2772 universum
825 2717 1113 2774 collectum
1164 2721 1334 2777 fuisse
1384 2725 1642 2780 mundum
1690 2736 1749 2782 ut
1791 2736 2061 2785 terrarum

472 2813 657 2873 partes
679 2846 693 2869 ,
728 2814 785 2862 et
819 2808 1046 2878 populos
1081 2817 1135 2865 et
1170 2812 1340 2867 maria
1380 2814 1483 2870 sub
1522 2831 1629 2871 uno
1663 2825 2058 2888 aspcctu'con-

472 2904 738 2963 tueretur,
768 2907 822 2954 et
855 2908 964 2954 tam
994 2916 1204 2972 magna
1234 2902 1500 2961 claritatis
1537 2916 1592 2962 et
1628 2894 1929 2977 splendoris
1964 2928 2061 2966 an-

473 2983 625 3053 gelos
649 3001 771 3041 eum
808 3002 1086 3059 egressum
1116 2993 1184 3049 de
1212 3009 1440 3067 corpore
1468 3001 1770 3070 suscepisse
1801 3011 1858 3058 ut
1886 3003 2062 3059 nulla-

2169 440 2495 512 tlagitiorum
2524 455 2745 497 suorum
2778 440 2997 510 propria
3024 439 3370 509 peccamina,
3407 454 3529 508 qua:
3564 438 3695 495 fecit
3718 454 3747 496 a

2159 528 2449 599 jurentutc
2500 546 2632 593 sua,
2674 539 2729 586 et
2762 530 2829 585 ad
2865 527 3231 584 coutlteudum
3273 540 3365 584 aut
3390 528 3635 600 neglexit
3660 538 3751 585 aut

2142 617 2419 679 ‘oblivioni
2463 623 2718 687 tradidit,
2766 621 2851 677 vel
2891 622 2959 677 ad
3000 630 3285 693 peccatum
3325 611 3604 692 pertinere
3631 636 3751 676 om-

2164 711 2295 766 nino
2325 710 2604 766 nesciebat
2634 710 2802 782 ipsius
2830 709 3050 781 propria
3082 724 3214 764 voce
3245 719 3431 764 contra
3464 708 3614 762 illam
3645 708 3754 767 cla-

2126 864 2129 867 Ἴ
2163 799 2387 855 tuitasse
2422 810 2477 855 et
2514 815 2637 856 eum
2676 800 2968 856 durissime
3006 813 3293 854 accusasse
3314 839 3328 863 ,
3358 809 3413 854 et
3442 797 3753 871 specialiter

2162 890 2584 962 unumquodque
2628 890 2862 956 vitium,
2916 891 3069 961 quasi
3125 905 3191 945 ex
3242 906 3339 946 sua
3384 905 3649 961 persona,
3696 890 3752 972 in

2162 981 2400 1036 medimn
2438 996 2497 1037 se
2532 981 2794 1037 obtulisse
2832 981 3091 1049 dicendo,
3129 982 3397 1052 quoddam
3430 998 3445 1036 :
3481 980 3597 1051 Ego
3634 994 3752 1035 sum

2160 1074 2429 1145 cupiditas
2459 1085 2578 1142 tua,
2610 1093 2732 1147 qum
2762 1075 2950 1132 illicita
2981 1075 3419 1147 frequentissime
3447 1085 3504 1131 et
3532 1086 3752 1133 contra-

2161 1165 2241 1218 ria
2280 1166 2570 1236 prmceptis
2609 1166 2702 1221 Dei
2738 1166 3085 1237 concupisti;
3119 1167 3390 1236 quoddam
3428 1182 3561 1222 vero
3593 1185 3608 1220 :
3642 1167 3752 1239 Ego

2160 1272 2279 1311 smn
2332 1272 2468 1310 vana
2518 1258 2719 1327 gloria,
2772 1273 2879 1328 qua
2932 1268 2983 1312 te
3027 1260 3167 1330 apud
3203 1259 3451 1315 homines
3481 1256 3756 1327 jactanter

2160 1347 2460 1413 exaltasti;
2522 1349 2712 1402 aliud:
2764 1347 2875 1420 Ego
2926 1365 3046 1403 sum
3103 1349 3482 1415 mendacium,
3536 1350 3591 1404 in
3648 1364 3754 1420 quo

2161 1437 2471 1492 mentiendo
2511 1439 2743 1508 peccasti
2774 1455 2787 1505 ;
2829 1438 2974 1493 aliud
3009 1456 3023 1493 :
3053 1438 3164 1511 Ego
3199 1455 3317 1494 sum
3353 1440 3587 1495 otiosum
3629 1457 3753 1495 ver-

2160 1527 2286 1583 butn
2307 1570 2322 1593 ,
2355 1528 2497 1598 quod
2524 1529 2759 1584 inaniter
2787 1530 2999 1588 locutus
3026 1531 3205 1599 fuisti;
3234 1533 3380 1588 aliud
3405 1548 3421 1588 :
3445 1534 3558 1604 Ego
3585 1535 3752 1600 visus,
3796 1560 3801 1563 ν

2157 1634 2267 1688 quo
2301 1619 2533 1675 videndo
2588 1620 2774 1677 illicita
2807 1624 3076 1691 peccasti;
3108 1623 3290 1679 aliud:
3330 1623 3442 1695 Ego
3470 1633 3755 1680 contuma-

2096 1704 2136 1760 Β
2164 1707 2248 1762 cia
2281 1718 2337 1762 et
2367 1708 2763 1774 inobedientia,
2795 1725 2899 1780 qua
2931 1711 3239 1768 senioribus
3269 1713 3608 1783 Spiritalihus
3640 1715 3755 1772 ino-

2164 1798 2386 1856 bediens
2422 1800 2604 1867 fuisti;
2638 1800 2784 1857 aliud
2815 1821 2829 1857 :
2864 1804 2976 1875 Ego
3005 1812 3194 1875 torpor
3222 1813 3277 1859 ct
3306 1805 3512 1860 desidia
3544 1806 3601 1860 in
3632 1821 3756 1863 san-

2163 1903 2374 1946 czorum
2408 1892 2708 1947 studiorum
2747 1892 3032 1965 neglectu;
3075 1894 3262 1950 aliud:
3301 1895 3413 1966 Ego
3437 1910 3572 1967 vaga
3605 1896 3751 1964 cogi-

2165 1982 2298 2038 tatio
2325 1992 2381 2038 et
2410 1984 2618 2039 inutilis
2652 2000 2816 2047 cura,
2851 2000 2955 2055 qua
2996 1995 3049 2041 te
3084 2002 3246 2057 supra
3287 1986 3508 2042 modum
3543 1988 3663 2043 sive
3699 1986 3750 2042 in

2161 2076 2389 2132 ecclesia
2421 2078 2535 2133 sive
2560 2087 2715 2132 extra
2739 2076 3025 2135 ecclesiam
3055 2081 3390 2150 occupabas;
3425 2080 3572 2136 aliud
3599 2097 3615 2135 :
3643 2082 3757 2153 Ego

2163 2168 2523 2225 somnolentia
2546 2211 2561 2233 ,
2610 2185 2715 2241 qua
2754 2186 3047 2241 oppressus
3085 2173 3238 2226 tarde
3275 2174 3342 2229 ad
3381 2174 3750 2231 confitendum

2164 2262 2272 2317 Deo
2299 2261 2619 2327 surrexisti;
2652 2261 2795 2316 aliud
2823 2281 2836 2314 :
2867 2262 2980 2334 Ego
3008 2263 3112 2318 iter
3134 2264 3369 2319 otiosum
3396 2281 3411 2328 ;
3442 2264 3590 2320 aliud
3616 2266 3757 2336 :Ego

2161 2368 2282 2407 sum
2322 2352 2649 2422 negligentia
2685 2364 2740 2408 et
2775 2353 3019 2419 incuria,
3052 2370 3157 2425 qua
3191 2354 3443 2411 detentus
3473 2371 3607 2426 erga
3637 2367 3754 2411 stu-

2161 2445 2309 2500 diutn
2359 2445 2556 2500 divina:
2598 2445 2849 2502 lectionis
2895 2446 3201 2501 incuriosus
3249 2446 3427 2514 fuisti;
3464 2458 3520 2502 et
3560 2458 3757 2504 caetera

2161 2533 2248 2590 his
2277 2536 2476 2591 similia
2506 2537 2720 2598 omnia,
2753 2552 2874 2607 qua:
2903 2538 2955 2592 in
2988 2535 3177 2593 diebus
3205 2537 3329 2593 vine
3360 2554 3471 2593 sua:
3500 2539 3554 2593 in
3592 2555 3756 2595 carne

2162 2638 2521 2684 conversatus
2542 2628 2746 2697 peregit
2776 2637 2830 2682 et
2860 2628 3110 2684 confiteri
3143 2629 3399 2701 neglexit.
3432 2628 3601 2685 Multa
3629 2645 3759 2702 quo-

2162 2732 2298 2788 que,
2330 2734 2451 2790 quae
2482 2720 2549 2773 ad
2582 2728 2865 2788 peccatum
2895 2721 3167 2789 pertinere
3190 2721 3412 2777 omnino
3435 2721 3753 2793 ignorabat,

2160 2821 2348 2866 contra
2370 2826 2492 2866 eum
2514 2819 2708 2866 cuncta
2736 2810 3052 2866 terribiliter
3070 2810 3460 2866 vociferabant.
3489 2811 3758 2867 Similiter

2160 2911 2215 2957 ct
2259 2900 2483 2972 maligni
2525 2901 2783 2972 spiritus,
2818 2900 3170 2957 iu‘omnibus
3203 2910 3572 2958 consonantes
3607 2902 3755 2956 vitiis

2162 2992 2468 3048 accusando
2496 3000 2551 3047 et
2578 2991 2788 3047 duriter
2816 2992 3177 3059 testificando,
3203 3001 3259 3049 et
3287 2992 3405 3048 loca
3434 3002 3491 3047 et
3509 3000 3754 3062 tempora

472 3072 631 3131 tenus
659 3091 771 3148 prze
795 3079 962 3136 nimio
990 3082 1279 3152 splendore
1303 3054 1356 3141 in
1383 3103 1478 3144 eos
1503 3054 1747 3160 aspicere
1774 3106 2055 3164 ροιυιεςρτ,
2085 3054 2132 3113 C
2164 3082 2518 3138 nefandorum
2546 3091 2766 3137 actuum
2795 3091 3191 3147 memorantes,
3223 3085 3410 3139 eadem
3428 3125 3442 3149 ,
3472 3097 3598 3155 qua:
3622 3099 3752 3156 pec-

450 3161 574 3229 ‘Qui
590 3163 846 3233 jocundis
871 3177 924 3225 et
949 3173 1205 3230 consonis
1231 3177 1452 3232 vocibus
1479 3182 1747 3236 canebant
1772 3161 1788 3236 ξ
1818 3182 2059 3251 Domine,

472 3272 540 3311 ne
576 3258 632 3312 in
670 3259 753 3314 ira
787 3269 877 3315 tua
912 3279 1109 3333 arguas
1147 3283 1258 3331 me,
1294 3285 1459 3340 neque
1485 3271 1539 3327 in
1567 3272 1748 3342 furore
1775 3285 1865 3330 tuo
1895 3280 2062 3333 corri-

467 3350 587 3420 pias
615 3367 698 3407 me
728 3352 749 3424 (
769 3350 916 3411 Psal.
945 3371 1028 3421 vr,
1065 3358 1084 3412 l
1113 3357 1154 3430 ).
1187 3359 1255 3416 Et
1292 3363 1648 3421 sublevabant
1682 3366 1733 3421 in
1774 3383 1936 3434 aere,
1974 3371 2059 3427 di-

469 3442 581 3507 xit,
620 3458 875 3509 sursum;
925 3457 981 3503 et
1030 3448 1086 3504 in
1137 3452 1367 3509 circuitu
1426 3456 1591 3511 totius
1644 3458 1829 3512 mundi
1880 3460 2057 3531 ignem

470 3534 751 3592 ardentem
783 3537 1029 3595 videbam
1050 3582 1066 3608 ,
1096 3551 1152 3597 et
1178 3541 1451 3601 flammam
1483 3546 1761 3603 immensze
1791 3551 2059 3622 magnitu-

471 3623 618 3682 dinis
652 3627 1000 3685 anhelantem
1029 3642 1083 3687 et
1117 3635 1437 3691 terribiliter
1463 3638 1532 3692 ad
1561 3639 1842 3708 superiora
1867 3656 2058 3697 ascen-

444 3715 689 3807 ‘dentem
738 3736 849 3776 non
899 3721 1059 3777 aliter
1102 3738 1241 3794 pene
1291 3742 1455 3798 quam
1501 3738 1562 3784 ut
1607 3731 1709 3788 sub
1750 3748 1859 3788 uno
1903 3734 2061 3807 globo

469 3806 643 3860 totius
696 3808 881 3863 mundi
920 3812 1226 3869 machinam
1268 3818 1751 3888 complectentem,
1788 3823 1893 3879 nisi
1938 3838 2060 3879 eam

452 3906 694 3954 sanctus
716 3899 939 3969 angelus
960 3901 1225 3974 impresso
1252 3906 1407 3979 signo
1429 3920 1630 3966 sancite
1656 3914 1833 3968 erucis
1857 3914 2058 3970 Chr'sti

469 3998 862 4060 compesceret.
892 3989 1122 4059 Quando
1145 3982 1289 4051 enim
1322 3998 1375 4053 in
1402 3999 1616 4056 obviam
1650 4003 1875 4058 minacis
1901 4004 2050 4059 llam.

452 4084 577 4132 ‘mte
600 4078 811 4149 signum
839 4081 1019 4138 crucis
1041 4096 1410 4154 expresserat,
1441 4099 1566 4147 tunc
1595 4106 1788 4164 magna
1816 4109 1881 4149 ex
1909 4104 2060 4165 parte

464 4166 790 4225 decrescens
815 4172 1037 4240 resedit,
1062 4183 1115 4230 et
1147 4174 1304 4233 istius
1325 4176 1556 4235 ﬂammae
1587 4182 1849 4239 terribilis
1864 4186 2059 4241 ardore

448 4260 794 4319 ‘intolerabili
832 4266 1151 4337 torquebar,
1180 4270 1354 4328 oculis
1384 4274 1620 4329 maxime
1648 4277 1964 4333 ardentibus
2002 4287 2058 4335 et

465 4352 755 4423 splendore
789 4355 1107 4429 fulgentium
1139 4361 1427 4433 Spirituum
1458 4366 1935 4424 vehementissime
1966 4384 2054 4425 re-

2160 3183 2283 3229 cata
2311 3174 2596 3238 dixerunt,
2629 3173 3038 3230 conclamantes
3066 3171 3387 3246 probabant.

2230 3267 2381 3323 Vidit
2427 3281 2645 3338 quoque
2691 3265 2765 3322 ibi
2815 3265 3090 3322 hominem
3137 3266 3459 3338 quemdam,
3505 3266 3595 3322 cui
3638 3264 3749 3336 jam

2161 3357 2216 3413 in
2266 3356 2509 3413 saeculari
2563 3354 2752 3412 habitu
2802 3355 3005 3426 degens
3060 3356 3258 3413 vulnus
3311 3353 3537 3423 inflixit,
3588 3371 3748 3426 quem

2138 3450 2337 3521 adhuc
2390 3449 2445 3503 in
2497 3449 2602 3503 hac
2652 3449 2760 3503 vita
2817 3461 3103 3517 superesse
3155 3447 3424 3521 referebat
3473 3448 3544 3502 ad
3603 3448 3752 3503 testi.

2166 3538 2407 3595 monium
2438 3539 2703 3594 malorum
2730 3554 2953 3595 suorum
2980 3520 3309 3607 adductum;
3343 3539 3501 3609 cujus
3547 3554 3749 3596 cruen-

2152 3632 2334 3685 tatum
2392 3637 2452 3684 et
2510 3637 2704 3700 patens
2778 3629 2974 3686 vulnus
3031 3638 3088 3684 et
3152 3630 3374 3702 sanguis
3433 3631 3549 3700 ipse
3616 3646 3747 3701 pro-

2160 3719 2278 3791 pria
2331 3735 2465 3775 voce
2516 3720 2754 3776 clamans
2810 3720 3299 3791 improperabatet
3338 3719 3646 3791 imputabat
3699 3719 3747 3775 ei

2161 3809 2383 3865 crudele
2445 3808 2598 3866 effusi
2664 3808 2948 3881 sanguinis
3000 3810 3249 3876 crimen;
3306 3819 3362 3866 et
3421 3811 3502 3867 sic
3561 3824 3750 3866 cumn-

2161 3899 2286 3956 latis
2361 3909 2414 3956 et
2486 3901 2815 3971 computatis
2894 3899 3192 3956 sceleribus
3266 3902 3476 3972 antiqui
3562 3902 3750 3958 hostes

2163 3988 2509 4045 allirmabant
2565 4006 2691 4045 eum
2765 4005 2918 4044 reum
2980 4000 3145 4061 atque
3204 4001 3547 4063 peccatorem
3608 3990 3748 4064 juris

2160 4092 2348 4134 eorum
2388 4088 2446 4135 et
2489 4078 2817 4136 conditionis
2864 4078 3234 4136 indubitanter
3276 4081 3465 4138 fuisse.
3509 4082 3748 4140 Eeontra

2160 4177 2375 4237 autem,
2418 4169 2599 4233 dixit,
2652 4178 2977 4226 excusantes
3024 4186 3112 4226 me
3158 4170 3515 4230 clamitabant
3563 4187 3748 4246 parrae

2157 4264 2389 4319 virtutes
2412 4262 2629 4327 animm,
2675 4277 2812 4333 quas
2842 4276 2945 4335 ego
2991 4262 3159 4318 miser
3199 4263 3418 4335 indigne
3444 4273 3502 4320 et
3547 4265 3751 4335 imper»

2161 4359 2301 4413 fecte
2327 4356 2534 4427 peregi.
2573 4354 2826 4424 Qumdam
2858 4355 3045 4410 dicunt
3071 4373 3085 4410 :
3114 4355 3227 4427 Ego
3261 4372 3381 4412 sum
3409 4357 3744 4421 obedientia,

461 4446 785 4503 verberatus
804 4490 819 4513 ,
844 4449 1019 4507 donec
1043 4451 1339 4523 splendidae
1362 4456 1588 4516 visionis
1615 4458 1837 4531 angelus
1861 4475 2053 4518 manus

2160 4416 2344 4520 quam'
2372 4416 2678 4503 senioribus
2706 4445 3067 4517 spiritalibus
3111 4416 3402 4513 exvhibuit;
3439 4447 3691 4517 quaedam
3720 4458 3743 4503 :

467 4553 581 4593 sine
606 4538 949 4610 impositione
975 4553 1139 4613 caput
1165 4560 1344 4602 meum
1370 4540 1527 4619 quasi
1554 4559 1844 4623 protegens
1875 4560 2056 4625 tange-

452 4627 563 4683 ‘bat
598 4638 655 4684 et
682 4644 770 4686 me
798 4647 827 4687 a
861 4632 1081 4689 lmsione
1109 4635 1451 4693 flammarum
1485 4648 1658 4696 tutum
1691 4642 1940 4698 reddidit.

538 4716 813 4777 Pmterea
848 4719 1123 4779 referebat
1160 4723 1254 4781 illo
1288 4727 1344 4783 in
1385 4731 1644 4799 temporis
1688 4732 1897 4801 spatio,
1945 4746 2053 4804 quo

466 4817 623 4864 extra
658 4825 861 4882 corpus
889 4810 1021 4880 fuit,
1055 4824 1166 4871 tam
1193 4832 1445 4888 magnam
1478 4819 1781 4876 animarum
1809 4823 2045 4894 migran-

456 4901 599 4955 tium
629 4900 698 4957 de
727 4915 960 4974 corpore
986 4905 1422 4975 multitudinem,
1455 4908 1612 4973 illuc,
1644 4910 1737 4967 ubi
1766 4912 1880 4980 ipse
1913 4912 2046 4979 fuit,

462 4993 811 5061 convenisse,
838 5005 1099 5066 quantam
1129 4998 1297 5053 totius
1317 4998 1537 5055 humani
1556 5000 1772 5071 generis
1802 5002 1855 5056 in
1889 5006 2050 5060 terris

463 5097 573 5139 non
600 5083 773 5143 fuisse
811 5098 972 5143 antea
1019 5090 1378 5147 existimaret.
1428 5090 1881 5149 lnnumerabilem
1923 5111 2053 5165 quo—

454 5191 570 5245 que
608 5177 972 5250 malignorum
1010 5182 1299 5252 spir'tuum
1320 5181 1531 5237 turbam
1549 5223 1564 5247 ,
1590 5195 1691 5237 nec
1719 5196 1824 5237 non
1853 5191 1907 5239 et
1936 5170 2050 5237 cla-

430 5265 742 5326 -‘rissimum
772 5272 1001 5328 chorum
1049 5273 1391 5340 superiorum
1444 5273 1757 5340 angelorum
1809 5272 2048 5329 adfuisse

2159 4538 2275 4610 Ego
2294 4536 2591 4607 jejunium,
2622 4548 2728 4605 quo
2749 4550 2947 4607 corpus
2990 4551 3147 4591 suum
3178 4545 3369 4592 contra
3412 4536 3743 4593 desiderium

2160 4629 2342 4686 carnis
2382 4641 2628 4698 pugnans
2653 4625 2986 4696 castigavit;
3024 4626 3174 4681 alia:
3205 4624 3318 4697 Ego
3349 4626 3530 4682 oratio
3568 4639 3740 4699 pura,

2160 4738 2322 4794 quam
2368 4718 2675 4775 eil‘undebat
2723 4718 2779 4772 in
2827 4728 3120 4789 conspectu
3163 4717 3555 4786 Domini;alia
3589 4718 3745 4789 τε.εο

2159 4828 2281 4868 sum
2317 4810 2636 4880 obsequium
2669 4809 3039 4873 infirmorum,
3069 4809 3214 4880 quod
3242 4800 3542 4865 clementer
3568 4823 3745 4882 egro-

2157 4905 2396 4960 tantibus
2453 4901 2697 4960 exhibuit
2732 4917 2747 4970 ;
2794 4900 3087 4974 quaedam:
3128 4902 3244 4971 Ego
3283 4916 3404 4957 sum
3458 4901 3739 4973 psalmus,

2154 5011 2313 5067 quem
2334 5009 2434 5065 pro
2458 4994 2649 5049 odioso
2673 5006 2930 5049 sermone
2973 4992 3320 5048 satisfaciens
3366 4990 3479 5047 Deo
3519 4991 3739 5057 cecinit,

2153 5098 2208 5144 et
2230 5087 2311 5144 sic
2339 5101 2675 5157 unaquteque
2700 5084 2875 5140 virtus
2899 5090 3087 5140 contra
3112 5081 3366 5138 aemulum
3410 5097 3595 5136 suum'
3617 5095 3740 5153 pee-

2155 5184 2336 5234 catum
2363 5176 2672 5232 excusando
2693 5189 2779 5230 me
2799 5174 3132 5231 clamitabat.
3158 5172 3225 5229 Et
3246 5170 3342 5229 has
3360 5172 3435 5228 illi
3462 5172 3740 5228 immensa:

2154 5268 2419 5326 claritatis
2442 5266 2671 5340 angelici
2701 5266 2927 5336 spiritus
2950 5265 3347 5337 inagniflcando
3379 5264 3738 5321 defendentes
