3942 5340
206 348 309 401 577

1549 348 1749 405 LIBER
1792 347 2138 407 \‘lSiONUM.

3341 373 3346 381 -
3365 344 3473 402 578

275 463 487 516 Interea
521 457 791 518 referebat
821 474 879 515 se
931 475 1082 532 quasr
1133 477 1168 517 n
1206 459 1557 522 inferioribus
1604 466 1657 522 in
1688 468 1789 522 hoc
1817 468 1861 526 Λ
1891 462 2066 524 cilicio
2089 463 2372 522 defunctus
2394 473 2499 530 est,
2538 478 2658 536 qum
2685 463 2928 535 speciosa
2957 460 3116 519 nimis
3148 468 3202 518 et
3237 459 3476 522 formosa

205 550 405 605 mundo
432 547 635 604 vidisse
657 550 844 621 igneos
863 559 1052 621 puteos
1095 553 1420 609 horrendam
1471 566 1790 614 cructantes

207 641 480 696 ﬂammam
546 641 805 710 plurimos
867 651 922 696 et
965 654 1282 713 erumpente
1331 653 1468 700 tetra
1533 647 1789 703 terribilis

205 736 418 787 ﬂamma
487 733 629 802 ignis
683 733 980 799 volitasse,
1034 745 1088 789 et
1132 736 1454 791 miscrorum
1510 737 1788 793 hominum

205 826 456 893 Spiritus,
486 827 537 880 in
567 826 920 881 similitudine
962 829 1239 896 nigrarum
1289 831 1469 884 avium
1511 846 1606 900 per
1639 831 1790 885 ﬂam-

201 931 345 970 mam
375 915 682 986 plorantes,
709 927 763 972 et
798 918 1087 985 ululantes,
1112 931 1167 974 et
1192 922 1373 976 verbis
1418 931 1472 975 et
1515 939 1646 978 voce
1693 925 1790 978 hu-

202 1021 357 1060 mana
391 1007 712 1073 stridentes,
735 1016 788 1062 et
835 1008 1079 1080 lugentes
1105 1013 1322 1082 propria
1359 1014 1549 1068 merita
1573 1024 1624 1068 et
1653 1031 1793 1085 prte-

199 1111 322 1152 sens
348 1099 711 1168 supplicium,
761 1103 1070 1157 consedisse
1122 1104 1398 1174 paululum
1440 1107 1707 1161 haerentes
1737 1109 1788 1161 in

200 1184 542 1253 marginibus
570 1197 944 1256 puteorum,et
976 1190 1170 1245 iterum
1218 1193 1484 1262 ejulantcs
1529 1196 1791 1251 cecidisse

195 1273 251 1328 in
277 1283 494 1344 puteos.
535 1277 600 1331 Et
623 1294 759 1332 unus
787 1294 853 1333 ex
882 1282 1086 1351 angelis
1114 1281 1250 1336 dixit
1276 1303 1289 1336 :
1323 1283 1650 1340 Parvissima
1674 1288 1790 1342 lucc

197 1365 420 1434 requies
449 1367 656 1423 indicat
687 1368 812 1439 quia
837 1373 1182 1441 omnipotens
1213 1372 1356 1429 Deus
1388 1375 1441 1428 in
1487 1377 1574 1431 die
1623 1376 1787 1432 futuri

195 1451 379 1520 iudicii
407 1456 496 1511 his
519 1457 804 1513 animabus
830 1460 1170 1533 refrigerium
1193 1465 1442 1534 supplicii
1467 1476 1519 1520 et
1546 1469 1788 1539 requiem
1827 1513 1830 1518 .

198 1557 522 1614 perpetuam
571 1553 910 1618 przestiturus
941 1564 1044 1609 est.
1072 1554 1184 1610 Sub
1230 1557 1334 1610 illis
1383 1567 1563 1612 autent
1613 1562 1789 1629 puteis

193 1637 371 1693 adhuc
409 1639 465 1693 in
498 1639 847 1697 inferioribus
885 1653 939 1697 et
973 1645 1025 1698 in
1059 1645 1169 1698 imo
1211 1645 1480 1714 profundo
1503 1689 1517 1710 ,
1550 1649 1707 1719 quasi
1737 1651 1789 1704 iu

196 1726 412 1783 inferno
440 1730 691 1786 inferiori
725 1734 931 1790 audivit
966 1737 1320 1804 horrendum,
1344 1750 1400 1793 et
1448 1741 1788 1795 tremendum

1893 570 2012 609 esse
2041 555 2156 610 visa
2187 566 2290 622 est,
2322 572 2484 627 quam
2517 554 2735 626 maligni
2769 554 2994 623 spiritus
3044 552 3320 621 rapientes
3346 567 3478 623 cou-

1893 644 2183 700 tendebant
2205 646 2368 702 sortis
2390 661 2575 700 eorum
2599 655 2654 698 et
2685 645 3008 700 conditionis
3031 643 3214 698 fuisse.
3236 642 3477 718 Respon-

1892 735 1970 790 dit
1999 753 2129 806 ergo
2153 753 2292 791 unus
2315 752 2380 792 ex
2402 737 2566 792 choro
2590 728 2906 807 angelorum
2931 737 3118 792 dicens
3144 753 3156 788 :
3181 733 3474 791 Ostendam

1891 828 2046 881 Vultis
2072 829 2201 894 cito,
2233 827 2525 881 miserrimi
2558 827 2803 895 spiritus,
2825 827 2950 896 quia
2978 837 3168 880 vestrm
3195 827 3479 895 potestatis

1893 918 2071 972 anima
2106 919 2193 973 illa
2242 920 2641 989 probaturnon
2671 933 2811 971 esse.
2845 917 2908 970 Et
2947 916 3032 970 bis
3065 916 3224 970 dictis
3259 926 3479 986 repente

1894 1012 2186 1067 intervenit
2239 1027 2432 1082 magna
2481 1011 2676 1065 cohors
2727 1009 3077 1063 eandidarum
3132 1009 3477 1083 animarum,

1892 1117 2012 1170 qua:
2041 1102 2292 1156 dicebant
2321 1119 2333 1153 :
2373 1099 2566 1156 Senior
2590 1109 2643 1153 et
2684 1098 2872 1153 doctor
2917 1108 3104 1154 noster
3129 1097 3228 1152 fuit
3268 1095 3392 1162 iste,
3424 1095 3480 1154 et

1894 1205 1992 1246 nos
2013 1205 2201 1245 omnes
2241 1207 2341 1244 suo
2373 1191 2688 1259 magisterio
2735 1189 2975 1244 lucratus
3002 1199 3085 1244 est
3117 1189 3224 1244 Deo
3249 1230 3264 1255 ,
3293 1198 3346 1244 et
3376 1189 3481 1246 hoc

1892 1281 2068 1350 pretio
2103 1283 2412 1350 redemptus
2439 1291 2522 1335 est
2550 1288 2604 1335 et
2635 1277 2801 1334 vestri
2827 1279 2967 1349 juris
2994 1293 3100 1331 non
3139 1293 3258 1333 esse
3287 1277 3480 1349 digno—

1894 1375 2086 1427 scitur.
2118 1373 2185 1428 Et
2230 1373 2384 1442 quasi
2431 1389 2552 1427 cum
2599 1372 2807 1442 angelis
2837 1380 3025 1427 contra
3070 1371 3342 1426 daemones
3382 1385 3478 1440 pu-

1892 1479 2052 1532 gnam
2080 1463 2318 1527 inirent,
2348 1473 2402 1516 et
2441 1461 2771 1516 adminiculo
2822 1460 3138 1530 angelorum
3187 1460 3482 1530 cripientcs

1895 1551 2040 1605 illam
2070 1551 2308 1606 animam
2353 1552 2418 1606 de
2455 1560 2728 1621 potestate
2782 1551 3142 1620 malignorum
3193 1549 3479 1618 spirituum

1895 1642 2287 1696 liberaverunt.
2327 1643 2393 1696 Et
2435 1651 2562 1698 tunc
2611 1643 2900 1712 int-remus
2939 1641 3159 1712 angelus
3213 1641 3482 1696 «immunes

1895 1735 2072 1790 dixit:
2131 1734 2336 1791 Scitote
2394 1735 2554 1790 modo
2610 1747 2665 1790 et
2717 1735 3000 1805 intelligite
3052 1735 3195 1804 quod
3241 1721 3480 1790 animam

197 1829 251 1874 et
278 1821 434 1878 dictu
463 1823 734 1879 dinicilem
758 1829 1017 1896 gemitum
1050 1839 1103 1885 et
1135 1831 1317 1886 fictum
1347 1832 1645 1902 lugentium
1673 1835 1788 1888 ani-
1823 1831 1863 1887 B
1894 1827 2051 1882 istam
2105 1827 2224 1881 sine
2261 1826 2386 1894 iure
2439 1828 2716 1898 rapuistis,
2747 1836 2800 1882 et
2851 1827 3133 1890 discedite.
3189 1826 3478 1881 miserrimi

193 1931 434 1970 marum.
495 1917 563 1972 Et
612 1919 746 1974 dixit
804 1922 851 1977 ei
901 1923 1166 1991 angelus:
1204 1924 1445 1981 Murmur
1491 1935 1550 1982 et
1595 1925 1789 1993 fletus,

195 2019 357 2073 quem
385 2007 439 2060 in
472 2007 823 2066 inferioribus
864 2013 1040 2077 audis,
1091 2013 1302 2068 illarum
1337 2027 1418 2069 est
1458 2017 1788 2082 animat-tun,

195 2096 257 2149 ad
296 2113 438 2168 quas
470 2115 748 2170 nunquam
800 2102 885 2172 pia
917 2104 1196 2160 miseratio
1229 2105 1441 2160 Domini
1491 2109 1788 2176 perveniet,

194 2187 287 2242 sed
313 2195 521 2246 aeterna
551 2192 673 2247 illas
703 2190 915 2248 ﬂamma
943 2194 1060 2250 sine
1090 2195 1195 2250 fine
1219 2197 1505 2253 crueiahit.

260 2279 417 2336 Vidit
470 2299 688 2357 quoque
734 2287 886 2342 mirrc
921 2291 1253 2346 ammnitatis
1307 2291 1524 2358 locum,
1576 2293 1628 2349 in
1684 2309 1792 2364 quo

194 2370 693 2438 pulcherrimorum
727 2378 1004 2434 hominum
1045 2381 1278 2453 gloriosa
1328 2383 1617 2441 multitudo
1653 2387 1792 2441 miro

197 2463 490 2520 tutabatur
519 2470 740 2538 gaudio,
786 2472 876 2542 qui
905 2487 1028 2527 cum
1075 2475 1377 2530 invitabant
1404 2487 1461 2529 ut
1491 2476 1557 2531 ad
1602 2493 1790 2532 eorum

198 2556 423 2625 gaudia,
447 2558 492 2613 si
516 2560 564 2614 ei
607 2561 816 2617 licitum
849 2562 1055 2631 fuisset,
1086 2581 1208 2622 cum
1237 2569 1316 2623 eis
1343 2568 1627 2639 gavisurus
1647 2570 1794 2625 veni-

197 2655 301 2700 ret.
352 2646 424 2701 Et
472 2649 596 2706 inde
645 2653 795 2707 mine
837 2653 1142 2713 dulcedinis
1183 2656 1467 2728 ﬂagrantia
1516 2661 1787 2726 veniebat,

197 2751 319 2806 qua:
341 2742 628 2795 beatorum
663 2743 879 2800 habitus
923 2745 1044 2813 fuit,
1077 2748 1148 2802 ibi
1183 2751 1638 2820 congaudentium
1682 2753 1792 2822 spi-

200 2828 446 2895 rituum,
508 2847 670 2901 quem
737 2834 914 2890 locum
979 2839 1152 2893 sancti
1217 2840 1394 2911 angeli
1448 2843 1795 2900 afﬁrmabant

201 2920 469 2977 famosum
495 2939 616 2979 esse
654 2925 747 2980 Dei
784 2928 1117 2996 paradisum.
1163 2931 1277 2987 Nec
1324 2949 1432 2986 non
1475 2945 1530 2990 et
1574 2935 1789 3006 igneum

200 3011 523 3084 piceumque
549 3014 774 3082 ﬂamen,
828 3020 1059 3076 bulliens
1086 3031 1141 3078 et
1165 3024 1386 3088 ardens,
1418 3027 1573 3080 mirze
1598 3027 1791 3082 formi-

201 3103 343 3158 dinis
382 3115 438 3159 et
476 3109 773 3165 teterrima:
821 3113 1046 3168 visionis
1094 3118 1406 3182 cernebam,
1433 3134 1600 3190 super
1648 3120 1790 3189 quod

1895 1917 2141 1986 spiritus,
2183 1917 2234 1969 in
2264 1917 2438 1987 ignem
2473 1928 2755 1970 :cternum.
2803 1916 2938 1970 Cum
2969 1931 3095 1971 vero
3133 1916 3231 1970 hoc
3257 1915 3483 1970 dixisset

1895 2008 2136 2080 angelus,
2165 2008 2308 2063 illiro
2345 2009 2563 2078 maligni
2594 2009 2820 2078 spiritus
2868 2009 3181 2063 levaverunt
3223 2007 3404 2061 flettnn
3428 2017 3482 2061 ct

1895 2099 2157 2153 ululatum
2208 2115 2460 2171 magnum
2491 2101 2543 2154 in
2595 2109 2909 2166 momento,
2963 2108 3017 2156 et
3061 2100 3212 2169 quasi
3264 2101 3314 2154 iu
3375 2100 3480 2152 iettt

1896 2191 2032 2248 oeuli
2074 2191 2282 2260 pernict
2338 2193 2519 2246 volatu
2563 2191 2847 2261 jactabant
2889 2206 2948 2246 se
2998 2192 3050 2244 in
3099 2207 3259 2261 supra
3308 2192 3484 2245 dictos

1892 2291 2082 2354 puteos
2112 2284 2252 2352 ignis
2273 2284 2538 2338 ardentis.
2571 2283 2632 2336 Et
2662 2293 2786 2352 post
2832 2284 3103 2338 modicum
3137 2283 3478 2336 intervallum

1892 2377 2088 2432 emersi
2125 2386 2401 2432 certantes
2431 2377 2484 2430 in
2521 2376 2611 2430 illo
2642 2384 2910 2431 conventu
2961 2375 3156 2429 iterum
3187 2376 3251 2428 de
3280 2375 3485 2428 anima-

1893 2481 2010 2520 rum
2041 2465 2250 2520 meritis
2280 2466 2667 2536 disputabant;
2699 2475 2755 2520 et
2783 2466 3126 2522 diversorum
3155 2465 3349 2519 merita
3377 2464 3481 2518 hos

1893 2559 2096 2612 minum
2131 2557 2182 2612 in
2213 2559 2313 2614 hac
2341 2559 2450 2612 vita
2483 2559 2934 2612 eommorantinm
2963 2558 3182 2612 diecbat
3225 2573 3283 2611 sc
3305 2557 3395 2611 illo
3428 2557 3481 2610 in

1895 2657 2136 2718 tempore
2167 2647 2435 2718 speculari
2470 2649 2713 2718 potuisse
2742 2657 2798 2702 et
2850 2647 2970 2701 illos
3001 2687 3016 2711 ,
3063 2647 3153 2715 qui
3185 2645 3484 2701 sceleribus

1892 2739 2113 2794 obnoxii
2139 2756 2243 2794 non
2277 2739 2499 2794 fuerunt
2523 2749 2576 2794 ct
2602 2740 2717 2810 qui,
2763 2739 2969 2794 sanctis
3017 2737 3309 2792 virtutibus
3339 2736 3483 2802 freti;

1892 2830 2183 2901 propitium
2206 2831 2633 2900 omnipotentem
2670 2831 2958 2886 Dominum
3003 2829 3256 2884 habuisse
3294 2844 3486 2883 nosce--

1893 2923 2114 2988 bantur,
2155 2923 2363 2994 angelis
2405 2939 2621 2994 semper
2662 2931 2809 2978 tutos
2865 2938 2931 2977 ac
2977 2919 3250 2988 defensos,
3303 2928 3360 2973 et
3407 2920 3487 2974 eis

1894 3015 2163 3070 charitate
2219 3026 2274 3069 ct
2323 3015 2726 3086 propinquitate
2780 3011 3097 3081 conjunctos
3140 3010 3347 3074 fuisse;
3380 3009 3487 3063 illis

1894 3121 2043 3172 vero,
2085 3106 2174 3175 qui
2207 3105 2449 3161 nefandis
2472 3105 2793 3160 criminibus
2816 3114 2872 3158 et
2898 3102 3181 3157 maculata:
3211 3102 3335 3155 vita:
3359 3116 3481 3162 sor-

203 3195 433 3267 lignum,
465 3204 650 3269 pontis
677 3206 815 3270 vice,
845 3207 1080 3275 positum
1119 3219 1239 3264 erat
1262 3253 1275 3270 ,
1317 3213 1383 3265 ad
1409 3213 1552 3283 quod
1591 3224 1791 3269 sanctae

1912 3196 2070 3252 dibus
2101 3196 2286 3266 polluti
2317 3197 2558 3259 fuerunt,
2589 3195 2961 3249 adversarium
2993 3192 3243 3261 spiritum
3272 3179 3487 3246 assidue

203 3292 564 3364 gloriosmque
587 3298 784 3353 anima:
805 3302 872 3354 ab
904 3301 994 3355 illo
1020 3306 1339 3359 seeedentes
1363 3315 1633 3361 conventu
1665 3320 1793 3377 pro-

205 3388 492 3456 perabaut,
517 3389 794 3446 desiderio
824 3393 1049 3449 alterius
1070 3395 1203 3464 ripa:
1227 3398 1464 3452 transire
1487 3398 1789 3466 cupientes.

205 3482 268 3537 Et
297 3485 549 3554 quadam
580 3502 688 3540 non
713 3488 1008 3545 titubantes
1054 3501 1374 3547 constanter
1433 3494 1736 3547 transibant
1775 3509 1789 3558 ;

205 3577 447 3646 quaedam
482 3594 611 3634 vero
642 3580 924 3639 labefacta?
954 3585 1019 3639 de
1068 3585 1213 3655 ligno
1240 3586 1506 3641 cadebant
1537 3587 1590 3639 in
1626 3594 1792 3640 tarta-

217 3681 366 3723 reum
414 3669 614 3726 flumen
642 3689 658 3738 ;
687 3686 742 3727 et
773 3674 890 3730 alim
926 3676 1274 3747 tingebantur
1299 3693 1438 3746 pene
1477 3677 1630 3746 quasi
1679 3686 1793 3733 toto

207 3774 433 3831 corpore
457 3777 649 3819 mersze
673 3780 688 3830 ;
719 3763 837 3820 alia:
869 3776 1048 3820 autem
1079 3783 1146 3820 ex
1174 3777 1329 3838 parte
1355 3767 1591 3839 quadam
1620 3765 1786 3822 veluti

206 3866 377 3922 usque
430 3853 500 3908 ad
547 3870 769 3926 genua;
819 3859 1067 3927 qnazdam
1131 3877 1304 3932 usque
1365 3863 1432 3916 ad
1501 3861 1785 3928 medium;

209 3946 452 4014 quaedam
479 3962 606 4003 vero
634 3963 805 4018 usque
828 3951 894 4004 ad
921 3951 1176 4007 ascellam
1205 3970 1218 4017 ;
1248 3961 1303 4008 et
1332 3962 1510 4010 tamen
1537 3970 1794 4027 unaquae-

210 4053 312 4106 que
351 4038 666 4094 cadentium
700 4041 869 4096 multo
895 4043 1096 4098 clarior
1142 4046 1546 4117 speciosiorquc
1587 4048 1654 4102 de
1697 4046 1792 4102 nu.

211 4127 354 4182 mine
385 4127 440 4182 in
470 4129 698 4184 alteram
729 4130 1095 4188 descendebat
1123 4136 1294 4206 ripam
1335 4152 1498 4206 quam
1548 4137 1697 4207 prius
1738 4138 1790 4191 in

209 4221 415 4290 piceum
449 4222 684 4278 bulliens
705 4225 988 4282 cecidisset
1009 4227 1228 4282 flumen.
1256 4229 1322 4283 Et
1345 4245 1485 4284 unus
1513 4243 1578 4284 ex
1612 4230 1791 4286 beatis

206 4312 412 4382 angelis
437 4313 506 4369 de
538 4315 646 4370 illis
669 4315 990 4373 cadentibus
1017 4320 1302 4376 animabus
1335 4321 1475 4377 dixit
1503 4335 1517 4374 :
1552 4319 1643 4374 liae
1665 4331 1792 4378 sunt

209 4404 419 4469 animae,
449 4421 572 4476 qua:
597 4418 722 4476 post
766 4410 974 4464 exitum
1017 4411 1263 4466 mortalis
1301 4412 1424 4466 vita:
1467 4412 1790 4481 quibusdam

208 4485 413 4549 levibus
445 4498 595 4552 vitiis
626 4515 734 4554 non
765 4500 988 4557 omnino
1019 4501 1085 4555 ad
1117 4517 1310 4571 purum
1358 4502 1573 4557 abolitis
1605 4503 1788 4574 aliqua

1896 3289 2161 3343 sociatum
2192 3297 2245 3342 ct
2271 3303 2484 3357 semper
2509 3288 2576 3342 ad
2599 3287 2803 3342 scelera
2833 3285 3151 3339 suadentem
3193 3285 3360 3339 fuisse
3382 3324 3397 3349 ,
3431 3291 3488 3338 et

1895 3385 2333 3452 quandocnnqnc
2393 3383 2557 3435 verbo
2601 3380 2683 3435 vel
2732 3380 2876 3434 faeto
2931 3387 3334 3450 peccaverunt,
3385 3377 3488 3432 hoc

1891 3471 2091 3543 iugiter
2111 3472 2266 3542 quasi
2292 3472 2356 3526 ad
2374 3470 2614 3526 laetitiam
2637 3479 2689 3524 et
2723 3469 2976 3537 gaudium
2999 3468 3118 3520 aliis
3139 3464 3486 3537 nequissimis

1895 3567 2176 3636 spiritibus
2240 3567 2290 3618 in
2353 3564 2589 3618 medium
2651 3560 2930 3631 proferens
2981 3558 3368 3614 manifestavit.
3418 3557 3487 3610 Et

1895 3661 2111 3730 quando
2139 3660 2299 3712 homo
2321 3657 2582 3728 peccavit,
2611 3668 2950 3731 nequaquam
2977 3650 3242 3723 malignus
3261 3648 3486 3719 spiritus

1904 3752 2183 3816 sustinuit,
2213 3766 2422 3805 moram
2453 3749 2660 3803 faciens
2688 3745 3072 3816 exspectando,
3095 3746 3266 3798 donec
3289 3745 3484 3799 iterum

1897 3851 2192 3915 peccaret,
2233 3842 2326 3896 sed
2375 3839 2685 3909 singillatim
2741 3834 3163 3904 unumquodque
3203 3833 3394 3888 vitium
3419 3835 3486 3886 ad

1894 3935 2144 3990 notitiam
2171 3934 2399 3988 aliorum
2423 3931 2712 4002 spirituum
2737 3927 3001 3982 offerebat
3025 3944 3039 3993 ;
3063 3936 3118 3981 et
3144 3925 3323 3980 subito
3346 3924 3485 3993 apud

1893 4026 2166 4082 hominem
2192 4036 2411 4096 peccata
2440 4023 2610 4078 suasit
2640 4032 2695 4077 et
2719 4021 2863 4076 illico
2889 4019 3031 4091 apud
3058 4018 3333 4073 dannones
3364 4031 3488 4086 per-

1901 4127 2114 4189 petrata
2137 4115 2554 4172 demonstravit.

1967 4209 2173 4265 Interea
2230 4208 2477 4263 narravit
2506 4222 2566 4260 se
2595 4205 2798 4260 vidisse
2834 4203 3068 4274 puellam
3097 4199 3394 4270 quamdam
3429 4197 3487 4251 in

1895 4304 1996 4357 hac
2027 4314 2243 4356 terrena
2276 4302 2388 4354 vita
2420 4299 2710 4352 molantctn
2742 4297 2792 4350 in
2820 4295 2982 4360 mola,
3028 4309 3148 4364 qua:
3177 4291 3488 4359 viditjuxta

1895 4412 1954 4451 se
1997 4395 2221 4450 alterius
2265 4409 2458 4447 novam
2509 4391 2722 4455 eolum,
2767 4388 3046 4458 sculptura
3086 4388 3397 4448 variatam;
3427 4389 3488 4436 et

1896 4489 2120 4559 pulchra
2156 4487 2203 4542 ei
2229 4487 2342 4540 visa
2374 4485 2508 4548 fuit;
2539 4491 2595 4538 et
2622 4481 2796 4537 furata
2824 4491 2906 4537 est
2932 4481 3102 4535 illam.
3137 4479 3288 4535 Tune
3323 4479 3486 4547 quasi

208 4581 290 4651 pia
315 4583 630 4643 miserentis
658 4587 754 4642 Dei
799 4555 1151 4662 castigatione
1194 4591 1550 4660 indigebant,
1590 4603 1648 4647 ut
1679 4555 1791 4650 Deo

1899 4580 2101 4652 ingenti
2148 4579 2346 4649 gaudio
2391 4577 2581 4646 repleti
2632 4575 2872 4646 quinque
2917 4573 3181 4628 teterrimi
3226 4572 3483 4640 spiritus.

209 4673 358 4746 digne
384 4677 709 4734 offerantur.
744 4680 810 4735 Et
837 4683 981 4739 circa
1010 4684 1137 4739 illud
1183 4684 1379 4739 litamen
1412 4686 1793 4756 speculabatur

209 4780 384 4824 muros
411 4768 726 4840 fulgentes,
787 4771 1075 4828 clarissimi
1123 4774 1465 4843 splendoris,
1513 4779 1794 4848 sttvtpendte

207 4854 559 4928 longitudinis
582 4871 639 4916 et
682 4861 985 4919 altitudinis
1025 4866 1333 4931 immensze,
1365 4875 1418 4920 et
1449 4878 1668 4924 sanctos
1700 4885 1796 4922 an-

207 4951 345 5018 gelos
389 4952 640 5007 dixisse:
677 4952 806 5008 Haec
837 4964 918 5008 est
961 4954 1107 5008 enim
1136 4955 1226 5009 illa
1271 4966 1455 5012 sancta
1500 4967 1555 5011 et
1592 4957 1791 5029 inclyta

207 5038 389 5097 civitas
411 5044 654 5099 cmlestis
678 5041 1042 5110 Hierusalem,
1065 5045 1118 5100 in
1143 5061 1247 5114 qua
1276 5046 1390 5102 ista:
1410 5048 1797 5118 perpetualitcr

207 5144 395 5168 ιοισυιίηη
462 5137 781 5168 ηηιιοιλιίιηυὶι
847 5137 1039 5168 nni-nm
1097 5137 1217 5168 lllnn
1253 5140 1433 5168 :Innnn
1491 5139 1697 5168 nn:rnnn
1746 5149 1792 5168 ΑΙ

1895 4679 1994 4733 huc
2023 4677 2226 4731 furtum
2256 4673 2374 4730 aliis
2398 4673 2448 4728 in
2482 4674 2572 4730 illo
2608 4671 2918 4729 referebant
2946 4681 3243 4736 conventu,
3291 4668 3484 4724 testiﬁ«
3548 4722 3559 4734 κ

1896 4783 2086 4824 eantcs
2112 4768 2257 4823 illam
2285 4766 2411 4822 furti
2439 4783 2588 4822 ream
2618 4777 2673 4819 et
2702 4765 3062 4836 peccatricem
3087 4762 3270 4817 fuisse.
3295 4760 3484 4815 intulit

1895 4877 2111 4930 quoque
2138 4871 2193 4916 et
2222 4861 2339 4916 haec
2374 4878 2386 4914 :
2425 4859 2637 4914 Fratris
2669 4858 2952 4928 enjusdam
2982 4897 2997 4921 ,
3025 4855 3117 4924 qui
3165 4852 3326 4924 paulo
3364 4863 3491 4907 ante

1899 4953 2187 5008 defunctus
2213 4962 2316 5016 est,
2343 4953 2812 5010 animamtristem
2837 4951 2911 5005 ibi
2935 4948 3202 5013 videbam,
3227 4946 3315 5000 eui
3333 4954 3498 4998 antea

1899 5044 2014 5113 ipse
2045 5045 2097 5099 in
2127 5043 2445 5100 infirmitate
2479 5045 2658 5099 exitus
2689 5042 2770 5097 sni
2819 5039 3123 5097 tuinistravi
3153 5047 3208 5092 ct
3231 5035 3491 5100 exsequia

1898 5138 2099 5168 νυν-λιιιά
2164 5139 2264 5168 (\n:
2304 5138 2433 5168 ...ΗΑ
2469 5139 2706 5168 ωΛηῖΛηο
2760 5135 3013 5168 Ἇιοηὶηιὶ“;.
3049 5142 3101 5168 nl
3137 5129 3288 5168 Γεθσηνῖ
3337 5125 3483 5168 ίηίηε
