3942 5340
457 144 562 232 $79

1467 174 1767 233 OTliLONl
1809 165 2119 262 MONAClll
2158 177 2216 234 S.
2260 175 2679 236 EMMERAMMI

3629 186 3729 245 380

455 286 719 344 Ceolredo
748 303 876 358 rege
899 279 1219 344 Merciorum
1245 287 1428 359 (quem
1453 289 1545 345 illo
1577 299 1754 347 tamen
1784 301 2050 362 tempore,
2081 295 2130 354 Α
2157 293 2408 347 cessarize
2452 292 2518 347 ad
2567 279 3014 363 compescendam
3047 295 3226 351 cordis
3265 311 3452 352 eorum
3477 297 3727 365 duritiam

457 397 566 450 quo
602 383 717 436 lucc
747 381 864 436 visa
910 391 1071 444 sunt,
1109 381 1162 434 in
1201 396 1432 451 corpore
1457 381 1628 438 fuisse
1672 399 1778 438 non
1821 384 2042 440 dubium

455 475 562 545 est)
587 490 770 544 quem,
800 483 858 527 ιιι
889 473 1064 537 dixit,
1092 473 1310 528 videbat
1353 475 1600 546 angelico
1650 479 1882 546 quodam
1929 495 2045 532 utn-

455 567 680 621 braculo
730 575 919 621 contra
975 567 1234 637 impetum
1280 568 1674 624 tizcnioniorum
1712 571 1870 640 quasi
1920 570 2044 625 libri

457 661 683 730 aTEcujus
715 659 890 730 magni
923 660 1246 716 extensione
1277 670 1334 715 et
1373 663 1807 732 snperpositione
1855 662 2045 718 defen-

454 768 572 808 s-tm
606 769 620 817 ;
656 752 754 824 ipsi
789 769 916 805 vero
946 753 1220 808 da‘moncs
1246 755 1554 809 anhelando
1583 757 1848 826 rogabant
1874 771 2040 826 ange-

453 845 554 907 los,
609 855 668 899 tit
708 845 888 900 ablata
941 847 1258 903 defensione
1307 847 1395 901 iila
1445 849 1548 919 ipsi
1588 849 2044 917 permitterentur

453 939 796 994 crudelitatis
846 955 1034 993 eorum
1073 941 1408 997 voluntatem
1448 942 1501 997 iit
1552 958 1619 999 eo
1665 958 1946 1000 exercere.
1978 945 2046 1000 Et

456 1033 796 1103 imputabant
817 1035 864 1089 ei
886 1037 1200 1092 horribilem
1224 1053 1289 1092 ac
1313 1037 1600 1093 nefandam
1636 1041 2040 1096 multitudinem

452 1125 814 1196 flagitiorum,
848 1139 905 1182 et
940 1129 1213 1184 minantes
1251 1129 1509 1186 dicebant
1551 1131 1701 1187 illum
1750 1134 1850 1188 sub
1883 1133 2045 1188 diris-

455 1218 613 1278 simis
645 1217 947 1273 inferorum
979 1219 1234 1275 claustris
1284 1221 1646 1278 elaudemlum
1678 1231 1733 1275 ct
1764 1220 1833 1275 ibi
1854 1263 1891 1288 ,_
1917 1237 2043 1291 pec-

451 1309 592 1372 catis
621 1311 1084 1379 promet-cutibus,
1115 1312 1336 1367 aeternis
1368 1312 1656 1368 tormentis
1679 1311 2039 1368 crnriamlum

412 1437 415 1439 -
453 1415 596 1471 esse.
629 1399 781 1457 Tunc
811 1401 983 1472 angeli
1026 1402 1188 1457 solito
1229 1403 1498 1464 tris:iores
1547 1402 1673 1481 facti
1723 1403 1980 1460 dicebant
2020 1421 2035 1460 :

453 1491 599 1552 Proh
632 1494 824 1566 dolor!
868 1494 1012 1564 quod
1041 1495 1202 1550 homo
1234 1505 1487 1566 peccator
1537 1496 1640 1550 iste
1689 1497 2039 1564 semetipsum

452 1583 573 1654 plus
601 1583 891 1640 defendere
920 1602 1023 1640 non
1057 1585 1324 1654 permittit
1354 1595 1409 1640 et
1436 1595 1660 1654 propter
1689 1586 1879 1640 merita
1911 1601 2040 1655 pro-

2149 383 2421 438 videntur.
2457 384 2773 453 llujusmodi
2801 402 2932 467 ergo
2957 388 3101 443 dicta
3141 390 3194 444 in
3236 389 3374 446 libro
3400 391 3626 462 praefato
3651 397 3732 452 in-

2145 477 2437 531 veniuntur
2465 479 2685 548 scripta.

2664 589 2842 648 VISIO
2881 590 3219 650 V'lCESlMA.

2150 685 2326 743 Poena:
2367 689 2740 770 dnmnatornm
2775 703 2834 770 ἐξ
2869 696 3286 770 ρανῃαιιάονιιρι.
3311 700 3408 770 inti
3441 710 3493 755 et
3534 698 3731 770 gaudia

2402 761 2671 815 beatorum
2701 761 2912 817 cuidam
2935 761 3162 821 ostensa.
3197 767 3280 824 Ea:
3302 769 3470 826 Beda.

2218 850 2313 907 llis
2355 855 2688 922 temporibus
2735 856 3053 913 miraculum
3107 863 3458 918 memorabile
3495 875 3553 918 et
3589 864 3734 918 anti-

2147 957 2374 1014 quorum
2409 945 2584 1000 simile
2614 946 2666 1000 in
2699 945 2975 1005 Britannia
3020 949 3218 1008 factum
3254 961 3356 1008 est.
3392 952 3639 1022 Namque
3661 956 3732 1010 ad

2145 1034 2527 1090 excitationem
2550 1037 2846 1094 viventium
2879 1041 2945 1095 de
2965 1050 3139 1097 morte
3165 1043 3360 1098 animae
3381 1045 3602 1114 quidam
3634 1043 3736 1100 ali-

2144 1127 2386 1197 quandiu
2439 1139 2686 1184 mortuus
2732 1133 2800 1186 ad
2837 1134 3005 1187 vitam
3044 1136 3348 1190 resurrexit
3390 1136 3641 1206 corporis
3681 1146 3738 1191 et

2146 1227 2450 1273 memoratu
2487 1220 2682 1290 digna,
2723 1238 2838 1291 qum
2873 1225 3119 1288 viderat,
3150 1227 3420 1291 narravit;
3471 1242 3503 1282 e
3538 1225 3738 1298 quibus

2146 1307 2232 1362 hic
2261 1308 2438 1379 aliqua
2470 1311 2710 1368 breviter
2739 1317 3153 1385 perstringenda
3179 1333 3299 1373 esse
3329 1321 3510 1388 putavi

2215 1401 2346 1457 Erat
2371 1418 2502 1475 ergo
2529 1405 2922 1474 paterfamilias
2966 1409 3019 1463 in
3059 1409 3279 1479 regione
3306 1408 3738 1468 Nordanimbro-

2144 1508 2287 1561 rum,
2338 1509 2460 1565 qua:
2492 1507 2742 1562 vocatur
2769 1499 3226 1573 lucnncttingtnn,
3272 1499 3584 1574 religiosam
3611 1518 3737 1560 eum

2144 1584 2306 1654 domo
2350 1603 2445 1641 sua
2477 1603 2672 1658 gerens
2712 1591 2901 1644 vitam.
2951 1591 3081 1658 Qui.
3125 1593 3441 1648 infirmitate
3488 1595 3740 1664 corporis

451 1675 570 1747 pria
625 1676 829 1731 nullam
871 1677 920 1732 ci
971 1676 1298 1743 adiutorium
1352 1693 1641 1745 possumus
1669 1676 1930 1747 pt‘:t.'l)CI‘e.
1979 1678 2044 1732 Et
2075 1664 2117 1723 Β
2152 1683 2328 1730 tactus
2363 1686 2419 1731 et
2461 1677 2562 1732 hac
2604 1688 2888 1742 crescente
2931 1695 3028 1749 per
3059 1682 3175 1737 dies
3213 1684 3281 1736 ad
3310 1693 3572 1738 extrema
3603 1697 3741 1754 per-

452 1766 767 1826 anfercbant
802 1769 1127 1836 superpositi
1163 1770 1442 1824 tutaniinis
1465 1769 1860 1826 defensionem.
1884 1768 2042 1829 .Tunc

419 1886 422 1888 -
452 1859 725 1912 dwmones
750 1860 1051 1929 gaudentes
1075 1899 1091 1924 ,
1141 1859 1208 1914 de
1255 1860 1526 1914 universis
1562 1859 1745 1913 mundi
1794 1857 2042 1930 partibus

452 1952 768 2020 congregati
803 1949 998 2018 majori
1051 1950 1401 2004 multitudine
1451 1967 1610 2020 quant
1643 1950 1887 2008 omnium
1927 1950 2043 2005 aui-

411 2082 414 2085 -
453 2044 717 2097 uiantium
749 2061 798 2096 ιιι
823 2044 1018 2104 διιιςιιιυ
1047 2045 1164 2106 fieri
1186 2044 1502 2107 aestimaret,
1532 2044 1764 2098 diversis
1791 2060 1912 2098 cum
1939 2054 2044 2098 tor-

454 2143 652 2188 mentis
691 2135 1144 2189 inzestimab'liter
1187 2135 1470 2205 fatigautes
1520 2136 1854 2191 l.-cet'abattt.
1905 2134 2042 2207 Tum

417 2281 419 2283 ,
454 2231 672 2286 demum
704 2230 845 2287 beati
875 2231 1056 2301 angeli
1090 2231 1474 2301 prmeipiebant
1504 2232 1574 2294 ei,
1601 2231 1690 2299 qui
1721 2232 1832 2285 hare
1859 2231 2042 2284 omnia

448 2333 604 2378 extra
633 2338 830 2393 corpus
862 2340 1017 2377 suum
1054 2333 1240 2393 raptus
1280 2323 1544 2392 spirituali
1582 2322 2043 2391 contemplatione

451 2415 910 2480 viditetandivit,
943 2425 1002 2468 ut
1043 2416 1161 2470 sine
1205 2431 1355 2469 mora
1395 2415 1462 2468 ad
1507 2415 1787 2484 proprium
1837 2413 2043 2468 rediret

447 2523 669 2579 corpus,
697 2518 752 2563 ct
779 2508 1058 2571 universa,
1082 2509 1292 2577 qttazilli
1319 2518 1532 2562 ostensa
1556 2505 1794 2570 fuerunt,
1819 2507 2044 2561 creden-

451 2599 660 2656 tibuset
685 2599 989 2655 intentione
1006 2599 1187 2654 divina
1211 2598 1673 2668 interrogantibus
1694 2596 2044 2652 manifestare

451 2709 558 2747 non
574 2691 876 2754 dubitaret;
904 2690 1292 2745 insultantilnts
1312 2701 1493 2744 autem
1516 2705 1740 2743 narrare
1755 2689 2047 2759 denegaret

448 2793 524 2843 et,
546 2794 602 2837 ut
627 2785 839 2838 cuidam
872 2783 1106 2848 mulieri,
1126 2782 1312 2853 qttaain
1340 2781 1630 2850 longinqua
1652 2782 1874 2849 regione
1898 2779 2044 2833 bali-

453 2875 622 2937 tabat,
639 2873 756 2942 ejus
775 2881 1084 2944 perpetrata
1109 2882 1324 2942 peccata
1351 2886 1448 2940 per
1471 2870 1721 2925 ordinem
1744 2877 2044 2938 exponeret

450 2975 506 3019 et
535 2965 584 3019 ei
615 2965 888 3019 intimaret
937 2963 1079 3033 quod
1098 2963 1532 3030 omnipotentem
1575 2962 1744 3015 Deum
1778 2959 2043 3029 ρυιιιὶεειεῑ

2145 1767 2358 1832 dtu-tus,
2411 1768 2586 1838 primo
2637 1779 2882 1840 tempore
2919 1772 3092 1827 noctis
3141 1774 3430 1829 defunctus
3478 1783 3598 1838 est;
3643 1777 3740 1831 sed

2144 1859 2379 1914 diluculo
2409 1861 2740 1916 reviviscens
2778 1878 2842 1918 ac
2875 1873 3096 1932 repente
3119 1865 3375 1921 residens
3397 1880 3590 1920 omnes
3607 1904 3623 1928 ,
3646 1866 3738 1934 qui

2145 1953 2357 2023 corpori
2383 1953 2577 2021 flentes
2596 1955 2934 2022 assederunt,
2960 1957 3153 2012 timore
3175 1958 3440 2014 immenso
3456 1959 3740 2028 perculsos

2147 2041 2414 2117 innfugam
2431 2045 2720 2098 convertit.
2757 2044 2907 2099 Uxor
2933 2056 3161 2111 tantum,
3186 2063 3307 2118 qua:
3332 2049 3572 2117 amplius
3589 2064 3740 2102 ama-

2145 2133 2254 2196 bat,
2286 2135 2534 2204 quamvis
2582 2135 2810 2203 multum
2843 2146 3079 2201 tremens
3117 2149 3173 2194 et
3212 2140 3404 2209 pavida
3450 2144 3740 2196 remansit.

2146 2225 2316 2290 Quam
2376 2225 2465 2278 ille
2523 2227 2863 2292 consolatus,
2909 2229 3039 2293 noli,
3089 2229 3294 2299 inquit,
3335 2232 3564 2295 timere.
3609 2235 3736 2300 quia

2139 2316 2251 2384 jam
2293 2331 2418 2370 vere
2463 2318 2673 2372 surrexi
2728 2335 2757 2374 a
2811 2330 3011 2384 morte,
3061 2335 3165 2390 qua
3212 2322 3464 2387 tenebar,
3497 2333 3554 2376 et
3597 2326 3741 2392 apud

2147 2407 2395 2462 homines
2439 2423 2558 2462 sum
2592 2410 2784 2464 iterant
2816 2413 2998 2467 vivere
3039 2413 3354 2483 permissus.
3393 2413 3511 2469 Non
3555 2426 3739 2470 tamen

2145 2513 2205 2551 ea
2236 2499 2393 2561 mibi,
2443 2517 2548 2568 qua
2571 2513 2694 2556 ante
2725 2519 3132 2569 coasaeveram,
3161 2507 3599 2572 conversatione,
3644 2509 3742 2563 sed

2147 2591 2374 2646 multum
2445 2593 2689 2649 dissimili
2738 2612 2803 2650 ex
2852 2598 2953 2652 hoc
3009 2607 3249 2666 tempore
3288 2600 3580 2656 vivendum
3633 2611 3740 2656 est.

2148 2685 2450 2754 Statimque
2509 2702 2738 2758 surgens
2785 2689 2916 2743 abiit
2968 2690 3035 2744 ad
3081 2690 3280 2746 villulae
3324 2693 3630 2748 oratorium
3684 2702 3744 2747 et

2147 2778 2412 2844 usquead
2445 2779 2585 2833 diem
2639 2781 2691 2833 in
2726 2779 2971 2834 oratione
2995 2781 3313 2851 persistens,
3347 2798 3472 2836 mox
3518 2799 3741 2850 omnem

2146 2884 2309 2939 quant
2347 2870 2664 2939 possederat
2699 2871 3055 2926 substantiam
3086 2872 3138 2925 in
3173 2882 3284 2927 tres
3310 2873 3494 2928 divisit
3527 2873 3742 2942 portio—

2150 2974 2266 3014 nes.
2299 2959 2341 3012 E
2369 2961 2563 3029 quibus
2595 2977 2754 3015 unam
2787 2962 3023 3031 eonjngi,
3073 2962 3298 3017 alteram
3332 2961 3464 3017 ﬁliis
3488 2964 3740 3028 tradidit,

405 3081 407 3083 ί
449 3070 551 3132 μειῄ
574 3055 1002 3110 satisfactionem
1043 3054 1383 3126 repropitiari
1414 3055 1515 3109 sibi
1536 3095 1548 3114 ,
1597 3054 1642 3108 si
1669 3053 1959 3116 voluisset,
1987 3063 2041 3108 et
2069 3025 2114 3085 Ο
2153 3052 2366 3106 tertiam
2403 3053 2504 3106 sibi
2543 3054 2657 3122 ipse
2688 3063 2960 3109 retentans
2987 3055 3169 3110 statim
3199 3056 3532 3124 pauperibus
3552 3056 3744 3112 distri-

458 3155 518 3201 ut
549 3147 760 3199 cuidam
804 3147 1152 3218 pre:bytero,
1200 3147 1418 3201 nomine
1476 3145 1649 3217 Bcgga
1669 3186 1684 3211 ,
1715 3145 1848 3200 istas
1879 3147 2039 3214 spiri-

413 3275 416 3278 ~
456 3237 635 3291 tuales
663 3237 900 3292 visiones
931 3248 1157 3292 cunctas
1185 3245 1500 3306 exponeret,
1535 3245 1590 3292 et
1625 3245 2042 3306 postea,quem-

415 3329 742 3383 .aJtnadaiu
786 3331 854 3383 ab
904 3328 991 3384 ill.)
1022 3331 1318 3384 instructus
1360 3330 1530 3392 fieret,
1565 3328 1871 3381 hominibus
1913 3341 2042 3396 pro-

453 3403 754 3484 nuntiarel,
780 3421 997 3489 pzopria
1024 3431 1263 3489 peccata,
1293 3433 1412 3490 qua:
1446 3417 1516 3471 ἰ.Ιί
1546 3416 1614 3472 ab
1638 3417 1918 3487 Spiritibus
1946 3417 2044 3470 iiii-

431 3510 672 3568 tt-tLttiis
708 3513 966 3580 imputata
1025 3512 1280 3577 fuezuut,
1330 3510 1688 3579 confessaque
1748 3507 2042 3580 supradicti

449 3603 753 3674 presbyteri
771 3603 976 3672 judicio
1001 3604 1227 3658 emenda
1239 3613 1340 3659 ret.

521 3693 712 3751 Jussus
744 3703 923 3747 tamen
965 3695 1034 3748 ab
1071 3693 1276 3763 angtls
1319 3695 1494 3763 primo
1524 3693 1762 3749 diluculo
1785 3695 1946 3750 rediit
1974 3693 2040 3749 ad

453 3799 674 3854 corpus,
701 3783 789 3852 qui
822 3784 997 3852 primo
1027 3784 1242 3852 gallici"
1267 3800 1299 3838 ο
1336 3785 1518 3840 exibat
1563 3786 1629 3839 de
1658 3802 1906 3857 corpore.
1941 3786 2044 3840 Rc-

453 3876 636 3932 d.vivo
668 3885 848 3927 autem
883 3875 933 3928 ia
969 3889 1197 3943 corpore
1230 3873 1384 3943 plena
1423 3876 1721 3943 septimana
1750 3877 1882 3931 nihil
1921 3893 2042 3932 om-

453 3967 583 4021 nino
613 3963 983 4034 corporalbos
1008 3964 1178 4020 oculis
1210 3966 1390 4021 videre
1412 3967 1580 4036 potui,
1613 3967 1706 4021 sed
1735 3968 1874 4022 oeuli
1904 3969 2043 4024 vesi-

453 4054 532 4110 tis
546 4055 686 4126 pleni
707 4057 1016 4125 frequenter
1036 4057 1348 4126 sanguinem
1380 4058 1750 4125 stillavcruut;
1774 4069 1825 4115 ct
1853 4070 2037 4129 postea

449 4150 519 4203 de
545 4149 860 4218 presbytero
905 4150 1154 4218 religioso
1189 4163 1242 4204 et
1273 4153 1577 4220 peccati-ire
1612 4153 1856 4217 muli-ere,
1900 4154 2042 4209 sicut

419 4292 421 4294 .
451 4239 499 4292 ei
522 4241 588 4294 ab
609 4241 813 4309 angelis
839 4241 1239 4296 mande-talum
1270 4251 1374 4309 est,
1407 4243 1477 4297 ita
1503 4243 1605 4298 illis
1634 4245 2037 4314 proﬁtentibus,

417 4343 638 4384 .vernm
686 4345 804 4384 esse
849 4332 1118 4399 probavit.
1170 4331 1520 4404 Subscquens
1574 4345 1753 4388 autem
1803 4344 1858 4391 ct
1899 4337 2042 4390 citus

451 4419 702 4475 scelerati
738 4422 880 4491 regis
911 4421 1110 4488 exitus,
1138 4439 1256 4494 quae
1278 4424 1344 4478 de
1375 4425 1464 4477 illo
1497 4424 1608 4480 visa
1645 4423 1883 4490 fuerunt,
1911 4441 2038 4481 vera

452 4529 576 4568 esse
603 4513 791 4581 procul
837 4513 999 4569 dubio
1045 4515 1315 4583 probavit.
1349 4515 1514 4570 Multa
1564 4531 1780 4587 quoque
1815 4519 1919 4572 alia
1954 4519 2039 4574 Itis

452 4604 646 4659 similia
683 4604 951 4659 referebat
994 4607 1094 4661 sibi
1129 4616 1347 4662 ostensa
1381 4609 1567 4674 fuisse,
1598 4626 1718 4680 qua:
1743 4610 1808 4665 de
1835 4627 2040 4666 memo-

416 4755 418 4758 ,
455 4701 534 4753 ria
570 4699 833 4753 labefacta
864 4715 960 4769 per
987 4701 1232 4755 ordinem
1280 4703 1555 4757 recordari
1595 4704 1901 4759 nullatenus
1936 4720 2036 4777 p0-

453 4790 664 4847 luisset.
694 4789 761 4856 Et
790 4792 1005 4846 dicebat
1045 4809 1105 4846 se
1151 4801 1272 4863 post
1312 4793 1548 4850 visiones
1589 4794 1723 4848 istas
1765 4796 2039 4851 mirabiles

412 4916 414 4918 τ
453 4895 562 4940 tam
595 4885 799 4940 tenacis
824 4886 1097 4941 memoria:
1126 4902 1230 4940 non
1258 4886 1424 4941 fuisse
1454 4895 1512 4940 ut
1542 4897 1665 4941 ante
1695 4885 1888 4942 fuerat.
1916 4887 2044 4944 llmc

415 4988 656 5042 autem,
703 4992 824 5046 quae
868 4987 918 5032 te
952 4977 1239 5050 diligenter
1292 4976 1571 5048 ﬂagitante
1611 4980 1823 5049 scripsi,
1869 4982 2044 5035 tribus

453 5082 664 5121 mecum
699 5068 776 5122 rel
801 5068 966 5138 giosis
989 5080 1044 5123 et
1079 5069 1233 5126 valde
1268 5052 1502 5124 venerab
1528 5071 1665 5124 libus
1695 5070 1955 5126 fratribus
1988 5072 2040 5124 in

451 5171 738 5214 conueune
759 5161 1101 5216 audientibus
1127 5161 1394 5230 exposuit,
1421 5161 1512 5231 qui
1538 5161 1665 5214 mihi
1699 5160 1751 5214 in
1783 5161 1884 5214 hoe
1914 5161 2045 5214 scri-

453 5259 544 5318 pto
569 5251 948 5320 aStipnlatores
978 5253 1160 5309 ﬁdeles
1190 5261 1358 5308 testes
1384 5267 1505 5308 esse
1537 5259 1856 5308 noscuntur.
1892 5250 2040 5315 Vale,

2144 3142 2280 3195 linit.
2312 3140 2420 3196 Nec
2464 3143 2633 3196 n'tnlto
2667 3152 2785 3214 post
2813 3144 2994 3198 smculi
3034 3145 3182 3200 curis
3210 3143 3496 3202 absolutus
3511 3144 3580 3198 ad
3615 3159 3737 3200 mo-

2143 3233 2442 3286 nasterium
2487 3231 2692 3298 Mailro,
2729 3233 2872 3303 quod
2927 3233 3082 3287 Tuidi
3113 3232 3351 3288 ﬂuminis
3387 3233 3741 3290 circumflexu

2144 3323 2383 3377 maxima
2441 3338 2506 3377 ex
2557 3334 2710 3394 parte
2758 3324 3051 3390 clauditur,
3102 3325 3353 3395 pervenit
3401 3336 3742 3395 acceptaque

2145 3424 2364 3470 tonsura
2393 3415 2567 3470 locum
2616 3429 2839 3473 secretrc
2871 3419 3186 3480 mansionis,
3219 3434 3378 3488 quam
3412 3417 3743 3487 praeviderat

2146 3508 2337 3573 abbas,
2374 3508 2590 3562 intravit
2623 3518 2678 3563 et
2710 3509 2778 3563 ibi
2813 3525 2983 3579 usque
3015 3509 3080 3563 ad
3110 3507 3251 3562 diem
3287 3509 3476 3563 mortis
3506 3509 3559 3563 in
3591 3517 3742 3572 tanta

2146 3599 2344 3652 tuentis
2367 3609 2421 3652 ct
2439 3599 2684 3666 corporis
2707 3600 3037 3654 contritione
3057 3598 3272 3652 duravit
3293 3607 3351 3652 ut
3369 3598 3539 3654 multa
3565 3598 3740 3662 illum,

2144 3704 2264 3757 quae
2313 3689 2450 3743 alios
2493 3689 2751 3753 laterent,
2794 3688 2878 3742 vel
2929 3690 3198 3745 horrenda
3246 3689 3330 3744 vel
3375 3688 3739 3745 desideranda

2149 3779 2364 3843 vidisse,
2394 3780 2606 3834 etiamsi
2632 3780 2813 3847 lingua
2846 3779 3049 3845 sileret,
3080 3780 3190 3835 vita
3229 3782 3572 3851 loqueretur.
3603 3781 3739 3835 Nar-

2146 3871 2299 3924 rabat
2327 3879 2506 3924 autem
2537 3872 2636 3926 hoc
2667 3871 2826 3926 modo
2851 3872 2995 3942 quod
3025 3870 3256 3927 viderat.
3585 3935 3588 3938 Α

2217 3960 2473 4025 Lucidus,
2507 3961 2700 4031 iuqttil,
2730 3971 2952 4032 aspectu
2979 3973 3033 4016 et
3055 3961 3237 4016 clarus
3269 3969 3388 4016 erat
3418 3961 3738 4017 indumento

2093 4056 2096 4060 '
2144 4053 2235 4122 qui
2268 4068 2353 4108 me
2395 4054 2646 4108 ducebat.
2699 4053 3086 4110 Incedebamus
3131 4063 3313 4110 autem
3363 4062 3650 4119 tacentes,
3684 4065 3742 4108 ut

2144 4145 2429 4200 videbatur
2482 4147 2635 4211 mihi,
2687 4155 2880 4200 contra
2932 4156 3113 4201 ortum
3179 4147 3309 4203 solis
3371 4147 3734 4202 solstitialem.

2144 4237 2388 4307 Cumque
2431 4237 2858 4303 ambularemus,
2883 4238 3198 4294 devenimus
3228 4239 3296 4293 ad
3326 4237 3522 4293 vallem
3556 4239 3740 4293 multae

2147 4332 2445 4387 latitudinis
2463 4346 2529 4386 ac
2552 4330 2957 4400 profunditatis,
2988 4333 3214 4388 infinitae.
3239 4342 3421 4387 autem
3446 4332 3740 4403 longitudi-

2147 4423 2252 4484 nis,
2280 4438 2398 4492 qua:
2425 4420 2490 4474 ad
2537 4421 2726 4475 laevam
2772 4422 2927 4477 nobis
2957 4423 3084 4488 sita,
3118 4438 3284 4476 unum
3317 4422 3462 4476 latus
3502 4420 3740 4477 flammis

2146 4513 2480 4567 ferventibus
2509 4511 2733 4565 nimium
2764 4511 3005 4568 terribile
3024 4552 3038 4577 ,
3073 4512 3305 4566 alterum
3333 4511 3535 4567 furenti
3570 4529 3738 4582 gran-

2143 4603 2270 4657 dine
2307 4619 2371 4656 ac
2419 4600 2619 4671 frigore
2661 4602 2865 4656 nivium
2904 4602 3087 4657 omnia
3134 4600 3396 4671 perflante
3422 4610 3592 4673 atque
3633 4602 3740 4658 fere

2144 4706 2304 4748 vente
2332 4709 2438 4749 non
2471 4695 2650 4750 minus
2693 4694 3029 4750 intolerabile
3062 4695 3405 4766 prmfercbat.
3432 4694 3738 4764 Utrumque

2148 4797 2330 4843 autem
2364 4798 2479 4841 erat
2507 4789 2794 4844 animabus
2837 4789 3116 4844 hominum
3159 4787 3402 4858 plenum,
3431 4801 3554 4860 quae
3583 4788 3741 4845 vicis-

2146 4883 2247 4938 sim
2280 4881 2408 4937 hinc
2439 4882 2563 4937 inde
2610 4881 2930 4934 videbantur
2972 4880 3126 4950 quasi
3161 4878 3502 4948 tempestatis
3532 4880 3738 4950 impetu

2139 4972 2357 5042 jactari.
2393 4974 2526 5029 Cum
2573 4973 2721 5028 enim
2773 4973 2882 5028 vim
2935 4971 3166 5029 fervoris
3209 4972 3459 5027 immensi
3503 4971 3738 5027 tolerare

2147 5087 2252 5124 non
2283 5079 2524 5138 possent,
2551 5066 2904 5137 prosiliebant
2934 5067 3144 5122 misera:
3175 5065 3228 5120 in
3257 5065 3494 5120 medium
3521 5062 3737 5132 frigoris

2150 5159 2330 5214 infesti
2361 5168 2436 5223 et,
2469 5173 2593 5212 cum
2619 5171 2800 5226 (neque
2840 5155 2912 5210 ibi
2939 5156 3214 5224 quidpiam
3247 5154 3454 5225 requiei
3493 5153 3736 5208 invenire

2150 5252 2410 5316 valerent,
2440 5248 2755 5303 resiliebant
2784 5262 2974 5302 rursus
3004 5247 3218 5300 urendae
3242 5247 3296 5300 in
3317 5246 3551 5300 medium
3581 5246 3737 5300 tiam-
