3942 5340
169 400 291 460 ’3οῖ

1487 394 1715 470 'Ltusn
1755 382 2106 471 vtswuuu.

3337 416 3445 472 383

168 514 321 596 quod
342 521 432 578 hic
458 518 691 579 fortasse
716 529 863 580 esset
890 521 1154 592 infernus,
1181 525 1251 583 de
1279 526 1431 596 cujus
1465 527 1751 586 tormentis
1779 534 1827 590 Α
1854 529 2034 583 cebat.
2062 525 2163 595 Qui
2217 543 2339 583 mox
2396 542 2694 584 conversus
2743 526 2811 582 ad
2851 526 3099 585 dextrum
3145 529 3246 586 iter
3285 533 3443 604 quasi

193 614 604 672 intolerabilibus
632 615 844 673 narrari
877 614 1074 690 smpius
1101 620 1301 675 audivi.
1335 619 1635 693 Respondit
1664 638 1757 679 co-

193 709 416 781 gitationi
461 722 593 765 nvem
623 710 832 774 ductor,
859 712 950 783 qui
979 729 1065 767 me
1103 715 1463 783 pnecedebat.
1495 731 1601 772 non
1630 718 1755 781 boc,

210 801 447 875 nquiens,
490 801 809 872 suspiceris;
845 817 950 856 non
980 802 1124 858 enim
1176 803 1265 858 ltic
1291 802 1534 861 infernus
1559 817 1641 862 est
1672 806 1759 863 ille

195 905 338 969 quem
361 901 537 965 putas.

204 1020 209 1025 -
253 982 317 1037 At
340 998 458 1037 cum
491 998 579 1037 me
605 983 706 1038 hoc
730 986 1036 1054 spectaculo
1072 996 1177 1041 tam
1204 987 1477 1046 horrendo
1504 989 1761 1060 perterri-

193 1081 296 1128 tum
326 1071 586 1143 paulatim
639 1076 690 1129 in
731 1075 983 1132 ulteriora
1028 1078 1376 1148 perduceret,
1424 1081 1533 1136 vidi
1584 1081 1763 1136 subito

195 1171 306 1241 ante
331 1174 426 1216 nos
456 1162 739 1219 obscurari
786 1166 1026 1236 incipere
1058 1168 1170 1222 loca
1219 1178 1275 1224 et
1316 1170 1555 1226 tenebris
1579 1170 1761 1227 omnia

196 1251 394 1333 repleri.
423 1250 574 1318 Quas
603 1267 725 1307 cum
760 1254 1134 1322 intrassemus,
1168 1256 1220 1311 in
1251 1266 1458 1313 tantum
1489 1257 1765 1331 paulisper

196 1342 519 1397 condensata:
564 1354 713 1408 sunt,
761 1355 818 1400 ut
860 1347 992 1402 nihil
1023 1359 1220 1418 prtcter
1266 1350 1409 1419 ipsas
1438 1351 1762 1421 aspicerem,

196 1443 404 1511 excepta
429 1422 695 1489 duntaxat
723 1436 905 1505 specie
945 1442 1005 1492 et
1032 1448 1180 1493 veste
1216 1438 1331 1510 ejus
1361 1441 1449 1509 qui
1486 1456 1570 1495 me
1601 1441 1765 1495 duce-

178 1528 296 1605 ‘bat.
319 1526 391 1602 Et
416 1543 541 1582 cum
572 1529 1026 1599 progrederemur
1056 1531 1167 1586 sola
1208 1533 1307 1587 sub
1337 1543 1494 1589 nocte
1521 1549 1617 1604 per
1645 1548 1768 1587 um-

196 1615 327 1681 bras,
352 1615 704 1675 ecce‘Subito
726 1630 986 1705 apparent
1008 1621 1178 1676 'nobis
1212 1622 1391 1705 crebri
1421 1621 1455 1677 ll
1474 1640 1766 1679 unutarum

182 1721 441 1787 tetrarum
481 1709 628 1782 globi
676 1715 1031 1771 ascendentes
1072 1716 1225 1786 quasi
1271 1717 1347 1774 de
1372 1716 1535 1788 puteo
1575 1715 1795 1791 magno.

200 1812 476 1870 rursusque
490 1801 808 1867 decidentes
832 1804 883 1856 in
904 1805 1177 1860 eumdem.
1204 1803 1320 1874 Quo
1340 1824 1461 1873 cum
1479 1804 1770 1879 perductus

196 1900 374 1958 essent,
419 1903 650 1962 repente
678 1887 869 1948 ductor
905 1902 1057 1975 titeus
1083 1896 1345 1968 disparuit
1391 1913 1455 1953 ac
1489 1915 1574 1954 tne
1597 1898 1769 1967 solum
1807 1880 1847 1937 Β

200 1986 248 2040 in
276 1986 445 2041 medio
471 1988 823 2059 tenebrarum
852 1999 909 2043 et
934 1990 1220 2046 horrendae
1241 1991 1466 2047 visionis
1495 1992 1770 2062 relinquit.

194 2078 267 2133 ’Λα
290 2092 404 2132 cum
452 2077 533 2132 ibi
570 2077 715 2148 globi
765 2079 964 2149 ignium
1014 2080 1418 2137 intermissione
1461 2083 1621 2157 mofo
1664 2082 1772 2137 alta

166 2166 179 2175 ”
200 2180 457 2247 peterent,
482 2174 653 2228 modo
686 2174 790 2229 ima
822 2173 1065 2229 barathri
1099 2184 1429 2246 repeterent,
1462 2191 1625 2232 cerno
1652 2166 1772 2235 om-

200 2264 304 2328 uia,
343 2279 462 2333 qua:
515 2262 913 2331 ascendebant,
968 2252 1180 2334 fastigia
1232 2264 1570 2320 flammarum
1620 2267 1773 2336 plena

168 2360 172 2364 “
200 2367 307 2424 esse
327 2352 612 2425 Spiritt‘bus
643 2354 920 2409 hominum
948 2396 962 2421 ,
995 2355 1085 2424 qui
1123 2355 1295 2411 instar
1322 2355 1622 2409 favillarum
1652 2370 1776 2411 cum

186 2440 336 2515 ptumo
353 2443 797 2508 ascendentium,
825 2460 968 2499 nunc
1008 2446 1074 2499 ad
1100 2446 1416 2500 sublimiora
1443 2447 1779 2516 projicercn-

170 2524 296 2608 :tur,
326 2550 464 2591 nunc
494 2536 758 2590 retractis
809 2536 1010 2607 ignium
1050 2538 1345 2609 vaporibus
1397 2534 1774 2596 relaberentur

170 2624 249 2679 "ia
274 2625 566 2695 profunda;
599 2630 695 2683 sel
716 2636 772 2682 ct
793 2625 931 2684 fetor
959 2628 1547 2700 incomparabilis'cum
1576 2630 1779 2687 eisdem

203 2718 471 2788 vaporibus
503 2718 779 2774 ebulliens
819 2720 1003 2775 omnia
1048 2720 1136 2775 illa
1168 2722 1512 2776 tenebrarum
1548 2721 1664 2777 loca
1697 2737 1784 2777 rc-

206 2809 380 2882 plebat‘.
409 2813 476 2868 Et
508 2829 638 2871 cum
670 2812 871 2868 diutius
901 2813 974 2868 ibi
1025 2813 1252 2886 pavidus
1291 2814 1668 2879 consisterem,
1697 2824 1785 2869 ut-

205 2917 313 2977 pote
338 2907 586 2962 incertus
625 2906 756 2975 quid
786 2921 1029 2977 agerem,
1067 2921 1173 2976 quo
1206 2908 1482 2962 verterem
1514 2921 1781 2977 gressum,

168 2998 169 3003 “
205 2998 284 3067 qui
315 2996 432 3053 finis
457 2995 555 3053 m’e
578 3006 848 3060 maneret,
889 2997 1052 3053 audio
1081 2997 1323 3053 subitum
1367 3006 1490 3068 post
1519 3007 1668 3069 terga
1698 3012 1786 3052 so-

205 3087 359 3143 nitum
389 3087 781 3144 immanissimi
812 3087 967 3143 ﬂetus
991 3104 1055 3143 ac
1084 3087 1395 3153 miserrimi,
1426 3087 1586 3143 simul
1612 3096 1667 3143 ct
1690 3100 1785 3143 ca;-

206 3179 441 3235 cltinmtm
456 3180 827 3250 crepitantem
855 3180 1008 3250 quasi
1032 3176 1176 3250 vulgi
1200 3179 1403 3237 indocti
1420 3180 1593 3250 captis
1616 3177 1788 3234 hosti-

190 3273 293 3328 ‘bus
322 3272 663 3328 insultantis.

267 3363 333 3421 Ut
357 3374 546 3420 autem
598 3361 811 3419 sonitus
850 3361 994 3419 idem
1041 3361 1243 3419 clarior
1290 3362 1531 3420 redditus
1585 3364 1653 3421 ad
1702 3380 1791 3422 me

211 3470 364 3526 usque
400 3455 690 3527 pervenit,
743 3454 1026 3510 considero
1053 3454 1264 3510 turbam
1296 3454 1652 3524 malignorum
1679 3457 1791 3525 spi-

212 3544 431 3610 rituum,
470 3560 600 3616 qua:
648 3545 887 3616 quinque
933 3545 1144 3600 animas
1193 3545 1472 3600 hominum
1516 3557 1791 3602 merentes

212 3635 572 3707 ejttlantesqne
619 3637 736 3706 ipsa
780 3637 1009 3691 multum
1058 3637 1336 3692 exsultans
1364 3648 1419 3692 et
1453 3638 1791 3694 cachinnans

212 3727 398 3782 medias
428 3727 555 3783 illas
579 3728 835 3783 trahebat
863 3728 917 3782 in
948 3728 1219 3784 tenebras.
1252 3728 1293 3783 Ε
1320 3728 1517 3800 quibus
1542 3729 1795 3786 videlicet

213 3818 536 3889 hominibus,
572 3830 636 3874 ut
682 3819 1006 3893 dignoscere
1033 3822 1204 3893 potui,
1230 3822 1449 3893 quidam
1473 3833 1590 3880 erat
1614 3833 1794 3880 atton-

214 3925 297 3967 sus
339 3919 396 3967 ut
449 3911 717 3977 clericus,
770 3910 991 3983 quidam
1037 3912 1230 3978 laicus,
1280 3913 1524 3985 quaedam
1571 3914 1791 3972 femina.

217 4001 508 4063 Trahentes
535 4013 725 4059 autem
757 4018 852 4060 eos
882 4004 1103 4076 maligni
1132 4005 1356 4077 spiritus
1393 4004 1796 4063 descenderunt

215 4093 262 4148 in
289 4095 524 4165 medium
564 4094 814 4151 barathri
846 4095 988 4151 illius
1027 4095 1287 4152 ardentis.
1333 4094 1670 4169 Factumque
1712 4110 1797 4155 est

213 4197 303 4254 ut,
360 4205 532 4254 cum,
611 4189 827 4260 longius
867 4188 1226 4246 subeuntibus
1280 4191 1401 4255 eis,
1458 4188 1641 4247 fletum
1700 4193 1799 4248 he-

214 4278 403 4337 nelrzum
427 4288 487 4336 et
533 4280 710 4336 risum
744 4280 1131 4335 daamoniorum
1165 4280 1312 4336 clare
1358 4280 1669 4337 discernere
1705 4296 1799 4336 ne-

216 4368 432 4435 quirem,
464 4383 668 4424 sonum
724 4376 903 4424 tamen
934 4368 1113 4425 adhuc
1138 4368 1460 4439 permistum
1495 4369 1547 4424 in
1577 4370 1801 4425 auribus

217 4460 480 4537 haberem.
540 4462 759 4518 Interea
832 4461 1193 4517 ascenderunt
1247 4462 1464 4531 quidam
1515 4463 1799 4532 spirituum

218 4550 561 4608 obscurorum
602 4551 672 4607 de
723 4549 921 4621 abysso
969 4549 1055 4606 illa
1092 4550 1483 4616 ﬂammivoma,
1530 4560 1583 4607 et
1613 4568 1803 4608 accur-

221 4648 388 4700 mutes
411 4643 898 4703 circumdederunt
928 4659 1014 4699 me
1055 4653 1239 4712 atque,
1272 4642 1443 4699 oculis
1474 4641 1805 4698 ﬂammanti-

176 4724 183 4731 ’
222 4731 333 4799 bus,
359 4744 414 4790 et
440 4735 511 4790 de
557 4749 655 4789 ore
698 4748 766 4789 ac
800 4735 1020 4788 naribus
1055 4734 1233 4805 ignem
1283 4734 1526 4804 putidum
1558 4732 1803 4791 efﬂantes

224 4825 498 4896 angebant.
545 4823 871 4895 Forcipibus
900 4840 1116 4896 quoque
1160 4825 1350 4897 igneis,
1381 4840 1518 4896 quos
1549 4827 1805 4881 tenebant

226 4913 569 4980 inmanibus,
615 4915 1015 4971 minitabantur
1065 4931 1151 4971 me
1184 4916 1662 4988 comprehendere,
1704 4931 1803 4971 nec

225 5018 391 5065 tamen
442 5025 534 5065 me
582 5009 855 5065 ullatenus
895 5010 1228 5079 contingere,
1279 5009 1500 5067 tametsi
1556 5018 1803 5075 terrere,

227 5115 440 5128 ann“...
453 5102 609 5128 -L--.
657 5102 774 5128 7‘-\-.2

846 5103 1182 5128 ..η.‹--...1ἷ.-.....
1216 5104 1460 5128 ι---.ει..--
1489 5110 1539 5128 ,ο
1569 5104 1807 5128 ann-Ta-.-

1860 628 2048 677 contra
2098 628 2276 675 ortum
2326 620 2454 675 solis
2504 620 2804 676 brumalem
2854 622 3052 679 ducere
3094 625 3278 696 coepit.
3333 625 3446 685 Nec

1860 727 2045 778 mora;
2074 720 2384 782 exemptum
2419 712 2658 768 tenebris
2690 711 2743 767 in
2771 727 2936 769 auras
2964 730 3050 771 me
3077 731 3283 773 serente
3309 719 3448 785 locis

1860 806 2069 862 eduxit.

1931 896 2177 964 Cumque
2207 909 2293 949 me
2326 895 2378 949 in
2409 894 2529 949 luce
2555 904 2740 966 aperta
2771 895 3015 959 duceret,
3045 897 3151 953 vidi
3189 910 3316 955 ante
3347 912 3449 959 nos

1862 1003 2077 1044 murum
2104 988 2520 1058 permaximum,
2554 987 2710 1056 cujus
2751 1003 2926 1058 neque
2956 988 3272 1063 longitudini
3304 993 3452 1060 ltitia

1864 1080 1947 1135 vel
1974 1080 2117 1142 inde,
2143 1095 2320 1151 neque
2367 1078 2641 1136 altitudini
2682 1080 2822 1135 ullus
2852 1096 2975 1137 esse
3002 1084 3270 1139 tertriuus
3297 1085 3447 1139 vide-

1866 1182 2036 1230 retur.
2070 1172 2223 1243 (ἰωρὶ
2267 1182 2448 1229 autem
2481 1173 2666 1229 mirari
2714 1176 2985 1244 quomodo
3012 1178 3079 1230 ad
3120 1193 3332 1232 murum
3361 1193 3454 1235 ac-

1867 1267 2205 1331 cederemus,
2235 1281 2358 1321 cum
2382 1267 2435 1321 in
2464 1282 2529 1321 co
2554 1266 3017 1338 nullamjanuam,
3036 1268 3451 1338 velfeucstrant,

1868 1357 1951 1412 vel
1976 1373 2261 1414 ascensum
2284 1340 2482 1413 alicubi
2512 1358 2906 1428 conspicerem.
2939 1358 3071 1415 Cum
3100 1376 3229 1431 ergo
3265 1376 3455 1431 perve-

1868 1450 2140 1506 nissemus
2188 1450 2254 1506 ad
2293 1465 2531 1514 murum,
2561 1451 2745 1504 statim
2793 1449 2977 1504 nescio
3004 1465 3112 1520 quo
3135 1454 3323 1505 ordine
3354 1450 3455 1505 fui-

1870 1556 1990 1596 mus
2025 1538 2076 1596 in
2106 1541 2421 1597 summitate
2456 1539 2591 1609 ejus.
2639 1539 2705 1594 Et
2724 1554 2854 1597 ecce
2883 1539 2954 1595 ibi
2988 1555 3214 1619 campus
3232 1550 3353 1609 erat
3383 1541 3458 1597 ia-

1873 1634 2136 1698 tissimus,
2168 1643 2223 1691 et
2250 1630 2565 1711 lzetissimus
2596 1642 2856 1705 tantaque
2892 1631 3187 1706 fragrantia
3227 1618 3460 1693 vernan-

1876 1723 2008 1779 tium
2038 1712 2384 1780 ﬂosculorum
2416 1723 2607 1794 plenus
2646 1732 2708 1778 ιιι
2748 1739 2939 1779 omnes
2970 1739 3092 1778 mox
3126 1722 3353 1794 fetorem
3384 1734 3464 1778 te-

1876 1813 2093 1871 nebrosi
2124 1814 2383 1879 fornacis,
2410 1816 2501 1886 qui
2535 1830 2621 1869 me
2643 1826 2983 1883 pervaserat,
3008 1813 3267 1888 cii'ttgu'ret
3291 1815 3463 1870 admi-

1877 1906 2031 1962 randi
2061 1906 2220 1976 hujus
2241 1907 2482 1962 suavitas
2510 1906 2713 1963 odoris.
2748 1906 2919 1961 Tanta
2947 1915 3127 1977 autem
3151 1906 3238 1959 lux
3268 1915 3463 1977 cuneta

1876 2010 1939 2052 ea
1969 1995 2085 2051 loca
2114 1995 2445 2067 perfuderat,
2481 2006 2538 2050 ut
2576 1996 2722 2051 omni
2741 1995 3030 2067 splendore
3060 1995 3163 2050 diei
3194 1997 3311 2067 sive
3334 1994 3466 2065 solis

1877 2086 2160 2141 meridiani
2191 2087 2358 2141 radiis
2386 2072 2661 2142 videretur
2682 2101 2804 2141 esse
2832 2087 3160 2158 prteclarior.
3190 2087 3467 2159 Erantque

1876 2181 1933 2235 in
1963 2179 2064 2234 hoc
2093 2192 2286 2248 campo
2336 2178 2618 2235 innumera
2666 2179 2949 2235 hominum
2990 2180 3294 2235 albatorum
3332 2196 3466 2235 con-

1877 2260 2150 2329 venticula
2200 2260 2465 2342 sedesque
2513 2272 2759 2343 plurima:
2812 2273 3086 2344 agminum
3148 2273 3467 2330 laetantium.

1878 2365 2121 2435 Cumque
2150 2364 2294 2419 inter
2325 2363 2520 2418 choros
2544 2362 2781 2419 felicium
2812 2362 3111 2418 incolarum
3141 2364 3348 2420 medios
3379 2378 3469 2421 me
3550 2378 3557 2385 '

1878 2456 2122 2520 duceret,
2154 2454 2396 2526 cogitare
2434 2453 2571 2525 cmpi
2605 2453 2748 2522 quod
2779 2452 2896 2515 hoc,
2927 2452 3161 2512 fortasse
3193 2462 3355 2515 esset,
3376 2468 3471 2511 re-

1878 2562 2044 2621 gnum
2096 2546 2384 2612 caelorum,
2429 2546 2495 2600 de
2551 2561 2660 2615 quo
2711 2544 2994 2616 praedicari
3035 2546 3234 2615 smpius
3263 2544 3468 2600 audivi.

1879 2637 2178 2710 Respondit
2205 2638 2295 2693 ille
2319 2637 2576 2709 cogitatui
2611 2650 2752 2701 meo,
2798 2650 2926 2699 non,
2957 2635 3226 2704 inquiens,
3258 2635 3360 2691 hoc
3387 2644 3473 2691 est

1880 2744 2104 2802 regnum
2134 2729 2392 2784 ccelorum
2422 2727 2566 2800 quod
2597 2736 2869 2783 autumas.
2898 2724 3144 2796 Cumque
3178 2725 3473 2796 proceden-

1883 2832 1967 2880 tes
1995 2822 2381 2877 transissemus
2402 2827 2457 2874 et
2483 2818 2582 2874 bas
2607 2818 2889 2873 beatorum
2918 2815 3204 2886 spirituum
3234 2818 3475 2872 mansio-

1885 2926 2005 2978 nes,
2054 2911 2258 2982 aspicio
2287 2920 2415 2965 aute
2465 2926 2563 2966 nos
2594 2910 2763 2963 multo
2811 2907 3070 2977 majorem
3103 2908 3320 2962 luminis
3348 2923 3476 2976 gra-

1887 3004 2015 3058 tiam
2044 3017 2205 3073 quam
2236 3002 2405 3072 prius.
2447 3001 2502 3055 ln
2541 3016 2647 3070 qua
2694 2999 2860 3056 etiam
2906 3015 3092 3055 vocem
3136 3001 3474 3053 cantantium

1889 3092 2266 3151 dulcissimam
2314 3091 2517 3147 audivi.
2542 3091 2646 3146 Sed
2677 3099 2731 3146 et
2751 3090 2936 3145 odoris
2964 3088 3317 3159 fragrantiaut
3354 3088 3478 3144 miri

1890 3191 2041 3239 tanta
2067 3184 2133 3239 de
2160 3183 2278 3238 loco
2305 3180 2703 3245 eﬂ'undebalur,
2736 3188 2798 3235 ttt
2846 3178 2923 3245 is,
2953 3194 3113 3250 quem
3136 3187 3263 3234 ante
3287 3179 3481 3252 degus-

1895 3283 2021 3331 tans
2047 3275 2204 3345 quasi
2254 3274 2550 3328 maximum
2593 3273 2776 3340 rebar,
2803 3270 2918 3342 jam
2957 3271 3303 3342 permodicus
3347 3272 3480 3326 mibi

1892 3369 2028 3423 odor
2050 3367 2343 3432 videretur,
2377 3367 2519 3422 sicut
2561 3365 2728 3421 etiam
2777 3365 2866 3419 lux
2899 3364 2987 3419 illa
3019 3365 3200 3436 campi
3238 3364 3483 3422 ﬂorentis

1892 3456 2114 3539 eximia,
2144 3458 2196 3511 in
2243 3458 2648 3527 comparatione
2695 3457 2813 3526 ejus
2858 3471 2980 3527 quae
3022 3472 3168 3512 nunc
3208 3457 3481 3527 apparuit,

1893 3549 2029 3606 lucis
2050 3548 2364 3604 tenuissima
2393 3564 2615 3617 prorsus
2635 3547 2922 3602 videbatur
2939 3557 2995 3603 et
3023 3563 3208 3619 parva.
3239 3546 3295 3600 In
3325 3546 3485 3616 cujus

1895 3640 2262 3697 amoenitatem
2295 3638 2398 3694 loci
2435 3653 2557 3693 cum
2588 3652 2689 3692 nos
2715 3637 3017 3692 intraturos
3057 3650 3360 3706 sperarem,
3394 3650 3483 3691 re-

1893 3742 2057 3806 pente
2084 3732 2278 3787 ductor
2320 3729 2585 3786 subsistit.
2634 3728 2743 3785 Nec
2776 3744 2968 3793 mora;
3007 3744 3255 3800 gressum
3309 3734 3487 3784 retoro

1893 3839 2065 3897 quens
2091 3824 2207 3895 ipsa
2237 3836 2324 3878 me
2350 3836 2455 3893 qua
2484 3819 2733 3876 venimus
2761 3820 2848 3874 via
2890 3820 3128 3876 reduxit.

1965 3913 2211 3983 Cumque
2240 3910 2444 3967 reversi
2468 3909 2905 3981 pervenissetnus
2935 3908 3002 3964 ad
3031 3908 3338 3963 mansiones
3365 3906 3487 3963 illas

1897 4004 2045 4059 laetas
2073 4002 2364 4073 spirituum
2393 3999 2826 4063 candidatorum,
2855 3998 2986 4054 dicit
3016 3997 3144 4053 tuilti
3177 4011 3192 4051 :
3222 3996 3343 4053 Scis
3368 4010 3491 4067 qua:

1896 4097 2007 4151 sint
2036 4094 2139 4149 ista
2166 4093 2347 4149 omnia
2378 4106 2499 4163 quce
2528 4090 2747 4146 vidisti?
2777 4089 3046 4159 Respondi
3077 4103 3178 4159 ego
3212 4106 3225 4142 :
3253 4088 3392 4142 Non.
3425 4087 3491 4142 Et

1897 4190 1973 4244 ait
2004 4205 2018 4243 :
2051 4179 2220 4242 Vallis
2248 4187 2382 4251 ista,
2416 4200 2578 4255 quam
2609 4183 2865 4255 aspexisti
2898 4182 3130 4239 ﬂatnntis
3160 4179 3493 4235 ferventibus

1897 4287 1954 4335 et
1984 4277 2279 4348 frigoribus
2308 4273 2578 4330 horrenda
2612 4273 2802 4345 rigidis
2824 4311 2840 4336 ,
2871 4270 2985 4341 ipse
3011 4279 3091 4324 est
3121 4269 3271 4324 locus
3300 4269 3351 4323 in
3383 4284 3493 4339 quo

1900 4368 2280 4427 examinanda:
2308 4376 2363 4424 et
2396 4366 2723 4437 castiganda:
2752 4372 2877 4418 sunt
2903 4361 3097 4416 anima:
3126 4360 3335 4417 illorum
3368 4361 3492 4431 qui,

1902 4458 2214 4519 diﬂ‘erentes
2254 4455 2503 4513 confiteri
2545 4464 2600 4509 et
2636 4452 2928 4509 emendare
2961 4451 3162 4507 scelera
3196 4466 3317 4522 qua:
3354 4449 3495 4505 fece-

1906 4560 2066 4615 runt,
2108 4550 2163 4604 in
2208 4549 2326 4618 ipso
2360 4544 2580 4601 laudent
2617 4542 2808 4598 mortis
2848 4540 3082 4597 articulo
3114 4541 3181 4595 ad
3224 4540 3497 4610 poeniten.

1909 4646 2041 4699 tiam
2084 4641 2402 4712 confugiunt
2439 4648 2494 4695 et
2536 4638 2617 4693 sic
2652 4636 2720 4692 de
2757 4650 2984 4706 corpore
3019 4642 3238 4690 exeunt.
3272 4633 3373 4702 Qui
3411 4642 3496 4687 ta-

1911 4750 2055 4802 men,
2081 4734 2208 4806 quia
2233 4731 2630 4789 confessionem
2654 4740 2704 4783 et
2726 4726 3102 4799 paenitentiam
3131 4724 3214 4781 vel
3242 4725 3293 4779 iu
3326 4733 3501 4777 morte

1908 4835 2169 4901 egerunt,
2197 4841 2388 4882 omnes
2416 4825 2470 4899 in
2510 4823 2597 4880 die
2632 4818 2931 4893 judicii‘ad
2973 4832 3201 4889 regnum
3238 4815 3500 4871 caelorum

1908 4920 2253 4996 perveniunt.
2289 4916 2486 4972 Multos
2515 4923 2694 4970 autem
2724 4927 2793 4967 ex
2827 4911 2909 4968 eis
2944 4926 3136 4981 preces
3168 4907 3456 4965 viventium
3483 4945 3501 4971 ,

1911 5028 1965 5070 et
1993 5014 2373 5084 elecmosynte,
2395 5006 2682 5076 etjejunia,
2705 5013 2762 5070 et
2783 5003 3020 5061 maxime
3052 4999 3343 5058 celebratio
3372 4996 3503 5050 tuis-

2314 5102 2325 5113 ,
2649 5098 2659 5109 ο
2779 5096 2791 5107 ι
2875 5096 2886 5107 ι
2928 5095 2959 5107 oo
3019 5095 3029 5105 ι
3392 5086 3476 5112 .,:-.

1913 5119 2094 5128 -.....--..
2170 5112 2223 5128 ..ι
2260 5111 2416 5128 -..Λκς
2451 5109 2573 5128 ...ειη
2611 5097 2749 5128 ιιιιιηι
2779 5100 2960 5128 ull-tun
2999 5094 3295 5128 't'vnrnnlnr
3356 5104 3510 5128 ειη...-
