3942 5340
415 197 523 254 585

1451 192 1749 250 οτηιοΝι
1788 144 2093 251 MONAClil
2127 189 2185 247 S.
2230 185 2654 247 EMMERAMMI

3578 188 3680 246 381

413 309 639 379 possint.
679 305 783 375 Qui
814 315 992 361 tamen
1023 318 1212 360 omnes
1234 307 1288 357 in
1318 283 1612 369 diejudicii
1641 305 1706 358 ad
1735 304 1995 360 visionem
2029 308 2074 365 Α
2103 301 2374 358 clamabat
2418 301 2600 355 statim
2644 299 2936 354 miserabili
2965 313 3092 354 voce
3134 313 3149 354 :
3190 299 3327 368 Quid
3357 301 3440 356 vis
3475 303 3680 359 modo?

413 399 617 455 Christi
667 408 722 453 et
779 397 970 470 gaudia
1023 395 1178 463 regni
1226 394 1463 451 caelestis
1512 397 1810 450 intrabunt.
1867 394 2000 449 Nam

415 489 724 560 quicunque
763 489 815 542 in
863 485 1008 540 omni
1052 487 1245 551 verbo,
1291 495 1350 541 et
1381 502 1544 556 opere
1590 496 1646 540 et
1680 486 2003 558 cogitatione

419 579 644 647 perfecti
689 588 840 641 sunt,
881 594 1004 631 mox
1049 577 1114 632 (ie
1155 591 1383 648 corpore
1419 579 1620 648 egressi
1663 580 1728 631 ad
1779 593 2001 649 regnum

414 670 638 724 creleste
676 668 1025 737 perveniunt.
1058 668 1124 720 ad
1161 668 1316 737 cujus
1350 668 1542 722 vicinia
1577 668 1808 738 pertinet
1853 669 2003 722 locus

413 760 520 819 ille.
552 759 639 812 ubi
665 773 856 813 sonum
881 757 1165 812 cantilena:
1189 758 1359 814 dulcis
1386 774 1507 812 cum
1533 760 1698 812 odore
1721 757 2003 812 suavitatis

411 867 477 907 ac.
512 851 798 921 splendore
833 850 970 906 lucis
1000 851 1218 906 audisti.

482 942 563 998 Tu
592 953 771 997 autem
797 944 920 1013 quia
956 959 1098 999 nunc
1126 944 1191 996 ad
1225 957 1422 1012 corpus
1451 942 1672 1008 reverti,
1700 952 1756 998 et
1785 959 2001 998 rursum

413 1034 558 1089 inter
589 1035 835 1089 homines
866 1036 1048 1089 vivere
1083 1035 1274 1099 debes,
1309 1035 1354 1090 si
1393 1044 1548 1091 actus
1585 1043 1704 1091 tuos
1734 1036 2004 1090 curiosius

411 1126 683 1182 discu'ere
717 1134 771 1181 et
805 1141 984 1183 mores
1025 1143 1410 1198 sermonesque
1446 1135 1564 1183 tuos
1599 1128 1649 1182 in
1685 1128 2004 1182 rectitudine

411 1235 476 1274 ac
504 1220 849 1289 simplicitate
897 1236 1116 1276 servare
1166 1219 1438 1275 studueris
1463 1261 1478 1285 ,
1522 1218 1758 1290 accipies
1799 1227 1853 1272 et
1891 1219 2006 1288 ipse

413 1300 535 1383 post
567 1321 796 1368 mortem
839 1312 1015 1369 locum
1051 1314 1348 1369 mansionis
1379 1315 1521 1369 inter
1551 1314 1695 1380 haec,
1733 1329 1852 1385 qum
1881 1327 2001 1366 cer—

414 1406 531 1472 nis,
573 1406 788 1477 agmina
830 1406 1132 1461 lictabunda
1168 1408 1454 1478 spirituum
1505 1408 1806 1462 beatorum.
1840 1405 1998 1461 Nam-

412 1512 520 1566 que
549 1512 670 1567 ego,
701 1513 822 1553 cum
867 1499 932 1551 ad
968 1509 1178 1569 tempus
1211 1500 1593 1556 abscessissem
1629 1518 1658 1554 a
1695 1509 1768 1566 te,
1803 1499 1868 1553 ad
1903 1500 2003 1556 hoc

415 1586 543 1652 l'cci,
576 1596 634 1641 ut
668 1588 796 1657 quid
829 1588 893 1644 de
925 1598 975 1644 te
1006 1587 1119 1645 ﬁeri
1151 1591 1370 1646 deberet
1395 1607 1767 1661 agnoscerem.

2100 399 2229 470 quid
2269 399 2376 453 huc
2409 395 2647 451 venisti?
2684 392 2797 448 Non
2833 395 2978 450 enim
3021 395 3152 450 mihi
3195 395 3397 468 aliquid
3435 396 3684 452 utilitatis

2101 502 2195 546 aut
2221 490 2412 544 salutis
2435 498 2589 558 potes
2616 488 2755 543 ultra
2785 484 3051 542 conferre.
3081 487 3151 542 At
3191 487 3296 554 ille,
3325 487 3455 549 noli,
3489 487 3684 557 inquit,

2103 582 2174 636 ita
2205 580 2351 651 loqui
2377 622 2391 646 ,
2421 579 2544 634 vide
2571 588 2630 633 ut
2659 593 2848 634 sanum
2881 577 3080 648 sapias.
3119 579 3266 642 Non.
3299 578 3507 649 inquit.
3540 580 3685 635 insa-

2102 674 2225 735 nio,
2270 672 2364 726 sed
2403 669 2692 738 pessimam
2743 669 2869 722 mihi
2914 669 3301 723 conscientiam
3345 680 3531 725 certus
3577 687 3687 740 pra:

2101 763 2272 818 oculis
2299 763 2492 816 habeo.
2527 760 2591 815 Et
2616 760 2779 830 quid,
2812 760 3021 828 inquit,
3051 761 3152 815 hoc
3189 761 3315 815 est?
3345 760 3509 814 Paulo
3532 769 3685 829 ante,

2104 853 2319 924 inquit,
2366 852 2702 906 intraverunt
2742 851 2960 906 domum
3010 851 3146 907 hanc
3185 852 3292 906 duo
3336 851 3686 922 pulcherrimi

2096 945 2324 1013 juvenes
2351 955 2405 999 et
2427 944 2678 999 sederunt
2707 943 2851 998 circa
2879 958 2987 1007 me,
3011 959 3149 998 unus
3175 944 3238 997 ad
3265 954 3450 1014 caput,
3471 953 3528 998 et
3552 960 3691 1000 unus

2104 1039 2170 1091 ad
2208 1037 2392 1107 pedes.
2433 1037 2501 1091 Et
2537 1035 2761 1104 protulit
2789 1049 2930 1089 unus
2967 1033 3206 1088 libellum
3240 1033 3562 1103 pulchrum,
3595 1034 3687 1088 Sed

2102 1131 2454 1186 vehementer
2477 1127 2771 1190 modicum,
2797 1142 2860 1181 ac
2882 1127 3011 1183 mihi
3037 1127 3102 1180 ad
3130 1126 3408 1196 legendum
3434 1125 3602 1178 dedit.
3633 1125 3688 1180 In

2103 1241 2210 1296 quo
2232 1225 2436 1287 omnia,
2461 1238 2582 1292 qua:
2606 1236 2839 1292 unquam
2867 1221 3005 1276 bona
3030 1217 3287 1285 feceram,
3317 1219 3533 1273 intuens
3557 1219 3690 1273 εει-ξς

2102 1326 2193 1387 pta
2227 1316 2421 1386 reperi.
2451 1315 2516 1370 Et
2555 1314 2669 1369 lucc
2704 1323 2861 1368 erant
2899 1311 3122 1365 nimium
3161 1326 3328 1379 pauca
3358 1319 3413 1364 et
3455 1308 3689 1365 modica.

2105 1408 2443 1475 Receperunt
2463 1403 2726 1468 codicem,
2755 1415 2856 1456 nec
2878 1401 3077 1471 aliquid
3102 1400 3231 1455 mihi
3253 1397 3530 1454 dicebant.
3554 1397 3690 1451 Tum

2105 1500 2284 1553 subito
2324 1496 2637 1567 supervenit
2665 1494 2937 1550 exercitus
2972 1493 3328 1562 malignorum
3359 1499 3412 1545 et
3445 1489 3690 1543 horrido-

2106 1608 2226 1646 rnm
2260 1590 2406 1644 vultu
2442 1589 2760 1658 spirituum,
2810 1588 3138 1656 domumque
3183 1585 3323 1640 hanc
3361 1593 3414 1638 et
3450 1583 3691 1638 exterius

486 1675 613 1733 llmc
646 1694 769 1734 cum
818 1679 948 1734 mibi
989 1679 1246 1738 dixisset.
1282 1683 1505 1736 mnlnnn
1544 1683 1844 1739 detestatus
1880 1698 1997 1738 sum
2035 1667 2074 1723 Β
2103 1680 2337 1746 obsedit,
2377 1688 2430 1734 et
2458 1681 2602 1733 intus
2621 1677 2852 1732 maxima
2877 1691 2942 1731 ex
2973 1684 3124 1745 parte
3151 1675 3392 1730 residens
3429 1671 3693 1743 implevit.

415 1769 614 1826 reverti
643 1771 710 1826 ad
747 1787 972 1843 corpus,
1015 1773 1315 1829 delet-tatus
1361 1775 1616 1830 nimirum
1646 1777 1912 1831 suavitate
1939 1792 2002 1830 ac

415 1862 611 1918 decore
641 1861 743 1919 loci
781 1863 921 1918 illitts
955 1880 1112 1935 quem
1149 1867 1417 1932 intuebar,
1463 1867 1622 1922 simul
1649 1877 1703 1923 et
1728 1868 2004 1924 consortio

415 1970 603 2009 eorum
635 1971 773 2026 quos
807 1956 858 2010 in
893 1957 984 2010 illo
1011 1959 1284 2024 videbam,
1316 1975 1416 2014 nec
1462 1967 1640 2014 tamen
1673 1959 1875 2030 aliquid
1902 1959 2003 2012 du-

417 2057 624 2104 ctorem
679 2066 856 2105 Inctnu
911 2066 1104 2122 rogare
1159 2054 1444 2107 audebam.
1496 2051 1602 2107 Sed
1652 2051 1795 2105 inter
1847 2050 2001 2115 lucc,

419 2139 604 2194 nescio
632 2155 740 2211 quo
769 2140 973 2204 ordine,
1011 2153 1234 2212 repente
1265 2161 1351 2200 me
1383 2145 1520 2199 inter
1553 2145 1797 2198 homines
1823 2145 2005 2196 vivere

417 2245 603 2286 cerno.
648 2232 772 2287 lia-c
811 2244 860 2286 et
901 2234 1003 2287 alia
1031 2275 1043 2298 ,
1083 2251 1201 2304 qua:
1245 2236 1451 2290 viderat
1479 2235 1622 2290 idem
1669 2234 1750 2288 vir
1793 2233 2005 2287 Domini

418 2337 522 2376 non
558 2323 810 2378 onmibns
839 2325 1036 2393 passim
1070 2325 1353 2381 desidiosis
1379 2342 1444 2381 ac
1475 2327 1597 2380 vita:
1624 2340 1735 2380 sua:
1773 2322 2007 2377 incurio-

418 2410 494 2462 sis
536 2411 741 2466 referre
791 2411 1037 2476 volebat,
1085 2415 1179 2468 sed
1224 2415 1327 2469 illis
1366 2415 1703 2470 sohnnmodo
1740 2413 1828 2483 qui
1858 2453 1873 2479 ,
1924 2411 2008 2466 vel

416 2512 812 2561 tormentorum
873 2516 1016 2561 metu
1083 2509 1356 2577 perterriti
1407 2507 1490 2561 vel
1538 2521 1635 2576 spe
1686 2506 2006 2577 gaudiorum

419 2597 738 2664 perennium
773 2597 1052 2660 delectati,
1085 2597 1384 2667 profecnnn
1417 2598 1633 2667 pictatis
1657 2613 1724 2652 ex
1748 2597 1864 2668 ejus
1889 2612 2010 2650 ver-

417 2681 505 2741 bis
525 2683 746 2742 haurire
767 2685 1036 2750 volebant,
1063 2687 1156 2756 qni
1182 2703 1353 2758 usque
1382 2689 1444 2743 ad
1468 2688 1610 2743 diem
1635 2704 1748 2744 sua:
1772 2688 2010 2745 vocatio-

420 2776 507 2829 nis
537 2777 856 2846 infatigabili
888 2778 1190 2833 carlestinm
1223 2781 1485 2837 [sonorum
1519 2780 1789 2836 desiderio
1815 2795 2011 2850 corpus

419 2867 589 2921 senile
637 2867 778 2921 inter
816 2869 1128 2939 quotidiana
1164 2868 1371 2939 jejnnia
1417 2862 1672 2926 domabat
1719 2871 2012 2940 multisque

419 2969 474 3012 ct
508 2959 676 3013 verbo
708 2962 1203 3017 ctcomersationc
1258 2964 1418 3018 saluti
1477 2961 1594 3016 fuit.
1653 2962 1748 3017 Cui
1805 2961 2013 3015 scilicet

2107 1775 2260 1828 Tunc
2295 1772 2383 1827 ille
2406 1772 2495 1843 qui
2533 1781 2588 1826 et
2615 1769 2948 1825 obscuritate
2979 1769 3274 1824 tenebrosa:
3310 1766 3467 1823 faciei
3495 1777 3551 1821 et
3580 1758 3704 1835 pri-7

2107 1876 2253 1922 matu
2297 1865 2441 1919 sedis
2481 1863 2652 1933 major
2683 1877 2803 1917 esse
2836 1861 3120 1916 videbatur
3155 1875 3374 1921 eorum,
3412 1858 3698 1928 proferens

2107 1960 2347 2014 codicem
2379 1957 2665 2012 horrenda:
2698 1955 2924 2012 visionis
2960 1965 3010 2010 et
3045 1953 3426 2025 magnitudinis
3453 1953 3697 2007 enormis

2105 2061 2160 2104 et
2192 2050 2444 2121 ponderis
2471 2063 2607 2120 pene
2635 2046 3022 2118 importahilis,
3046 2045 3212 2112 jussit
3241 2060 3404 2099 unum
3433 2058 3498 2097 ex
3535 2043 3700 2097 satel-

2108 2142 2290 2198 litibus
2315 2141 2429 2197 suis
2461 2140 2590 2195 tnihi
2618 2142 2686 2196 ad
2722 2139 3002 2210 legendum
3030 2137 3262 2193 deferre.
3293 2136 3423 2203 Qua:
3465 2151 3590 2190 cum
3622 2135 3698 2186 le.

2107 2235 2330 2305 gissem,
2361 2234 2538 2288 inveni
2571 2233 2752 2288 onmia
2779 2231 2981 2287 scelera
3001 2272 3016 2296 ,
3045 2246 3152 2287 non
3181 2229 3353 2284 solum
3385 2243 3507 2297 quae
3535 2242 3700 2297 opere

2106 2323 2192 2377 vel
2216 2325 2404 2388 verbo,
2431 2326 2524 2378 sed
2547 2323 2711 2378 etiam
2735 2337 2854 2392 qua:
2880 2319 3194 2376 tenuissima
3220 2318 3550 2388 cogitatione
3577 2332 3702 2384 pec-

2109 2413 2249 2478 cavi,
2280 2413 2722 2468 manifcstissime
2749 2413 2800 2466 in
2835 2428 2900 2466 eo
2928 2410 3082 2466 tetris
3101 2425 3223 2463 esse
3247 2408 3519 2477 descripta
3553 2407 3700 2458 litte-

2111 2507 2205 2561 ris.
2237 2505 2564 2574 Dicebatquc
2598 2504 2665 2558 ad
2695 2503 2832 2566 illos,
2867 2504 2958 2572 qui
3001 2502 3132 2556 mihi
3165 2500 3483 2555 assederant
3505 2537 3522 2562 ,
3556 2497 3704 2550 viros

2110 2597 2262 2653 albos
2299 2607 2353 2652 et
2379 2596 2710 2668 prarclaros:
2742 2595 2880 2662 Quid
2918 2594 3005 2649 hic
3051 2594 3277 2656 sedetis,
3322 2593 3560 2646 scientes
3585 2603 3703 2644 cer-

2114 2691 2318 2746 tissime
2353 2691 2476 2758 quia
2509 2701 2693 2743 noster
2721 2697 2804 2743 est
2837 2687 2968 2742 iste?
3011 2685 3426 2755 Responderunt
3454 2699 3466 2734 :
3496 2681 3703 2736 Verum

2111 2781 2306 2837 dicitis.
2350 2781 2590 2849 Accipite
2617 2789 2671 2834 et
2711 2781 2762 2834 in
2796 2777 3069 2833 cumulum
3115 2775 3473 2830 damnationis
3506 2783 3705 2827 vestra:

2114 2872 2314 2926 ducite.
2339 2869 2457 2937 Quo
2480 2870 2642 2935 facto,
2665 2871 2848 2924 statim
2870 2869 3272 2938 disparuerunt.
3298 2866 3708 2935 Surgentesque

2114 2963 2221 3018 duo
2257 2962 2572 3032 nequissimi
2623 2961 2847 3032 spiritus
2892 2961 3152 3016 habentes
3193 2959 3246 3012 in
3293 2958 3544 3012 manibus
3591 2957 3707 3009 cul-

419 3050 614 3104 visieni
661 3068 780 3105 mox
832 3052 1114 3122 subjuncta
1155 3063 1233 3109 est
1282 3054 1388 3108 alia
1432 3070 1461 3108 a
1505 3053 1762 3125 praedicto
1796 3052 1913 3106 viro
1955 3052 2007 3104 in
2036 3025 2081 3088 (ἶ
2117 3063 2256 3108 trum
2307 3063 2690 3124 percusserunt
2729 3069 2816 3108 me
2861 3069 3001 3107 unus
3052 3052 3104 3105 in
3150 3050 3325 3122 capite
3365 3059 3420 3104 et
3467 3049 3611 3103 alius
3649 3047 3704 3101 in

419 3139 565 3198 itunc
594 3142 812 3198 modum
847 3145 1046 3214 seripta
1075 3164 1087 3198 :

807 3255 982 3313 VISIO
1025 3257 1342 3313 \‘lCESlMA
1391 3241 1635 3313 ruunt;

425 3342 654 3414 Quidam
684 3349 746 3402 ob
777 3348 997 3404 dilatam
1026 3352 1243 3405 nimium
1273 3352 1624 3421 paenitentiam
1665 3351 1875 3406 attentis
1902 3362 2011 3406 tor-

841 3422 1028 3475 mentis
1064 3423 1329 3477 addictus.
1368 3421 1452 3476 Ea:
1480 3421 1597 3475 eod.

493 3507 565 3564 At
605 3517 794 3565 contra
837 3510 939 3566 fuit
968 3513 1186 3582 quidam
1227 3514 1278 3567 in
1324 3512 1599 3584 provincia
1646 3512 1966 3568 Merciorum
1995 3553 2012 3577 ,

413 3593 575 3669 cujus
601 3599 840 3657 visiones
869 3617 931 3655 ac
964 3605 1147 3667 verba,
1181 3619 1285 3657 non
1321 3613 1499 3658 autem
1531 3604 1874 3660 conversatio
1898 3602 2016 3672 plu-

420 3690 604 3755 rimis.
638 3693 731 3747 sed
765 3709 861 3747 nec
895 3694 1214 3763 sibimetipsi
1246 3695 1466 3764 proluit.
1500 3694 1621 3750 Fuit
1651 3705 1832 3749 antem
1869 3707 2003 3749 tem-

419 3783 644 3850 poribus
671 3782 968 3848 Coenredi,
1001 3786 1090 3855 qui
1123 3796 1244 3855 post
1274 3786 1581 3843 Edilrcdum
1621 3789 1867 3858 regnavit
1887 3829 1902 3854 ν
1932 3788 2017 3842 vir

420 3876 474 3928 in
507 3873 644 3927 laico
670 3876 854 3932 babLtu
879 3886 1038 3945 atque
1068 3877 1244 3933 oflicio
1268 3881 1486 3936 militari
1514 3881 1710 3950 potius,
1738 3882 1830 3936 sed
1855 3897 2021 3950 quan.

421 3975 535 4054 tum
569 3981 664 4033 pro
696 3965 966 4022 industria
992 3970 1248 4024 exteriori
1285 3971 1652 4042 regiplacens,
1689 3981 1896 4026 tantum
1916 3988 2014 4042 pro

419 4058 633 4109 lnterna
703 4057 898 4114 suimet
947 4059 1271 4132 negl7gcntia
1318 4060 1629 4132 displicens.
1682 4061 2022 4117 Admonebat

424 4159 554 4215 ergo
591 4143 736 4201 illum
774 4149 991 4213 sedulo,
1020 4161 1075 4204 ut
1108 4152 1480 4217 coniiteretur,
1520 4160 1574 4205 et
1612 4155 1928 4209 emendaret
1955 4168 2021 4206 ac

424 4234 756 4306 relinqueret
781 4239 983 4293 sceiera
1015 4255 1134 4305 sua,
1159 4241 1470 4312 priusquam
1498 4242 1678 4297 subito
1705 4241 1896 4296 mortis
1922 4242 2017 4297 ad-

421 4337 584 4380 ventu
617 4339 827 4398 tempus
857 4345 1016 4384 omne
1045 4331 1337 4400 paenitendi
1386 4341 1440 4385 et
1475 4330 1796 4386 emendandi
1825 4330 2016 4400 perde-

425 4423 525 4470 ret.
553 4417 750 4472 Verum
781 4419 867 4472 ille
899 4421 1207 4489 frequenter
1233 4421 1358 4476 licet
1388 4422 1698 4476 admonitus
1721 4422 2016 4492 spernebat

424 4506 585 4561 verba
632 4507 822 4562 Salutis
852 4525 1020 4578 seque
1064 4519 1303 4579 tempore
1343 4519 1605 4581 sequnte
1641 4511 2012 4581 paenitentiam

421 4607 673 4653 acturum
703 4615 822 4655 esse
851 4601 1220 4670 promittebat.
1269 4601 1366 4656 llic
1399 4603 1612 4657 interim
1661 4611 1835 4658 tactus
1865 4604 2016 4658 infir-

426 4688 616 4743 mitate
664 4690 862 4745 decidit
913 4691 966 4745 in
1015 4676 1209 4746 lectum
1249 4703 1412 4762 atque
1462 4694 1570 4748 acri
1612 4691 1778 4764 C(I‘pil
1828 4693 2015 4749 dolore

417 4781 691 4849 'tcrqneri.
739 4783 820 4836 Ad
872 4799 1032 4854 quem
1084 4784 1362 4853 ingressus
1414 4800 1506 4839 rex
1559 4784 1848 4857 (diligebat
1891 4800 2012 4840 eum

424 4872 686 4942 multum)
716 4874 1040 4930 hortabatur
1069 4885 1127 4930 nt
1157 4875 1239 4928 vel
1273 4884 1426 4940 lttnc,
1459 4885 1745 4947 antequam
1779 4891 2018 4932 morere-

423 4975 532 5029 tur.
569 4967 941 5040 paenitentiam
984 4977 1168 5041 ageret
1207 4970 1642 5025 commissorum.
1684 4970 1755 5022 At
1797 4969 1886 5025 ille
1925 4985 2012 5024 re-

422 5057 638 5126 SpOndit
672 5075 779 5113 non
811 5075 869 5114 se
899 5071 1025 5115 tunc
1053 5060 1186 5115 velle
1208 5061 1456 5117 confiteri
1489 5071 1709 5131 peccata
1744 5075 1838 5114 sua
1864 5100 1878 5121 .
1921 5060 2014 5116 sed

421 5163 543 5204 cum
575 5150 642 5206 ab
668 5150 985 5207 infirmitate
1014 5165 1324 5226 resurgeret
1347 5195 1362 5216 ,
1393 5170 1460 5208 ne
1489 5154 1882 5223 exprobrarent
1911 5153 2013 5208 sibi

422 5239 638 5297 sodaies
676 5245 816 5313 quod
852 5243 1043 5300 timore
1081 5245 1271 5300 mortis
1323 5244 1530 5300 faceret
1566 5259 1630 5299 ea
1670 5259 1790 5314 quae
1831 5256 2017 5314 sospes

2044 4381 2092 4441 D

2112 3147 2277 3217 pede;
2311 3145 2400 3213 qui
2427 3144 2679 3201 videlicet
2705 3145 2862 3199 modo
2894 3157 3017 3198 cum
3045 3157 3240 3212 magno
3269 3149 3540 3196 tormento
3569 3141 3706 3195 irre-

2111 3246 2247 3305 punt
2280 3236 2335 3290 in
2368 3235 2623 3289 interiora
2655 3236 2898 3305 corporis
2928 3234 3058 3300 mei,
3092 3248 3324 3304 moxque
3356 3242 3414 3285 ut
3441 3233 3508 3285 ad
3534 3247 3592 3286 se
3627 3231 3708 3294 ing-

2113 3326 2290 3381 vicem
2335 3326 2691 3395 perveniunt,
2726 3326 2932 3380 moriar
2960 3334 3015 3379 et
3050 3325 3253 3394 paratis
3281 3325 3347 3378 ad
3386 3323 3706 3394 rapiendum

2116 3435 2202 3476 me
2233 3420 2564 3475 daemonibus
2594 3419 2646 3473 in
2679 3419 2872 3473 inferni
2904 3417 3139 3473 claustra
3165 3417 3471 3486 pertrahar.
3505 3415 3709 3486 Sicque

2119 3512 2439 3581 loquebatur
2465 3511 2631 3565 miser
2657 3510 2984 3581 desperans,
3028 3517 3084 3564 et
3113 3523 3218 3564 non
3263 3508 3434 3563 multo
3463 3515 3586 3576 post
3612 3507 3708 3561 de-

2119 3605 2337 3660 functus
2368 3604 2777 3675 pmnitentiam,
2809 3618 2971 3672 quam
3017 3603 3085 3657 ad
3133 3603 3297 3658 breve
3326 3609 3541 3669 tempus
3579 3612 3704 3654 cum

2120 3697 2295 3750 l'ruetn
2350 3695 2518 3748 venia:
2557 3693 2737 3748 facere
2784 3693 3134 3763 supersedit,
3183 3691 3236 3746 in
3274 3701 3540 3744 internum
3588 3689 3708 3742 sine

2120 3789 2295 3844 fructu
2336 3787 2511 3858 pennis
2551 3787 2800 3841 subditus
2845 3785 2994 3840 facit.
3040 3784 3112 3840 De
3142 3800 3251 3854 quo
3280 3790 3535 3848 constat,
3578 3783 3706 3851 quia

2119 3881 2258 3935 sicut
2282 3888 2504 3934 sanctus
2537 3893 2674 3948 papa
2711 3877 3006 3947 Gregorius
3031 3875 3099 3930 de
3132 3874 3454 3946 quibusdam
3481 3873 3704 3938 scribit,

2122 3988 2226 4027 non
2253 3987 2350 4042 pro
2381 3987 2438 4024 se
2464 3971 2586 4035 ista,
2617 3969 2702 4023 cui
2729 3983 2832 4022 non
2860 3966 3131 4038 profuere,
3158 3963 3252 4022 sed
3283 3980 3378 4036 pro
3405 3964 3529 4018 aliis
3561 3965 3709 4026 video

2123 4065 2192 4121 rit
2219 4063 2308 4134 qui
2340 4063 2456 4133 ejus
2490 4061 2766 4116 interitum
2801 4068 3213 4128 cognoscentes,
3252 4057 3472 4114 diiierre
3496 4066 3707 4125 tempus

2125 4154 2495 4225 poenitentia,
2546 4155 2674 4208 dum
2725 4161 2921 4216 vocat,
2959 4151 3214 4205 timerent
3242 4189 3258 4210 .
3301 4163 3369 4203 ne
3411 4148 3705 4217 improviso

2126 4248 2316 4302 mortis
2344 4246 2572 4302 articqu
2603 4246 2857 4316 prazventi
2901 4245 3307 4314 imptnnitentes
3335 4242 3602 4314 perirent.

2449 4336 2626 4392 ViSlO
2668 4335 2983 4392 VICESIMA
3023 4336 3365 4393 SECUNDA.

2120 4432 2361 4488 Scelesta:
2398 4432 2519 4486 vita:
2545 4429 2829 4484 monachus
2858 4440 3109 4484 wtcrnum
3137 4429 3441 4484 damnatus.
3470 4423 3559 4481 Ea:
3585 4424 3702 4488 eod.

2188 4524 2316 4578 Post
2342 4521 2459 4577 haec
2487 4534 2704 4591 quoque
2739 4519 3000 4574 visionem
3040 4520 3256 4575 tertiam
3293 4517 3584 4588 praedictus
3617 4532 3705 4572 ve-

2121 4612 2374 4667 nerabilis
2405 4611 2546 4666 Beda
2573 4607 2863 4679 snbjnngit.
2898 4607 3024 4662 Novi
3053 4619 3257 4673 autem,
3291 4608 3560 4677 inquiens,
3590 4607 3704 4676 ipse

2116 4706 2341 4760 fratrem
2365 4745 2379 4769 ,
2427 4719 2587 4774 quem
2629 4703 2836 4756 utinam
2876 4715 2979 4755 non
3024 4714 3238 4762 nossem
3263 4695 3290 4754 ι’
3331 4698 3499 4769 Cujus
3537 4699 3700 4753 etiam

2119 4811 2337 4860 nomen,
2374 4795 2418 4849 si
2450 4796 2551 4850 hoc
2579 4793 2782 4864 aliquid
2809 4792 3048 4864 prodest,
3081 4791 3265 4845 dicere
3293 4804 3530 4860 possem,
3554 4787 3699 4858 posi-

2120 4900 2232 4944 tum
2264 4889 2315 4942 in
2347 4886 2678 4955 monasterio
2715 4886 2904 4952 nobili,
2927 4885 3032 4940 sed
3068 4885 3244 4954 ipsum
3284 4881 3594 4952 ignobiliter
3619 4879 3701 4934 vi-

2120 4989 2354 5036 ventem.
2388 4978 2799 5049 Corripiebatur
2829 4977 3041 5048 quidem
3071 4976 3260 5032 sedulo
3289 4990 3321 5030 a
3351 4973 3612 5029 fratribus
3638 4987 3702 5028 ac

2121 5072 2418 5142 majoribus
2451 5070 2586 5136 loci,
2628 5080 2792 5139 atque
2829 5070 2895 5124 ad
2931 5067 3338 5136 castigatiorem
3370 5066 3533 5118 vitam
3573 5079 3699 5119 con-

2120 5166 2256 5219 verti
2287 5162 2703 5218 admonebatur.
2728 5161 2796 5215 Et
2822 5159 3069 5230 quamvis
3092 5173 3186 5213 eos
3207 5156 3396 5211 audire
3422 5153 3698 5217 noluisset,

2127 5255 2456 5309 tolerabatur
2487 5261 2666 5321 tamen
2697 5252 2764 5306 ab
2791 5250 2872 5307 eis
2898 5246 3278 5321 longanimiter
3303 5247 3376 5301 ob
3412 5243 3703 5300 necessita-
