3942 5340
192 200 283 256 985
1484 201 1686 259 ιεηειι

1834 202 2073 260 ιΙΟΝυΜ.
3325 224 3432 283 586

191 318 315 380 dum.
343 323 493 385 alque
513 313 773 370 orandum
803 312 857 369 in
886 312 1116 370 ecclesia
1141 315 1579 388 audiendumque
1603 331 1728 371 cum
1758 322 1806 380 Α
1832 327 2088 385 cupatum
2138 333 2168 371 a
2206 333 2316 392 quo
2362 321 2546 382 odium
2594 326 2880 399 omnisque
2924 328 3131 390 malitia
3160 339 3312 398 venit
3375 342 3432 400 it

191 405 417 462 fratribus
441 404 657 461 verbum
681 404 804 460 vita:
826 418 1149 461 concurrere
1173 416 1550 462 consueverat.
1578 406 1732 462 Unde
1836 405 2117 461 mundum.
2572 428 2577 433 ι
2896 436 2899 441 ›

189 499 355 557 accidit
382 496 450 553 illi
471 498 610 568 quod
645 497 821 553 solent
856 497 1037 552 dicere
1065 498 1321 568 quidam:
1349 498 1482 566 Quia
1497 499 1590 569 qui
1622 514 1723 554 non
1907 496 2291 558 Verumtamen
2314 519 2414 561 nec
2443 502 2657 563 Vollarc
2684 525 2783 566 nec
2806 511 2925 580 ejus
2951 514 3179 575 comites
3200 536 3300 587 per
3319 539 3423 580 no.

190 587 743 658 rultecclesizejauuam
767 597 960 658 sponte
975 589 1530 662 humiliatusingredi,
1547 601 1736 646 neccs-
1834 589 1997 644 minis
2023 589 2182 660 hujus
2206 592 2461 650 indicium
2487 599 3017 674 attemlebantquem
3047 611 3422 670 eonviatorem

187 699 238 741 se
276 684 424 738 habet
448 681 665 751 januam
692 680 888 735 inferni
913 695 1019 735 non
1042 690 1234 749 sponte
1255 681 1542 736 damnatus
1563 682 1731 737 intro.
1836 682 2117 739 haberent.
2148 684 2276 741 Sole
2323 696 2504 744 autem
2555 693 2622 747 ad
2658 709 2910 750 occasum
2955 702 3423 774 appropinquante

187 778 309 835 duci.
346 776 632 831 Percussus
653 774 796 831 enim
810 773 1068 846 languore
1080 783 1243 846 atque
1257 775 1323 829 ad
1345 783 1586 829 extrema
1604 790 1731 844 per-
1834 783 2119 844 cmperunt
2142 783 2380 833 tractare
2406 780 2495 836 ubi
2521 792 2679 839 nocte
2701 784 2788 840 illa
2815 790 3155 856 pozissimum
3181 773 3424 854 valerent

186 874 351 927 ducitis
377 870 580 926 vocavit
613 869 845 935 fratres,
869 877 923 923 et
953 868 1180 923 multum
1198 868 1370 924 tristis
1392 883 1454 923 ac
1476 869 1734 923 damnato
1834 881 2082 922 manere.
2116 869 2268 926 Tune
2325 873 2594 942 diabolus,
2627 877 2695 943 si,
2730 879 2921 950 inquit,
2954 898 3164 942 mecum
3206 889 3424 960 proiici-

183 964 350 1021 simms
372 963 530 1033 εωρίι
553 975 781 1018 narrare
803 961 928 1031 quia
959 961 1166 1015 videret
1199 959 1407 1016 inferos
1437 970 1653 1031 apertos
1679 967 1734 1014 et
1833 960 1911 1015 sci
1934 960 2234 1029 volueritis,
2257 965 2398 1019 dabo
2420 977 2613 1023 cuncta
2643 975 2942 1029 necessaria
2965 978 3139 1036 vobis.
3165 959 3257 1038 Est
3277 983 3423 1039 enim

184 1057 410 1112 Satanam
451 1054 758 1108 demersum
799 1052 853 1107 in
892 1051 1177 1124 profundis
1214 1050 1402 1107 tartari
1425 1050 1733 1121 .Caipham-
1833 1052 2087 1123 contigua
2114 1053 2306 1110 domus
2329 1064 2381 1111 et
2408 1056 2675 1114 habitatio
2698 1077 2838 1118 mea.
2866 1064 2971 1121 Sed
2997 1068 3048 1121 in
3071 1070 3172 1124 hoc
3194 1071 3424 1128 sollicito

180 1162 269 1217 que
296 1160 409 1200 cum
445 1143 691 1211 ert-teris,
732 1144 823 1213 qui
860 1143 1180 1199 occiderunt
1214 1142 1493 1200 Christum
1521 1185 1537 1209 ,
1573 1141 1729 1212 juxta
1835 1156 1931 1198 vos
1957 1142 2163 1199 debetis
2189 1146 2500 1213 observare,
2534 1160 2614 1218 ut,
2643 1154 2768 1224 quia
2807 1170 2996 1213 servos
3020 1173 3072 1215 et
3102 1160 3298 1221 milites
3322 1181 3420 1221 ne-

178 1252 281 1293 ωιη
325 1236 547 1292 ﬂammis
597 1236 879 1293 ultricibus
923 1236 1298 1293 contraditum
1327 1275 1343 1301 ,
1394 1238 1450 1296 in
1498 1251 1730 1307 quorum
1832 1234 2125 1303 quissimos
2155 1236 2331 1293 habeo
2376 1239 2429 1293 in
2462 1240 2624 1297 domo
2673 1258 2816 1307 mea.
2850 1247 3030 1306 nullus
3056 1263 3299 1310 vestrum
3365 1254 3421 1312 in

178 1330 388 1395 vicinia,
439 1329 654 1400 inquit,
703 1330 805 1384 heu
860 1329 1062 1385 misero
1110 1329 1244 1385 mihi
1296 1328 1477 1385 locum
1525 1329 1731 1399 aspicio
1830 1325 2015 1395 aliquo
2039 1329 2257 1399 negotio
2279 1329 2360 1385 vel
2382 1331 3103 1404 colloquiosccommisceat
3123 1344 3246 1400 illis.
3271 1347 3421 1406 lianc

177 1434 360 1477 eterna:
413 1422 736 1492 perditionis
789 1436 911 1477 esse
972 1420 1378 1492 praeparatum!
1432 1418 1729 1475 Audientes
1830 1417 1996 1488 igitur
2021 1421 2434 1489 promissionem
2460 1433 2515 1481 ct
2536 1426 2957 1487 admonitionem
2975 1432 3203 1491 fideliter
3223 1438 3422 1495 factam

176 1517 270 1571 huc
312 1515 498 1569 fratres
543 1522 828 1583 coeperunt
873 1512 1161 1584 diligenter
1211 1511 1492 1568 exhortari
1540 1522 1598 1566 ut
1641 1510 1728 1567 vel
1827 1512 2110 1568 credentes
2137 1513 2366 1570 libenter
2386 1519 2676 1575 audierunt
2697 1530 2750 1577 et
2779 1536 2963 1605 secum
2991 1525 3256 1595 proficisci
3281 1541 3420 1601 quo-

178 1619 282 1661 ntuc
321 1604 523 1674 positus
573 1604 750 1661 adhuc
783 1606 835 1659 in
883 1618 1113 1675 corpore
1159 1602 1534 1674 pmnitentiam
1582 1601 1726 1656 face.
1760 1683 1797 1690 _
1827 1608 2174 1678 eunqueipse
2196 1609 2357 1665 vellet
2384 1612 2759 1670 decreverunt.
2781 1601 3009 1688 Moxque
3032 1619 3147 1690 ipse
3172 1620 3420 1681 diabolus

178 1709 259 1752 ret.
308 1696 681 1765 lli-spondebat
745 1697 833 1753 ilie
882 1696 1180 1767 desperans
1223 1712 1236 1748 :
1285 1695 1402 1751 Non
1459 1706 1546 1751 est
1594 1694 1725 1749 mihi
1760 1683 1803 1741 Β
1832 1700 1985 1768 quasi
2016 1701 2121 1755 dux
2156 1701 2367 1759 itineris
2394 1707 2671 1774 pnecessit
2700 1718 2757 1764 et
2797 1725 2893 1766 eos
2919 1711 2971 1766 iu
3000 1712 3195 1769 vallem
3226 1731 3422 1789 quam-

176 1791 306 1847 tuodo
339 1800 545 1862 tempus
586 1790 853 1856 mutandi,
879 1804 1002 1844 eum
1040 1789 1155 1859 ipse
1190 1788 1418 1842 viderim
1464 1785 1728 1856 judicium
1830 1789 1956 1843 dam
1987 1805 2198 1863 magna;
2227 1792 2582 1865 longitudinis
2612 1799 2853 1881 deduxit.

175 1897 323 1936 meum
338 1881 445 1952 jam
470 1896 596 1936 esse
619 1880 968 1950 completum.
998 1879 1149 1934 Talia
1184 1878 1373 1933 dicens
1393 1879 1510 1932 sine
1534 1878 1733 1932 viatico
1899 1876 2107 1937 Deinde
2129 1898 2278 1949 vero,
2302 1902 2425 1941 cum
2471 1886 2586 1956 jam
2629 1878 2800 1961 magis
2826 1909 2889 1947 ac
2921 1895 3091 1968 magis
3121 1911 3230 1953 nox
3263 1909 3415 1958 tene-

173 1972 332 2028 salutis
354 1973 482 2028 obiit
512 1989 570 2027 et
596 1986 795 2042 corpus
820 1969 937 2040 ejus
963 1970 1018 2025 in
1044 1970 1249 2025 ultimis
1274 1978 1357 2024 est
1384 1969 1517 2025 locis
1540 1985 1727 2025 moua-
1831 1973 1992 2029 hrosa
2018 1975 2352 2043 immineret,
2383 1980 2538 2035 duxit
2568 1981 2686 2039 illos
2718 1984 2770 2039 in
2800 1987 2991 2043 sdvam
3019 1991 3427 2063 densissimam,

178 2064 303 2119 ειενίί
333 2063 633 2117 humatum,
664 2061 847 2132 Neque
873 2061 1069 2133 aliquis
1095 2075 1192 2131 pro
1214 2076 1279 2116 eo
1307 2059 1389 2113 vel
1417 2062 1611 2115 missas
1646 2060 1726 2113 fa-
1833 2069 1884 2122 in
1910 2084 2019 2139 qua
2053 2070 2369 2141 aliquandiu
2399 2074 2627 2145 profecti
2675 2080 2857 2136 subito
2884 2081 3134 2139 viderunt
3162 2084 3427 2156 plurimos

175 2168 295 2219 cere,
321 2152 398 2208 vel
420 2152 663 2222 psalmos
690 2160 937 2215 cantare,
965 2149 1047 2205 vel
1097 2150 1293 2204 saltem
1341 2165 1501 2205 orare
1528 2164 1729 2219 prmstt-
1832 2159 1933 2214 sibi
1980 2175 2105 2216 cum
2153 2163 2496 2235 lampadibus
2538 2177 2594 2222 et
2644 2168 2853 2224 lacibus
2896 2173 3193 2230 honoriﬁrc
3231 2192 3426 2233 occur-

174 2247 341 2301 ruebat.
368 2246 411 2301 Ο
437 2261 603 2317 quam
635 2244 822 2312 grandi
868 2242 1125 2298 distantia
1155 2242 1341 2297 divisit
1372 2243 1513 2297 Deus
1550 2241 1727 2298 lucem
1831 2263 2030 2310 ι-εηιοε,
2088 2255 2237 2311 [mer
2283 2272 2421 2328 quos
2468 2261 2632 2314 etiam
2685 2264 2950 2332 nonnulli,
2979 2265 3070 2335 qui
3098 2266 3426 2325 Videbam",

171 2353 212 2394 et
228 2341 484 2396 tenebras!
507 2339 712 2393 Beatus
737 2346 1102 2408 protomartyr
1134 2334 1442 2405 Stephanus
1468 2351 1729 2405 passurus
1830 2346 2127 2417 splendidis
2162 2350 2530 2422 pretiosisque.
2580 2354 2822 2409 vestibus
2872 2334 3068 2423 induti,
3106 2372 3427 2430 prorumpe-

174 2443 369 2489 utortem
396 2447 493 2503 pro
522 2432 759 2487 veritate
801 2429 933 2485 vidit
980 2428 1149 2485 cmlos
1177 2422 1414 2499 apertos,
1448 2428 1580 2483 vidit
1614 2427 1730 2501 glo-
1828 2438 1961 2493 bant
1986 2447 2266 2496 certantes
2289 2440 2414 2512 quis
2448 2454 2636 2498 eorum
2667 2445 2818 2514 prius
2849 2460 3017 2518 equos
3040 2446 3124 2504 vel
3161 2448 3309 2520 ipsos
3333 2464 3424 2505 su-

175 2528 286 2582 πίνη
312 2528 398 2583 Dei
418 2536 467 2582 et
493 2525 684 2583 Jesmn
716 2533 947 2580 star-lem
972 2539 1000 2578 ο
1023 2522 1233 2580 dextris
1259 2523 1376 2590 Dei.
1405 2534 1461 2579 ct
1490 2522 1580 2579 ubi
1611 2531 1730 2580 erat
1830 2530 2065 2599 sciperet
2088 2538 2143 2585 et
2180 2532 2246 2587 ad
2278 2533 2513 2605 hospitia
2540 2537 2843 2607 omnigenis
2873 2541 3196 2595 necessariis
3221 2540 3423 2597 referta

171 2626 396 2674 venturus
436 2618 552 2688 ipse
586 2624 709 2687 post
740 2625 992 2680 mortem,
1024 2614 1095 2670 ibi
1127 2614 1315 2671 oculos
1362 2617 1563 2671 mentis
1602 2626 1730 2671 aute
1830 2621 2142 2677 deduceret.
2194 2622 2487 2694 Posnjuam
2532 2641 2663 2682 vero
2719 2631 2925 2695 omnia,
2956 2646 3075 2701 σιιιω
3125 2633 3437 2719 hospitii-nis:

175 2722 389 2776 mortem,
413 2726 520 2780 quo
539 2710 717 2764 ltetior
742 2710 1108 2775 occumberet,
1132 2708 1279 2781 misit
1312 2710 1449 2781 (Act.
1492 2725 1583 2773 vn,
1612 2708 1726 2781 £35).
1829 2723 1982 2784 grata
2022 2723 2078 2769 et
2109 2717 2419 2772 necessaria
2448 2733 2570 2775 esse
2611 2721 2807 2781 so'eat.
2836 2730 2944 2777 tam
2974 2722 3029 2778 in
3080 2740 3138 2779 se
3168 2740 3331 2796 quam
3369 2728 3426 2782 in

172 2802 229 2855 At
261 2812 434 2856 contra
467 2802 572 2857 iste
605 2803 906 2856 tenebrosae
936 2799 1134 2855 mentis
1175 2808 1232 2855 et
1273 2800 1505 2855 actionis
1555 2801 1730 2855 immi-
1830 2808 1986 2878 equis
2002 2812 2287 2880 pascendis
2317 2813 2691 2883 copiosissime
2719 2815 2962 2873 exhibita
2991 2826 3425 2885 sunt,convoca-

173 2901 304 2946 ncate
329 2903 494 2949 tuorte
524 2893 664 2947 vidit
689 2902 875 2962 aperta
912 2900 1139 2957 tartara,
1169 2890 1302 2946 vidit
1326 2891 1726 2947 damnationem
1832 2901 2031 2955 bantur
2059 2902 2126 2956 ad
2156 2903 2419 2975 principis
2448 2906 2694 2961 domum.
2723 2908 2825 2977 Qui
2852 2911 3036 2966 statim
3067 2913 3424 2972 advenientes

170 2983 335 3037 diaboli
371 2967 422 3037 et
462 2983 782 3053 sequacium
808 2981 947 3052 ejus,
972 2981 1107 3036 Vidit
1140 2981 1307 3035 etiam
1354 2997 1511 3037 Suum
1538 3024 1553 3049 ,
1587 2980 1727 3038 i..fe-
1758 3048 1797 3075 ρ
1825 2990 1963 3056 jussi
2000 3002 2126 3048 sunt
2154 2996 2459 3052 considere.
2501 2998 2708 3055 Deinde
2756 3016 2940 3056 mensa
2985 2994 3288 3075 praeparata
3319 3005 3428 3062 itur

171 3073 229 3128 lix
264 3075 394 3132 inter
439 3075 576 3132 tales
624 3090 905 3133 carcerem
947 3115 964 3139 ,
1032 3088 1141 3146 quo
1202 3075 1565 3131 miserabilius
1612 3076 1729 3149 ipse
1757 3073 1800 3109 ι’
1833 3086 1899 3139 ad
1939 3101 2169 3150 cmnam,
2200 3088 2251 3143 in
2303 3104 2407 3159 qua
2433 3091 2621 3161 optimi
2659 3095 2874 3164 generis
2917 3094 3119 3152 fercula
3151 3110 3200 3151 et
3235 3100 3427 3171 pocula

172 3166 416 3235 desperata
460 3168 640 3224 salute
672 3162 913 3236 periret,
946 3165 1039 3222 sed
1087 3167 1417 3231 viventibus,
1473 3168 1564 3237 qui
1615 3168 1728 3226 ha'c
1834 3191 1940 3230 non
1995 3178 2098 3233 nisi
2152 3181 2334 3235 aureis
2364 3181 2447 3237 vel
2478 3186 2754 3254 argenteis
2780 3180 2925 3243 vasis
2953 3188 3135 3246 alferri
3161 3192 3426 3249 videban-

169 3249 531 3324 rugnbrissent,
576 3273 798 3314 causam
829 3257 1020 3315 salutis
1061 3274 1158 3315 sua
1212 3258 1519 3330 perditione
1566 3260 1730 3315 retin-

169 3358 345 3415 oneret.

500 3444 681 3501 VISIO
723 3440 1043 3501 VICESIMA
1084 3444 1360 3502 TERTIA.

170 3529 513 3591 Hermionici:
535 3538 686 3591 bonis
709 3536 756 3591 ri
777 3536 853 3589 rel
866 3536 1056 3605 fraude
1080 3537 1296 3607 direptis
1307 3538 1514 3594 dwman
1527 3539 1733 3593 ditamr.

646 3664 655 3671 ,
716 3666 721 3673 ,
736 3617 783 3662 et
814 3608 1122 3663 delectatur.

224 3714 394 3773 llirnm
436 3719 714 3790 quoddam
768 3737 942 3791 nuper
982 3722 1183 3783 attaivi,
1225 3721 1370 3792 quod
1416 3722 1541 3778 licet
1584 3722 1731 3779 inter

166 3809 369 3867 visiones
409 3813 816 3884 supr-ascriptus
852 3823 1102 3888 nequeat
1142 3817 1471 3886 computari,
1523 3826 1725 3887 tamen,

166 3903 267 3979 quia
284 3907 693 3964 :edilicationem
726 3922 974 3980 magnam
1003 3909 1254 3966 conferre
1275 3921 1455 3984 potest
1475 3914 1729 3970 omnibus

166 3997 238 4066 qui
268 4000 568 4059 delusiones
605 4003 910 4060 diabolicas
935 4005 1159 4077 cupiunt
1188 4008 1440 4075 evadere,
1473 4008 1592 4063 volo
1637 4010 1728 4065 hic

166 4088 393 4146 scribere.
1418 4120 1425 4125 ·

218 4181 409 4240 Dictum
437 4201 676 4259 namque
726 4187 859 4244 mihi
885 4198 986 4255 est,
1020 4198 1079 4244 ut
1110 4190 1307 4256 recolo,
1341 4192 1485 4262 quia,
1517 4210 1639 4250 cum
1673 4194 1724 4251 in

163 4269 365 4331 Sasouia
385 4279 589 4350 nuptize
609 4279 893 4349 cujusdam
920 4286 1271 4353 praepotentis
1288 4297 1471 4341 essent
1501 4289 1724 4358 agendae

162 4374 204 4419 et
219 4366 276 4420 ad
292 4368 383 4425 has
407 4370 705 4426 histriones
720 4371 896 4435 multi,
912 4373 1052 4428 sicut
1067 4373 1225 4445 vulgo
1253 4375 1446 4440 solent,
1465 4394 1724 4448 propera-

162 4467 260 4511 rrnl
285 4461 484 4527 venire,
517 4463 739 4532 quidam
767 4463 964 4518 histrio
988 4472 1041 4520 et
1068 4465 1209 4520 fama
1238 4476 1292 4521 et
1324 4468 1585 4537 dignitate
1617 4487 1720 4524 0:1“-

164 4548 269 4604 leris
291 4556 646 4623 prmstmttior,
688 4556 914 4609 nomine
936 4555 1172 4623 Vollarc,
1198 4558 1359 4612 sinud
1386 4562 1716 4630 properavit.

1756 4415 1803 4474 Ι)

1836 3278 1943 3324 tur.
1976 3268 2082 3323 Sed
2132 3280 2186 3323 et
2232 3270 2403 3340 ipsius
2432 3273 2624 3331 domus
2670 3277 2905 3347 parietes
2935 3289 3101 3350 atque
3153 3280 3427 3352 laquearia

1831 3358 2007 3428 palliis
2038 3362 2376 3433 co:t3nisque
2433 3366 2841 3436 pretiosissimis
2885 3370 3222 3427 circumdata
3275 3382 3437 3429 mon-'

1830 3452 2164 3507 strabantur.
3430 3473 3439 3481 '

1902 3541 1971 3595 At
2004 3542 2219 3599 Vollare
2264 3544 2489 3619 ejusque
2520 3550 2770 3615 comites,
2802 3551 2925 3609 licet
2956 3557 3023 3609 de
3061 3554 3146 3612 his
3172 3557 3423 3615 omnibus

1832 3635 2163 3692 mirarentur
2190 3647 2246 3693 et
2291 3639 2344 3695 in
2380 3643 2613 3699 veritate
2667 3642 2811 3700 facta
2866 3647 3283 3716 arbitrarentur,
3312 3668 3431 3707 mc-

1831 3740 2012 3784 mores
2047 3737 2226 3785 tamen
2254 3733 2523 3802 praedicta:
2548 3734 2954 3804 admonitionis,
2988 3753 3109 3809 quze
3132 3741 3305 3812 magis
3356 3760 3423 3799 ex

1830 3819 2005 3887 gratia
2050 3819 2231 3877 divina
2287 3837 2449 3893 quam
2515 3814 2833 3897 provisione
2875 3829 3140 3887 diabolica
3177 3834 3428 3893 evenisse

1830 3908 2101 3967 credenda
2155 3923 2239 3969 est
2271 3955 2285 3978 ,
2348 3915 2450 3970 sub
2520 3917 2667 3971 otnni
2718 3919 3002 3990 disciplina
3077 3938 3200 3981 sese
3245 3926 3423 3983 conti-

1830 4009 2089 4056 nuerunt.
2114 4002 2361 4075 Cumque
2388 4021 2544 4061 ctena
2591 4019 2812 4078 peracta
2846 4011 3139 4079 videretur,
3175 4017 3240 4069 ad
3271 4017 3425 4073 culti-

1829 4102 1945 4147 tum
1971 4092 2050 4149 ire
2076 4091 2214 4164 jussi
2252 4107 2374 4151 sunt
2401 4098 2667 4169 equisque
2707 4100 2821 4156 suis
2856 4100 3139 4160 abundans
3164 4106 3421 4179 pabulum

1827 4182 2059 4252 praeberi
2082 4183 2392 4254 jubebatur.
2418 4185 2602 4243 Altera
2634 4198 2814 4245 autem
2841 4191 2928 4247 die
2962 4202 3172 4250 mature
3196 4209 3421 4271 surgen-

1829 4280 1908 4328 tes
1935 4282 1989 4329 et
2027 4275 2095 4330 ad
2124 4276 2427 4348 principem
2460 4281 2740 4336 venientes
2768 4283 3041 4353 petierunt
3087 4296 3145 4341 ut
3174 4289 3241 4343 ad
3285 4302 3425 4361 praeo‘

1828 4365 2098 4422 destinata
2132 4357 2250 4424 loca
2278 4369 2357 4425 ire
2381 4373 2854 4440 permitterentur.
2884 4376 2953 4431 At
2985 4377 3078 4432 ille
3109 4395 3124 4434 :
3159 4357 3302 4447 Non,
3336 4382 3421 4437 iu-

1832 4457 1976 4527 quit,
2006 4456 2187 4525 hodie,
2223 4459 2318 4515 sed
2340 4477 2465 4517 cras
2492 4478 2588 4519 vos
2614 4464 2881 4535 proﬁcisci
2909 4470 3186 4538 permitto,
3212 4481 3265 4529 et
3295 4482 3425 4532 tunc

1828 4564 1951 4603 cum
1976 4550 2132 4605 donis
2162 4551 2365 4610 talibus
2397 4570 2517 4616 qua:
2544 4566 2598 4611 et
2628 4573 2715 4614 me
2745 4551 2905 4617 decet
2936 4554 3152 4619 dare‘et
3178 4579 3274 4622 vos
3299 4582 3424 4622 sus-

1824 4639 2024 4709 cipere.
2056 4639 2225 4698 llodie
2249 4645 2393 4699 enim
2440 4648 2562 4702 volo
2589 4651 2748 4706 nobis
2782 4653 2850 4707 sit
2881 4655 3186 4711 communis
3215 4657 3262 4711 la
3280 4659 3424 4728 titia,

1822 4748 2112 4790 commune
2150 4736 2480 4805 convivium,
2514 4750 2573 4796 ut
2619 4745 2964 4812 postmodum
3006 4744 3128 4800 aliis
3156 4762 3424 4806 enarrare

1822 4826 2048 4882 valeatis
2075 4843 2195 4898 qua:
2224 4830 2295 4885 sit
2323 4840 2378 4887 et
2407 4833 2578 4904 gloria
2599 4850 2718 4890 mea
2746 4849 2800 4891 et
2824 4852 2943 4907 qua:
2967 4838 3141 4907 gratia
3172 4842 3324 4898 vobis
3355 4844 3429 4899 sit

1822 4931 1852 4969 a
1882 4934 1966 4971 me
1995 4918 2258 4975 exhibita.
2292 4920 2389 4976 llis
2438 4922 2636 4979 auditis
2659 4924 2732 4980 nil
2759 4925 3132 4983 contradicere
3157 4941 3428 5001 praceunt-

1821 5010 2185 5076 pserunt,scd
2239 5012 2333 5081 ita,
2386 5023 2445 5069 ut
2482 5015 2619 5087 justi
2675 5017 3148 5086 sunt,,fecerunt,
3194 5022 3427 5075 necdum

1821 5101 2121 5158 sentientes
2147 5104 2431 5162 diabolica:
2459 5108 2760 5164 delusionis
2786 5110 3102 5182 potentiam.

1896 5196 1967 5253 At
1995 5196 2082 5251 ubi
2112 5199 2321 5269 prandii
2365 5210 2580 5272 tempus
2610 5200 2807 5261 adeSsc
2838 5202 3115 5260 videbatur
3135 5208 3192 5254 et
3237 5212 3428 5258 mensa

1824 5290 2149 5340 nouabatur-
2181 5300 2333 5340 tanta
2380 5294 2671 5340 ninltitmln
2701 5292 3083 5340 servieii.iunt.
3116 5290 3243 5340 talis
3278 5293 3432 5340 cilm.

161 4633 247 4693 Sed
272 4656 333 4695 ne
366 4651 532 4699 tanta:
555 4632 839 4715 dignitatis
867 4644 949 4699 vir
975 4645 1121 4701 solus
1160 4662 1384 4716 pergere
1416 4649 1715 4715 videretur,

163 4731 413 4799 acquisivit
440 4734 544 4790 sibi
591 4736 732 4791 alios
770 4736 1014 4807 ejusdem
1054 4739 1190 4793 artis
1242 4753 1441 4809 gnaros
1493 4752 1618 4796 octo
1660 4753 1715 4797 et

159 4832 259 4873 nun
314 4822 390 4877 eis
439 4825 593 4895 quasi
622 4825 886 4883 militibus
926 4827 1159 4898 stipatus
1189 4831 1256 4884 ad
1290 4832 1504 4901 nuptias
1532 4832 1713 4900 profv-

158 4918 259 4965 ctus
278 4924 374 4967 est.
401 4915 647 4987 Cumque
693 4918 855 4973 simul
896 4920 1207 4990 equitantes
1253 4912 1562 4996 pergerent,
1590 4943 1715 4983 con-

161 4999 255 5069 ligit
304 5013 364 5059 ut
411 5016 470 5062 et
518 5009 768 5066 diabolus
809 5013 862 5067 in
907 5012 1267 5071 similitudine
1304 5018 1539 5076 celebris
1589 5030 1715 5092 p‘er-

158 5100 279 5147 some
305 5108 365 5150 se
388 5097 742 5172 eonjungeret
767 5104 1083 5174 equitando.
1116 5106 1220 5161 illis
1245 5110 1320 5166 nil
1346 5113 1524 5168 minus
1552 5129 1713 5182 quam

159 5179 328 5278 factum
361 5188 467 5246 hoc
510 5194 917 5255 arbitrantibus.
952 5195 1109 5253 Unde
1138 5208 1194 5256 et
1221 5202 1380 5261 simul
1426 5179 1718 5278 pergentes

158 5276 329 5340 omnia.
361 5281 558 5340 auibus
600 5286 713 5340 noti
740 5298 795 5340 et
839 5285 1146 5340 familiares
1192 5293 1268 5340 uti
1318 5276 1514 5340 mia"..-
1554 5299 1714 5340 enim
