3942 5340
422 169 533 244 διιτ

421 303 586 365 ςοξςιιι⁵
607 296 784 367 sunt),
813 309 1100 354 assumens
1130 295 1408 358 liduciam.
1432 295 1794 350 utbistriones
1823 295 2018 358 soi'ent,
2053 304 2096 360 Α

424 387 730 456 interregat
770 387 1041 441 diabolum
1070 386 1257 441 dicens
1290 403 1306 440 :
1337 385 1419 450 Si,
1451 385 1688 450 domine,
1721 400 2022 455 pmsume.

427 490 568 542 rem,
595 473 830 530 libenter
859 487 910 530 te
937 491 1034 546 pro
1059 476 1294 545 quadam
1326 492 1383 532 re
1409 477 1824 548 interrogarem.
1858 476 2021 531 Valde

360 600 365 606 -
425 581 660 638 naui-lue
708 570 896 634 miror,
926 568 1067 622 umle
1108 570 1320 623 venerit
1369 570 1462 624 tibi
1515 579 1664 624 tanta
1699 570 1854 640 copia
1900 571 2018 623 auri

425 669 586 726 atque
619 660 828 729 argenti
859 661 1200 730 aliarumque
1232 678 1434 728 rerum,
1467 679 1601 733 quas
1628 679 1734 716 non
1762 664 1936 717 solum
1967 664 2018 718 in

424 747 544 802 cibo
568 759 624 804 et
655 762 802 817 potu,
833 751 926 805 sed
951 751 1116 805 etiam
1143 752 1196 806 in
1222 753 1524 823 omnigenis
1545 755 1882 808 ornamentis
1902 755 2021 824 plus

425 854 607 894 coram
643 849 695 894 te
728 843 885 894 video
918 857 1081 910 quam
1114 857 1298 897 coram
1343 845 1588 914 principe
1631 844 1738 897 ullo
1764 845 2018 901 vidissem

425 934 717 1002 appositas.
749 933 845 987 Cui
877 935 1210 1005 τρδνοιιιιιξιιε
1250 936 1500 991 diabolus
1525 937 1662 991 di.\it
1693 954 1706 989 :
1736 936 1852 990 Noli
1889 952 2020 1009 ergo

424 1023 476 1078 i.i
509 1027 610 1077 hoc
636 1024 844 1090 mirari,
872 1025 998 1096 quia
1023 1028 1203 1081 omnia
1230 1029 1389 1092 bona,
1422 1043 1542 1098 qua:
1573 1029 1657 1083 vel
1681 1030 1928 1086 ecclesiis
1965 1041 2022 1086 et

423 1115 793 1176 monasteriis.
827 1116 1038 1174 sanctis
1077 1118 1158 1171 vel
1218 1119 1545 1188 pauperibus
1593 1128 1648 1174 et
1703 1119 1902 1185 viduis,
1935 1121 2018 1174 vel

421 1202 676 1276 cuiquam
709 1207 908 1276 injuste
935 1210 1241 1279 rapiuntur,
1273 1226 1390 1265 mea
1435 1220 1563 1265 sunt
1593 1225 1832 1282 meaeque
1865 1221 2013 1282 pote-

422 1301 549 1354 stati
598 1299 978 1369 subjiciuntur.
1011 1301 1129 1370 Quo
1155 1303 1340 1357 audito
1369 1301 1580 1360 Vollare
1611 1305 1910 1374 obstupuit,
1964 1314 2019 1359 ct

421 1393 592 1448 nimio
645 1411 846 1465 pavore
898 1398 1249 1452 contremuit.
1284 1396 1672 1453 Verumtamen
1721 1414 1790 1452 ne
1837 1398 2018 1468 aliqua

419 1483 622 1539 diaboli
675 1485 980 1556 suspicione
1017 1487 1160 1556 ipse
1209 1503 1378 1558 pavor
1426 1498 1840 1558 agnosceretur,
1887 1503 2019 1544 con-

421 1578 586 1632 tinuit
634 1592 693 1632 se
744 1578 812 1634 ab
861 1579 1011 1634 omni
1066 1579 1305 1637 tristitia:
1354 1580 1541 1636 habitu
1595 1591 1651 1638 et
1699 1582 1858 1638 hilari
1890 1598 2020 1638 con-

1457 181 1758 240 OTIILONI
1797 179 2102 238 MONACIH
2151 179 2208 234 S.
2254 179 2669 236 EMMERAMMI

3610 181 3717 238 588

2199 291 2293 348 llis
2341 292 2506 362 igitur
2533 291 2714 357 dictis,
2747 289 2872 345 licet
2921 289 3277 354 fortuidOlosi.
3321 305 3718 358 consenserunt

2122 384 2504 452 promittentes
2534 381 2714 436 omnia
2743 381 3038 442 secundum
3067 380 3184 448 ejus
3215 381 3509 451 imperium
3546 392 3718 457 semet

2123 475 2402 528 facturos-
2429 473 2590 528 Facta
2636 481 2816 528 autent
2858 473 3169 541 vespertina
3213 472 3346 528 liora
3394 473 3716 530 videbantur

2122 562 2302 618 alibi-ri
2338 578 2525 618 coram
2553 563 2772 618 diabolo
2803 563 3098 618 multifaria
3122 563 3262 618 dona
3301 574 3410 620 tam
3448 566 3501 618 in
3530 567 3714 624 aureis

2120 673 2284 726 quam
2315 659 2588 727 argenteis
2620 658 2760 710 vasis
2785 671 2948 726 quam
2973 656 3027 710 in
3057 656 3294 712 vesnbus
3319 658 3560 713 eximiis.
3591 659 3717 725 Quae

2119 748 2300 802 omnia
2328 749 2415 804 ille
2445 748 2673 818 singulis
2708 747 2957 802 l.etauter
2987 748 3285 813 distribuit,
3332 758 3386 802 ct
3433 750 3502 802 ad
3538 748 3719 818 hospi-

2121 838 2254 891 tium
2306 838 2384 892 ire
2427 838 2746 907 permittens
2775 838 2909 892 dixit
2943 855 2957 890 :
2987 837 3129 893 Ecce
3175 839 3380 906 omnia,
3413 854 3538 908 qna:
3567 839 3717 892 vobis

2119 930 2366 999 promisi,
2394 929 2504 1000 jam
2535 931 2668 986 satis
2692 930 2929 1002 implevi.
2963 931 3043 986 Ad
3073 929 3188 986 lucc
3222 931 3409 997 etiam,
3438 933 3588 1002 quod
3624 948 3712 986 so-

2071 1027 2075 1032 ’
2120 1025 2230 1079 iam
2259 1037 2448 1090 restat,
2481 1025 2675 1081 faciam
2704 1041 2800 1080 vos
2825 1041 2947 1081 cras
2992 1025 3184 1081 deduci
3223 1026 3277 1080 in
3311 1026 3453 1080 viam
3499 1026 3717 1081 itineris

2120 1122 2306 1174 vestri.
2355 1118 2586 1191 Moxque
2644 1119 2949 1174 astantibus
3002 1119 3326 1189 quibusdam
3363 1120 3545 1182 dixit:
3598 1135 3716 1176 cras

2119 1213 2273 1277 liora,
2301 1229 2407 1284 qua
2438 1214 2536 1284 ipsi
2565 1212 2853 1275 voluerint,
2883 1212 3062 1266 tltlt'llc
3088 1212 3186 1268 bos
3215 1212 3455 1280 hospites
3484 1211 3538 1266 in
3565 1210 3713 1265 illum
3752 1265 3756 1268 .

2119 1308 2318 1372 locum,
2354 1306 2442 1362 tibi
2497 1321 2556 1360 se
2608 1313 2994 1375 recognoscant
3047 1304 3154 1360 huc
3212 1304 3523 1360 divertisse.
3587 1303 3716 1373 Quae

2119 1408 2408 1470 postquam
2477 1397 2620 1452 dicta
2672 1407 2844 1461 sunt,
2903 1395 3121 1452 Yollarc
3174 1395 3404 1467 ejusque
3453 1408 3716 1467 sequaces

2118 1491 2324 1561 egressi
2354 1498 2480 1545 sunt
2515 1489 2584 1544 ad
2613 1488 2906 1559 hospitium
2941 1488 3190 1552 invisum,
3215 1487 3599 1558 prxstolantes
3628 1487 3717 1544 vix

2121 1596 2280 1634 mane
2332 1581 2595 1634 luturum.
2649 1578 2806 1646 Nam,
2855 1579 2981 1634 licet
3033 1579 3346 1634 viderentur
3394 1581 3717 1634 muneribus

420 1669 562 1731 stitit
615 1668 762 1723 vultu
791 1709 806 1734 ,
869 1669 982 1724 sola
1036 1669 1142 1725 title
1193 1679 1250 1726 et
1306 1671 1609 1728 intentione
1674 1671 1848 1730 Deum
1926 1673 2012 1728 in-
2045 1660 2090 1719 Β
2117 1671 2434 1736 ditati,cibo
2461 1681 2697 1742 poloque
2728 1671 2942 1741 repleti,
2971 1672 3206 1726 maxima
3233 1680 3413 1726 tamen
3443 1687 3577 1728 cura
3611 1670 3712 1724 im—

421 1772 641 1812 VOCMIS.

491 1849 671 1907 Finito
694 1860 876 1907 autem
909 1851 1216 1918 huiusmodi
1244 1855 1495 1908 convivio
1519 1865 1575 1910 et
1606 1855 1878 1912 universis
1908 1858 2018 1912 eir-

419 1957 764 2013 cnmquaque
793 1944 1126 2010 sedentibus,
1157 1944 1370 2002 Vollarc
1390 1949 1554 2002 etiam
1578 1963 1832 2018 egressus
1853 1961 1936 2006 est
1963 1961 2019 2006 et

421 2037 647 2091 Comites
676 2052 803 2093 suos
825 2037 964 2092 clam
992 2053 1299 2094 convocans
1324 2041 1401 2095 ait
1432 2059 1443 2095 :
1483 2041 1570 2097 Vae
1595 2042 1753 2099 nobis
1785 2043 2016 2110 miseris,

420 2129 676 2194 quoniam
708 2130 956 2184 venimus
986 2130 1038 2184 in
1093 2130 1308 2186 foveam
1359 2133 1702 2202 perditionis.
1733 2135 1839 2192 Iste
1867 2138 2014 2192 enim

418 2217 694 2287 princeps,
722 2220 812 2289 qui
846 2236 943 2276 nos
993 2221 1098 2276 huc
1139 2231 1423 2296 tantopere
1470 2241 1656 2282 secum
1681 2227 1884 2284 ducens
1922 2230 2018 2282 liu-

421 2307 583 2376 spi.io
619 2312 846 2380 recepit,
879 2312 1080 2383 quique
1128 2315 1288 2371 hodie
1340 2326 1542 2372 tantam
1598 2328 1854 2388 potentia:
1905 2337 2020 2376 sua:

422 2399 655 2468 gloriam
689 2405 845 2459 nobis
875 2407 1135 2472 ostendit,
1173 2409 1286 2479 ipse
1330 2424 1428 2479 pro
1454 2421 1606 2465 certo
1631 2411 1882 2468 diabolus
1911 2424 2014 2470 est.

420 2489 594 2558 Unde,
629 2510 832 2565 qua-so,
886 2500 1266 2555 commendato
1325 2516 1422 2556 vos
1480 2502 1610 2568 Deo,
1667 2513 1776 2558 tota
1839 2517 2019 2560 mente

419 2585 813 2654 supplicantes,
847 2598 904 2644 ut
935 2591 1256 2658 recordatus
1302 2591 1694 2650 misericordia:
1739 2609 1850 2649 sure
1893 2595 2018 2652 hinc

417 2677 748 2748 noscripere
777 2679 1046 2749 dignetur.
1077 2681 1133 2736 in
1162 2683 1416 2736 tinnitibus
1444 2693 1624 2738 tamen
1655 2695 1828 2740 estote
1849 2687 2014 2750 cauti,

417 2784 487 2824 ne
512 2770 632 2841 plus
653 2771 815 2825 solito
847 2773 1115 2828 tristiores
1150 2775 1460 2830 videamini.
1495 2776 1601 2830 Sed
1641 2778 1755 2847 jam
1783 2781 1893 2834 cito
1948 2782 2017 2834 ad

418 2872 543 2914 cum
579 2871 939 2928 revertamur,
968 2880 1035 2919 ne
1063 2865 1266 2920 diutius
1302 2867 1390 2922 hic
1417 2868 1576 2922 simul
1606 2879 1813 2926 stantes
1837 2851 2018 2926 videa-

419 2965 558 3005 mur.
594 2952 826 3024 Moxque
854 2957 1084 3029 ingrcssi
1126 2958 1345 3013 domum
1379 2961 1609 3015 eonvivii
1647 2963 1859 3026 eodem,
1907 2978 2016 3034 quo

415 3041 592 3115 prius,
626 3048 809 3103 habitu
839 3065 894 3105 et
921 3053 1105 3106 animo
1131 3064 1514 3122 apparuerunt.
1559 3055 1760 3109 Deinde
1789 3055 2017 3111 interro-
2043 3055 2086 3114 C

417 3137 528 3203 gati
585 3139 628 3193 si
677 3141 806 3209 quid
861 3143 1056 3198 vellent
1103 3146 1221 3214 plus
1269 3146 1472 3213 bibere,
1517 3148 1914 3218 responderunt
1955 3165 2014 3205 se

416 3227 575 3283 velle.
605 3229 848 3301 Cumque
876 3234 1040 3290 allato
1073 3236 1264 3306 poculo
1291 3252 1350 3292 se
1380 3240 1514 3294 satis
1544 3241 1729 3296 bibere
1757 3241 2014 3298 simulas-

417 3329 560 3384 sent,
597 3319 809 3378 \‘ollarc
835 3327 990 3397 petiit
1011 3329 1303 3396 diabolum,
1324 3341 1381 3384 ut
1409 3346 1467 3386 se
1493 3318 2014 3405 suosque'sequaces

417 3411 572 3498 abire
626 3418 986 3485 permitteret.
1048 3423 1118 3477 At
1167 3423 1279 3483 ille.
1313 3441 1419 3480 ttott
1469 3425 1646 3490 modo,
1681 3427 1876 3495 inquit.
1917 3428 2011 3482 sed

417 3499 548 3560 cra‘s
571 3506 723 3562 abire
746 3501 1022 3580 permitto.
1057 3511 1192 3570 lliuc
1245 3515 1390 3571 enim
1425 3517 1563 3572 diem
1598 3517 1705 3572 Leti
1734 3530 1790 3572 et
1824 3520 2014 3574 convi-

416 3608 609 3651 vantes
631 3599 890 3663 debemus
915 3603 1072 3658 siuml
1104 3606 1421 3674 perducere.
1455 3609 1560 3664 Sed
1593 3620 1647 3664 ct
1689 3611 1851 3675 dona,
1892 3628 2015 3685 quae

417 3684 575 3744 vobis
600 3691 850 3760 promisi,
878 3695 1037 3750 hodie
1067 3707 1196 3751 sunt
1221 3697 1421 3766 danda,
1452 3709 1509 3756 ut
1532 3717 1656 3757 eras
1684 3703 2014 3771 quantocius
2054 3739 2061 3746 ~
2127 3729 2152 3739 θ

418 3778 585 3837 vultis
612 3781 766 3839 abire
794 3785 1036 3840 valeatis.
1096 3821 1103 3824 --

2119 1766 2371 1835 pediebat
2398 1781 2493 1820 eos
2519 1766 2829 1834 quiescere;
2865 1764 3094 1835 ideoque
3141 1774 3252 1820 tota
3285 1774 3445 1820 nocte
3486 1765 3583 1821 illa
3605 1764 3717 1819 cla-

2121 1871 2402 1914 maverunt
2431 1860 2499 1914 ad
2533 1859 2816 1915 Dominum
2851 1868 2910 1913 ut
2963 1859 3031 1915 de
3060 1858 3475 1914 necessitatibus
3525 1872 3715 1915 eorum

2120 1951 2376 2008 liberaret
2406 1966 2518 2007 eos.

2193 2091 2348 2146 Mane
2385 2089 2552 2162 igitur
2600 2089 2743 2144 t'acto
2771 2097 3039 2143 venerunt
3060 2088 3235 2162 duces
3261 2085 3502 2150 itineris,
3533 2099 3591 2138 e.‘
3622 2084 3713 2138 duo

2121 2194 2307 2240 centes
2340 2199 2437 2239 eos
2485 2184 2538 2237 in
2572 2181 2768 2247 locum,
2812 2179 2899 2236 ubi
2947 2195 3006 2235 se
3049 2159 3530 2247 recognoscebant,
3565 2178 3716 2232 dixe-

2122 2286 2248 2332 runt
2267 2292 2280 2330 1
2301 2275 2553 2344 Nunquid
2586 2275 2761 2329 adhuc
2784 2274 2838 2328 in
2867 2273 3008 2326 viam
3039 2282 3221 2326 notam
3254 2270 3516 2325 venistis?
3543 2267 3615 2324 At
3642 2267 3716 2325 illi

2121 2369 2375 2424 dixerunt
2406 2383 2419 2421 :
2453 2365 2667 2436 Utique.
2699 2365 2818 2420 .Iam
2851 2365 2995 2421 enim
3030 2363 3164 2419 satis
3223 2357 3577 2434 agnOsc‘imus
3609 2363 3717 2431 quo

2120 2477 2344 2534 pergere
2383 2460 2695 2516 debeamus.
2727 2459 2895 2513 l‘orro
2918 2459 3085 2513 duces
3110 2450 3259 2512 missi
3291 2467 3563 2526 nusquam
3589 2462 3722 2510 sunt

2121 2563 2310 2626 postea
2337 2555 2458 2609 visi.
2491 2554 2557 2608 At
2594 2551 2805 2606 Vollarc
2835 2549 3061 2621 ejusque
3085 2551 3315 2606 comites
3345 2545 3556 2603 tantam
3593 2560 3719 2602 mox

2120 2646 2492 2702 inlirniitatem
2522 2661 2631 2715 pra:
2677 2644 2856 2698 inedia
2903 2652 2960 2698 et
3007 2643 3060 2697 in
3103 2657 3162 2698 se
3202 2652 3252 2696 et
3309 2641 3361 2697 in
3395 2641 3556 2711 equis
3605 2642 3720 2696 suis

2119 2737 2429 2794 sentiebant
2460 2748 2516 2790 ut
2538 2737 2622 2790 vis
2658 2734 2795 2790 ultra
2821 2750 3019 2806 progic
3043 2736 3073 2789 li
3103 2734 3365 2788 valerent.
3399 2731 3720 2800 qurentes

2119 2833 2282 2886 etiam
2309 2831 2447 2884 dona
2481 2829 2534 2882 in
2566 2828 2794 2883 Sarcinis
2823 2827 3057 2898 reposita
3083 2826 3213 2880 nihil
3243 2826 3591 2888 invenerunt,
3618 2824 3722 2879 nisi
3749 2827 3760 2840 ‘

2119 2923 2366 2994 quastlattt
2400 2936 2722 2976 aranearum
2756 2931 2922 2974 testa.
2978 2919 3033 2974 in
3091 2936 3196 2990 qua
3230 2919 3488 2973 nimirum
3552 2933 3719 2973 causa

2119 3033 2307 3072 verum
2338 3029 2459 3069 esse
2509 3001 2784 3084 probatur,
2816 3015 2957 3083 quod
3007 3013 3264 3068 Dominus
3317 3015 3371 3067 in
3421 3012 3722 3084 Evangelia

2123 3109 2252 3162 dicit
2281 3107 2346 3162 de
2383 3107 2597 3162 diabolo
2629 3121 2643 3161 :
2677 3107 2776 3162 Ille
2801 3108 3064 3162 homicida
3105 3118 3217 3161 erat
3260 3109 3324 3160 ab
3368 3109 3542 3172 initio,
3574 3119 3621 3160 et
3663 3107 3766 3179 in»;

2121 3202 2334 3253 veritate
2387 3217 2492 3254 non
2531 3203 2670 3253 stetit
2724 3199 2907 3270 (Joun.
2964 3216 3082 3264 viii,
3135 3187 3430 3263 Hyllum
3475 3200 3722 3270 loquitur

2121 3291 2483 3356 mendacium,
2509 3307 2572 3346 ex
2597 3275 2829 3361 propriis
2853 3291 3110 3362 loquitur.
3137 3291 3254 3361 Quo
3270 3293 3410 3349 nihil
3431 3302 3516 3349 est
3537 3287 3718 3364 pejts,

2119 3385 2243 3456 quia
2276 3387 2504 3441 mendax
2534 3396 2588 3440 et
2610 3396 2766 3456 pater
2798 3384 2937 3454 ejus.
3139 3370 3143 3372 ’
3366 3409 3370 3412 η
3415 3401 3422 3407 ·
3720 3369 3723 3372 ’

2119 3521 2244 3577 llaec
2269 3523 2579 3592 qu'eunqtte
2610 3520 2758 3592 lz'git,
2789 3521 2912 3575 hinc
2941 3520 3153 3595 cautior
3182 3535 3305 3576 esse
3331 3519 3539 3576 valebit

2187 3614 2468 3670 Adversus
2493 3615 2674 3684 varias
2701 3613 2962 3670 daemonis
2988 3614 3230 3669 insidias.
3251 3653 3254 3656 .

469 3945 502 3968 ,,
2356 3957 2358 3959 ,
3541 3955 3546 3958 .

1565 4103 2556 4221 FRAGMENTUM

545 4273 1026 4341 BELATIONIS
1067 4281 1176 4342 DE
1215 4283 1837 4348 TRANSLATIONE
1882 4284 1944 4345 S.
1983 4285 2334 4347 DlONYSll
2381 4287 2430 4346 E
2485 4287 2837 4350 FRANCIA
2906 4289 2987 4348 IN
3056 4287 3587 4364 GERMANIAM,

1337 4391 1446 4450 AD
1500 4389 2085 4451 MONASTERIUM
2146 4393 2208 4452 S.
2256 4391 2791 4456 EMMERAMML

727 4526 902 4600 (Apud
926 4529 991 4584 it.
1026 4531 1090 4586 Ρ.
1118 4504 1449 4589 Bcrnar-dum
1480 4533 1728 4602 Pezium,
1763 4500 2065 4590 Thesauri“
2094 4534 2523 4610 Anecdqwriu.
2567 4539 2697 4595 tomi
2729 4536 2792 4592 lll
2825 4553 2955 4610 pars
2990 4554 3052 4605 ιι,
3085 4535 3192 4605 col.
3227 4536 3378 4609 599.)

1730 4822 2389 4914 MONITUM.

488 5011 882 5087 Fragmentum
913 5014 1029 5079 hoc,
1061 5011 1328 5087 opusculis
1353 5011 1570 5068 Otliloni
1597 5013 1956 5074 intersertam,
1986 5012 2220 5081 ejusdem
2247 5014 2428 5068 sa'culi
2456 5028 2640 5087 omnii.
2663 5031 2764 5082 qua
2789 5015 2910 5087 illa,
2939 5023 3219 5087 exaratum
3247 5025 3355 5082 est,
3387 5015 3714 5072 medearis

428 5088 592 5128 (fuitin
618 5085 771 5128 ἸΝ-ιιι
797 5087 862 5128 u'l
893 5087 957 5128 ab
983 5087 1160 5128 pmlpm
1185 5085 1365 5128 nnnn'n
1396 5094 1611 5128 mmlnre
1641 5089 1875 5128 nrnlprln
1904 5101 2033 5128 nun-
2069 5087 2358 5126 nrmsnrlim
2391 5101 2504 5126 rum
2536 5085 2672 5126 illius
2698 5085 2824 5126 nihil
2846 5086 2900 5126 ε.»
2926 5095 3035 5126 fasin
3058 5086 3236 5126 Mulir»
3262 5087 3384 5124 inci:
3423 5090 3569 5124 ηοηυι
3605 5105 3712 5124 ..η-
