3988 5336
174 266 279 321 393

1433 263 1592 326 ViTA
1634 270 1691 325 S.
1732 270 2170 330 “ULFKANGI.

3348 287 3457 342 39s

171 359 391 426 Quibus
421 356 624 429 sepius
651 357 959 422 reuitendo,
994 356 1065 415 ex
1090 357 1364 429 imperitia
1410 361 1583 431 magis
1602 375 1766 431 quam
1799 364 1843 422 Λ
1872 377 2022 417 cram
2052 364 2210 418 iidem
2250 366 2585 424 convertisse
2624 381 2836 424 necnon
2883 340 3193 437 baptizasse
3244 411 3261 437 .
3310 340 3456 428 non?

176 447 420 510 natalicia,
446 454 560 502 ta‘m
590 449 745 502 ardui
772 450 952 519 operis
973 449 1235 518 deuegavi
1258 450 1506 521 negocia.
1530 450 1640 505 Sed
1673 450 1768 515 illi,

170 538 323 609 quod
337 538 476 593 mihi
492 538 640 594 dillic
661 539 867 594 llimurn
881 539 903 570 ⁸
924 539 1288 594 videbaturex
1320 540 1559 610 proprio,
1589 542 1773 596 divino

175 628 459 698 adiutorio
515 628 837 700 ievigautes,
869 646 899 684 a
927 630 1182 700 precibus
1233 631 1466 702 inceptis
1494 647 1600 687 nou
1632 634 1772 688 desi-

177 719 424 785 stebant,
456 720 636 777 donec
661 737 748 776 me
776 722 918 779 votis
959 722 1073 776 suis
1107 735 1300 791 parere
1330 722 1415 776 vel
1445 731 1770 794 ademptam

172 812 593 883 promittebam,
621 813 852 869 credens
899 815 1103 885 utique,
1131 815 1259 884 quia
1313 830 1419 869 non
1447 816 1653 885 absque
1681 831 1771 870 su-

179 916 350 973 perno
378 914 516 960 nutu
550 905 864 974 huiusmodi
896 906 1037 962 foret
1084 908 1323 972 exactio,
1354 908 1573 962 dicente
1625 907 1769 963 Scri-

176 1002 335 1063 ptura
358 1009 518 1051 sacra
545 1012 562 1050 :
594 994 747 1049 Nihil
772 996 826 1050 in
852 998 1011 1050 terris
1036 996 1095 1065 ﬁt
1121 998 1237 1051 sine
1281 1012 1443 1051 causa
1464 996 1589 1064 (Job
1612 1012 1664 1062 ν,
1689 996 1766 1067 6).

178 1086 315 1152 Quae
338 1086 416 1140 sit
434 1094 623 1140 πείθω
666 1101 851 1141 cause
891 1086 1232 1142 rationabilis
1250 1095 1310 1142 et
1333 1086 1511 1155 aliqua
1536 1086 1770 1141 utilitate

177 1179 532 1236 subsistentis
546 1179 815 1242 dill‘mitio,
832 1180 1013 1235 sancti
1024 1179 1307 1250 Augustini
1337 1179 1598 1234 docemur
1623 1177 1770 1232 rudi-

177 1278 393 1325 mento:
418 1269 681 1326 Voluntas
696 1270 815 1336 Dei,
828 1271 1025 1341 inquit,
1037 1272 1207 1340 prima
1219 1281 1269 1325 et
1289 1286 1497 1325 sumina
1514 1279 1767 1325 causaest

174 1364 409 1418 mium
433 1363 1251 1434 corporaliutuet'spiritulium
1275 1365 1295 1396 ⁷
1320 1364 1628 1418 motionum.
1653 1362 1766 1417 llac

172 1454 343 1525 igitur
371 1454 480 1511 tide
517 1466 688 1527 atque
720 1472 819 1528 spe
847 1457 1124 1521 incitatus,
1164 1457 1436 1512 fraternos
1467 1457 1766 1527 adimplere

172 1547 359 1602 curavi
382 1555 663 1616 precatus.
686 1548 745 1603 ln
770 1564 877 1620 quo
894 1549 1107 1606 scilicet
1132 1550 1396 1620 opusculo
1422 1551 1527 1605 hoc
1545 1551 1765 1605 studere

175 1652 259 1694 me
280 1638 585 1704 denuncio,
608 1649 669 1694 ut
687 1655 751 1695 ea
782 1624 903 1710 quae
923 1640 1333 1711 simili'quidem
1356 1656 1519 1697 sensu
1550 1642 1762 1713 prolata

1874 450 2128 521 nullaque
2176 451 2281 506 alia
2326 456 2585 523 quoniam
2639 472 2746 512 non
2798 458 2972 514 soium
3030 460 3171 516 alter
3211 461 3446 526 libellus,

1872 544 2079 600 Amulli
2140 545 2349 602 scilicet
2410 551 2660 605 monachi
2700 552 2963 623 dyalogus
3014 562 3144 623 aput
3180 562 3278 610 ue’s
3315 556 3453 609 scri-

1873 644 2016 707 ptus,
2063 637 2155 691 sed
2198 638 2360 692 etiam
2398 641 2662 707 omnium,
2688 642 2780 712 qui
2809 644 2985 699 adhuc
3010 644 3292 702 uobiscum
3320 660 3456 702 con-

1873 737 2163 781 versautur
2210 737 2267 782 et
2294 742 2354 782 se
2381 728 2645 785 relatione
2684 740 2896 801 patrum
2942 734 3087 788 iideli
3120 735 3453 803 comperisse

1872 820 2046 874 sancti
2083 820 2387 892 Woll'kangi
2416 833 2567 895 gesta
2600 832 2885 893 testantur,
2915 828 3076 883 verba
3114 828 3451 899 discrepant,

1872 910 2047 966 visum
2070 922 2156 967 est
2195 913 2324 967 mibi
2364 915 2533 984 magis
2571 915 2768 971 debere
2797 918 2946 988 sequi
2972 920 3113 973 dicta
3142 920 3453 992 scriptaque

1871 1009 2199 1067 nostratum,
2249 1003 2437 1059 inter’
2467 1020 2606 1074 quos
2653 1016 2706 1060 et
2752 1008 2987 1062 maxime
3022 1010 3315 1078 praedictus
3368 1006 3455 1066 vir

1872 1090 1967 1147 Dei
1985 1092 2038 1147 in
2052 1093 2156 1148 hac
2176 1094 2288 1148 vita
2315 1095 2517 1164 degens
2542 1096 2758 1163 claruit,
2781 1113 2944 1167 quam
2970 1108 3356 1154 extraneorum
3381 1099 3447 1153 ‘°.

1870 1180 2006 1236 Nam
2060 1183 2201 1238 alter
2255 1183 2489 1250 libellus,
2539 1186 2593 1240 in
2641 1202 2750 1251 quo
2783 1188 3018 1242 varietas
3043 1188 3272 1243 habetur
3301 1189 3447 1257 talis,

1869 1272 2081 1329 delatus
2115 1282 2198 1328 est
2252 1289 2317 1328 ex
2352 1274 2600 1330 Francis.
2636 1275 2802 1331 Multa
2848 1278 3014 1332 etiam
3062 1266 3184 1348 qure
3217 1280 3270 1334 in
3310 1280 3449 1335 libro

1869 1375 2065 1422 neutro
2115 1368 2530 1423 inveniebantur
2557 1369 2795 1425 ﬁdelium
2835 1372 3196 1440 quorumdam
3222 1382 3449 1429 attesta-

1869 1459 2019 1513 tione
2067 1470 2345 1529 comperta
2376 1461 2577 1517 addere
2618 1461 2821 1527 studui,
2852 1462 3040 1533 sicque
3078 1463 3324 1532 quaedam
3357 1462 3452 1518 ad-

1869 1552 2064 1615 dendo,
2114 1552 2358 1622 quautam
2399 1567 2532 1607 vero
2590 1552 2874 1608 fastidiose
2934 1554 3017 1607 vel
3074 1554 3257 1624 inepte
3307 1555 3447 1609 dicta

1868 1642 2237 1711 excerpendo,
2283 1642 2547 1713 pluraque
2590 1644 2754 1697 etiam
2781 1644 3124 1713 corrigendo,
3159 1644 3254 1701 sed
3277 1652 3330 1699 et
3359 1660 3451 1699 ca-

172 1730 262 1785 eed
289 1730 654 1785 inemendato
710 1709 1025 1801 rusticoque
1066 1709 1197 1787 stilo
1243 1709 1575 1788 videbantur
1600 1747 1760 1802 ηαδ·
1790 1709 1835 1769 Β
1864 1709 2117 1804 pitularia
2146 1733 2186 1763 ¹¹
2213 1709 2596 1801 praeponenda,
2626 1734 2798 1801 vobis,
2820 1748 2853 1790 ο
2877 1709 3075 1789 fratres
3099 1734 3205 1789 mei
3223 1742 3450 1790 exacto-

175 1818 599 1899 buuda,-regul.‘e
631 1822 1029 1893 aliquantulum
1074 1824 1446 1893 grammatica:
1472 1824 1607 1879 artis
1628 1825 1759 1878 sub-

173 1907 411 1977 iugalem
456 1921 517 1967 et
558 1913 636 1966 ad
667 1912 1028 1968 litteratoiios
1073 1927 1206 1968 usus
1231 1913 1621 1984 exemplarem.
1653 1913 1757 1969 Ubi

176 2014 297 2056 vero
335 2002 621 2060 dissimilis
671 2004 973 2059 habebatur
1023 2004 1317 2070 sententia,
1366 2013 1427 2060 ut
1486 2013 1572 2062 est
1628 2004 1756 2060 illud

177 2093 311 2162 quod
346 2094 553 2150 dicitur
575 2110 758 2167 regem
810 2107 1136 2168 gentemque
1178 2096 1540 2169 ngariorum
1562 2097 1632 2154 ad
1666 2114 1755 2153 sa-

1866 1841 1957 1881 res
1986 1823 2150 1894 hujus
2181 1824 2283 1891 rei,
2307 1832 2471 1893 prout
2496 1824 2750 1896 ingenioli
2779 1826 2882 1881 mei
2915 1825 3155 1896 parvitas
3180 1825 3447 1895 permisit,

1864 1917 2101 1975 obcdivi.
2135 1916 2279 1984 Jam,
2315 1931 2470 1987 rogo,
2498 1924 2711 1974 cessate
2733 1915 2857 1986 plus
2886 1916 2992 1972 tale
3014 1916 3143 1988 quid
3164 1917 3383 1988 exigere
3412 1932 3446 1970 a

1864 2028 1972 2066 me.

1666 2286 1971 2305 .—

1526 2386 1927 2451 CAPITULA
1977 2394 2040 2447 ³³.

181 2561 230 2616 1.
258 2557 463 2630 Quibus
492 2559 543 2592 “
562 2558 882 2631 parentibus
915 2566 1141 2615 sanctus
1166 2556 1522 2629 Woll'kangus
1555 2557 1627 2613 sit
1652 2571 1748 2611 na-
1783 2565 1828 2628 ρ
1865 2557 1956 2611 l2.
2000 2553 2101 2611 Uhi
2125 2553 2239 2608 viro
2265 2551 2360 2607 Dei
2405 2558 2624 2607 sanctus
2652 2549 2910 2606 Otmarus
2935 2559 3031 2616 per
3056 2545 3231 2602 visum
3273 2559 3438 2616 appa-

307 2662 393 2709 tus
429 2659 488 2708 et
512 2652 660 2723 quali
692 2651 1115 2707 conversatione
1164 2650 1235 2706 ab
1256 2649 1485 2705 infantia
1508 2648 1750 2713 fulserit,

306 2742 543 2812 quidque
563 2740 726 2796 matri
757 2755 868 2795 sua:
890 2741 956 2797 de
986 2755 1053 2796 eo
1082 2740 1253 2795 visum
1282 2739 1467 2794 fuerit.

182 2834 234 2889 ς.
267 2835 477 2891 lielatio
517 2834 585 2889 de
634 2833 873 2889 nominis
906 2831 1024 2901 ejus
1055 2832 1337 2896 memoria,
1369 2832 1496 2901 quia
1547 2829 1755 2886 indiffe-

312 2934 498 2979 renter
524 2923 700 2994 accipi
735 2931 965 2993 possunt
993 2918 1299 2990 huiusmodi
1326 2919 1609 2976 vocabula.

182 3014 234 3068 3.
261 3015 476 3082 Quanta
529 3015 791 3071 aviditate
836 3013 1001 3072 scolis
1057 3013 1289 3071 traditus
1317 3012 1680 3071 litteraturam
1712 3012 1754 3045 ί*

308 3113 514 3183 ceperit
541 3113 604 3166 “.

186 3202 233 3256 ὁ.
267 3201 396 3270 Quia
426 3218 556 3259 eum
604 3203 840 3274 quodam
888 3201 1142 3259 lleinrico
1189 3200 1293 3256 sibi
1327 3199 1753 3256 l‘amiliarissimo

310 3294 554 3351 discendi
574 3309 743 3352 causa
774 3295 840 3350 ad
870 3293 1180 3365 Wirciburg
1214 3293 1257 3325 ¹⁶
1292 3293 1677 3350 convolarerit.

185 3384 234 3439 5.
270 3385 547 3453 Quomodo
600 3387 672 3443 ob
720 3388 968 3458 quaedam
1017 3389 1250 3445 obscura
1306 3386 1357 3440 in
1411 3386 1749 3442 Martiano"

311 3478 456 3533 dicta
505 3476 916 3538 conscolasticis
942 3492 973 3530 a
995 3489 1076 3531 .se
1105 3474 1384 3531 cnucleata
1430 3490 1462 3530 a
1492 3477 1753 3546 magistro

311 3570 745 3640 Wirciburgensi
773 3569 820 3601 ¹⁸
848 3569 921 3623 sit
941 3568 1206 3638 repulsus.

190 3658 238 3710 ti.
269 3656 414 3725 Quod
439 3659 525 3717 vir
544 3659 641 3714 Dei
677 3659 1002 3714 renunciare
1023 3658 1224 3714 smenlo
1255 3658 1298 3690 ¹⁹
1328 3658 1629 3715 decreverit
1654 3659 1751 3714 sed

313 3749 473 3804 amici
511 3749 597 3803 sui
625 3747 867 3803 Heinrici
895 3748 1152 3818 precibus
1174 3746 1467 3803 distulerit.

195 3840 239 3894 7.
272 3841 549 3911 Quomodo
577 3842 888 3908 Heinricus,
935 3841 1290 3899 Treverensis
1331 3841 1621 3912 episcOpus
1673 3839 1753 3895 la-

310 3944 447 4000 etus,
495 3944 741 3991 sanctum
773 3934 1159 4005 Wolfltaugum
1210 3949 1396 3991 secum
1430 3933 1512 3988 ire
1534 3932 1750 4004 petierit
1781 3951 1829 4010 υ

308 4027 435 4082 etei
483 4039 700 4082 omnem
751 4036 878 4096 post
922 4042 983 4082 se
1039 4026 1386 4097 episcopatus
1430 4024 1751 4095 dignitatem

310 4117 542 4174 subdere
563 4117 816 4184 voluerit,
852 4117 946 4173 sed
969 4117 1059 4173 ille
1094 4118 1210 4172 hate
1242 4130 1480 4172 renuens
1511 4116 1598 4171 vix
1625 4131 1755 4187 pue-

311 4208 389 4263 ris
411 4208 672 4265 docendis
696 4223 935 4280 praesse
959 4209 1324 4264 consenserit.

191 4298 243 4351 8.
276 4297 344 4357 De
369 4302 599 4371 eoquod
624 4301 914 4372 episcopus
934 4300 1222 4358 Heinricus
1245 4302 1431 4357 audita
1456 4317 1752 4359 conversa-

316 4394 457 4451 tione
484 4395 661 4451 sancti
693 4393 797 4449 viri
838 4395 1148 4455 ctenobinm
1180 4394 1399 4466 aliquod
1448 4396 1549 4451 sibi
1596 4410 1754 4451 com-

319 4485 531 4541 mittere
567 4484 858 4540 studuerit.

194 4572 242 4625 9-
273 4572 543 4644 Quomodo
590 4575 851 4632 ileiurico
902 4576 1133 4646 preside
1179 4576 1232 4631 in
1279 4576 1451 4632 Roma
1498 4576 1755 4633 defuncto

316 4677 559 4724 sanctum
582 4667 969 4741 Wollkangum
1005 4670 1073 4724 ad
1120 4685 1181 4725 se
1217 4672 1601 4726 convocaverit
1638 4672 1755 4739 epi-

316 4772 506 4829 seOpus
534 4758 874 4816 Coloniensis
913 4761 1120 4816 Bruuo.
1616 4818 1623 4825 ,

203 4847 275 4904 l0.
306 4849 765 4919 Quemadmodum
796 4853 879 4907 vir
906 4852 999 4908 Dei
1047 4869 1079 4908 a
1105 4853 1358 4910 Drunone
1387 4856 1645 4926 episcopo
1673 4856 1754 4912 di-

318 4942 515 4998 missus
531 4944 756 5013 patriam
779 4944 1029 5000 reviserit
1045 4952 1098 4999 et
1117 4943 1184 4997 ad
1212 4948 1569 5003 monasticam
1586 4947 1753 5001 vitam

321 5037 628 5092 tetenderit.

206 5124 281 5179 ll.
316 5126 556 5196 Qualiter
579 5137 791 5184 sanctus
827 5129 1194 5196 Wolikangus
1241 5144 1271 5183 a
1306 5129 1469 5193 beato
1497 5128 1754 5185 Udalrico

324 5219 602 5291 presbyter
626 5221 692 5277 sit
715 5224 1021 5280 ordinatus.

2002 2660 2148 2709 rens,
2175 2644 2319 2714 quod
2351 2640 2672 2713 praesulatus
2722 2638 2961 2709 regimen
3000 2647 3147 2693 esset
3182 2645 3433 2707 acceptu-

2000 2754 2112 2798 rus,
2162 2734 2489 2806 quantisque
2539 2732 2593 2787 id
2639 2731 2800 2787 anuis
2853 2730 2997 2786 foret
3044 2728 3438 2807 disposituras,

2000 2830 2332 2900 praedixerit.

1858 2926 1943 2979 l5.
1984 2922 2266 2990 Quomodo
2292 2935 2358 2976 ex
2390 2918 2722 2975 revelatione
2747 2918 2929 2973 divina
2962 2918 3219 2973 incitatus
3245 2918 3442 2989 prsidi-

1992 3014 2154 3072 candi
2196 3027 2360 3069 causa
2396 3010 2692 3067 Pannonia:
2753 3009 2973 3081 petierit
3024 3009 3281 3074 conﬁnia,
3338 3009 3438 3065 sed

1996 3124 2023 3160 a
2080 3105 2356 3176 Piligt'imo
2402 3101 2728 3159 Patavicnsc
2786 3103 3041 3174 episcoyo
3077 3104 3148 3158 sit
3213 3118 3439 3159 revoca-

1997 3210 2105 3254 IIIS.

1856 3294 1941 3349 l-i.
1980 3292 2261 3362 Quomodo
2305 3291 2546 3361 ejusdem
2597 3291 2833 3361 episcopi
2864 3290 3055 3344 elTectu
3082 3288 3444 3359 Rattsponcuo

1998 3384 2076 3438 sis
2108 3383 2365 3438 Ecclesia:
2391 3381 2741 3452 praesulatum
2774 3381 3093 3449 susceperit.

1858 3473 1943 3528 13.
1982 3473 2229 3541 Qualiter
2260 3473 2312 3527 in
2340 3472 2475 3526 urbe
2498 3470 2754 3542 prmdicta
2791 3469 3107 3523 monasticre
3129 3470 3253 3523 vita:
3283 3469 3440 3523 incu-

1997 3568 2133 3623 riam
2180 3567 2521 3638 prospiciens
2580 3564 2837 3631 doluerit,
2897 3571 2952 3617 et
3003 3577 3101 3632 pro
3129 3561 3441 3631 hujusmodi

1994 3659 2378 3716 emendatione
2406 3654 2767 3710 Ramuoldutn
2798 3654 2850 3708 in
2882 3651 3068 3709 Sancti
3103 3651 3440 3707 Emmeranu-

1999 3747 2072 3802 mi
2108 3747 2358 3803 CtBIlOblO
2389 3745 2635 3800 abbatem
2665 3744 3030 3800 constituerit.

1864 3834 1941 3895 lli.
1984 3840 2059 3895 De
2088 3855 2154 3895 co
2183 3840 2328 3910 quod
2368 3840 2587 3909 quidam
2620 3837 2839 3909 indigne
2863 3836 3134 3903 ferebant,
3156 3851 3284 3907 quia
3308 3852 3442 3908 pra:-

1999 3932 2147 3987 dicto
2170 3918 2424 3987 cuinobio
2454 3929 2703 3984 abbatem
2730 3928 3054 3999 pra’l‘ecerit.

1857 4026 1946 4080 l7.
1989 4026 2236 4093 Qualiter
2288 4027 2455 4080 etiam
2505 4022 2997 4079 sanctimonialium
3029 4022 3357 4078 monasteria
3386 4022 3439 4076 in

1994 4118 2259 4188 praedicta
2312 4118 2448 4172 urbe
2501 4116 2801 4172 constituta
2851 4115 2919 4170 ad
2967 4115 3285 4171 monasticae
3317 4114 3440 4169 vita:

1997 4207 2242 4281 regulam
2276 4207 2618 4280 perduxerit.

1860 4302 1941 4358 l8.
1984 4300 2268 4368 Quomodo
2328 4300 2717 4355 canonicorum
2776 4297 2901 4367 jura
2968 4296 3257 4367 providere
3322 4303 3440 4351 stu-

2000 4394 2198 4449 (luerit.

1862 4488 1949 4541 l9.
1991 4486 2203 4553 Quanta
2230 4487 2275 4518 "
2301 4481 2707 4557 praedicationis
2735 4483 2910 4553 gratia
2936 4481 3227 4537 refulserit.

1842 4582 1945 4636 ~20.
1983 4581 2136 4650 Quod
2168 4581 2286 4636 viro
2320 4578 2409 4634 Dei
2448 4578 2781 4648 praedicante
2832 4576 3098 4633 diabolica
3140 4572 3291 4630 fraus
3333 4572 3443 4628 dis-

1998 4688 2223 4729 currere
2248 4670 2508 4744 pupulum
2540 4669 2748 4725 fecerit.

1856 4766 1947 4822 2|.
1988 4764 2232 4833 Qualiter
2260 4779 2385 4821 eum
2418 4762 2649 4817 stolidus
2680 4759 2904 4830 quidam
2932 4759 3094 4815 tacite
3116 4753 3439 4825 despiciens.

2000 4872 2125 4914 mox
2158 4863 2365 4913 terrore
2390 4868 2455 4908 ac
2486 4852 2806 4909 iniirmitate
2833 4850 2996 4906 fuerit
3022 4854 3324 4916 correptus,
3348 4839 3441 4894 sed

1997 4961 2185 5022 postea
2210 4944 2431 5002 sanitati
2463 4945 2769 5000 restitutus.

1855 5042 1947 5099 22.
1993 5045 2066 5099 De
2093 5040 2366 5098 cotidiana
2395 5035 2538 5092 illius
2564 5036 2999 5092 conversatione.

1856 5133 1948 5190 25.
1988 5129 2270 5205 Quomodo
2304 5126 2619 5184 sacerdotes
2674 5138 2945 5194 pagenses
2986 5110 3341 5177 admonuerit,
3386 5114 3445 5160 ut

2003 5244 2064 5285 se
2088 5225 2466 5281 observarent.
