3988 5336
559 125 664 183 595

1563 131 1862 189 οτιιωΝι
1904 132 2129 191 MONAC

2252 136 2310 192 s.
2356 134 2779 193 cnnamum
2926 100 2931 105 ’
3735 147 3823 203 596

558 244 650 297 21.
675 243 902 312 Quanta
925 242 1287 299 sollicitudine
1315 244 1708 310 emendaverit,
1734 261 1858 300 cum
1881 248 2146 316 quosdam
2180 259 2224 312 Α
2255 248 2343 301 54.
2393 249 2467 304 De
2506 247 2735 304 muliere
2775 247 3090 305 demettiaca
3123 260 3332 307 curata.

684 338 772 394 ‘ob
796 337 909 392 vini
938 335 1220 407 penuriam
1261 334 1456 391 missas
1507 350 1632 391 cum
1666 352 1804 407 aqua
1836 339 2144 394 celebrasse

695 429 827 482 'audi
837 436 933 482 ret.

558 522 647 577 25.
692 521 845 589 Quod
896 521 968 574 ita
1001 519 1193 574 aliems
1240 519 1383 574 sicut
1419 519 1521 574 sibi
1553 519 1789 576 subditis
1832 521 2139 577 misericor-

701 612 844 665 diam
872 610 1201 666 exhibuerit.

554 698 641 754 ‘26.
685 696 899 768 Quanta
936 700 1201 758 industria
1234 701 1434 757 multos
1478 701 1639 758 famis
1680 712 1924 771 tempore
1946 719 2142 774 procu-

702 794 926 849 raverit.

551 883 640 937 Si.
684 883 759 938 Dc
804 899 1062 953 paupere,
1116 900 1277 954 quem
1336 901 1435 955 pro
1491 885 1636 941 furto
1688 887 2139 956 comprehensum

699 975 983 1030 excusavit
1006 975 1166 1045 eique
1198 976 1518 1031 vestimenta
1550 977 1808 1032 exhibere
1828 975 2016 1044 jussit.

548 1065 638 1121 23.
672 1066 965 1134 Quomodo
997 1066 1298 1121 hereticum
1324 1068 1486 1122 verba
1520 1068 1768 1137 quaedam
1790 1070 1992 1124 erroris
2021 1080 2142 1126 arte

700 1158 983 1214 dialectica
1034 1167 1423 1230 proponentem
1484 1160 1674 1214 eadem
1739 1168 1858 1216 arte
1915 1161 2142 1217 miriﬁce

700 1249 1082 1306 confutaverit.

547 1342 647 1397 29.
688 1342 934 1409 Qualiter
956 1360 986 1398 a
1009 1358 1211 1399 caesare
1240 1343 1440 1400 Ottone
1495 1353 1717 1416 rogatus
1756 1347 2051 1410 consensit,
2087 1347 2138 1401 in

702 1431 921 1488 Pocmia
954 1433 1335 1503 Ratisponcnsi
1365 1435 1608 1491 ecclesiae
1638 1436 1852 1492 subdita
1876 1437 1998 1492 ﬁeri
2021 1439 2138 1507 epi-
2238 1462 2241 1465 ·

693 1532 997 1593 scopatum.

545 1615 635 1671 50.
675 1615 809 1685 Quia
835 1619 1132 1688 prophetia:
1155 1619 1348 1691 spiritu
1381 1620 1658 1677 claruerit.

546 1708 637 1762 5|.
680 1708 962 1776 Quomodo
1009 1710 1222 1782 legatus
1277 1711 1452 1767 sancti
1508 1711 1776 1781 praesulis,
1830 1712 1921 1782 qui
1951 1711 2134 1769 ablato

690 1815 831 1869 equo
894 1798 1012 1869 ejus
1061 1800 1215 1870 jussa
1257 1801 1587 1857 ambulando
1642 1802 1874 1873 implere
1901 1805 2129 1872 studuit,

692 1889 874 1946 subito
908 1906 1106 1961 equum
1137 1890 1383 1946 sellatum
1410 1891 1700 1947 invenerit.

545 1985 635 2040 5‘2.
678 1985 782 2044 Ubi
809 1989 864 2043 in
892 1990 1112 2045 caesaris
1156 1989 1372 2045 Ottonis
1421 1989 1789 2059 expeditione,
1844 1988 2028 2043 multis
2066 2002 2131 2044 ex

686 2076 833 2134 ﬂuvii
900 2078 1181 2149 cujusdam
1253 2080 1607 2136 inundatione
1676 2077 2130 2149 periclitantibus,

690 2169 806 2237 ipse
847 2184 1072 2226 securus
1103 2169 1325 2226 ﬂuvium
1358 2169 1577 2226 transiit
1609 2169 1855 2240 aliosque
1898 2168 2134 2222 transire

685 2259 835 2314 fecit.
1947 2314 1954 2321 .

541 2348 630 2403 55.
672 2350 749 2407 De
780 2353 1003 2420 clerico,
1035 2354 1121 2409 cui
1158 2353 1535 2410 maledicendo
1576 2351 1859 2408 oculorum
1889 2348 2133 2405 dolorem

2248 335 2337 389 53.
2376 337 2509 390 Item
2535 338 2602 392 de
2625 337 2731 391 alia
2764 336 2994 394 muliere
3025 339 3345 399 demoniaca
3365 353 3580 401 curata.

2246 427 2337 480 56.
2381 427 2625 495 Qualiter
2647 427 3046 484 vicedominum
3088 445 3248 486 suum
3306 435 3606 490 tonitruum
3655 436 3821 509 fulgu-

2390 536 2619 591 rumque
2675 530 2884 578 terrore
2944 523 3325 581 moribundum
3380 528 3608 586 sanitati
3661 533 3821 589 reddi-

2395 613 2552 668 derit.
2772 667 2781 677 ,
3430 666 3435 669 .

2247 703 2333 759 57.
2377 702 2457 759 De
2495 703 2731 775 quodam
2763 704 3140 764 Rnbilocensis
3160 710 3205 741 “
3236 708 3484 768 ecclesiae
3514 722 3826 787 aegrotoper

2394 793 2511 863 ejus
2536 796 2971 852 benedictionem
3011 808 3208 855 sanato

2246 886 2338 941 58.
2381 885 2667 952 Quomodo
2696 902 2795 956 per
2819 887 3049 943 Danubii
3090 890 3378 947 decursum
3421 893 3474 949 in
3516 895 3824 954 orientalem

2389 977 2667 1049 Pagoariae
2705 976 2917 1050 plagam
2946 980 3224 1052 prolectus
3260 986 3630 1058 corporisque
3674 991 3825 1046 mole-

2386 1071 2491 1127 stia
2520 1082 2827 1137 praeventus
2866 1073 2937 1128 ibi
2960 1074 3179 1131 obierit.

2243 1161 2332 1217 59.
2374 1161 2618 1228 Qualiter
2667 1172 2789 1232 post
2841 1166 3018 1222 sancti
3072 1167 3174 1222 viri
3219 1169 3428 1226 obitum
3474 1187 3602 1229 mox
3644 1175 3827 1244 praui

2392 1250 2702 1307 llartwieus
2734 1260 2789 1309 et
2841 1254 3011 1310 Aribo
3065 1271 3251 1314 comes
3296 1259 3675 1328 advenientes,
3728 1278 3823 1318 una

2387 1356 2509 1396 cum
2543 1342 2751 1412 reliqua
2797 1343 2951 1415 plebe
2989 1348 3336 1418 corpus-ejus
3366 1350 3435 1405 ad
3479 1349 3826 1422 Ral.in

2382 1433 2572 1488 urbem
2600 1434 2907 1492 divexerint
2930 1438 2974 1469 ¹²
3000 1438 3181 1509 ibique
3206 1440 3259 1494 in
3278 1440 3470 1497 Sancti
3494 1442 3825 1501 Emmeran-

2384 1522 2457 1576 mi
2482 1523 2714 1579 ecclesia
2746 1527 3084 1597 sepeliet-int.

2163 1621 2208 1680 Β
2240 1612 2328 1667 40.
2372 1614 2448 1669 De
2469 1615 2814 1683 demoniaco,
2845 1620 2969 1690 qui,
2996 1636 3027 1675 a
3065 1623 3414 1680 cementariis
3433 1625 3500 1680 ad
3534 1626 3716 1683 locum
3742 1627 3827 1701 ubi

2381 1718 2617 1764 sanctus.
2645 1710 3001 1786 Woll'ltangus
3046 1715 3185 1770 obiit
3231 1715 3517 1785 deductus,
3572 1734 3704 1775 mox
3740 1736 3827 1776 sa-

2381 1814 2484 1853 nus
2515 1803 2689 1855 factus
2727 1812 2830 1858 est.

2236 1886 2329 1942 61.
2368 1888 2446 1943 De
2474 1902 2540 1943 eo
2562 1890 2654 1958 qui
2680 1889 2834 1947 ferro
2866 1893 3196 1949 constrictus
3220 1895 3292 1949 ad
3330 1894 3449 1963 ejus
3482 1895 3825 1967 sepulchrum

2383 1980 2553 2046 venit,
2579 1982 2673 2038 sed
2708 1982 2989 2040 absolutus
3020 1985 3201 2041 rediit.

2237 2069 2327 2127 42.
2366 2071 2646 2137 Quomodo
2677 2072 2789 2141 regi
2827 2072 3083 2129 Ileinrico
3103 2074 3156 2129 in
3179 2075 3390 2131 visione
3418 2091 3713 2149 apparens,
3738 2092 3827 2148 per

2384 2162 2589 2218 senarii
2621 2163 2832 2219 numeri
2860 2165 3282 2236 descriptionem
3319 2166 3656 2238 imperialem
3693 2167 3827 2225 desi-

2377 2255 2623 2326 gnaverit
2654 2256 2973 2326 dignitatem
3001 2257 3070 2314 “.

2236 2348 2327 2404 45.
2367 2349 2442 2404 De
2463 2350 2696 2419 quodam
2722 2365 2868 2407 caeco
2900 2351 3219 2409 illuminato.

674 2444 932 2517 ingessit,
982 2447 1078 2502 sed
1111 2455 1297 2515 postea
1347 2443 1722 2501 benedicendo
1769 2442 1989 2499 sanitati
2024 2440 2134 2512 pri-
2238 2438 2329 2493 44.
2369 2440 2445 2495 De
2474 2440 2701 2496 muliere
2732 2441 2894 2497 debili
2923 2443 3065 2514 apud
3096 2443 3215 2515 ejus
3243 2443 3510 2500 tumulum
3539 2454 3757 2502 sanata.

686 2538 842 2593 stiuae
863 2539 1124 2594 restituit.

2237 2530 2329 2586 65.
2366 2530 2498 2587 Item
2548 2531 2614 2587 de
2635 2532 2867 2602 quodam
2889 2542 3094 2606 aegroto
3114 2549 3211 2608 per
3227 2535 3346 2593 eius
3375 2536 3570 2592 merita
3617 2546 3822 2594 sanato.

1956 2711 2276 2726 -——

997 2888 1359 2993 INCIPIT
1418 2886 1654 2991 VITA
1706 2890 2047 2990 SANGTI
2106 2887 2701 2990 WOLFKANGI
2758 2890 3187 2992 EPISCOPI
3651 2868 3691 2943 ’-

617 3122 670 3175 l.
702 3120 903 3175 Beatus
924 3118 1087 3187 igitur
1117 3115 1492 3188 Wolfkangus,
1523 3117 1744 3173 natione
1794 3114 2127 3185 Suevigena,
2161 3114 2205 3175 C
2239 3121 2442 3168 matum
2472 3115 2823 3185 compositor,
2847 3115 2921 3171 ita
2942 3116 3194 3187 scripsit:
3226 3106 3231 3113 ’

538 3228 606 3267 ex
659 3212 908 3282 ingenuis
961 3209 1278 3281 parentibus
1323 3207 1460 3280 (5‘2),
1506 3217 1562 3263 et
1608 3217 1671 3262 ut
1713 3207 1816 3263 sibi
1864 3206 2123 3262 Salomon

536 3311 709 3372 optat,
743 3317 845 3358 nec
880 3300 1097 3355 divitias
1130 3314 1227 3354 nec
1247 3306 1621 3370 paupertatem
1651 3296 2003 3368 patientibus,
2030 3294 2128 3350 sed

537 3398 882 3453 mediocriter
933 3404 1192 3464 recteque
1240 3393 1585 3457 viventibus,
1643 3400 1726 3447 est
1782 3396 2122 3461 procreatus.

538 3486 640 3555 Qui
673 3487 930 3541 nimirum
968 3487 1035 3539 ab
1064 3484 1197 3554 ipsis
1235 3482 1476 3537 infantiae
1508 3480 1829 3536 rudimentis
1874 3478 2121 3533 divinum

543 3578 750 3633 fontem
782 3578 908 3631 vit-.e
952 3577 1142 3631 sitiens
1199 3583 1256 3628 et
1305 3572 1506 3627 caduca
1537 3587 1767 3642 qumque
1793 3570 2122 3640 despiciens,

536 3684 734 3740 magna
801 3669 1122 3724 meritorum
1184 3665 1546 3736 praerogativa
1604 3665 1775 3734 cwpit
1840 3663 2122 3729 eminere,

532 3759 830 3829 multisque
853 3758 1149 3812 virtutibus
1171 3755 1378 3811 studuit
1424 3753 1632 3824 fulgere
1696 3752 1894 3808 Fertur
1920 3753 2084 3808 etiam
2104 3791 2119 3818 ,

531 3851 676 3921 quod
702 3851 818 3919 ejus
847 3850 1006 3904 matri
1029 3848 1204 3901 visum
1232 3844 1397 3901 fuerit
1427 3843 1641 3899 stellam
1677 3844 1728 3898 iu
1761 3844 1969 3915 gremio
1996 3858 2123 3913 por-

530 3953 669 3999 tare.
702 3942 859 4011 Quod
888 3941 1097 3997 scilicet
1128 3937 1451 4010 praesagium
1479 3936 1810 3991 conveniens
1841 3945 1961 3991 erat
1983 3951 2123 4006 pra:-

533 4032 699 4088 claris
736 4033 829 4087 tilii
861 4031 1173 4086 virtutibus.
1208 4028 1346 4084 Nam
1374 4042 1516 4082 unus
1550 4026 1761 4081 illorum
1794 4027 1974 4082 extitit
1998 4069 2013 4095 ,
2051 4027 2120 4098 de

530 4125 728 4195 quibus
751 4122 1032 4194 Scriptura
1065 4135 1218 4177 sacra
1253 4119 1423 4175 dicit:
1451 4117 1556 4185 Qui
1579 4119 1721 4172 docti
1742 4118 1961 4188 fuerint,
2011 4118 2118 4188 ful-

526 4219 716 4287 gebunt
741 4217 893 4285 quasi
921 4214 1167 4285 splendor
1188 4211 1526 4280 ﬁrmamenti,
1550 4221 1597 4266 et
1622 4211 1712 4282 qui
1755 4210 1825 4265 ad
1846 4210 2115 4280 justitiam

528 4306 777 4359 erudiunt
827 4304 1044 4367 multos,
1089 4303 1240 4373 quasi
1277 4301 1443 4356 stella:
1490 4302 1545 4355 in
1590 4310 1866 4372 perpetuas
1908 4302 2120 4356 (eterni-

524 4407 657 4452 tates
699 4397 861 4470 (Dan.
896 4413 992 4461 xu,
1028 4395 1108 4467 3).

2227 3203 2477 3261 Iusserat
2507 3206 2558 3237 “
2591 3205 2874 3262 aediculam
2919 3208 3189 3264 mandrita
3232 3207 3607 3280 Lupambulus
3652 3211 3816 3271 istam

3511 3300 3751 3376 (esst).

2228 3367 2615 3422 Verumtamen
2670 3383 2772 3438 pro
2813 3370 2967 3426 nulla
3014 3386 3128 3427 sua:
3176 3372 3396 3429 malitiae
3441 3367 3576 3429 nota
3620 3377 3666 3411 "
3706 3367 3818 3435 hoc

2227 3474 2427 3515 nomen
2460 3460 2511 3515 ei
2541 3461 2924 3531 imponebatur
2945 3504 2960 3527 ,
2995 3465 3089 3519 sed
3117 3448 3348 3535 quadam
3395 3476 3658 3523 consueta
3703 3484 3819 3525 sua

2224 3552 2572 3622 cognationis
2594 3553 2990 3625 appellatione,
3018 3557 3148 3627 quia
3171 3565 3227 3612 et
3250 3558 3473 3612 nomina
3512 3559 3818 3616 bestiarum

2225 3645 2279 3699 in
2309 3653 2595 3714 utramque
2621 3654 2834 3716 partem
2865 3646 3072 3702 adverti
3100 3657 3350 3717 possunt.
3378 3647 3488 3705 Leo
3509 3651 3713 3705 etenim
3735 3651 3819 3706 in-

2224 3735 2440 3790 terdum
2473 3736 2747 3806 signiticet
2780 3736 3080 3805 diabolum,
3108 3747 3167 3794 ut
3196 3740 3268 3795 ibi
3302 3756 3316 3793 :
3348 3739 3528 3796 Sobrii
3557 3752 3721 3797 estote
3766 3754 3817 3798 et

2222 3828 2455 3896 vigilate,
2503 3831 2628 3900 quia
2670 3831 3009 3886 adversarius
3056 3841 3224 3886 vester
3269 3831 3517 3886 diabolus
3562 3844 3815 3903 tanquam

2222 3918 2303 3974 leo
2331 3920 2540 3990 rugiens
2562 3922 2771 3988 circuit,
2790 3938 3035 3993 quierat:
3054 3939 3208 3994 quem
3238 3923 3446 3979 devoret
3474 3920 3530 3994 (Ι
3560 3923 3705 3981 Petr.
3746 3940 3813 3988 v,

2220 4011 2322 4083 8);
2370 4010 2648 4067 Christum
2687 4012 2853 4068 etiam
2895 4013 3245 4070 nihilominus
3297 4013 3569 4083 designat,
3623 4026 3685 4071 ut
3726 4024 3811 4070 est

2223 4104 2352 4159 illud
2384 4122 2397 4158 :
2431 4104 2569 4161 Ecce
2616 4106 2738 4161 vicit
2790 4107 2872 4162 leo
2928 4107 2993 4162 de
3029 4107 3167 4162 tribu
3205 4109 3352 4163 Juda
3397 4110 3590 4181 (Apoc.
3626 4126 3682 4177 v,
3715 4110 3810 4176 5);

2220 4204 2277 4249 et
2301 4194 2419 4250 ovis
2449 4195 2502 4250 in
2526 4196 2673 4253 bono
2692 4197 2933 4267 ponitur,
2958 4206 3019 4253 ut
3042 4197 3174 4267 illud
3205 4217 3218 4253 :
3245 4198 3361 4255 Nos
3382 4210 3558 4256 autem
3586 4200 3810 4272 populus

2219 4296 2362 4353 tuus,
2393 4284 2442 4341 et
2479 4303 2596 4342 oves
2634 4288 2846 4357 pascua:
2870 4300 2976 4342 tua
3004 4286 3184 4359 (Paul.
3215 4305 3443 4354 Lxxvttt,
3472 4291 3588 4361 εὖ),
3640 4298 3699 4346 et
3750 4292 3806 4344 in

2219 4378 2385 4447 malo,
2416 4389 2477 4433 ut
2501 4379 2573 4434 ibi
2602 4397 2616 4435 :
2641 4379 2789 4435 Sicut
2820 4396 2940 4436 oues
2965 4382 3021 4435 in
3048 4382 3255 4452 inferno
3277 4385 3434 4454 positi
3459 4394 3585 4439 sunt
3624 4381 3804 4457 (Ptol.

596 4487 652 4542 2,
681 4465 728 4520 si
758 4486 928 4542 Natus
960 4465 1091 4558 ergo
1128 4502 1280 4557 puer,
1321 4502 1431 4541 ηοη
1472 4485 1640 4542 multo
1689 4494 1814 4557 ροει
1858 4486 2111 4557 baptismi
2144 4465 2194 4524 D
2221 4468 2425 4538 vam,
2451 4475 2571 4546 l5);
2606 4475 2732 4531 item
2763 4474 3076 4545 patriarcha
3116 4473 3285 4533 Jacob
3311 4479 3377 4531 ad
3401 4476 3573 4532 tilium
3601 4491 3759 4532 suum
3783 4493 3803 4530 :

522 4578 757 4646 gratiam
785 4578 1032 4647 adeptus,
1071 4576 1428 4648 Wolfkangns
1468 4585 1553 4631 est
1580 4577 1918 4647 appellatus;
1969 4577 2112 4647 quod

520 4668 775 4724 videlicet
805 4684 997 4724 nomen
1028 4668 1117 4725 ille
1148 4685 1247 4739 per
1273 4668 1628 4738 semetipsum
1659 4677 1745 4723 est
1788 4668 2112 4738 interpreta-

522 4770 630 4816 tus.
656 4748 798 4816 Νίκη
829 4761 883 4815 in
922 4761 1156 4832 quodam
1198 4760 1471 4824 armario,
1513 4759 1657 4827 quod
1706 4759 1822 4826 ipse
1870 4759 2112 4814 construi

518 4851 802 4921 praecepit,
834 4849 981 4906 inter
1004 4850 1237 4921 reliqua,
1272 4851 1415 4906 sicut
1440 4857 1563 4904 erat
1584 4847 1954 4918 peritissimus
1984 4862 2111 4917 poe-

2195 4565 2500 4636 “Benjamin
2522 4567 2676 4636 lupus
2708 4582 2876 4637 rapax
2903 4564 3056 4638 (Gen.
3088 4583 3237 4634 χιιι,
3273 4566 3389 4638 27);
3443 4578 3503 4623 et
3531 4576 3697 4638 poeta
3736 4566 3803 4621 de

2218 4673 2449 4728 persona
2476 4659 2646 4714 sancti
2673 4657 2825 4714 Pauli
2852 4660 2924 4714 ita
2950 4659 3142 4715 scribit
3169 4678 3182 4713 :

2288 4747 2336 4802 0
2360 4748 2484 4817 lupe
2519 4748 2687 4803 Paule
2709 4763 2898 4817 rapax,
2920 4750 3052 4819 quid
3068 4749 3184 4820 jam
3208 4747 3515 4807 remanebit
3544 4749 3601 4806 iu
3630 4749 3777 4815 orbe,

2294 4842 2447 4909 Quod
2484 4857 2590 4896 non
2628 4854 2728 4895 ore
2761 4842 2985 4897 trahas?

1817 4957 2053 5015 \‘ARIIE
2094 4954 2494 5017 LECTIONES.

590 5079 663 5151 "_
693 5076 1066 5151 rohulocenms
1203 5140 1235 5151 η
1275 5074 1325 5151 “_
1373 5074 1708 5151 devexerunt
1726 5100 1806 5151 ——_

518 5144 809 5213 \volfkang.
842 5146 1017 5198 habet.
1120 5144 1165 5175 ³⁸
1195 5140 1439 5211 Cupitum
1469 5141 1749 5204 divisiones
1791 5141 1843 5192 in

520 5217 751 5271 miniosa
774 5230 941 5270 causa
968 5215 1024 5267 ἓ.

1275 5074 1322 5104 ²¹
1373 5073 1793 5126 devexernnt—
1824 5056 2153 5127 sepelierunt
2196 5075 2243 5127 Ι.

1938 5141 2324 5196 desiderantur.

2355 5070 2401 5101 ”
2429 5065 2797 5143 ‘rnajestatem
2837 5068 2943 5143 A7,
3009 5070 3058 5143 ξι
3104 5069 3478 5143 vvoll'gangig.
3540 5069 3797 5143 quium:

2426 5139 2473 5170 "
2501 5140 2794 5193 Struxerat
2830 5139 2885 5195 2.
2911 5140 3077 5194 Andr.
3103 5139 3308 5195 Ratiib.
3347 5139 3365 5143 ⁷
3402 5142 3449 5173 ’⁷
3473 5139 3621 5197 nulla
3645 5142 3788 5212 igno-

2027 5325 2162 5336 -vn—
2188 5328 2231 5336 -
