3988 5336
199 345 304 402 ’.ἱνῦῗ

1460 335 1621 394 ἯΤΑ
1660 338 1721 393 S.
1764 336 2205 395 WOLFKANGI.

3383 338 3484 398 598

202 470 341 527 lline
365 467 560 536 itaque
577 470 824 535 apparet,
858 461 1001 531 quod
1029 460 1208 516 nullus
1230 459 1563 531 justiﬁealur
1588 461 1674 517 vel
1704 476 1793 516 re-
1821 462 1873 523 Α
1901 458 2345 529 interminatione
2392 458 2693 529 prohibuit.
2742 457 2946 530 Sicque
2975 459 3243 530 malignus
3282 461 3484 525 bustis,

202 561 471 634 probatur
499 571 568 611 ex
600 556 837 611 nomine.

270 653 330 707 3.
354 649 658 705 Crescente
684 656 866 701 autem
897 661 1084 714 puero,
1117 646 1359 716 Spiritus
1404 647 1579 703 sancti
1620 646 1799 716 gratia

203 740 510 814 augebatur
558 737 719 794 simul
769 737 824 791 in
874 735 991 791 illo.
1045 735 1182 791 Nam
1237 752 1364 792 cum
1411 738 1524 807 jam
1574 737 1800 805 circiter

205 830 526 902 septuennis
546 838 719 891 esset,
744 837 998 896 parentes
1032 826 1154 895 eius
1191 828 1339 882 illum
1382 844 1484 898 pro
1531 827 1802 884 discendis

206 921 409 977 litteris
431 920 654 976 cuidam
670 918 1199 974 commendaveruut
1226 917 1446 982 clerico,
1490 919 1595 973 hoc
1636 916 1802 973 veluti

209 1014 452 1086 religiosi
484 1012 947 1083 praemeditantes,
974 1011 1118 1079 quod
1146 1021 1201 1066 et
1229 1021 1415 1081 postea
1438 1011 1650 1081 experti
1679 1017 1807 1065 sunt

208 1105 539 1176 gaudentes,
596 1112 658 1158 ut
696 1117 801 1172 per
821 1099 987 1173 juges
1010 1102 1352 1158 interventus
1388 1102 1484 1157 ﬁlii
1528 1100 1802 1167 instructi,

206 1198 375 1253 funes
400 1208 783 1266 peccatorum,
814 1195 1015 1264 quibus
1043 1204 1217 1248 semet
1251 1194 1651 1263 circumplexos
1683 1208 1806 1248 sen-

210 1284 466 1352 tieba'nt,
515 1286 884 1342 solverentur.
931 1285 1078 1340 Idem
1120 1301 1250 1340 vero
1318 1285 1569 1354 pretiosa:
1612 1284 1809 1340 indolis

210 1394 348 1452 puer
373 1387 526 1433 tanta
563 1377 826 1431 aviditate
845 1391 914 1431 ac
945 1376 1206 1431 memoria
1262 1375 1476 1431 litteras
1512 1375 1685 1444 cmpit
1711 1389 1807 1429 ca-

213 1488 367 1544 pere,
392 1487 505 1542 quo
526 1472 721 1541 paucis
739 1484 1009 1524 annorum
1037 1470 1356 1525 decursibus
1381 1468 1671 1524 transactis
1690 1483 1807 1524 non

213 1565 393 1621 solum
434 1563 703 1635 hysterici
750 1577 946 1617 sensus
990 1562 1339 1632 superﬁciem
1372 1563 1687 1633 penetrarit,
1717 1576 1811 1616 ve-

221 1672 342 1712 rum
377 1658 546 1712 etiam
576 1656 801 1710 intimas
829 1655 1212 1726 mysteriorum
1268 1655 1532 1711 medullas
1581 1656 1809 1711 investi-

221 1748 387 1818 garit.
410 1746 782 1814 Quamobrem
803 1746 858 1800 in
880 1746 1108 1816 privatis
1130 1744 1241 1814 iam
1269 1746 1492 1801 minime
1517 1755 1810 1803 contentus

1899 549 2119 603 inventa
2151 549 2254 603 hac
2300 550 2611 618 occasione,
2641 559 2751 605 tam
2790 566 2892 621 per
2918 565 2977 606 se
3000 567 3162 621 quam
3211 564 3307 622 per
3355 567 3488 607 suus

1895 638 2192 710 complices
2212 638 2474 695 famulum
2507 642 2605 696 Dei
2632 641 2899 698 suffocare
2923 643 3247 712 temptabat.
3281 642 3387 698 Sed
3412 642 3491 697 ni-

1900 734 2123 800 mirum,
2162 735 2307 790 sicut
2338 734 2552 791 ﬂamma
2580 734 2798 792 ﬂatibus
2834 737 2981 792 venti
3019 738 3223 808 agitata
3263 736 3495 792 validius

1900 825 2125 881 accendi
2149 825 2312 892 solet,
2332 825 2405 881 ita
2431 826 2600 882 divini
2627 842 2820 883 sensus
2844 827 3029 894 ardor,
3070 828 3160 898 qui
3186 829 3239 882 in
3266 836 3490 899 pectore

1900 916 2215 989 Wolfkangi
2256 933 2290 973 a
2319 918 2552 987 pueritia
2578 918 2874 987 coaluerat,
2921 920 3068 976 nullo
3118 920 3492 992 temptationis

1904 1007 2080 1062 imbre
2100 1008 2284 1077 potuit
2316 1008 2583 1077 extingui.
2612 1009 2688 1063 Ex
2718 1009 2811 1065 illo
2861 1010 3042 1080 itaque
3067 1018 3329 1080 tempore,
3355 1010 3496 1065 sicut

1905 1099 2022 1170 ipse
2057 1099 2353 1165 fatebatur,
2375 1099 2531 1170 cujus
2555 1102 2736 1158 omnia
2768 1102 2931 1159 verba
2964 1112 3093 1159 sunt
3115 1105 3262 1159 czedt
3277 1103 3498 1173 nloﬁde

1907 1190 2057 1246 nullo
2077 1192 2280 1246 carnali
2310 1192 2747 1249 demoustratore
2775 1196 3168 1264 scripturarum
3192 1196 3500 1266 apprehen-

1905 1282 1988 1337 dit
2008 1284 2342 1353 penetralia,
2370 1292 2633 1355 tantoque
2668 1286 2771 1342 sibi
2809 1294 2991 1357 postea
3042 1286 3225 1343 extitit
3266 1287 3499 1357 amplius

1909 1374 2208 1445 ingenium,
2235 1384 2498 1445 quantum
2543 1377 2709 1432 distat
2756 1378 2899 1433 inter
2928 1378 3216 1434 hibernum
3246 1378 3415 1433 solem
3445 1388 3499 1432 et

1907 1466 2176 1522 arstivum.

1988 1557 2048 1612 6.
2077 1558 2394 1627 Huiusmodi
2430 1560 2597 1630 igitur
2627 1561 2961 1632 profedibus
2984 1562 3069 1617 vir
3101 1562 3194 1618 Dei
3225 1569 3499 1617 maturas-

1908 1665 2064 1714 cens,
2100 1650 2300 1706 cotidie
2326 1666 2386 1707 se
2416 1652 2532 1723 ipso
2560 1653 2834 1721 robustior
2862 1653 3158 1710 virtutibus
3188 1668 3497 1710 succresce-

1914 1741 2030 1804 bat,
2059 1741 2225 1796 etiam
2255 1742 2309 1796 in
2340 1743 2505 1798 corde
2531 1758 2631 1798 suo
2661 1745 2923 1814 quasdam
2965 1744 3035 1800 de
3066 1744 3311 1801 convalle
3338 1744 3502 1800 lacri-

219 1838 545 1895 estdiscere
572 1838 748 1903 locis;
790 1838 885 1893 sed
923 1837 1015 1893 ubi
1048 1845 1181 1892 tunc
1216 1837 1269 1891 in
1300 1835 1604 1893 Germaniae
1633 1838 1809 1907 ρει-υ..
1842 1826 1885 1884 Β
1915 1849 2126 1889 marum
2171 1835 2521 1892 ascensiones
2570 1835 2754 1892 facere
2813 1838 3157 1909 disponebat.
3205 1838 3341 1894 Nam
3392 1840 3504 1894 nisi

216 1930 323 1987 bus
349 1931 591 1986 maxime
624 1929 860 1999 pollebat
883 1928 1093 1984 scolare
1113 1928 1373 1994 studium,
1392 1939 1555 1998 patre
1576 1929 1810 1985 ducente

218 2018 580 2078 bithalassum
611 2022 660 2055 "
680 2021 797 2091 (55)
821 2021 972 2086 adiit,
1005 2021 1056 2075 id
1079 2029 1168 2076 est
1196 2022 1450 2091 Augense
1474 2022 1809 2077 cmnobium.

223 2110 343 2174 Ubi,
373 2112 641 2182 quoniam
670 2112 789 2181 ejus
812 2112 961 2166 fama
988 2112 1188 2182 ingenii
1222 2113 1432 2182 pridem
1463 2114 1808 2182 audiebatur,

221 2213 501 2276 gratanter
517 2212 606 2259 est
640 2213 952 2274 susceptus,
996 2202 1255 2273 brevique
1283 2213 1526 2274 tempore
1555 2204 1808 2273 delapso.

222 2293 517 2366 magistris,
552 2294 651 2363 qui
696 2293 841 2348 illius
889 2292 1209 2363 capacitatis
1235 2309 1465 2349 acumen
1496 2304 1808 2360 senserant,

223 2384 461 2442 edicitur
492 2393 807 2454 suspectus.
847 2382 1230 2438 Verumtamen
1262 2384 1412 2440 nullo
1453 2386 1815 2455 dcspectionis

225 2474 364 2533 fastu
419 2492 492 2532 ex
548 2476 857 2547 huiusmodi
903 2475 1198 2530 eminentia
1259 2476 1676 2543 intumescebat,
1718 2477 1814 2532 scd

223 2584 347 2625 cum
374 2569 631 2626 omnibus
656 2569 713 2623 in
743 2567 906 2624 domo
929 2567 1143 2623 Domini
1164 2554 1635 2625 ‘ambulabatcnm
1677 2584 1811 2626 con~

224 2677 414 2720 sensu.
618 2680 621 2681 ⁷
902 2734 915 2749 .
1624 2706 1627 2709 .

300 2757 357 2813 6.
385 2757 496 2814 Per
532 2758 680 2813 idem
726 2765 940 2827 tempus
984 2756 1152 2827 (circa
1181 2773 1269 2811 an.
1304 2756 1429 2826 950)
1461 2755 1563 2811 fuit
1613 2758 1666 2811 in
1700 2757 1819 2813 loco

226 2848 463 2920 pratfato
495 2850 541 2882 ”
562 2857 794 2920 propter
831 2850 1067 2905 studium
1113 2849 1323 2905 scolare.
1349 2850 1568 2919 quidam
1607 2849 1816 2905 lleinri~

230 2957 331 2999 cus
361 2943 434 3009 ³⁵,
473 2943 674 2997 eximia
728 2941 1064 2997 Francorum
1108 2941 1519 3013 Suevoruutque
1570 2943 1822 3014 prosapia

233 3034 474 3104 genitus,
505 3032 599 3102 qui
630 3033 1005 3102 supradictum
1034 3033 1288 3101 juvenem
1330 3034 1571 3089 maxime
1596 3036 1699 3089 sibi
1730 3035 1824 3089 ad-

230 3134 467 3182 nectens
485 3140 696 3189 amore,
720 3125 931 3195 rogavit
958 3127 1137 3189 unice,
1170 3135 1230 3180 ut
1256 3141 1441 3181 secum
1464 3128 1533 3181 ad
1556 3126 1822 3197 llerb’po-

1912 1925 2080 1980 amici
2122 1926 2378 1997 precibus
2412 1926 2682 1993 llcinrici,
2711 1944 2839 1984 cum
2869 1920 2995 2000 quo
3017 1929 3287 1986 familiare
3317 1932 3507 1987 habuit

1907 2017 2351 2082 contubernium,
2384 2018 2780 2082 retraheretur,
2816 2020 3131 2077 omnimodo
3152 2021 3505 2077 satcularibus

1908 2108 2260 2163 renunciarct
2299 2109 2610 2165 desideriis.
2653 2109 2760 2166 Sed
2800 2112 3025 2167 assidue
3060 2122 3324 2176 tractans,
3375 2114 3508 2183 quia

1910 2202 2113 2256 caritas
2137 2217 2241 2257 non
2265 2201 2463 2272 quaerit
2496 2216 2616 2271 qum
2642 2217 2743 2258 sua
2779 2214 2927 2269 sunt,
2975 2206 3071 2260 sed
3103 2220 3223 2274 qua:
3257 2205 3505 2271 alterius,

1907 2291 1982 2346 ad
2031 2300 2239 2358 tempus
2302 2290 2512 2346 distulit
2573 2293 2715 2362 quod
2778 2294 3264 2365 postca‘devotus
3318 2294 3508 2365 imple-

1916 2383 2017 2437 vit.
3488 2427 3495 2435 .

1987 2471 2040 2526 7.
2108 2473 2264 2528 Brevi
2330 2474 2528 2531 dehinc
2598 2477 2819 2533 evoluta
2885 2486 3130 2549 tempore
3182 2479 3295 2550 (an.
3355 2480 3505 2552 956),

1914 2560 2210 2620 lleinricus
2263 2564 2331 2618 ab
2376 2564 2577 2621 Ottone
2625 2566 2817 2638 Magno
2855 2568 3513 2641 Treverensemsuseepit

1916 2648 2479 2727 archiepiscopatum,
2511 2668 2566 2713 et
2601 2670 2663 2714 ut
2694 2675 2878 2717 secum
2919 2662 3048 2717 illuc
3093 2663 3375 2718 adveniret
3416 2663 3513 2717 ob.

1920 2747 2048 2800 nire
2086 2745 2356 2818 ﬂagitavit
2409 2750 2629 2805 beatum
2689 2749 3088 2823 Wolfltangutu.
3135 2755 3206 2808 At
3268 2753 3358 2809 ille
3408 2752 3509 2808 ali-

1918 2838 2158 2907 quandin
2188 2840 2473 2906 resistens,
2494 2856 2620 2896 cum
2651 2843 2788 2897 bene
2842 2859 2947 2899 non
2976 2852 3184 2914 posset,
3220 2845 3363 2900 male
3419 2860 3512 2900 co-

1922 2929 2024 2982 luit
2058 2943 2179 2985 csse
2210 2930 2448 2987 rebellis.
2479 2931 2761 2990 Profectus
2815 2947 2901 2992 est
2940 2951 3072 3007 ergo
3120 2951 3246 2992 cum
3304 2937 3500 2994 amico.

1924 3020 2077 3076 Tunc
2105 3023 2430 3079 venerabilis
2461 3026 2690 3081 antistes
2729 3028 2958 3084 interna:
3004 3029 3313 3086 dilectionis
3360 3033 3508 3094 vim,

1924 3126 2088 3180 quam
2111 3128 2239 3184 erga
2266 3114 2440 3169 virum
2474 3115 2566 3170 Dei
2592 3117 2803 3183 habuit,
2831 3119 3054 3189 explere
3078 3120 3326 3190 cupiens,
3354 3122 3521 3177 bene--

137 3212 143 3216 '
234 3218 350 3285 um,
384 3233 510 3289 qua,
544 3232 575 3270 τι
616 3175 839 3272 “hic;
870 3175 1183 3289 »Νη-ρηωῇ
1215 3219 1259 3250 at
1303 3229 1548 3285 vocatur,
1589 3175 1819 3275 γρηίιῖρι,
1851 3175 1897 3239 C
1931 3203 2070 3258 ficiis
2098 3213 2156 3259 ct
2188 3205 2542 3276 dignitatibus
2569 3208 2734 3263 tantis
2757 3208 2927 3264 voluit
2956 3224 3080 3265 eum
3113 3210 3476 3269 honoriﬁcarc
3498 3254 3515 3276 ,

239 3309 350 3364 lloc
399 3320 587 3365 autem
634 3309 760 3365 ideo
809 3311 1133 3380 propensius
1163 3312 1446 3377 suadebat,
1487 3313 1631 3380 quod
1656 3312 1827 3368 frater

226 3399 368 3469 eius,
400 3400 593 3471 Puppe
645 3400 887 3465 nomine,
946 3402 1323 3459 mouarchiam
1375 3403 1520 3458 illius
1563 3404 1827 3474 episcopii

240 3495 458 3549 tenebat
484 3493 602 3563 (56)
623 3502 679 3548 et
709 3494 978 3563 quendam
1015 3493 1355 3562 Stephanum
1385 3496 1451 3549 de
1477 3495 1625 3550 Italia
1652 3496 1827 3551 scula-

226 3588 314 3643 ris
343 3589 612 3644 doctrina:
636 3603 803 3644 causa
850 3589 1136 3652 conduxit,
1184 3590 1282 3659 qui
1334 3591 1587 3646 omnibus
1630 3592 1828 3647 ibidem

235 3677 454 3733 discere
479 3677 832 3747 cupientibus
860 3677 1178 3735 satisfacere
1194 3679 1395 3749 possit.
1413 3679 1665 3751 Cutmue
1689 3682 1829 3736 idem

224 3767 534 3824 .Heinricus
580 3769 636 3822 in
677 3768 989 3837 litijusxttmli
1024 3770 1277 3838 precibus
1331 3771 1665 3841 persisteret,
1715 3787 1836 3827 om-

225 3876 479 3933 nemque
499 3860 922 3927 humanitatem,
937 3874 1062 3930 qua:
1088 3862 1335 3918 discendi
1375 3879 1440 3918 ac
1456 3864 1833 3934 peregrinandi

236 3954 545 4009 necessitas
579 3953 772 4024 exigit,
802 3955 1166 4022 promitteret,
1215 3955 1418 4023 petenti
1470 3955 1689 4009 tandem
1739 3969 1833 4029 ac-

234 4044 471 4114 quievit.
500 4042 799 4119 Venientes
822 4059 958 4115 ergo
982 4043 1142 4100 simul
1170 4044 1236 4098 ad
1258 4045 1579 4113 praedictam
1610 4047 1799 4102 urbem
1816 4087 1831 4114 ,

234 4139 510 4197 sociarem
541 4142 749 4196 adeunt
773 4141 1116 4210 magistrum,
1150 4149 1205 4196 et
1238 4140 1340 4195 sub
1382 4138 1517 4207 ejus
1551 4139 1834 4211 disciplina

226 4239 681 4298 ‘eomntorantes,
744 4230 1069 4301 aliquantis
1102 4230 1295 4286 diebus
1355 4230 1600 4288 habuere
1652 4232 1840 4303 propi-

232 4322 404 4376 tium.
1685 4351 1688 4355 η

233 4442 237 4447 ~
308 4414 370 4469 5.
393 4415 532 4471 Cum
554 4424 744 4471 autem
773 4415 1009 4485 quadam
1043 4416 1131 4472 die
1157 4415 1211 4471 in
1242 4415 1513 4473 Martiano
1541 4416 1609 4474 de
1638 4418 1839 4490 nuptiis

1928 3294 2188 3365 quatinus
2218 3311 2317 3367 per
2342 3312 2560 3353 omnem
2599 3299 2947 3370 episcopatus
2977 3302 3060 3356 sui
3084 3311 3408 3372 potestatem
3433 3319 3521 3360 sc-

1930 3387 2139 3440 cundus
2168 3395 2388 3457 postse,
2417 3388 2616 3443 ceteris
2636 3390 2891 3460 praelatus
2919 3390 3208 3448 haberetur
3234 3392 3518 3464 dignitate.

1914 3475 2136 3539 ,Servus
2161 3485 2340 3532 autem
2375 3479 2470 3533 Dei
2520 3481 2876 3535 cenodoxiam
2908 3481 3147 3553 fugiens,
3198 3498 3520 3554 semperque

1933 3582 2043 3638 prae
2082 3566 2254 3622 oculis
2285 3567 2417 3623 illud
2453 3569 2806 3639 apostolicum
2847 3570 3052 3628 habens
3090 3592 3102 3627 :
3135 3572 3287 3628 Nihil
3334 3575 3519 3627 intuli-

1933 3674 2050 3712 mus
2080 3658 2133 3711 in
2162 3660 2300 3712 hunc
2330 3659 2601 3737 mundum,
2654 3662 2743 3715 sed
2787 3678 2878 3717 nec
2909 3663 3036 3733 quid
3085 3663 3295 3733 auferre
3330 3681 3519 3735 possu-

1936 3766 2074 3814 mus,
2102 3757 2158 3805 ct
2182 3750 2333 3827 {Qui
2362 3753 2574 3821 cupiunt
2597 3752 2779 3807 divites
2809 3753 2949 3823 ﬁeri,
2981 3753 3514 3826 inciduntinlaqueos

1936 3843 2136 3896 diaboli
2166 3843 2218 3911 (1
2254 3844 2389 3899 Tim.
2421 3861 2496 3911 vr,
2525 3846 2578 3911 7,
2602 3845 2679 3916 9),
2722 3846 2816 3902 tali
2855 3847 3062 3903 honore
3102 3863 3163 3903 sc
3211 3848 3396 3904 dicens
3441 3850 3519 3904 in-

1916 3933 2185 4007 'dignum,
2223 3936 2444 3992 tandem
2482 3937 2760 3993 consensit
2794 3938 3109 3995 scolasticos
3136 3939 3362 4010 juvenes
3420 3941 3523 3998 sibi

1940 4030 2342 4097 commendari;
2377 4031 2628 4101 prudenti
2661 4046 2791 4109 usus
2833 4033 3077 4096 consilio,
3118 4042 3177 4087 ut
3199 4033 3409 4089 scilicet
3444 4034 3527 4088 in-

1941 4137 2074 4192 gens
2124 4123 2385 4179 doctrinis:
2437 4124 2700 4180 talentum
2754 4126 2854 4181 sibi
2895 4142 2926 4181 a
2959 4128 3068 4183 Deo
3112 4128 3365 4183 traditum
3403 4128 3525 4182 aliis

1940 4214 2270 4282 exhibendo,
2298 4216 2440 4271 sicut
2471 4217 2815 4287 dispensator
2850 4216 3023 4273 ﬁdelis
3056 4217 3430 4274 fructiﬁcaret.
3467 4218 3526 4273 lu

1941 4321 2050 4376 quo
2081 4307 2266 4363 labore
2292 4308 2427 4365 nihil
2450 4308 2609 4374 lucri,
2640 4308 2772 4364 nihil
2804 4310 3071 4365 mercedis
3102 4309 3209 4364 sibi
3250 4325 3402 4364 more
3428 4325 3529 4365 sm-

1943 4400 2113 4455 culari
2137 4399 2407 4474 [exhiberi
2433 4402 2602 4457 voluit
2629 4401 2721 4475 ³³],
2762 4403 2861 4457 sed
2898 4410 2957 4457 ut
2986 4401 3122 4458 alios
3160 4402 3525 4468 lucrifaceret,

253 4504 498 4563 Mercurii
524 4516 583 4562 et
606 4506 921 4577 philologia:
964 4507 1206 4578 legeret,
1249 4508 1520 4578 quomodo
1558 4509 1820 4580 utriusqut

1944 4491 2188 4547 decrevit
2234 4494 2470 4562 operari.
2528 4493 2604 4548 De
2664 4493 2809 4549 nullo
2846 4510 3081 4565 namque
3115 4494 3528 4566 discipulorum,

234 4611 445 4653 nomen
482 4598 725 4670 rhythmi
759 4598 1129 4667 profunditate
1146 4602 1465 4657 conveniret
1486 4607 1543 4655 et
1573 4614 1680 4654 non
1702 4601 1837 4655 satis

234 4687 535 4757 diligenter
553 4688 890 4757 exprimeret
928 4688 1217 4758 :juvenes,
1245 4698 1302 4744 ut
1330 4690 1471 4744 soliti
1503 4689 1742 4756 fuerunt,
1767 4691 1837 4745 ad

237 4779 668 4849 ,perspicacioris
688 4791 888 4838 sensus
920 4783 1099 4838 virum
1138 4783 1229 4839 Dei
1254 4781 1640 4854 Wolfkangum
1677 4799 1840 4840 vene-

235 4878 396 4935 runt,
425 4879 483 4925 et
503 4880 568 4926 ut
605 4873 816 4928 numeri
866 4873 1240 4930 difficultatem
1273 4875 1593 4944 explicaret,
1647 4876 1840 4932 unani-

236 4962 413 5019 miter
436 4963 881 5033 postulaverunt.
911 4966 984 5021 At
1021 4966 1131 5030 ille,
1168 4968 1311 5023 sicut
1337 4976 1458 5024 erat
1493 4968 1758 5037 benignus
1783 4977 1839 5023 et

236 5048 498 5118 .edcctus,
542 5068 648 5108 nou
675 5055 851 5111 solum
888 5057 1032 5127 quod
1070 5067 1412 5127 regaverant,
1446 5071 1637 5114 verum
1677 5060 1843 5114 etiam

257 5156 467 5180 ηηὶηοηι
499 5145 658 5180 ..ΙΙίΙΙβ
709 5151 995 5180 οαηθΛιιΙῖεη
1042 5150 1518 5180 υλυιιηιιιηθῖιηι.ὶιιι
1586 5154 1841 5180 ηηΑαιιζΑ-ιη

1945 4585 2088 4640 sicut
2115 4585 2359 4656 plerique
2390 4585 2568 4640 solent
2600 4585 2876 4655 doctores,
2916 4586 3065 4642 illum
3094 4587 3389 4659 satyricum
3426 4587 3533 4642 cla-

1903 4730 1913 4740 ,
1944 4688 2159 4735 mantes
2187 4693 2403 4733 versum
2432 4697 2446 4733 ἰ

2066 4789 2224 4843 Nosse
2248 4789 2417 4843 volunt
2437 4802 2628 4854 omnes,
2656 4794 3150 4917 mercedemJowu-e
3178 4806 3342 4916 agmini

2993 4871 3069 4906 uv.
3096 4870 3178 4917 ru,
3240 4862 3267 4907 is
3300 4893 3315 4906 .

2993 4871 3069 4906 uv.
3096 4870 3178 4920 ru,
3210 4862 3315 4907 1:37.

1947 4975 2113 5018 causa
2152 4960 2612 5019 remunerationis
2649 4961 2854 5032 aliquid
2896 4963 3170 5034 exigebat,
3222 4958 3468 5033 quamvis
3504 4975 3539 5012 a

1946 5055 2195 5125 pluribus
2219 5062 2527 5134 cogeretur.
2568 5053 2824 5111 Nondum
2854 5069 2982 5111 vero
3007 5054 3292 5124 presbyter
3324 5047 3543 5102 ordina-

1947 5157 2034 5180 Ιιιιι
2075 5165 2102 5180 η
2141 5165 2306 5180 Anu-un
2352 5159 2528 5180 Inmnn
2571 5162 2632 5180 ea
2667 5148 2929 5180 αλοιῖηηῖο
3001 5160 3100 5180 nan
3139 5144 3377 5180 nrntinca
3420 5149 3547 5180 V08—
