3988 5336
487 343 590 398 539

1527 337 1822 400 OTHLONI
1865 342 2167 399 MONACHI
2206 343 2263 398 S.
2307 341 2728 398 EMMERAMMI

3654 330 3754 395 £00

489 453 838 511 s:ccu‘.‘aribus
863 454 1100 526 negociis
1129 462 1246 509 erat
1276 453 1851 524 implicatusJuvenes
1879 465 2067 515 etiam,
2103 457 2148 515 Λ
2177 454 2230 508 in
2271 469 2416 509 omni
2461 456 2729 524 probitate
2785 466 2908 508 raro
2947 452 3164 507 viderit.
3225 452 3531 510 Notandum
3577 463 3757 512 autem

489 565 625 616 quos
664 549 731 603 ad
765 549 1118 603 erudiendum
1169 549 1430 617 suscepit,
1480 565 1588 602 non
1633 549 1804 604 solum
1836 549 2073 603 liberali-

488 640 593 694 bus
613 639 900 693 exercebat
929 639 1210 701 doctrinis,
1239 653 1426 691 verum
1461 640 1624 694 etiam
1664 639 1960 693 moralibus
1991 638 2073 691 in-

491 729 758 787 formabat
792 729 1112 799 disciplinis.
1141 730 1210 785 Ut
1249 731 1294 761 ³³
1323 740 1505 784 autem
1537 739 1753 800 quanta:
1784 731 2071 785 discretio.

478 823 572 875 ~nis
618 830 763 875 esset
804 818 1141 888 aliquantum
1195 819 1565 891 inspiciamus,
1611 821 1750 876 sicut
1794 820 2070 888 discipulis

479 914 602 984 ejus
636 913 985 968 narrantibus
1020 913 1361 976 audivimus,
1399 914 1533 967 adeo
1559 927 1615 966 se
1644 911 1961 982 temperavit
1990 912 2070 964 in-

481 1014 567 1060 ter
602 1006 869 1069 alumnos,
898 1011 978 1070 ut“,
1009 1021 1130 1060 eum
1181 1004 1503 1074 quibusdam
1556 1002 1929 1074 capacioribus
1977 1017 2067 1055 ar-

481 1096 612 1150 tium
643 1095 727 1151 vcl
750 1104 1033 1151 auctorum
1061 1093 1291 1149 diliicilia
1323 1111 1552 1166 qumque
1574 1103 1626 1148 ct
1655 1093 1920 1164 profunda
1946 1107 2070 1147 eno-

482 1185 658 1246 daret,
692 1200 816 1239 mox
865 1186 930 1239 ad
977 1184 1174 1239 idiotas
1221 1185 1687 1254 simplicioresquc
1726 1199 1784 1239 se
1815 1193 2065 1248 vertens,

483 1289 536 1331 et
564 1276 794 1331 nutricis
821 1291 974 1330 more
1004 1275 1154 1344 quasi
1197 1275 1428 1330 lacteum
1455 1275 1698 1330 historire
1723 1275 1903 1329 cibum
1935 1289 2064 1343 pra»

480 1383 720 1436 coquens
746 1367 1116 1437 suppeditaret
1145 1364 1210 1420 ⁸⁵.
1244 1365 1513 1420 Przeterea
1551 1367 1884 1436 quicumque
1937 1382 2066 1436 pau-

480 1475 635 1528 peres
663 1468 717 1513 et
743 1457 996 1512 humanis
1027 1458 1270 1512 destituti
1299 1458 1507 1512 solatiis
1537 1459 1588 1511 in
1627 1458 1743 1526 ejus
1777 1459 2068 1528 discipula-

480 1561 534 1603 tn
570 1550 940 1614 morabantur,
969 1549 1173 1603 carnali
1204 1561 1309 1604 non
1359 1551 1536 1604 minus
1579 1565 1742 1619 quam
1796 1550 2063 1620 spirituali

478 1643 736 1696 alimento
758 1643 824 1696 ab
847 1657 910 1697 eo
931 1642 1336 1698 referebantur.

547 1732 600 1786 8.
647 1732 758 1787 llac
785 1733 949 1804 igitur
981 1741 1088 1787 tam
1115 1733 1370 1789 laudabili
1405 1736 1821 1790 conversatione
1862 1737 2060 1806 partim

2179 546 2392 608 merito,
2425 554 2639 614 quantae
2670 543 3018 613 perfectionis
3049 544 3128 596 vir
3152 544 3250 598 iste
3281 544 3463 608 fuerit,
3490 545 3580 600 cui
3614 553 3758 601 tanta

2175 639 2507 707 prosperitas
2546 637 2822 691 saecularis
2867 636 3222 706 promissione
3266 640 3470 709 egregii
3515 639 3761 708 praesulis

2176 731 2377 793 arrisit,
2406 731 2746 799 plurimaque
2777 743 2896 799 qua:
2938 728 3100 783 scribi
3139 729 3477 785 fastidiosum
3507 739 3614 794 est,
3660 741 3762 786 nec

2175 828 2352 874 tamen
2402 820 2650 874 adluesit.
2705 818 2880 888 Magni
2932 821 3074 872 enim
3123 828 3336 874 constat
3380 821 3593 887 meriti,
3629 822 3762 879 haec

2175 910 2350 963 omnia
2401 910 2729 978 relinquere,
2769 909 3030 977 seqne‘in
3072 909 3174 964 hoc
3205 909 3403 964 saeculo
3449 910 3761 966 mendicum

2173 999 2371 1054 facere.
3586 1020 3588 1023 ·

2247 1091 2333 1145 19.
2371 1091 2653 1146 Gloriosus
2697 1105 2827 1161 ergo
2868 1090 3307 1162 archiepiscopus
3352 1090 3534 1146 Bruno
3585 1093 3758 1147 virum

2170 1183 2268 1239 Dei
2314 1185 2553 1239 sentiens
2599 1185 2819 1240 artioris
2858 1185 2983 1240 vita:
3025 1187 3494 1240 conversationem
3537 1186 3759 1255 aggredi

2171 1276 2326 1342 velle,
2358 1292 2478 1329 cum
2510 1277 2724 1329 amabili
2757 1276 2992 1347 tripudio
3022 1278 3379 1332 dimisit'eum
3399 1278 3553 1349 juxta
3585 1261 3757 1349 placi-

2171 1377 2284 1421 tum
2328 1368 2498 1423 abire.
2545 1369 2612 1421 At
2639 1368 2683 1401 "
2723 1368 2812 1422 ille
2856 1369 3072 1422 domum
3109 1369 3350 1434 veniens,
3386 1371 3454 1422 ab
3501 1371 3760 1424 munibus

2171 1457 2414 1527 cognatis
2444 1468 2493 1512 et
2523 1457 2712 1512 amicis
2739 1457 3044 1513 amabiliter
3067 1467 3149 1512 est
3177 1471 3480 1528 susceptus,
3504 1461 3755 1514 obviam-

2170 1559 2274 1616 que
2299 1547 2508 1611 habuit,
2532 1557 2590 1601 ut
2613 1549 2683 1603 ita
2705 1549 2904 1615 dicam,
2935 1549 3170 1620 Syrenes
3198 1551 3341 1605 velut
3363 1551 3505 1606 alter
3530 1550 3754 1622 Ulyxes.

2170 1639 2322 1694 Tunc
2349 1640 2527 1694 omnis
2553 1642 2827 1710 parentela
2858 1644 3142 1712 omnisque
3184 1646 3434 1716 cognatio
3469 1646 3752 1700 meliorem

2168 1731 2485 1786 substantia:
2510 1732 2854 1788 hereditaria:
2879 1735 3178 1804 partionem
3205 1736 3544 1806 pollicentes,
3573 1737 3758 1807 plures

478 1827 589 1881 visa
619 1827 813 1897 partim
845 1836 1142 1898 comperta,
1171 1827 1457 1883 lleinricns
1486 1828 1927 1899 archiepiscopus
1952 1837 2060 1882 tam
2095 1821 2137 1878 Β
2166 1837 2385 1892 quoque
2430 1823 2590 1878 διηῖοί
2632 1823 2961 1895 ηθὲίίθηιοε,
2995 1842 3062 1881 ne
3106 1843 3162 1882 SB
3193 1829 3486 1892 desereret.
3521 1830 3710 1884 dicunt
3737 1847 3753 1884 ε

473 1925 571 1983 per
593 1932 652 1970 se
680 1916 854 1985 ipsum
881 1932 1040 1986 quam
1076 1933 1170 1987 per
1201 1933 1327 1971 suos
1358 1916 1652 1972 familiares
1680 1919 1770 1973 Dei
1806 1918 2064 1973 famulum

478 2007 809 2076 aggreditur,
860 2025 1058 2079 rogans
1107 2019 1164 2062 ttt
1198 2018 1289 2062 aut
1333 2009 1586 2064 clericalc
1619 2010 1702 2063 vel
1756 2010 2065 2065 monaebile

477 2098 786 2152 emnobiuzn
832 2099 1050 2168 aliquod
1083 2099 1374 2170 regendum
1429 2100 1752 2170 susciperet.
1795 2099 1946 2155 Tunc
1978 2099 2064 2154 ille

474 2205 576 2259 per
598 2190 919 2246 humilitatis
946 2192 1350 2246 excusationem
1395 2189 1607 2245 solitam
1640 2191 1786 2244 omni
1819 2189 2064 2245 sublimi-

473 2290 586 2336 tate
610 2297 670 2337 se
705 2283 948 2337 clamans
993 2283 1294 2354 indignum,
1336 2283 1553 2337 tandem
1602 2296 1700 2351 per
1740 2282 2064 2337 obcdientiae

473 2375 864 2444 SliileCliOllcm
895 2377 1230 2446 compulsus,
1258 2377 1534 2431 consensit
1557 2384 1617 2430 ut
1647 2386 1795 2431 esset
1819 2377 2062 2431 deeauus

473 2467 819 2522 clericorum.
846 2467 960 2523 lloc
989 2469 1223 2537 primatu
1257 2469 1383 2524 licet
1412 2469 1612 2523 invitus
1641 2468 1950 2530 vendicato,
1981 2468 2062 2520 in-

473 2557 742 2629 religicsis
791 2559 1008 2624 terrori,
1054 2559 1251 2613 ceteris
1285 2557 1392 2613 fuit
1424 2559 1614 2622 amori,
1667 2573 1806 2629 quos
1850 2559 2061 2613 scilicet

460 2665 662 2708 “omnes
689 2663 796 2708 tam
831 2655 992 2710 minis
1035 2669 1194 2724 quam
1226 2653 1593 2718 suasionibus,
1627 2653 1769 2723 quod
1801 2663 1926 2707 ante
1955 2669 2058 2707 non

471 2753 889 2811 consueverant,
924 2745 1054 2799 l'ccit
1081 2743 1238 2798 simul
1268 2743 1444 2798 cibum
1476 2758 1670 2814 capere
1713 2753 1769 2798 et
1795 2744 2057 2809 dormire,

470 2837 525 2889 in
557 2836 795 2891 claustro
841 2836 1162 2890 lectionibus
1203 2835 1502 2900 intendere,
1550 2847 1604 2889 et
1647 2848 1714 2889 ne
1752 2835 1939 2889 intima
1971 2835 2057 2890 vel

469 2925 774 2995 spiritualia
812 2924 1158 2995 neglegerent
1189 2924 1386 2994 quibus
1413 2923 1651 2978 carnalia
1684 2932 2054 2993 suppeterent,

471 3014 863 3070 delectabiliter
885 3017 1198 3080 admonuit;
1241 3016 1294 3070 in
1323 3016 1576 3071 omnibus
1608 3016 1692 3069 bis
1721 3030 1778 3070 se
1810 3016 2057 3084 pnebens

464 3107 800 3178 exemplum,
828 3108 962 3163 adeo
989 3109 1174 3178 utjam
1204 3125 1231 3163 a
1257 3107 1466 3163 cunctis
1495 3107 1772 3162 diceretur
1799 3124 1903 3162 non
1935 3122 2055 3161 esse

458 3202 701 3257 clericus
726 3203 816 3257 sed
853 3203 1171 3256 monachus.

539 3296 594 3349 9.
634 3294 841 3350 interea
870 3294 1156 3363 praesulem
1205 3293 1519 3349 lleinricum
1561 3295 1789 3364 contigit
1825 3293 2056 3349 Ctesaris

453 3384 685 3442 'Ottonis
726 3384 970 3455 ju’ssione
1020 3386 1378 3454 expeditionis
1425 3400 1586 3439 causa
1647 3385 1876 3438 llotnam
1929 3398 2054 3453 per-

460 3495 596 3551 gere
628 3480 740 3552 (an.
781 3477 930 3549 964),
963 3479 1145 3548 ibique
1177 3494 1298 3533 cum
1329 3478 1666 3548 aliquantum
1697 3486 1908 3546 tempus
1941 3492 2055 3531 mo-

466 3581 714 3638 raretur,
763 3571 924 3626 nimis
968 3581 1248 3642 :rgrotare.
1299 3571 1402 3626 Sed
1457 3587 1581 3626 cum
1631 3586 1689 3626 se
1731 3572 2054 3640 desperaret

459 3665 861 3731 convalescere,
895 3666 1108 3720 vocavit
1134 3665 1199 3720 ad
1230 3680 1287 3720 se
1319 3666 1611 3729 C:csarcm,
1646 3673 1701 3718 et
1721 3666 1970 3734 exposuit
2001 3665 2049 3718 ei

461 3755 609 3812 beati
652 3757 962 3826 Wolfkangi
995 3757 1333 3826 qualitatem,
1368 3757 1664 3812 obsecrans
1698 3764 1756 3810 ut
1800 3756 2052 3811 Treveris

461 3848 674 3902 litteras
706 3850 965 3912 mitteret,
1009 3864 1131 3902 cum
1163 3849 1381 3917 quibus,
1423 3864 1490 3903 nc
1532 3864 1563 3902 a
1605 3849 1752 3902 nullo
1783 3849 1922 3903 idem
1956 3852 2048 3906 Dei

462 3935 696 3990 famulus
731 3937 1103 4004 injuriaretur,
1149 3937 1518 3992 interdiceret.
1553 3939 1646 3994 llis
1672 3941 1924 4009 precibus
1955 3957 2048 4012 ge-

461 4028 587 4092 stis,
616 4029 874 4097 persolvit
905 4031 1084 4085 dcbita
1111 4031 1321 4084 mortis.
1358 4031 1471 4096 Qua
1501 4030 1642 4085 fama
1676 4032 1929 4088 Treveris
1955 4053 2051 4089 au-

461 4119 597 4184 dita,
641 4131 861 4179 sanctus
893 4121 1254 4193 Wollkangus
1283 4125 1460 4194 primo
1501 4125 1726 4180 nimium
1759 4129 2050 4184 contrista-

461 4219 553 4265 tur
574 4209 646 4277 ³⁸,
677 4213 870 4268 deinde
898 4215 1168 4270 consolari
1201 4215 1384 4286 etrapit,
1421 4215 1675 4284 qttoniam
1707 4233 1827 4286 qua:
1854 4219 1942 4273 diu
1981 4220 2048 4275 de

375 4369 382 4382 ἰ
462 4303 643 4359 εςεουὶί
686 4316 995 4377 contemptu
1047 4309 1314 4379 cogitarat
1360 4315 1489 4363 tunc
1526 4322 1788 4378 peragere
1828 4309 2046 4368 licebat.

460 4394 705 4466 Cumque
735 4396 781 4429 ³⁸
802 4398 914 4468 jam
947 4399 1269 4454 conﬁrmata
1304 4410 1487 4456 mente
1534 4395 1834 4471 repatriarc
1862 4405 2043 4474 vellet,

382 4527 389 4531 ..
461 4487 897 4558 archiepiscopus
925 4489 1266 4547 Coloniensis
1308 4492 1508 4557 Brnno,
1557 4495 1648 4562 qui
1691 4503 1748 4549 et
1791 4496 2042 4552 ducatum

459 4575 633 4630 tenuit
669 4576 1079 4650 Lutriugensem
1106 4581 1170 4644 ³⁷,
1216 4581 1344 4637 fecit
1371 4599 1495 4638 eum
1536 4585 1602 4638 ad
1644 4599 1704 4639 se
1743 4588 1946 4654 venire,
1976 4605 2038 4646 ae

459 4670 785 4736 promittens
811 4671 883 4726 illi
911 4688 1127 4728 omnem
1170 4675 1530 4730 humilitatem
1558 4692 1766 4734 necnon
1795 4679 1840 4712 ⁸³
1866 4682 2038 4750 ponti-

460 4758 653 4814 ﬁcatus
698 4762 978 4828 honorem,
1013 4773 1238 4820 conatus
1281 4773 1365 4820 est
1392 4781 1575 4822 secum
1618 4768 1880 4826 detinere.
1915 4771 2039 4828 Haec

459 4861 680 4906 sanctus
707 4855 904 4919 renuit,
927 4857 1052 4925 quia
1078 4865 1247 4911 semet
1271 4857 1322 4910 in
1353 4857 1522 4912 ardua
1552 4858 1685 4913 ﬁxit.
1713 4860 2037 4930 Aliquandiu

463 4949 642 4997 tamen
674 4959 795 4998 cum
829 4945 919 5000 illo
948 4955 1299 5001 conversatus
1327 4953 1431 5002 eSt.
1468 4946 1619 5003 Unde
1644 4958 1698 5003 et
1731 4949 2041 5020 frequenter

455 5043 642 5103 postea
673 5035 874 5101 retulit,
904 5037 1027 5105 quia
1053 5037 1230 5094 eidem
1259 5037 1497 5092 Brunoni
1521 5038 1776 5108 episcopo
1805 5041 2034 5096 similem

2073 4547 2123 4607 Ι)

2166 1915 2231 1970 1η
2263 1917 2310 1948 ⁵ο
2341 1925 2389 1970 te
2413 1918 2583 1972 omnis
2615 1917 2802 1972 domus
2831 1920 3085 1973 inclinato
3119 1920 3390 1974 recumbit.
3426 1921 3542 1976 Non
3573 1922 3759 1976 defue-

2165 2016 2294 2062 runt
2339 2010 2505 2062 etiam
2552 2009 2644 2079 qui
2694 2009 3132 2081 adderent,quia
3179 2010 3460 2081 Scriptura
3510 2015 3756 2084 prtecipit

2163 2098 2484 2168 parentibus
2540 2100 2969 2168 obsequendum.
3027 2102 3356 2172 Agonitheta
3415 2110 3598 2158 autem
3661 2104 3753 2159 Dei

2164 2198 2556 2258 contempnens
2615 2194 2829 2256 omnia,
2892 2192 3060 2261 ipsius
3123 2193 3333 2248 Domini
3384 2197 3574 2250 "nostri
3620 2195 3747 2251 Jesu

2163 2279 2363 2334 Christi
2414 2281 2664 2350 opposuit
2710 2283 2871 2336 verba
2905 2283 3172 2337 dicentis:
3220 2283 3325 2349 Qui
3368 2295 3516 2338 ama!
3551 2299 3750 2355 patrm

2165 2380 2258 2424 aut
2282 2381 2499 2426 matrem
2525 2372 2644 2441 plus
2667 2389 2822 2443 quam
2848 2390 2949 2438 me,
2979 2391 3082 2429 non
3107 2386 3180 2429 est
3211 2393 3291 2428 me
3313 2377 3502 2447 dignus
3531 2377 3750 2446 (Matth.

2162 2478 2218 2526 χ,
2254 2464 2362 2532 57).
2402 2462 2639 2534 Legebat
2685 2464 2908 2518 forsitan
2956 2467 3098 2534 quod
3139 2477 3362 2522 sanctus
3401 2467 3754 2523 Ilieronimus

2162 2555 2229 2609 ad
2257 2555 2526 2624 quent’am
2564 2557 2756 2610 scribit
2788 2558 3023 2612 amicum
3059 2559 3212 2629 (57):
3259 2578 3275 2610 ι
3310 2560 3460 2615 Licet
3487 2561 3756 2630 parvulus

2161 2648 2216 2703 in
2247 2647 2386 2702 collo
2422 2650 2654 2718 pendeat
2683 2664 2872 2719 nepos,
2903 2650 3030 2705 licet
3059 2667 3247 2722 sparso
3276 2654 3426 2709 crine
3455 2656 3756 2724 scissisque

2155 2739 2402 2795 vestibus
2438 2741 2606 2796 ubera
2637 2743 2836 2812 quibus
2861 2752 2920 2798 te
2967 2745 3233 2799 nutrierat
3271 2756 3447 2800 mater
3472 2748 3753 2812 ostendat,

2159 2831 2286 2886 iicet
2315 2843 2469 2902 pater
2499 2836 2549 2887 in
2589 2834 2774 2888 limine
2807 2835 3010 2903 jaceat,
3042 2836 3352 2904 percalcato
3389 2848 3552 2906 patre
3587 2839 3755 2894 citius

2157 2944 2341 3000 perge,
2366 2931 2527 2984 siccis
2549 2930 2723 2985 oculis
2745 2934 2811 2984 ad
2837 2931 3017 2984 crucis
3044 2931 3294 2984 vexillum
3319 2932 3493 2985 evola.
3523 2931 3752 2986 Summa

2158 3020 2332 3090 pietas
2359 3031 2444 3073 est
2475 3021 2524 3074 in
2556 3022 2656 3074 hac
2691 3036 2752 3076 re
2785 3029 2836 3075 te
2873 3019 2991 3076 fore
3044 3021 3341 3076 crudelem.
3379 3041 3398 3073 ι
3429 3021 3754 3077 lntuebatur

2152 3111 2319 3164 etiam
2353 3109 2654 3165 Johannem
2705 3113 3018 3180 baptistam,
3063 3112 3148 3166 cui
3183 3113 3226 3142 “
3265 3112 3516 3182 quamvis
3552 3123 3750 3167 sancta

2081 3189 2123 3249 C
2160 3201 2321 3254 {tuerit
2351 3212 2523 3256 mater
2551 3212 2606 3256 et
2650 3204 2908 3258 sacerdos
2953 3213 3123 3274 pater,
3159 3215 3338 3260 tamen
3373 3216 3634 3276 utrosque
3657 3223 3746 3262 re-

2159 3293 2434 3362 linquens,
2467 3309 2534 3349 ue
2567 3310 2689 3348 cum
2732 3295 3042 3350 hominibus
3091 3297 3342 3352 habitans
3386 3297 3746 3366 pollueretur,

2160 3384 2213 3436 in
2240 3398 2485 3439 ereonnn
2517 3387 2763 3440 secessit.
2802 3386 3120 3457 Hujusmodi
3165 3389 3329 3460 igitur
3365 3388 3636 3458 exemplis
3662 3389 3749 3444 in-

2154 3478 2376 3542 citatus,
2402 3487 2655 3547 parentes
2682 3493 2927 3533 seorsum
2950 3493 3278 3546 convocans,
3303 3481 3508 3536 dixisse
3528 3482 3744 3537 fertur:

2161 3587 2179 3620 ι
2211 3567 2412 3624 Rerum
2442 3570 2878 3624 substantialium
2911 3573 3247 3640 portionem,
3273 3587 3437 3642 quam
3468 3574 3601 3628 mihi
3638 3574 3746 3629 dis-

2153 3661 2415 3731 posuistis
2442 3663 2603 3723 dare,
2641 3663 2783 3717 inter
2821 3677 2918 3717 vos
2955 3663 3197 3717 dividite.
3231 3662 3328 3717 Est
3357 3674 3599 3732 namque
3619 3663 3741 3734 qui-

2154 3755 2276 3808 dam
2307 3764 2613 3824 prtepotens
2649 3770 2714 3808 ac
2745 3755 2895 3810 dives
2926 3756 3179 3810 dominus
3207 3757 3294 3825 qui
3337 3758 3545 3826 grande
3573 3755 3744 3825 patri-

2153 3844 2395 3898 monium
2425 3845 2581 3908 mihi,
2611 3847 2654 3900 si
2689 3846 2764 3899 illi
2798 3845 3031 3901 fideliter
3057 3847 3263 3901 servire
3294 3846 3435 3910 volo,
3467 3847 3742 3917 promisit,

2152 3936 2205 3992 in
2228 3953 2336 4007 quo
2360 3952 2488 4008 pars
2510 3939 2830 3995 hereditatis
2856 3955 3009 4004 mete,
3036 3949 3093 3993 et
3120 3940 3235 4009 ipse
3261 3949 3344 3994 est
3371 3939 3467 4009 qui
3490 3940 3742 3994 restituet

2154 4030 2513 4083 hereditatem
2538 4045 2714 4084 meam
2739 4030 2889 4084 mihi.
2918 4029 3093 4084 Credo
3113 4031 3338 4094 etenim,
3360 4029 3488 4098 quia
3512 4027 3742 4084 datrus

2150 4126 2234 4173 est
2276 4120 2406 4173 mihi
2441 4129 2548 4173 tam
2590 4119 2863 4177 sufﬁciens
2895 4121 3238 4186 beneﬁcium,
3275 4129 3334 4174 ut
3364 4130 3420 4176 et
3445 4119 3606 4176 vobis
3635 4120 3737 4174 ali-

2150 4211 2292 4280 quod
2340 4213 2584 4281 praebere
2635 4215 2835 4282 possim
2886 4214 2932 4246 δ’
2989 4213 3341 4283 adjutorium.
3391 4214 3741 4285 Quapropter

2151 4317 2304 4372 rogo,
2339 4320 2407 4359 ne
2439 4305 2574 4358 tanti
2621 4305 2869 4360 beneficii
2897 4308 3162 4376 promissa
3209 4306 3532 4361 lacrimabili
3555 4308 3735 4362 inter-

2149 4397 2416 4466 rumpatis
2438 4399 2806 4466 querimonia:
2852 4399 2946 4453 sed
2984 4407 3173 4468 parate
3200 4412 3320 4467 quae
3365 4405 3496 4453 sunt
3523 4397 3592 4452 ad
3623 4395 3737 4452 haec

2151 4487 2482 4542 necessaria.
2531 4487 2646 4542 Non
2684 4488 2830 4542 enim
2861 4489 3061 4558 quaerit
3091 4489 3464 4560 neglegentem
3497 4488 3594 4543 sed
3623 4497 3737 4544 stu-

2148 4579 2358 4634 diosum
2401 4582 2726 4636 servitorcm
2756 4583 3010 4637 dominus
3051 4582 3196 4637 talis.
3231 4601 3248 4635 ι
3287 4580 3406 4636 Mox
3439 4580 3738 4635 alacriores

2146 4672 2323 4728 elfeeti
2356 4683 2630 4742 parentes,
2662 4690 2859 4730 nomen
2887 4685 2943 4730 et
2982 4675 3158 4731 locum
3189 4690 3300 4745 quo
3327 4673 3489 4729 vellet
3531 4674 3616 4728 ire
3659 4672 3740 4727 in-

2145 4770 2438 4839 vestigarit.
2465 4770 2673 4836 Quibus
2697 4771 2784 4825 ille
2808 4771 2946 4825 dixit
2971 4788 2985 4824 :
3015 4769 3176 4824 Modo
3202 4773 3337 4824 scire
3366 4785 3469 4823 non
3495 4767 3732 4838 potestis,

2146 4869 2327 4928 postea
2361 4877 2476 4913 vero
2521 4861 2714 4914 scietis.
2747 4862 2952 4915 Deinde
2987 4861 3399 4917 sciscitantibus
3425 4859 3525 4921 eis,
3558 4857 3607 4911 si
3635 4855 3732 4910 ali-

2147 4967 2308 5020 quem
2338 4967 2561 5007 snorum
2590 4953 2792 5007 habere
2829 4953 3146 5022 dignaretur
3176 4953 3230 5007 in
3259 4950 3546 5012 comitatu,
3579 4955 3731 5018 proh

2146 5059 2240 5097 sus
2277 5045 2627 5099 contradixit.
2662 5045 2857 5101 Paucis
2889 5060 3020 5100 vero
3048 5045 3239 5100 diebus
3268 5041 3581 5107 transactis,
3613 5036 3733 5094 tulit

1773 5149 2008 5204 νΛΙιιΑς
2045 5151 2452 5210 LECTIONES.

461 5330 502 5336 __
527 5261 571 5293 ³³
598 5261 713 5336 Que
731 5271 967 5336 utraque
996 5261 1074 5336 sic
1114 5259 1433 5336 temperavit
1465 5269 1522 5313 ut
1549 5273 1670 5336 cum
1697 5262 1878 5336 ceteris
1906 5261 2111 5336 omjssis
2137 5265 2191 5317 2.

2270 5265 2315 5298 ³⁸
2337 5282 2431 5322 eos
2452 5269 2658 5336 pariter
2680 5277 2955 5324 recrearet
2973 5268 3030 5322 2.
3107 5267 3152 5299 ⁸⁸
3179 5267 3534 5322 eontristatus
3562 5263 3724 5321 νεά.
