3988 5336
280 131 377 189 101

1532 135 1688 196 νιτΑ
1727 139 1786 197 8.
1831 139 2270 200 WOLFKANGI.

3452 145 3560 204 £02

283 262 469 305 sech
497 246 643 303 duos
673 248 919 316 juvenes,
958 255 1019 303 et
1040 248 1343 319 spiritalem
1375 249 1543 316 lsaac,
1576 266 1734 307 suum
1764 251 1869 307 sci-
1896 255 1944 313 Α
1971 249 2137 309 dubio
2157 256 2316 320 scito,
2340 256 2482 327 quod
2513 256 2751 312 animam
2779 257 3059 313 Conditori
3090 259 3395 315 redditurus
3420 275 3479 316 es
3498 260 3556 320 in

284 340 413 397 licet
436 347 664 406 votum,
676 339 820 409 quod
838 337 1037 395 σεεμ-θ
1053 338 1162 395 Deo
1180 340 1368 397 volens
1391 342 1444 396 in
1469 340 1866 410 holocaustum,

283 432 432 488 venit
451 430 937 487 admonasterimu
962 431 1328 487 solitariorum
1355 433 1408 488 in
1431 433 1713 491 tenebrosa
1738 435 1871 490 silva

285 523 649 581 constitutum
674 522 811 593 (58).
853 521 982 577 Illuc
1010 537 1206 593 nempe
1235 533 1458 594 propter
1484 526 1746 581 artiorem
1790 542 1876 581 re-

284 615 423 687 gula
445 613 816 683 disciplinam,
838 628 959 683 qua:
982 614 1052 668 ibi
1070 615 1328 670 noscitur
1349 630 1492 680 esse,
1517 615 1609 672 Dei
1639 615 1875 673 famulus

283 706 450 777 elegit
493 706 742 761 tendere.
774 704 835 761 ln
863 704 969 759 illis
1012 714 1192 760 autem
1219 705 1412 762 diebus
1456 706 1743 763 cceuobitis
1770 707 1871 763 loci

284 797 457 881 ipsius
480 795 749 866 spiritalis
778 795 991 867 praefuit
1018 796 1133 867 (59)
1157 796 1339 861 Pater,
1374 796 1672 869 Anglorum
1714 807 1876 869 gente

283 898 627 962 procreatus,
656 890 873 946 nomine
895 890 1216 962 Gregorius,
1247 891 1339 961 qui
1362 890 1693 961 juvenilibus
1716 893 1874 947 annis

284 984 546 1057 patriam,
574 990 855 1053 parentes,
897 981 1158 1038 feminam
1198 997 1418 1055 quoque
1446 983 1548 1039 sibi
1580 984 1877 1055 desponsa-

287 1088 398 1131 tam
426 1075 768 1157 rrlinqneus,
802 1075 871 1129 ad
911 1075 1305 1135 monasterium
1335 1075 1666 1132 convolavit.
1710 1076 1876 1146 Cujus

284 1166 456 1221 vitam
484 1165 979 1237 religiosissimaru,
1010 1166 1138 1236 quia
1184 1182 1289 1221 non
1327 1182 1466 1237 opus
1490 1178 1577 1223 est
1609 1168 1696 1223 hic
1733 1178 1877 1225 rete-

285 1270 453 1324 xere,
503 1256 1007 1328 praetermittimus,
1059 1273 1127 1313 ne
1173 1275 1207 1313 a
1249 1260 1528 1329 proposito
1576 1261 1872 1317 devieiuus.

286 1350 464 1422 Hujus
490 1365 629 1422 ergo
655 1350 875 1407 abbatis
900 1350 1218 1423 magisterio
1256 1366 1448 1407 servus
1469 1352 1673 1408 Christi
1702 1353 1876 1409 Wolf-

285 1441 502 1513 kangus
546 1455 607 1495 se
645 1441 1054 1506 cornmendans,
1084 1451 1327 1499 veterem
1358 1456 1482 1499 cum
1512 1444 1625 1498 suis
1665 1444 1876 1500 actibus

286 1533 569 1601 hominem
608 1533 884 1603 deposuit,
906 1542 964 1587 et
1003 1546 1210 1588 novum
1237 1536 1551 1590 monasticae
1589 1550 1877 1590 conversa-

1976 341 2096 398 loco
2127 346 2219 401 ubi
2258 347 2359 403 sub
2390 348 2608 403 nomine
2636 348 2837 403 Christi
2877 364 2905 401 a
2936 346 3267 403 Christianis
3297 349 3556 408 memoria

1975 450 2094 495 mea
2123 448 2416 494 veneratur
2439 449 2492 493 et
2521 439 2736 493 colitur.
2765 438 2882 508 Quo
2907 453 2993 494 me
3024 440 3075 493 in
3109 441 3239 494 hora
3268 440 3446 495 exitus
3476 440 3557 497 tui

1974 528 2211 599 Egypto
2231 526 2391 598 hujus
2414 527 2598 581 mundi
2624 541 2786 597 Spero
2807 528 3164 582 adventurum
3187 542 3310 582 cum
3337 529 3556 595 ceteris,

1974 634 2111 689 quos
2129 617 2197 674 de
2222 617 2433 674 civibus
2464 620 2712 688 superu's
2740 618 2804 671 ad
2832 628 2882 673 te
2909 627 3165 674 venturos
3185 618 3561 676 consolatores

1974 710 2177 766 habere
2205 710 2486 767 merueris.
2521 729 2540 762 ι
3272 702 3287 712 ‘

2047 802 2133 858 15.
2174 802 2491 874 Hujusmodi
2521 816 2653 873 ergo
2684 802 2888 857 visione
2916 812 3193 873 percepta,
3232 816 3298 858 eo
3329 802 3529 873 ampliu

1975 909 2083 964 quo
2108 895 2313 950 certius
2338 891 2653 949 intendebat
2697 891 2810 963 (6|)
2839 893 3012 949 aciem
3046 894 3245 948 mentis
3288 893 3340 947 in
3372 904 3535 963 specu

1976 988 2086 1042 lum
2109 986 2307 1043 divina:
2324 983 2821 1054 contemplationis,
2849 991 3107 1054 reputans
3127 982 3329 1055 jugiter
3348 998 3544 1047 secum.

1975 1077 2211 1149 qualiter
2240 1076 2296 1131 in
2327 1076 2557 1131 salutem
2585 1074 2817 1129 aliorum
2842 1074 2946 1129 sibi
2969 1089 3294 1131 concessqu
3322 1074 3548 1144 duplica-

1975 1179 2061 1226 ret
2101 1168 2381 1224 talentum.
2422 1166 2591 1238 llujus
2627 1167 2705 1223 rei
2751 1167 2927 1237 gratia
2972 1166 3186 1223 abbatis
3222 1166 3307 1220 sui
3343 1166 3560 1222 licentia
3594 1184 3601 1190 κ

1977 1260 2384 1323 monasterium,
2436 1267 2490 1315 et
2540 1274 2646 1314 non
2697 1257 3022 1313 monachum
3069 1258 3347 1322 deserens,
3395 1258 3563 1313 immo

1976 1355 2275 1409 secundum
2304 1352 2619 1422 Apostolum
2663 1350 2715 1422 (1
2760 1349 2884 1405 Cor.
2927 1366 3028 1414 xu,
3061 1349 3150 1421 5|)
3187 1348 3390 1419 majora
3432 1349 3564 1404 cha-

1979 1447 2203 1501 rismata
2242 1444 2483 1500 aemulari
2516 1443 2764 1514 cupiens,
2797 1458 2891 1513 per
2935 1442 3315 1498 Alemanniam
3350 1440 3565 1495 devenit

1979 1537 2105 1591 exul
2136 1537 2188 1590 in
2220 1534 2494 1591 Noricum.
2524 1535 2604 1589 Ad
2641 1531 2799 1603 cujus
2840 1533 3160 1588 orientalem
3197 1533 3409 1602 pingant
3440 1545 3577 1586 curn!

288 1626 461 1683 tionis
494 1625 688 1680 habitu
722 1625 914 1680 induit.
944 1625 1002 1680 ln
1033 1641 1139 1696 qua
1182 1635 1389 1697 quanto
1419 1627 1595 1697 rigore
1622 1628 1876 1698 qualique
1909 1610 1950 1669 υ
1981 1628 2171 1682 humili
2202 1627 2461 1683 comitatu
2492 1640 2751 1697 pergens,
2781 1626 3106 1696 prrcdieandi
3142 1626 3314 1697 gratia
3344 1622 3569 1677 Panno-

288 1717 639 1777 ohservant'm
681 1717 904 1783 vixerit,
948 1727 1004 1772 et
1049 1719 1312 1779 virtutum
1361 1733 1580 1773 suarum
1611 1720 1791 1774 exitus
1823 1728 1879 1774 et

290 1808 588 1864 multarunt
624 1808 777 1863 Salus
810 1810 1118 1865 animarum
1152 1811 1410 1867 ostendit.
1444 1809 1747 1865 Transacto
1774 1811 1876 1865 ita-

290 1917 396 1973 que
428 1901 673 1957 tirocinii
719 1903 804 1957 sui
846 1911 1110 1972 tempore,
1153 1903 1307 1957 multi
1349 1904 1653 1957 vicinorum
1695 1918 1881 1958 mona-

290 1993 584 2049 steriorum
634 1994 925 2065 probitatis
974 1992 1092 2063 ejus
1140 1994 1286 2051 fama
1332 1995 1569 2065 respersi
1610 1996 1680 2049 ad
1730 1994 1878 2050 illum

291 2094 575 2141 venerunt.
608 2085 760 2153 Quos
793 2102 1004 2152 omnes,
1046 2096 1264 2157 accejita
1295 2087 1509 2142 abbatis
1544 2086 1789 2149 licentia,
1822 2088 1881 2142 in

291 2178 666 2235 auctoralibns
685 2178 849 2234 simul
874 2187 930 2233 et
947 2178 1329 2234 artificialibus
1351 2178 1614 2233 doctrinis
1636 2188 1708 2243 et,
1734 2179 1879 2248 quod

291 2271 379 2327 bis
396 2272 636 2335 eminet,
668 2269 968 2348 moralibus
992 2269 1275 2328 aedificavit
1304 2270 1629 2339 disciplinis.

364 2364 452 2417 ιι.
496 2362 701 2418 Eiidem
744 2371 989 2433 tempore
1034 2361 1495 2433 beatusantistcs
1532 2362 1878 2429 Oudalrieus,

291 2453 448 2526 ctijns
488 2455 763 2511 sanctitas
808 2469 905 2523 per
949 2461 1115 2508 totam
1163 2452 1369 2510 redolet
1404 2455 1704 2524 Europam,
1752 2455 1884 2509 visi-

294 2549 447 2604 tandi
489 2548 690 2604 fratres
724 2562 896 2603 causa
935 2547 1001 2601 ad
1040 2545 1171 2601 illud
1216 2545 1378 2601 solito
1415 2561 1566 2601 more
1603 2555 1882 2602 monaste-

266 2643 437 2699 ‘rium
470 2641 715 2697 devenit.
762 2640 829 2695 Et
864 2655 990 2695 cum
1022 2640 1229 2710 aliquot
1277 2640 1349 2696 ibi
1394 2640 1511 2696 dies
1552 2650 1881 2704 moraretur,

291 2737 511 2806 uiguit:
547 2734 722 2791 sancti
750 2731 1061 2805 Wolfkangi
1092 2732 1373 2803 qualitate,
1407 2747 1603 2802 magno
1635 2732 1883 2787 caritatis

293 2827 489 2883 affectu
521 2842 646 2882 eum
674 2825 885 2881 studuit
907 2824 1158 2894 amplecti
1186 2833 1242 2879 et
1271 2824 1542 2878 venerari.
1568 2823 1682 2877 Non
1709 2824 1884 2879 multo

294 2930 420 2993 post
445 2920 645 2991 etiam,
684 2919 935 2989 quamvis
963 2918 1311 2982 renitentem,
1353 2916 1626 2970 ordinavit
1656 2916 1879 2986 prcsliy-

1980 1720 2083 1775 nia:
2117 1720 2254 1790 petit
2281 1718 2540 1774 confinia.
2579 1718 2678 1776 Ubi
2707 1734 2830 1774 cum
2865 1727 3106 1773 veterum
3137 1717 3392 1772 fructices
3417 1731 3571 1771 erro-

1981 1828 2099 1868 rum
2148 1812 2425 1883 extirpare
2467 1812 2513 1844 "
2556 1822 2612 1867 et
2651 1810 2862 1867 steriles
2908 1810 3269 1880 squalentium
3319 1809 3566 1865 eordium

1978 1918 2139 1974 agros
2167 1902 2483 1975 cvangelico
2509 1902 2688 1972 ligone
2717 1901 3067 1971 proscindere
3095 1899 3415 1969 frugemque
3444 1897 3567 1952 fidei

1979 1997 2310 2053 inseminare
2334 1996 2536 2050 frustra
2568 1995 2865 2056 laboraret.
2888 2010 2917 2047 a
2951 1993 3228 2064 Piligrimo
3250 1991 3570 2047 Patavicnse

1979 2086 2236 2159 pontifice
2288 2086 2358 2141 ab
2400 2086 2618 2155 incepto
2665 2092 2949 2139 revocatus
2986 2093 3069 2138 est
3113 2098 3297 2151 opere.
3348 2080 3573 2136 Dolebat

1981 2179 2127 2233 enim
2158 2177 2297 2232 idem
2330 2176 2569 2247 pontifex
2602 2182 2810 2229 tantum
2837 2172 3088 2229 colonum
3114 2172 3168 2225 iu
3200 2170 3365 2226 sulcis
3388 2170 3432 2201 ⁸³
3461 2178 3573 2224 ste-

1984 2267 2173 2323 rilibus
2206 2267 2511 2339 expendere
2551 2265 2811 2321 laborem.
2844 2263 3087 2333 Cumque
3130 2263 3198 2317 ab
3242 2278 3308 2316 eo
3349 2274 3572 2315 revoca-

1985 2368 2135 2415 retur
2154 2359 2410 2429 omnique
2431 2355 2787 2412 humanitatis
2811 2355 2990 2410 studio
3016 2353 3408 2422 susciperetur,
3428 2349 3571 2420 apud

1985 2454 2132 2509 illum
2158 2462 2378 2524 rogatus
2403 2451 2850 2507 commorabatur
2876 2448 3082 2518 aliquot
3107 2446 3314 2502 diebus.

2054 2545 2141 2600 14.
2174 2545 2292 2612 Quo
2338 2543 2448 2616 (62)
2494 2541 2942 2598 commorationis
2990 2549 3231 2608 tempore
3280 2539 3392 2605 (an.
3443 2532 3572 2602 979.)

1985 2640 2125 2697 idem
2154 2640 2439 2711 episcopus
2467 2638 2671 2708 optime
2718 2649 2870 2699 usus,
2912 2639 3099 2703 utpote
3127 2632 3216 2700 qui
3266 2637 3386 2683 erat
3413 2641 3572 2697 saga-

1985 2735 2150 2790 citate
2199 2732 2511 2788 omnimoda
2569 2729 2792 2800 plenus,
2856 2727 3010 2798 juxta
3079 2721 3225 2794 quod
3275 2719 3571 2790 Apostolus

1986 2828 2145 2883 docet
2173 2842 2188 2883 :
2220 2823 2446 2880 Probata
2473 2824 2688 2893 spiritus
2715 2821 2760 2876 si
2789 2837 2854 2875 ex
2877 2820 2985 2875 Deo
3016 2818 3118 2873 sint
3140 2816 3187 2888 (Ι
3204 2814 3365 2869 .lomt.
3397 2829 3467 2878 iv,
3498 2813 3575 2881 l),

1987 2918 2324 2976 clandestina
2354 2925 2409 2971 et
2441 2915 2724 2971 manifesta
2755 2914 2922 2969 divini
2947 2910 3154 2967 servitii
3194 2905 3575 2963 observatione

296 3023 498 3074 ιετυιιι.
524 3011 679 3067 Tunc
701 3012 788 3065 νῖν
809 3010 902 3066 DL'i
925 3010 1217 3066 sacerdotii
1241 3010 1505 3081 dignllalc
1534 2984 1879 3073 sublimatus.
1909 2984 1955 3047 Ο
1994 3029 2057 3068 ac
2085 3013 2304 3067 assidua
2336 3025 2504 3065 sacra:
2521 3008 2820 3079 Scriptum
2849 3004 3196 3076 indagatioue
3223 3001 3356 3056 satis
3385 2998 3578 3070 proba-

298 3108 529 3180 implere
550 3107 868 3163 desiderans
895 3107 1039 3176 quod
1066 3115 1152 3161 est
1181 3104 1504 3175 appellatus,
1533 3104 1679 3160 omni
1711 3105 1889 3159 humia

298 3199 470 3254 litatis
515 3197 734 3254 sarculo
767 3213 924 3254 suum
963 3196 1219 3266 scopchat
1247 3195 1531 3265 spiritum;
1573 3195 1763 3265 sicque
1793 3209 1890 3264 per

298 3301 450 3358 vota,
473 3307 599 3361 qua:
620 3306 718 3345 sua
741 3290 1108 3345 distinxerunt
1133 3286 1297 3351 labia,
1321 3285 1636 3341 holocausta
1661 3284 1891 3339 fideliter

301 3382 500 3439 obtulit
530 3382 856 3445 medullata;
879 3390 935 3435 et
959 3380 1085 3450 quia
1115 3378 1439 3434 contritione
1466 3375 1554 3430 tali
1580 3385 1753 3432 semet
1781 3374 1890 3430 Deo

304 3476 503 3532 cotidie
530 3473 735 3530 oﬂ‘erre
760 3472 986 3536 studuit,
1020 3472 1215 3527 divime
1254 3469 1482 3526 visionis
1512 3468 1686 3539 gratia
1720 3466 1892 3523 subli-

302 3569 442 3624 mari
472 3569 703 3627 meruit.

376 3664 463 3719 13.
504 3662 641 3718 Nam
673 3677 796 3718 cum
841 3676 943 3732 pro
970 3676 1066 3717 sua
1110 3658 1450 3730 aliorumque
1481 3659 1658 3715 salute
1694 3658 1897 3730 jugitcr

310 3765 561 3812 cxoraret
606 3766 661 3812 et
693 3754 1002 3827 hujusmodi
1042 3770 1235 3825 preces
1274 3761 1585 3809 sanctorum
1624 3751 1896 3823 suffragiis

314 3849 673 3904 intentissime
695 3846 1127 3910 commendaret,
1152 3847 1374 3900 beatum
1402 3844 1515 3915 (60)
1537 3844 1748 3900 Christi
1768 3857 1898 3897 con-

313 3940 568 3996 fessorem
618 3940 929 4004 Otiuarum,
970 3937 1059 3993 cui
1102 3953 1161 3993 se
1199 3952 1411 4006 suaque
1456 3936 1899 4005 frequentissime

313 4031 750 4095 commendabat,
779 4030 883 4085 sibi
910 4030 962 4083 in
988 4029 1193 4083 somnis
1217 4037 1425 4083 asstarc
1464 4028 1699 4083 videbat.
1727 4028 1896 4093 Quem

309 4121 485 4192 jussus
532 4122 840 4188 intendere,
868 4121 938 4177 ab
985 4135 1051 4177 eo
1087 4119 1392 4187 hujusmodi
1442 4120 1654 4189 accepit
1693 4118 1894 4174 verba:

318 4234 338 4266 ι
370 4216 503 4283 Quia
549 4224 777 4288 rogatus
815 4230 845 4268 a
879 4224 930 4271 te
960 4223 1018 4268 ut
1060 4213 1452 4269 intercederem
1482 4226 1580 4281 pro
1617 4220 1687 4274 te,
1721 4210 1897 4264 mani-

308 4307 446 4387 festo
473 4322 621 4364 nunc
655 4308 750 4363 tibi
779 4308 1027 4378 qumdam
1056 4305 1260 4367 futura,
1304 4320 1426 4375 quze
1450 4303 1543 4357 tibi
1578 4302 1898 4372 provcnicnt

315 4400 723 4455 intercessionis
764 4412 902 4453 mete
938 4413 1091 4453 cura.
1142 4395 1354 4465 Pauper
1398 4406 1448 4448 ct
1488 4394 1644 4461 inops
1687 4393 1754 4446 de
1778 4392 1900 4446 'hac

312 4491 586 4560 provincia
613 4489 952 4563 egredieris;
984 4488 1077 4544 sed
1107 4487 1159 4541 in
1200 4487 1328 4549 alia,
1363 4486 1414 4539 in
1447 4500 1554 4554 qua
1584 4498 1683 4554 pro
1713 4495 1899 4536 amore

316 4580 519 4637 Domini
543 4581 886 4642 exulaberis.
917 4581 1288 4651 episcopatum
1321 4577 1542 4633 caducis
1574 4575 1737 4630 rebus
1767 4573 1901 4628 satis

315 4674 629 4748 locupletent
661 4674 1147 4747 praedestinatione
1180 4672 1359 4727 divina
1391 4679 1743 4737 suscepturus
1769 4667 1899 4722 eris.

314 4768 470 4840 Cujus
518 4771 573 4824 in
611 4765 1099 4823 administratione
1134 4763 1180 4819 si
1222 4764 1434 4819 fidelem
1481 4771 1532 4818 le
1565 4759 1898 4823 exhibueris,

308 4866 528 4937 expletis
575 4864 771 4936 Viginti
829 4862 1040 4917 duobus
1087 4860 1267 4924 anuis,
1319 4859 1484 4912 vitam
1533 4854 1901 4909 transitoriam

304 4957 404 5014 eris
424 4959 681 5016 exiturus
711 4964 769 5011 et
794 4962 1059 5010 aeternam
1087 4951 1451 5020 ingressurus.
1484 4948 1549 5002 Et
1583 4947 1684 5001 hoc
1714 4945 1903 5018 procul

1991 3103 2070 3157 vit
2098 3103 2243 3156 hunc
2273 3115 2436 3170 quem
2486 3108 2799 3169 susceperat
2823 3096 3170 3166 peregrinum
3199 3107 3306 3147 non
3332 3105 3452 3145 esse
3481 3102 3576 3159 gy-

1994 3210 2272 3266 rovagum,
2306 3192 2399 3248 sed
2425 3192 2673 3247 stabilem
2705 3206 2844 3245 vera:
2873 3189 2994 3244 lidci
3020 3187 3395 3242 domesticum.
3426 3184 3579 3240 Unde

1991 3297 2048 3344 et
2084 3286 2347 3357 quosdam
2379 3285 2446 3341 de
2478 3284 2591 3339 suis
2621 3282 2968 3337 familiariter
2994 3281 3321 3350 alloquitur,
3351 3277 3576 3331 dicens:

1998 3400 2017 3434 ι
2036 3382 2080 3438 Ο
2108 3395 2270 3451 quam
2294 3377 2420 3433 felix
2454 3376 2710 3439 ecclesia,
2741 3390 2862 3445 qua:
2892 3373 3003 3427 Deo
3030 3372 3244 3426 volente
3274 3371 3378 3423 isto
3408 3368 3598 3421 domn

1993 3474 2141 3530 bitur
2185 3470 2487 3527 sacerdote.
2542 3469 2687 3539 Ergo
2743 3464 3112 3520 necessarium
3165 3461 3317 3516 valde
3368 3460 3579 3515 videtur

1994 3563 2125 3621 mihi
2172 3570 2228 3617 et
2270 3560 2421 3624 utile,
2454 3569 2514 3613 ut
2561 3558 2688 3613 huic
2735 3555 2940 3610 famulo
2970 3555 3064 3609 Dei
3109 3562 3289 3624 petam
3343 3550 3581 3621 regimen

1994 3654 2411 3727 Ratisponensis
2429 3650 2720 3723 episcopii;
2746 3649 2870 3719 quia
2892 3648 3096 3719 optimc
3117 3645 3392 3713 convenit,
3407 3641 3580 3698 sicubi

1996 3749 2235 3803 abundat
2274 3747 2414 3801 bona
2469 3742 2721 3799 voluntas
2750 3742 2821 3807 η,
2873 3750 2932 3794 ιιι
2958 3754 3077 3794 eam
3121 3738 3284 3791 etiam
3332 3736 3399 3790 ad
3439 3733 3581 3789 bona

1996 3854 2160 3911 opera
2191 3838 2486 3909 procedere
2512 3834 2676 3890 faciat
2698 3833 2835 3888 bene
2861 3829 3054 3886 collata
3088 3827 3335 3884 facultas.
3370 3827 3577 3881 Donunt

2000 3934 2220 4005 quippe,
2251 3930 2395 4001 quod
2425 3928 2513 3984 hic
2538 3928 2622 3982 vir
2646 3925 2921 3981 seminare
2947 3922 3114 3976 voluit
3142 3920 3195 3974 in
3226 3919 3434 3974 duratis
3465 3931 3588 3972 cor-

2002 4025 2160 4080 dibus
2186 4034 2536 4093 paganorum,
2565 4033 2622 4073 et
2647 4015 2837 4072 salutis
2864 4008 3360 4081 obsequium,quod
3391 4005 3589 4075 repulit

2002 4116 2220 4173 caecitas
2263 4115 2499 4177 illorum,
2549 4109 2870 4181 quandoque
2920 4103 3192 4165 fortassis,
3241 4102 3346 4154 huc
3391 4099 3583 4153 eodem

2004 4223 2192 4280 agrum
2238 4204 2567 4261 dominicum
2600 4199 2903 4261 excoleute,
2954 4194 3106 4249 dabit
3152 4192 3387 4246 fructum
3428 4203 3588 4243 suum

2004 4300 2056 4353 in
2088 4296 2297 4369 populis
2324 4292 2784 4349 Christianorum.
2819 4306 2837 4336 ι
2868 4286 2948 4340 Ad
2976 4284 3091 4339 han:
3118 4281 3339 4353 quidam
3374 4292 3594 4349 respou-

1984 4393 2197 4447 ‘dentes
2219 4390 2473 4445 dixerunt
2500 4404 2513 4440 :
2544 4405 2564 4437 ι
2585 4384 2687 4453 Qui
2715 4384 2828 4438 fieri
2853 4389 3054 4452 potest,
3081 4389 3139 4432 ut
3172 4378 3273 4433 istc
3304 4391 3505 4447 pauper
3533 4384 3590 4428 ct

2007 4486 2222 4554 ignotus
2250 4482 2316 4536 ad
2347 4480 2608 4535 honorem
2640 4476 2771 4555 tanti
2796 4475 3141 4545 episcopatus
3172 4478 3449 4524 mercatur
3474 4482 3591 4536 pcr-

2008 4580 2237 4647 tingcre,
2266 4590 2388 4629 cum
2427 4571 2541 4642 jam
2583 4567 2856 4625 nonnullae
2884 4566 3128 4622 celebres
3156 4562 3595 4633 cognitiorcsque

2009 4678 2257 4739 persona:
2277 4667 2421 4720 hunc
2443 4663 2544 4718 sibi
2570 4662 2712 4733 apud
2735 4661 3119 4729 imperatorem
3148 4654 3362 4725 dignius
3386 4650 3594 4704 valeant

2009 4759 2364 4831 acquirere?»
2386 4751 2845 4824 Quibusilledixit
2862 4771 2875 4806 :
2895 4771 2913 4803 ι
2937 4750 3123 4815 Divina
3139 4743 3602 4802 ethmnauaiuter

2011 4868 2071 4907 sc
2094 4850 2247 4906 valde
2268 4850 2569 4920 probantur
2588 4845 2793 4899 distare
2812 4841 3039 4912 judicia.
3055 4838 3345 4895 Scrutatur
3369 4845 3606 4898 namque

2013 4945 2258 5000 cordium
2295 4948 2351 4995 et
2401 4952 2591 4993 renum
2640 4934 2708 4988 ab
2756 4932 2912 4987 initio
2963 4928 3147 4987 mundi
3177 4927 3339 4995 elegit
3369 4925 3612 4973 contem-

1642 5061 1880 5119 V'Anm:
1918 5020 2326 5118 esurientes.

366 5191 410 5224 “
435 5190 757 5261 extirparet
809 5212 876 5261 η.-
905 5176 1287 5261 proscindat-ct
1322 5176 1490 5232 Had.
1601 5174 1647 5204 ⁸³
1675 5175 1821 5231 siit-i5
1843 5176 1898 5229 τις

298 5275 400 5319 tum
433 5250 685 5334 congrua
721 5250 955 5313 facultas
983 5250 1043 5305 2.

2003 5172 2049 5205 ”
2074 5190 2127 5227 u.
2157 5175 2430 5243 prcstetur
2474 5164 2639 5218 etiam
2693 5159 2761 5213 ad
2815 5159 3057 5230 ejusdem
3091 5148 3389 5208 voluntatis
3437 5140 3612 5196 effce-
