3988 5336
467 229 575 289 465

1469 225 2120 300 OTiiLONlMONACﬂl,
2154 231 2213 287 S.
2254 226 2677 295 EMMERAMMI

3640 230 3743 286 (Gl

458 308 671 419 ιιίὡὶῐίει
712 352 768 401 et
810 343 1095 417 ignobilia.
1147 351 1207 399 ut
1244 339 1603 405 confunderet
1631 336 1834 409 fortia;
1859 359 1891 398 e
1920 359 2048 399 cons
2078 351 2127 407 Λ
2154 343 2438 399 reluctanti
2489 342 2835 412 mollitiaque.
2876 342 3112 412 gementi
3166 343 3541 414 episcopatmu
3589 358 3752 399 eam-

466 439 638 495 trario
651 453 777 494 vero
800 438 1031 492 mundus
1054 436 1200 507 quod
1221 450 1380 491 suum
1403 445 1486 492 est
1507 437 1741 506 superbe
1763 436 1830 491 ad
1858 437 2051 492 horam

467 530 701 594 extollit,
741 528 834 583 sed
872 527 924 581 in
962 527 1118 582 brevi
1164 527 1212 559 ιθ
1253 541 1382 582 cum
1431 527 1754 584 confusione
1798 527 2067 593 distabit.

466 622 621 681 Unde
642 635 821 691 aperte
850 618 1082 688 pretium
1113 628 1404 686 censeo,ut
1430 636 1553 675 eum
1585 614 2054 677 auxilio'marcbic

463 711 699 773 comitis,
731 710 885 778 cujus
913 709 1144 765 consilio
1169 709 1339 764 multa
1360 710 1497 767 solet
1518 710 1701 767 facere
1729 713 2049 783 imperator,

462 812 642 874 petam
669 804 737 867 ⁵⁷,
766 818 833 856 ne
864 818 962 873 per
1006 804 1359 860 ambitionem
1401 821 1731 876 quemquam
1757 806 1823 861 ad
1848 806 2050 877 praedi-

462 904 609 950 ctum
641 895 1016 964 episcopatum
1061 903 1330 961 assumat,
1358 895 1452 952 sed
1484 897 1555 950 ob
1585 906 1848 952 aeternam
1869 911 2051 951 remn-

462 989 828 1054 nerationem,
860 1004 1257 1060 quemcumque
1279 990 1541 1044 humilem
1566 1000 1617 1044 et
1648 990 1952 1045 modestum
1984 996 2052 1045 ac

462 1080 741 1137 eruditum
798 1083 1068 1137 invenerit
1131 1095 1347 1137 necnon
1409 1079 1603 1137 oﬂiciis
1661 1081 2052 1140 ecclesiasticis

460 1182 648 1243 aptum
674 1190 799 1230 esse
824 1174 1157 1245 probaverit,
1191 1180 1355 1241 hunc,
1385 1174 1777 1244 cujuscumque
1814 1174 1886 1229 sit
1916 1189 2052 1230 con-

460 1265 686 1322 ditionis
711 1266 795 1320 vel
824 1265 1135 1336 parentelae,
1167 1266 1474 1335 promoveri
1506 1265 1674 1321 faciat
1716 1268 1786 1321 ad
1826 1266 2049 1321 culmen

461 1359 724 1414 ecclesia).
748 1378 766 1410 ι
805 1358 943 1426 Quid
972 1358 1162 1430 plura?
1189 1358 1294 1415 Per
1338 1359 1667 1431 legationem
1714 1360 1951 1430 episcopi
1980 1374 2051 1415 ac

464 1452 867 1523 suggestionem
909 1451 1336 1507 marcbicomitis
1362 1452 1657 1521 imperator
1700 1450 1829 1507 Otto
1853 1466 2055 1506 secuno.

465 1543 567 1597 dus
590 1558 703 1597 suto
733 1552 787 1597 et
814 1542 1200 1598 ecclesiasticae
1225 1542 1444 1598 utilitati
1472 1543 1832 1614 prospiciens,
1853 1543 2048 1607 immo,

467 1633 611 1702 quod
638 1632 818 1687 verius
849 1641 956 1699 est,
991 1640 1124 1687 nutu
1149 1631 1265 1699 Dei,
1294 1633 1347 1687 in
1376 1631 1530 1700 cujus
1560 1649 1724 1688 manu
1748 1648 1851 1696 cor
1879 1633 2046 1703 regis,

2153 437 2447 491 ntcndavit.
2479 435 2681 492 Deinde
2696 435 2813 506 (lii)
2830 451 2954 491 cum
2981 444 3248 491 comrtatu
3273 436 3425 491 fideli
3444 435 3746 492 multorum

2152 528 2438 591 remissus,
2482 527 2843 598 Ratisponam
2880 537 2966 582 est
3010 527 3310 598 ingressus,
3356 526 3417 581 in
3467 542 3579 597 qua
3616 542 3747 583 cum

2151 622 2379 677 canticis
2409 622 2615 676 lacticiae
2636 629 2693 677 et
2713 621 3064 677 exultationis
3083 636 3214 676 voce
3232 621 3553 691 suscipitur,
3579 629 3751 692 atque

2150 726 2303 765 more
2335 711 2655 780 pontificum
2680 710 3204 775 imbronisatur,a"
3233 711 3381 781 clero
3406 722 3460 766 et
3490 727 3519 763 a
3544 710 3749 782 populo

2151 818 2368 858 summo
2390 803 2596 871 pastori
2624 803 3062 867 commendatur,
3116 817 3335 858 necnon
3371 818 3407 857 α
3451 802 3748 859 Friderico

2151 894 2561 964 archiepiscopo
2591 893 2846 963 illiusque
2865 878 3224 963 sutl‘t'aganeis
3248 902 3372 964 post
3396 893 3608 963 aliquot
3627 893 3749 949 dies

2151 986 2207 1040 in
2234 987 2578 1041 sacerdotem
2603 986 2964 1057 apostolicum
3014 986 3215 1041 ibidem
3240 994 3606 1042 consecratur
3628 988 3748 1058 (an.

2151 1076 2299 1149 973).
2324 1076 2499 1144 Quam
2529 1076 2621 1130 ille
2644 1077 3109 1132 consecrationem
3139 1076 3333 1132 nolens
3359 1092 3533 1131 vacuo
3557 1091 3751 1133 secum

2149 1177 2372 1238 portare
2392 1167 2681 1234 vocabulo,
2704 1169 2793 1223 die
2824 1176 3099 1238 noctuque
3129 1167 3427 1238 pontificali
3460 1168 3508 1199 ⁵⁸
3532 1168 3749 1222 studio-

2152 1259 2367 1313 sissime
2415 1257 2654 1314 excoluit
2706 1256 2902 1313 cilicio.
2951 1255 3069 1311 Non
3122 1258 3270 1312 enim
3311 1257 3384 1311 ob
3431 1254 3751 1327 episcopale

2149 1349 2430 1422 fastigium
2473 1358 2687 1406 mutare
2734 1348 2906 1404 voluit
2941 1333 3609 1413 mouasticum'habitum,
3650 1346 3752 1401 sed

2151 1456 2315 1512 quam
2366 1441 2515 1496 intus
2560 1441 2750 1495 habuit
2796 1440 3185 1505 humilitatem,
3223 1440 3357 1497 foris
3384 1441 3626 1497 ostendit
3651 1453 3755 1510 per

2150 1549 2378 1604 operum
2408 1535 2674 1590 bonorum
2697 1534 3027 1590 claritatem.
3072 1533 3283 1589 Memor
3325 1532 3491 1587 etiam
3522 1539 3756 1587 scatens

2151 1629 2260 1692 tite,
2285 1642 2409 1698 qua:
2445 1628 2577 1682 dicit
2611 1644 2625 1682 :
2660 1626 2961 1697 Principcnt
2982 1636 3031 1682 te
3057 1627 3461 1692 constituerunt,
3512 1623 3624 1678 noli
3664 1639 3754 1678 exe

467 1725 801 1790 τιώιιθιιῑιιιδ,
828 1740 1039 1790 omnes,
1080 1726 1173 1796 Qui
1224 1741 1329 1796 pro.
1349 1727 1538 1781 eodem
1589 1727 1906 1797 episcopatu
1932 1724 2048 1780 adi-
2075 1707 2123 1766 Β
2150 1719 2391 1785 tatli,sed
2406 1728 2516 1773 esto
2541 1718 2596 1772 in
2611 1717 2716 1772 illis
2736 1719 2889 1789 quasi
2904 1734 3114 1772 unuse:
3135 1715 3241 1771 illis
3263 1714 3756 1785 (Eccliqxxud),

466 1816 733 1885 pisccndo
756 1815 1103 1883 laborabant,
1130 1818 1349 1881 avertit,
1380 1825 1437 1873 ct
1461 1832 1518 1871 se
1543 1826 1711 1871 totum
1743 1818 1809 1872 ad
1832 1816 2051 1873 electio.

415 1976 418 1979 Α
465 1922 591 1962 nem
641 1906 936 1962 venerandi
995 1907 1096 1962 viri
1154 1905 1463 1977 Wolfkaugi
1515 1908 1801 1962 convertit.
1853 1906 2057 1976 Sicque

465 1995 679 2066 legatos
701 1996 952 2051 celeriter
974 1997 1145 2063 misit,
1164 2006 1222 2052 ut
1245 1997 1387 2071 idem
1417 1997 1651 2057 famulus
1668 1997 1764 2053 Dei
1794 1999 1848 2053 iu
1875 1998 2053 2053 locum

469 2086 744 2142 cathedra:
774 2088 1098 2157 pontificalis
1141 2088 1458 2159 eligeretur,
1510 2091 1726 2157 deinde,
1778 2090 1938 2146 vellet
1983 2107 2054 2144 an

464 2182 655 2247 nollet,
680 2182 745 2236 ad
773 2181 1188 2248 Franconofnrt,
1217 2182 1310 2237 ubi
1348 2184 1651 2253 imperator
1678 2182 1925 2238 Natalem
1950 2183 2056 2239 Do-

466 2271 600 2327 mini
643 2271 1018 2329 celebraturus
1045 2280 1163 2329 erat
1194 2272 1308 2345 (an.
1341 2273 1470 2337 972,
1502 2274 1631 2327 Dec.
1669 2273 1787 2343 25),
1823 2274 2056 2329 deduce-

466 2359 639 2417 retitr.
671 2362 859 2435 Legati
887 2363 1005 2436 (63)
1034 2378 1183 2431 vero,
1210 2373 1272 2419 ut
1300 2363 1436 2435 iussi
1465 2364 1708 2430 fuerant,
1735 2372 2058 2434 pergentes,

466 2457 795 2512 invenerunt
816 2474 943 2512 eum
970 2472 1097 2512 cum
1118 2458 1515 2528 praenomiuato
1540 2458 1793 2528 episcopo
1815 2471 2059 2511 commo—

464 2559 706 2614 rantcm,
747 2549 842 2604 sed
879 2549 991 2617 jam
1022 2549 1089 2604 ad
1132 2550 1362 2618 patriam
1410 2538 1668 2620 repedare
1699 2548 2056 2616 cogitantem.

465 2640 693 2709 Ignarus
718 2642 863 2695 enim
891 2650 1012 2695 erat
1041 2656 1223 2695 rerum
1250 2656 1351 2710 pro
1370 2656 1429 2695 se
1452 2651 1751 2710 gestarum,
1769 2648 1824 2693 et
1852 2638 2057 2692 idcirco

469 2732 716 2786 animum
758 2732 987 2785 intendit
1039 2730 1322 2803 aliorsum.
1375 2729 1618 2800 Cumque
1668 2729 1850 2800 legati,
1882 2742 2059 2799 quare

469 2820 751 2884 venerint,
796 2819 857 2877 ei,
885 2819 1210 2882 indicarent,
1248 2818 1483 2888 primum
1521 2819 1753 2874 recurrit
1781 2806 1850 2873 ad
1875 2832 2058 2873 secre-

470 2913 673 2969 tarium
705 2913 908 2976 cordis,
940 2928 1000 2968 se
1046 2927 1252 2981 suaque
1278 2913 1390 2969 Deo
1416 2911 1887 2979 commcndansin
1928 2911 2057 2966 inti-

475 3006 613 3071 mis;
638 3004 760 3059 dein
799 3005 1053 3075 episcopo
1077 3004 1380 3075 Piligrimo,
1400 3006 1556 3076 cujus
1581 3007 1810 3062 caritate
1837 3005 1943 3067 illic
1967 3006 2055 3061 de-

474 3095 773 3159 tinebatnr,
803 3111 1023 3150 causam
1071 3096 1359 3167 legationis
1405 3110 1705 3167 exponens,
1736 3097 1874 3151 dixit
1898 3112 1913 3150 :
1939 3096 2055 3151 Hoc

476 3204 664 3242 norum
704 3187 767 3251 ³⁸,
797 3188 937 3258 quod
988 3189 1117 3241 mihi
1161 3205 1253 3258 per
1299 3190 1509 3242 nuntios
1534 3190 1869 3260 imperatoris
1896 3192 2054 3257 venit,

469 3280 667 3339 caritas
702 3288 815 3345 tua,
852 3289 905 3332 ut
958 3280 1207 3344 arbitror,
1244 3279 1383 3348 fecit.
1437 3279 1542 3335 Sed
1573 3280 1689 3335 licet
1725 3298 1853 3335 mete
1881 3282 2063 3350 parci-v

472 3370 573 3430 triti
606 3371 843 3423 timorem
888 3371 1131 3436 incutiat,
1162 3372 1437 3440 pranninm
1482 3383 1656 3428 tantm
1698 3375 1847 3429 bona:
1880 3374 2059 3429 volun-

472 3460 618 3524 tatis,
648 3477 753 3530 ’μία
782 3470 930 3514 tanta
973 3463 1303 3531 excogitasti,
1340 3463 1508 3531 pictas
1538 3463 1629 3517 tibi
1664 3463 1841 3516 divina
1884 3480 2061 3534 repen-

472 3550 587 3613 dat.
619 3551 770 3607 'l'nnc
799 3562 1018 3623 arrepto
1048 3554 1242 3609 itinere
1269 3569 1393 3608 cmn
1427 3554 1511 3609 bis
1538 3555 1630 3624 qui
1665 3557 1816 3610 missi
1844 3555 2061 3611 fuerant

470 3644 543 3700 ab
592 3645 942 3714 imperatore,
972 3657 1335 3716 perrexerunt
1374 3647 1443 3702 ad
1484 3647 1758 3702 civitatem
1809 3648 2063 3717 llatispo-

471 3752 598 3799 nam
628 3738 739 3808 (an.
772 3739 929 3810 975);
964 3739 1053 3792 ubi
1091 3735 1273 3795 clerus
1307 3746 1361 3793 et
1405 3740 1651 3810 populus,
1683 3750 1741 3794 ut
1767 3741 2063 3809 imperator

470 3828 651 3895 petiit,
688 3830 990 3882 secundum
1023 3844 1229 3884 morem
1267 3829 1696 3886 ecclesiasticmn
1731 3832 2062 3886 unanimiter

477 3926 722 3971 sanctum
758 3917 1139 3990 Wolflaangum
1185 3919 1487 3992 elegerunt.
1536 3921 1736 3991 Sicque
1777 3938 2059 3983 cumcum

478 4010 772 4066 universali
825 4012 1097 4082 legatione
1142 4013 1212 4069 ad
1261 4025 1473 4071 curtem
1524 4018 1729 4088 regiam
1769 4019 2055 4074 miserunt.

482 4098 724 4173 Curaque
751 4102 805 4157 in
826 4104 1171 4172 praesentiam
1216 4105 1448 4163 Ctesaris
1481 4118 1627 4164 esset
1667 4110 1899 4177 delatus,
1938 4121 2062 4179 ante

476 4191 641 4259 pedes
670 4194 787 4264 ejus
814 4195 1103 4252 venialiter
1142 4208 1466 4268 prostratus,
1509 4216 1566 4257 se
1593 4201 1733 4257 dixit
1756 4202 2058 4274 indignum,

480 4282 780 4354 indoctum,
824 4289 1114 4360 ignobilem
1135 4331 1157 4361 ,_
1180 4292 1282 4349 sub
1325 4295 1578 4352 monachi
1607 4294 1946 4366 professione
1970 4298 2062 4352 de-

480 4385 694 4443 gentem
732 4380 849 4436 sine
895 4381 1113 4440 licentia
1158 4385 1241 4441 sui
1291 4386 1504 4443 abbatis
1532 4387 1665 4443 nihil
1696 4389 1944 4458 accipere
1972 4387 2061 4443 dc-

480 4465 640 4533 berc;
670 4476 944 4537 postremo
967 4488 1036 4529 ne
1064 4485 1316 4531 sanctum
1344 4477 1521 4533 locum
1545 4494 1642 4534 sua
1672 4477 1917 4533 fmditatc
1946 4479 2061 4533 vio-

479 4554 618 4609 laret
673 4556 1000 4626 imploravit.
1053 4562 1352 4634 Imperator
1401 4577 1580 4623 autem
1627 4568 1819 4633 videns
1869 4568 2060 4624 deiﬁce

478 4658 817 4715 renuentem,
842 4653 1015 4724 magis
1037 4654 1103 4709 de
1124 4657 1411 4727 probitatis
1433 4658 1550 4729 ejus
1572 4661 1833 4732 dignitate
1854 4672 2056 4726 certus,

480 4740 732 4806 quoniam
766 4743 818 4798 in
845 4758 910 4800 eo
957 4749 1192 4818 Speciale
1220 4752 1476 4822 quiddam
1526 4756 1763 4824 agnovit,
1812 4756 2061 4826 quamvis

2154 1827 2261 1868 non
2303 1812 2573 1867 dominari
2617 1812 2895 1881 quaerebat
2944 1813 3000 1866 in
3047 1810 3219 1877 clero,
3257 1811 3352 1866 sed
3404 1809 3583 1865 forma
3629 1824 3759 1864 esse

2154 1902 2363 1957 studuit
2389 1902 2541 1973 gregi
2586 1901 2901 1966 Dominico,
2939 1909 3185 1958 tractans
3231 1901 3450 1957 assidue
3477 1900 3623 1969 quod
3654 1914 3759 1970 per

2154 1993 2500 2051 Ezechielem
2538 1996 2858 2065 prophetam
2888 2003 3081 2051 contra
3127 1994 3313 2053 malos.
3327 2003 3584 2066 pastores
3609 1993 3757 2051 dici-

2156 2095 2284 2141 tur:
2322 2083 2409 2141 l’te
2436 2088 2759 2156 pastoribus,
2803 2089 2897 2159 qui
2919 2087 3200 2157 pascebant
3242 2086 3547 2156 semetipsos
3572 2093 3620 2139 et
3646 2099 3758 2143 non

2153 2196 2332 2251 greges
2362 2196 2503 2234 meos
2536 2177 2756 2251 (Eucti.
2788 2196 2977 2244 xxxrv,
3006 2178 3089 2250 2).
3746 2222 3751 2226 .

2227 2272 2317 2327 15.
2366 2271 2676 2342 Perspectis
2707 2287 2839 2342 ergo
2878 2281 2935 2327 et
2973 2271 3211 2343 cognitis
3255 2271 3421 2327 rebus
3462 2269 3762 2340 episcopii,

2155 2366 2349 2420 beatus
2381 2365 2578 2436 praesul
2607 2364 2968 2435 Woltkangus
3009 2380 3135 2420 cum
3177 2365 3406 2419 vidisset
3442 2364 3502 2418 in
3527 2362 3758 2418 civitate

2155 2454 2457 2525 Ratispona
2507 2455 2826 2511 monasticae
2864 2456 2991 2509 vitae
3020 2454 3517 2526 inreligiositatem,
3556 2453 3763 2509 crebro

2156 2547 2439 2615 suspirans
2490 2548 2677 2602 dicere
2728 2545 2903 2602 fertur
2937 2544 3038 2601 :Si
3082 2546 3371 2600 monachos
3415 2543 3759 2609 haberemus,

2157 2637 2360 2706 reliqua
2389 2639 2523 2708 satis
2540 2649 2889 2709 suppetereut.
2918 2638 3167 2709 Cumque
3192 2638 3275 2693 sui
3305 2636 3614 2692 familiares
3635 2635 3760 2705 qui~

2155 2730 2280 2785 dam
2310 2730 2719 2800 responderent,
2748 2746 2846 2800 per
2869 2731 3036 2786 multa
3063 2731 3181 2787 loca
3203 2730 3500 2785 monachos
3527 2744 3765 2799 supera-

2153 2821 2422 2888 bundare,
2447 2822 2641 2879 dolens
2665 2832 2720 2879 ct
2742 2822 3045 2880 lacrimans
3060 2822 3275 2879 dicebat
3308 2863 3325 2876 .
3351 2820 3397 2876 ο
3417 2837 3581 2893 quam
3607 2821 3763 2891 defe-e

2154 2915 2223 2973 cit
2251 2914 2498 2969 sanctus!
2522 2932 2553 2968 ο
2580 2932 2740 2984 quam
2787 2916 3067 2970 diminuta:
3120 2924 3244 2971 sunt
3291 2914 3538 2970 veritates
3568 2931 3602 2969 α
3627 2913 3765 2983 (iliis

2159 3003 2467 3058 hominum!
2499 3003 2641 3070 Quid
2664 3006 2875 3076 prodest
2899 3007 3194 3061 sanctitatis
3223 3005 3461 3060 habitum
3481 3004 3600 3059 sine
3628 3020 3762 3074 ope-

2162 3094 2308 3149 ribus
2340 3096 2583 3165 gestare?
2615 3094 2907 3167 Regulares
2930 3098 3173 3151 monachi
3200 3097 3367 3151 beatis
3408 3095 3763 3166 wquiparan-

2160 3198 2249 3243 tur
2305 3188 2507 3259 angelis
2532 3231 2548 3256 ,
2605 3190 2887 3244 sa'cutares
2944 3205 3061 3247 vero
3118 3189 3363 3245 monachi
3418 3187 3756 3259 apostaticis.

2159 3280 2286 3336 llaec
2332 3290 2511 3337 autem
2557 3282 2677 3338 ideo
2726 3282 2942 3338 locutus
2976 3272 3373 3353 est,rquoniam
3408 3281 3454 3314 ⁸¹
3493 3281 3764 3342 cernebat

2160 3375 2461 3430 monachos
2510 3375 2565 3430 in
2610 3375 2754 3431 beati
2783 3376 3170 3432 Emmerammi
3216 3375 3479 3447 martyris
3506 3373 3761 3429 cmuobio

2163 3466 2486 3522 constitutos
2514 3466 2711 3522 abbate
2734 3482 2927 3523 carere
2945 3475 3002 3523 ct
3026 3466 3184 3538 quasi
3200 3479 3334 3521 oves
3352 3472 3617 3521 errantes
3636 3464 3761 3527 sine

2161 3568 2400 3629 pastore.
2435 3559 2542 3614 Per
2577 3559 2623 3590 ⁸²
2662 3559 2829 3617 multa
2869 3573 3104 3628 namque
3158 3566 3405 3627 tempora
3454 3565 3761 3619 consuetu:

2162 3651 2232 3705 do
2254 3650 2368 3722 (65)
2393 3650 2495 3705 fuit
2524 3651 2578 3705 in
2605 3650 2987 3721 Ratisponeusi
3010 3650 3259 3714 ecclesia,
3284 3647 3453 3718 utqui
3478 3646 3764 3702 antistites

2163 3745 2326 3799 iidem
2362 3753 2544 3801 essent
2577 3753 2636 3799 et
2669 3745 2914 3800 abbates.
2942 3742 3050 3799 Sed
3081 3743 3337 3799 hocinde
3371 3740 3761 3815 accidit,qnia

2163 3837 2288 3893 dum
2314 3838 2574 3908 praesules
2597 3838 2905 3894 cmnobium
2939 3837 3257 3908 praedictum
3292 3836 3360 3891 ab
3403 3834 3747 3904 imperatori.-

2162 3930 2264 3985 bus
2294 3930 2378 3986 vel
2406 3931 2452 3962 ⁸³
2480 3932 2699 4002 regibus
2736 3931 3046 3986 obtinentes
3075 3930 3128 3984 in
3156 3927 3445 3999 potestatis
3466 3942 3584 3983 suae
3611 3925 3763 3981 arbi-

2164 4023 2326 4078 trium
2382 4024 2717 4094 redigcrent,
2768 4023 3001 4078 abeunte
3050 4021 3143 4077 illo
3192 4036 3352 4091 quem
3403 4020 3759 4083 invenerunt,

2162 4114 2369 4169 nullout
2409 4113 2668 4183 deinceps
2715 4112 2965 4169 abbatem
3016 4112 3344 4168 substituere
3395 4117 3756 4176 curaverunt,

2161 4215 2415 4261 verentes
2444 4205 2653 4261 scilicet
2684 4205 2797 4278 (66)
2826 4221 2893 4261 ne
2923 4204 3095 4270 forte,
3141 4206 3186 4260 si
3229 4203 3570 4260 monasterio
3601 4201 3761 4272 juxta

2167 4298 2434 4367 regularis
2467 4298 2591 4353 vitae
2637 4314 2792 4353 usum
2824 4307 3010 4366 pastor
3038 4307 3094 4353 et
3130 4307 3314 4353 rector
3358 4296 3763 4365 praeﬁceretur,

2090 4420 2137 4478 ι)
2166 4392 2405 4460 ipsorum
2427 4390 2649 4444 abusiva
2678 4399 2919 4459 potestas
2942 4389 3027 4446 vel
3055 4389 3375 4460 obsequium
3395 4388 3761 4443 minueretur.

2167 4482 2301 4537 Cum
2339 4481 2502 4551 igitur
2532 4496 2597 4536 eo
2627 4482 2788 4537 modo
2824 4480 3062 4551 episcopi
3108 4478 3424 4535 monasterii
3454 4477 3600 4532 bona
3635 4475 3759 4531 reti—

2169 4581 2364 4629 nerent
2391 4582 2554 4642 atque
2582 4573 2953 4629 distraherent
2981 4587 3079 4629 nec
3120 4571 3403 4627 monachis
3442 4568 3759 4625 necessaria

2168 4663 2453 4734 providere
2479 4674 2757 4732 curarent,
2794 4666 2996 4722 dabant
3038 4665 3121 4720 eis
3153 4662 3430 4720 licentiam
3459 4660 3763 4716 undecum-

2169 4770 2274 4825 que
2322 4766 2544 4826 posseut
2577 4760 2879 4827 acquirere,
2922 4757 3119 4828 quibus
3166 4756 3222 4811 in
3275 4754 3420 4809 victu
3452 4761 3511 4807 et
3557 4752 3765 4807 vestitu

1752 4890 1985 4947 VARIIE
2028 4889 2431 4947 LEC‘TIONES.

568 5017 614 5047 ³⁵
674 5018 779 5076 ﬁne
828 5021 880 5077 2.
988 5022 1031 5057 ’⁵⁷
1090 5027 1232 5082 deest
1281 5027 1335 5081 2.

479 5087 819 5215 2.1:)dllicium
880 5094 929 5148 1.
989 5093 1095 5151 Sed
1145 5097 1427 5212 Arnoldus.
1465 5114 1583 5152 cum
1634 5097 1670 5151 2
1726 5098 1979 5152 convenit.

1466 5026 1514 5060 “
1564 5044 1617 5081 η.
1671 5026 1985 5081 mandatum
2044 5025 2099 5081 2.
2201 5026 2246 5059 ⁸⁸
2305 5042 2337 5090 a
2387 5044 2436 5083 c.
2491 5040 2547 5087 et
2601 5074 2602 5081 η

1466 5114 1583 5152 cum
1634 5097 1670 5151 2
1726 5098 1979 5152 convenit.
2086 5097 2491 5169 “quodl?2?
2540 5107 2602 5154 ett

2201 5026 2246 5059 ⁶⁹
2291 5042 2343 5103 Δει
2373 5044 2447 5103 Δ(ε.
2475 5040 2547 5103 _ct
2601 5048 2631 5085 a
2686 5046 2759 5103 ρ.
2794 5031 2984 5103 desunt
3045 5029 3100 5103 ἓ.
3154 5002 3157 5007 ί
3229 5031 3298 5103 ὀμ
3335 5028 3682 5103 βοιιιίᾼίίσείιιεξΔ
3714 5045 3758 5085 s.

2721 5101 2765 5133 ⁵³
2793 5101 2898 5158 Per
2920 5130 2989 5141 —
3014 5099 3239 5157 abbates
3262 5098 3447 5155 desunt
3471 5099 3528 5154 2.
3636 5098 3684 5130 "
3709 5108 3762 5153 ct

1987 5271 2222 5331 NOT/E.
