3988 5336
491 134 586 210 ιω

1474 139 1785 207 OTllLONl'
1811 139 2116 195 MONACIII
2155 138 2212 195 S.
2252 141 2664 196 EMMERAMMJ

3633 138 3748 198 tei-

489 252 726 325 namqnc
749 246 1037 319 praedictus
1060 249 1251 317 prmsul
1285 257 1390 300 tam
1425 250 1703 302 nocturnis
1729 264 1890 318 quam
1915 250 2059 304 dIur-
2091 258 2133 312 Λ
2167 266 2332 305 cornu
2365 265 2474 304 stuc
2499 259 2690 319 gratia;
2715 258 2846 302 nutu
2883 247 3219 306 transferret.
3255 249 3530 318 Citiupreta
3563 249 3753 318 itaque

492 339 755 394 nis'horis
784 341 1032 394 universa
1089 341 1335 393 cumobia
1389 341 1438 393 in
1490 342 1622 394 urbe
1663 344 1834 410 posita
1876 344 2069 411 scepius

491 431 672 495 adire,
712 425 898 499 ibique
921 439 972 484 ct
999 430 1188 483 orandi
1222 446 1418 495 causa,
1459 431 1616 484 simul
1659 441 1712 485 et
1752 433 2067 500 explorandi

492 520 764 591 quomodo
808 522 916 576 Dco
946 522 990 553 ⁸³
1023 521 1260 575 divinum
1311 523 1589 576 servitium
1636 524 1740 577 illic
1796 531 2066 593 ageretur,

489 612 802 682 aliquandiu
837 627 1200 666 conmiancre.
1235 611 1476 682 Cumque
1512 616 1612 668 hoc
1663 616 1818 667 modo
1855 617 1907 668 in
1955 633 2070 668 ino-

490 703 730 754 nasterio
759 700 1030 766 lnferiori,
1067 703 1167 759 ubi
1194 714 1415 757 sanctus
1458 703 1768 758 llerhardus
1816 721 2068 775 corpora-

489 793 613 847 liter
657 793 972 861 requiescit,
1019 803 1178 847 nocte
1218 797 1446 862 quadam
1503 797 1842 862 consisteret,
1889 798 2069 851 subito

490 884 672 954 sopori
714 885 894 939 (lezlito
941 885 1078 938 idem
1136 894 1353 938 sanctus
1404 883 1715 939 llerhardus
1747 886 1791 916 “
1820 885 1868 939 ei
1911 887 2065 954 quasi

492 986 642 1031 veste
671 977 889 1030 humida
923 977 1142 1031 indutus
1180 994 1445 1048 apparens
1476 980 1612 1032 dixit
1645 999 1655 1032 :
1700 977 1920 1034 Prccum
1951 992 2066 1033 tua-

491 1085 628 1132 rum,
669 1083 800 1136 quas
845 1067 950 1121 Deo
985 1067 1184 1136 jugiter
1230 1086 1322 1137 pro
1372 1072 1632 1123 comnmni
1681 1070 1848 1123 salute
1892 1072 2067 1124 studes

491 1161 702 1228 oﬂ‘crre,
729 1161 864 1214 scias
897 1178 976 1214 nte
1013 1163 1269 1230 fautorem
1303 1181 1427 1217 esse.
1473 1162 1620 1217 Unde
1654 1166 1784 1217 sicut
1819 1182 1909 1234 ego
1941 1165 2066 1228 tuis,

488 1253 586 1318 ita,
613 1267 812 1322 quwso,
839 1262 892 1305 tu
919 1255 1044 1305 meis
1077 1255 1128 1306 in
1155 1253 1250 1307 hoc
1279 1255 1390 1307 loco
1414 1255 1710 1323 satisfacias
1739 1257 1887 1309 votis.
1916 1252 2066 1320 Quod

489 1344 624 1396 enim
666 1360 748 1398 me
795 1356 925 1397 reste
953 1345 1169 1398 humida
1215 1347 1381 1399 cernis
1419 1348 1681 1413 indutum,
1714 1348 1840 1400 scito
1874 1365 1935 1399 et
1972 1349 2067 1400 [τος

491 1435 734 1498 evenisse,
774 1436 896 1503 quia
926 1453 960 1509 ,τι
999 1439 1431 1492 commorantium
1471 1441 1555 1492 hic
1591 1439 2067 1494 sanctimonialimn

489 1523 722 1578 lacrimis
742 1526 947 1594 quidem
979 1527 1222 1593 assiduis,
1255 1530 1343 1582 sed
1371 1530 1466 1592 ita,
1490 1533 1616 1596 plO/t
1640 1531 1823 1583 dolor!
1843 1531 2073 1598 frustre-

2172 344 2474 414 hujusmodi
2506 345 2772 406 oratione,
2804 342 2996 396 missas
3022 340 3183 409 cagpit
3211 339 3506 407 celebrare.
3533 345 3748 404 Interea

2171 450 2299 488 vero
2339 436 2492 502 juxta
2533 449 2718 503 preces
2751 420 2876 487 viri
2925 433 3095 488 sancti
3143 432 3381 500 reliquiae
3427 440 3745 494 sanctorum

2171 525 2462 591 priedictat,
2494 523 2696 592 absque
2725 522 2832 576 ullo
2866 531 3011 586 tactu
3049 522 3301 582 humano,
3337 521 3403 575 de
3429 520 3650 574 sinistra
3677 520 3746 573 ad

2169 618 2415 670 dextram
2446 615 2632 668 altaris
2666 623 2874 683 partem
2906 614 3154 666 videntur
3182 612 3394 667 caelitus
3435 610 3748 678 transferri.

2170 708 2286 774 Quo
2320 705 2579 761 miraculo
2603 707 2734 767 viso,
2770 705 2972 776 gratias
2997 705 3104 774 egit
3127 702 3239 756 Deo
3269 702 3753 769 indubitanterque

2168 800 2331 854 etiam
2372 799 2573 852 ibidem
2605 798 2771 850 vitam
2819 797 3048 850 instituit
3083 793 3462 848 mouachilem.
3493 791 3590 846 Sic
3615 804 3760 860 ergo.

2167 893 2362 947 beatus
2396 891 2754 961 Wollkaugus
2801 905 2898 962 pro
2947 888 3283 944 institutione
3321 886 3589 956 virginum
3633 897 3750 936 mo.-

2169 983 2374 1036 nastica
2406 981 2622 1036 edoceri
2656 981 2853 1035 meruit
2887 978 3212 1033 revelatione
3239 976 3441 1030 divina.
3467 974 3567 1040 Cui
3600 973 3751 1038 vide-

2169 1077 2296 1130 licet
2321 1073 2633 1130 revelationi
2660 1071 2986 1140 adiutorium
3008 1085 3219 1139 quoque
3239 1069 3534 1122 humanum
3556 1077 3753 1133 coope-

2172 1168 2339 1222 raudo
2380 1168 2453 1220 ita
2510 1163 2683 1219 alluit.
2733 1164 2836 1217 Per
2892 1163 3032 1218 idem
3092 1174 3325 1231 namque
3375 1169 3593 1227 tempus
3643 1168 3755 1223 quo

2172 1262 2502 1330 gerebantur
2533 1258 2812 1328 prtedicta,
2865 1255 3174 1319 Heinricus,
3220 1251 3452 1308 Caesaris
3505 1247 3752 1304 lleinrici

2171 1350 2402 1419 genitor,
2428 1350 2656 1404 ducatus
2701 1347 3070 1402 nionarchiam
3122 1345 3336 1399 tenebat
3363 1344 3416 1408 in
3458 1339 3752 1412 Pagoaria.

2172 1441 2270 1495 llic
2298 1441 2462 1508 igitur
2484 1456 2607 1493 cum
2638 1448 2780 1493 esset
2815 1438 3082 1492 sollicitus
3107 1435 3283 1490 cultor
3307 1435 3506 1488 divintc
3535 1431 3756 1500 religio-

2174 1532 2278 1597 nis,
2322 1531 2374 1585 id
2423 1529 2582 1584 cilicii
2667 1529 2825 1582 beato
2878 1525 3207 1598 Woltkango
3273 1525 3576 1587 commisit,
3643 1532 3756 1574 tam

489 1613 576 1677 tis,
610 1615 850 1683 perfusus
882 1634 1018 1682 sum,
1052 1627 1106 1670 ut
1147 1635 1240 1688 per
1284 1620 1501 1673 multum
1539 1623 1654 1691 jam
1695 1632 1892 1691 tempus
1939 1621 2069 1675 nihil
2103 1626 2142 1682 Β
2173 1621 2407 1692 petendo
2465 1635 2623 1689 quam
2664 1617 2905 1687 jubendo
2939 1617 3008 1681 “,
3052 1627 3110 1669 ut
3143 1616 3195 1669 in
3228 1613 3575 1668 monasteriis
3599 1610 3754 1680 puclo

488 1715 644 1758 semet
675 1707 966 1772 emendem,
999 1711 1128 1762 nihil
1158 1712 1220 1764 ab
1249 1712 1328 1765 bis
1359 1714 1515 1774 ritiis,
1537 1731 1629 1781 pro
1656 1715 1839 1782 quibus
1861 1715 2066 1767 easdem

488 1793 735 1850 lacrimas
782 1815 1056 1869 precesque
1097 1819 1220 1856 suas
1271 1805 1338 1855 ad
1379 1821 1460 1857 me
1502 1805 1776 1873 c/fundunt
1810 1805 1873 1869 ⁸⁵,
1908 1806 2070 1857 absti-

491 1901 611 1938 nere
636 1897 836 1940 curent.
866 1888 1356 1962 Quamobremjura
1380 1896 1645 1948 emortij
1673 1896 1804 1957 vitat,
1833 1912 1895 1947 ex.
1917 1895 2068 1963 cujus

490 1980 759 2034 occasione
825 1981 1075 2037 hactenus
1145 1995 1290 2038 tanta
1359 1987 1676 2056 neglegentia
1732 1989 1816 2041 llic
1865 1989 2064 2052 extitit,

491 2070 719 2138 destrne,
762 2083 808 2126 et
856 2077 1156 2130 monasticaz
1202 2080 1315 2132 vita:
1363 2080 1686 2149 disciplinam
1730 2082 1945 2134 instrue.
1990 2081 2067 2133 Ex.

491 2177 595 2231 qua
633 2163 840 2219 visione
881 2177 1101 2222 sanctus
1140 2168 1492 2241 Wollltangus
1527 2173 1729 2225 certior
1773 2172 1968 2240 lactus,
2001 2172 2068 2227 ad

493 2254 875 2312 instituendam
906 2257 1100 2312 ibidem
1128 2261 1442 2331 religionem
1473 2264 1823 2318 monasticam
1858 2279 2065 2317 summa

493 2335 553 2398 se
584 2344 868 2401 devotione
909 2349 1164 2403 accinxit.
1202 2352 1370 2416 Quale
1417 2363 1596 2406 autent
1640 2355 1777 2408 idem
1811 2371 2070 2408 veneran-

488 2435 588 2491 dus
636 2439 832 2506 prtesul
885 2441 1120 2496 coalestis
1172 2445 1375 2498 oraculi
1425 2445 1725 2514 prodigium
1775 2447 2066 2514 acceperit,

488 2540 610 2580 cum
643 2530 696 2582 in
730 2529 1005 2600 Superiori
1037 2535 1305 2605 virginum
1339 2539 1668 2592 monasterio
1695 2541 2068 2594 monachicam

483 2616 650 2673 vitam
706 2619 1052 2690 institueret,
1107 2626 1492 2696 subsequentia
1547 2629 1705 2683 verba
1767 2630 2066 2684 declarant.

487 2709 619 2764 llluc
664 2727 792 2781 ergo
825 2730 972 2770 more
1014 2717 1170 2771 solito
1204 2719 1515 2785 adveniens,
1557 2729 1610 2776 et
1648 2723 1714 2776 ad
1749 2721 2068 2777 celebranda

491 2799 779 2879 missarum
813 2803 984 2858 cilicia
1021 2821 1079 2859 se
1109 2822 1438 2876 pra'paraus,
1472 2811 1727 2878 quasdam
1758 2821 2068 2865 sanctorum

491 2891 788 2961 reliquias,
841 2911 960 2964 quae
1019 2898 1214 2954 ibidem
1276 2902 1642 2956 celeberrinne
1699 2903 2068 2968 habebantur,

2173 1715 2343 1768 larum
2369 1709 2693 1782 supradictis
2717 1708 3058 1777 disciplinam
3091 1708 3217 1761 vitae
3246 1706 3567 1760 monac-bilis
3602 1703 3758 1755 iusti-

2173 1817 2367 1863 tueret.
2408 1805 2522 1858 Tali
2552 1820 2683 1873 ergo
2707 1802 3036 1856 auctoritate
3066 1799 3148 1853 vir
3179 1799 3272 1852 Dei
3308 1795 3548 1865 undique
3592 1794 3757 1848 robo—

2172 1907 2338 1962 ratus,
2373 1905 2520 1950 tanto
2545 1895 2843 1950 studiosius
2876 1902 3079 1963 quanto
3120 1891 3368 1945 licentius
3399 1889 3669 1962 instabat,
3702 1894 3758 1940 ut

2172 1992 2222 2044 in
2250 1990 2501 2044 omnibus
2541 1988 2813 2057 virgiimm
2863 1987 3151 2049 cujnioliiis,
3200 2001 3319 2052 qua:
3345 1982 3423 2036 vel
3454 1982 3554 2036 sub
3578 1981 3758 2034 aliena

2170 2080 2252 2136 vel
2304 2081 2402 2135 sub
2456 2095 2551 2133 sua
2605 2079 2808 2133 ditionc
2855 2078 2906 2130 in
2954 2078 3086 2131 urbe
3136 2086 3292 2130 erant
3338 2073 3604 2143 posita—
3633 2085 3760 2124 nam

2172 2175 2256 2228 illa
2319 2174 2424 2227 duo
2475 2172 2786 2240 supradicta
2841 2169 2988 2234 duci,
3058 2167 3276 2224 tertium
3331 2182 3482 2229 vero,
3544 2165 3599 2218 id
3674 2173 3760 2218 est

2173 2268 2356 2322 Sancti
2395 2265 2548 2319 Pauli
2608 2263 2941 2328 emnobium,
3012 2262 3263 2331 episcopo
3329 2259 3760 2315 subdcbatur—

2171 2373 2334 2412 unam
2363 2358 2704 2423 eandemque
2763 2352 3069 2406 sanctitatis
3121 2349 3361 2421 regulam
3408 2364 3473 2402 ac
3505 2347 3760 2417 discipli»

2172 2465 2298 2504 nam
2345 2449 2675 2502 institueret.
2731 2445 2786 2499 lu
2823 2454 3029 2499 tantum
3091 2452 3299 2505 autem,
3360 2440 3535 2506 gratia
3574 2438 3760 2490 divina

2171 2542 2433 2610 largiente
2463 2548 2516 2594 et
2544 2539 2703 2594 beato
2731 2536 3053 2605 Wolfkango
3090 2535 3426 2602 corrigente,
3461 2532 3513 2586 in
3551 2531 3762 2585 eisdem

2171 2631 2676 2689 sanctimonialilms
2703 2630 2972 2684 convaluit
3003 2629 3272 2684 castitatis
3294 2628 3484 2696 religio
3514 2635 3569 2679 et
3595 2640 3762 2693 regu-

2172 2723 2302 2776 laris
2324 2723 2448 2775 vitae
2481 2720 2771 2791 professio,
2817 2728 2874 2772 ut
2922 2721 3035 2788 ipse
3083 2719 3189 2772 dux
3245 2717 3526 2788 praelatus,
3575 2715 3765 2768 divino

2172 2821 2528 2880 compunctus
2556 2825 2760 2874 amore,
2797 2810 2960 2864 ﬁliam
3007 2826 3183 2881 suam,
3211 2807 3477 2862 vocabulo
3497 2807 3542 2836 ⁸⁷
3571 2805 3754 2876 Brigi—

2171 2905 2293 2959 dam
2323 2904 2393 2969 ⁸⁸,
2424 2919 2613 2958 earum
2664 2901 2920 2972 iungeret
2946 2900 3188 2969 collegio.
3217 2899 3323 2954 Sed
3379 2907 3433 2952 et
3484 2912 3665 2968 usque
3703 2895 3762 2948 in

491 2986 744 3054 sumpsit,
797 2996 850 3040 ct
890 2988 943 3042 in
986 2989 1127 3046 illius
1177 2992 1394 3059 altaris,
1447 2995 1500 3049 in
1544 3011 1650 3064 quo
1701 2996 2144 3056 celebraturusC
2177 2997 2319 3051 diem
2385 2996 2728 3058 hodiernum,
2785 2993 2993 3047 meritis
3071 2990 3240 3062 ipsius
3307 2989 3771 3060 sullragantibus,

495 3087 611 3129 erat
639 3079 854 3146 missas,
886 3097 1052 3136 cornu
1083 3086 1300 3141 sinistro
1325 3089 1525 3157 posuit.
1558 3089 1759 3145 Deinde
1792 3091 1843 3143 in
1875 3092 2074 3145 oratio-

494 3183 618 3220 t:cm
653 3184 712 3224 se
751 3180 1124 3238 prosternens,
1166 3177 1416 3244 precibus
1456 3179 1660 3231 intimis
1691 3195 1721 3232 a
1763 3179 1875 3234 Deo
1906 3197 2073 3250 pepo-

491 3260 614 3325 scit,
647 3270 723 3326 ut,
756 3265 880 3332 quia
923 3268 1236 3322 saecularem
1280 3269 1446 3323 vitam
1497 3272 1736 3337 sinislra,
1768 3273 2067 3340 spiritalem

489 3369 620 3408 vero
659 3355 833 3426 signat
868 3373 993 3427 pars
1029 3362 1240 3427 dextra,
1277 3362 1319 3416 si
1361 3363 1460 3418 sibi
1487 3363 1746 3432 placeret,
1773 3364 1882 3418 illic
1907 3381 2069 3419 cana-

487 3449 609 3501 uica
667 3451 966 3518 institutio,
1015 3470 1133 3523 qua:
1191 3457 1377 3526 utique
1428 3457 1774 3527 negleguntes
1825 3475 2066 3528 quosque

487 3540 860 3598 sinistrorsum
898 3547 1085 3609 trahit,
1131 3550 1447 3617 permutari,
1490 3559 1543 3603 et
1590 3551 1885 3604 monastica
1933 3552 2063 3609 vita.

487 3649 606 3701 qum
628 3635 968 3690 dextrorsum
995 3641 1186 3704 currit,
1218 3641 1461 3710 institui":
1491 3643 1560 3694 ita
1585 3642 1896 3710 dignaretur
1920 3657 2068 3694 reve-

485 3723 630 3788 lare,
675 3736 730 3778 ut
762 3738 1051 3796 antequam
1092 3731 1285 3784 miSsas
1324 3732 1677 3796 celebrandas
1724 3750 2065 3787 consaunna-

489 3823 593 3875 ret,
631 3817 846 3870 easdem
881 3818 1135 3888 reliquias
1171 3838 1198 3875 a
1230 3820 1450 3875 sinistro
1493 3823 1543 3876 in
1594 3823 1840 3877 dextrum
1885 3824 2069 3878 altaris

2179 3087 2270 3142 tali
2304 3088 2484 3156 vigent
2511 3087 2847 3140 incremento
2889 3084 3176 3146 virtutum,
3208 3091 3266 3135 ut
3290 3083 3430 3134 inter
3453 3082 3753 3134 sanctimo~

2176 3178 2347 3233 niales
2394 3187 2604 3232 ceteras
2642 3176 2926 3230 videantur
2960 3177 3074 3229 fore
3105 3175 3407 3244 speculum.
3435 3171 3584 3225 Idem
3619 3186 3759 3240 quo-

2173 3285 2277 3340 que
2310 3269 2376 3323 de
2397 3268 2581 3322 Sancti
2615 3265 3001 3321 Emmerammi
3030 3265 3308 3319 monachis
3337 3264 3420 3317 las
3443 3271 3523 3317 est
3549 3263 3758 3326 dicere,

2171 3375 2452 3432 quousque
2482 3359 2736 3412 abbatem
2761 3357 3142 3420 Ran'moldum,
3177 3372 3336 3426 queat
3367 3356 3483 3425 ipse
3511 3355 3765 3425 prtelec'it

2174 3455 2299 3516 illis,
2352 3452 2584 3522 contigit
2633 3465 2886 3520 praeesse.
2941 3449 3069 3505 Post
3117 3450 3233 3519 ejus
3282 3465 3410 3502 vero
3457 3449 3761 3502 discessum

2175 3545 2286 3614 (an.
2318 3545 2473 3613 1001)
2530 3543 2853 3612 illorumque
2900 3559 3036 3612 quos
3078 3543 3190 3613 ipse
3242 3543 3577 3602 instituerat,
3636 3549 3764 3594 tunc

2175 3637 2412 3705 peccatis
2442 3635 2801 3706 exigentibus,
2830 3637 2972 3689 sicut
3017 3635 3286 3703 (prondain
3316 3633 3517 3701 .loscph
3543 3639 3767 3685 mortuo

2176 3728 2272 3784 ﬁlii
2299 3729 2464 3784 Israel
2491 3729 2623 3783 dura
2649 3730 2907 3783 servitute
2937 3727 3138 3781 carnali
3175 3727 3227 3780 in
3260 3725 3498 3796 zEgypto
3525 3722 3764 3793 compri-

2178 3827 2484 3890 mebautur,
2546 3827 2619 3878 ita
2653 3834 2705 3879 et
2755 3822 2941 3879 Sancti
2993 3820 3382 3876 Emmerammi
3439 3817 3761 3882 emnobitac,

1809 3941 2040 3998 γΑιὶιίΕ
2081 3944 2483 4000 LECTIONES.

565 4051 606 4081 ⁸³
633 4052 769 4105 deest
799 4053 853 4105 ‘2.
929 4053 974 4085 ⁸³⁵
994 4054 1260 4108 erliardus
1283 4056 1337 4108 9..
1417 4057 1460 4086 ⁸⁵
1487 4055 1757 4109 ell'undcnt
1782 4055 1833 4108 2.

1911 4057 1954 4086 ⁵⁸
1980 4057 2325 4128 percipiendo
2346 4057 2401 4110 εὶ.

2477 4058 2518 4086 ⁸⁷
2535 4057 2750 4110 neruiue
2775 4055 2828 4111 2.
2907 4055 2951 4087 ‘3
2973 4055 3241 4109 hrididam
3261 4068 3398 4107 corr.
3423 4049 3771 4126 brigidami.

2007 4171 2237 4226 ΝῡτλΕ.

492 4299 798 4353 omnemque
835 4284 970 4337 lianc
1005 4284 1244 4337 destrnas
1293 4283 1762 4351 congregationem,
1801 4293 1844 4336 ct
1884 4299 2068 4335 mona-
2100 4284 2145 4341 ι)
2177 4284 2291 4338 hare
2347 4292 2532 4336 uolatu
2577 4283 2735 4351 digna
2786 4283 3034 4353 leguntur
3071 4281 3264 4336 :Beati
3303 4281 3613 4353 l‘Volfgangi
3655 4283 3765 4350 epi-

489 4353 687 4405 chicam
732 4353 800 4406 ibi
838 4354 1083 4407 instituas
1131 4353 1536 4422 professionem;
1584 4369 1738 4422 quam
1788 4356 1831 4405 si
1876 4354 2064 4407 barum

490 4422 668 4490 aliqua
717 4439 832 4492 qua:
871 4441 1005 4476 nunc
1046 4425 1174 4475 inest
1211 4425 1324 4477 rclit
1360 4425 1612 4491 proﬁteri,
1658 4424 1958 4493 recipiatur,
1989 4425 2068 4476 sin

490 4502 684 4554 autent,
737 4495 944 4546 omnino
989 4494 1130 4562 quod
1161 4511 1294 4547 nunc
1341 4505 1459 4547 sunt
1508 4494 1738 4556 tlestrue,
1788 4511 1878 4547 nec
1930 4495 2070 4546 ultra

491 4562 839 4615 contaminari
895 4562 1065 4615 locant
1122 4565 1279 4616 istum
1326 4577 1518 4631 patere.
1563 4585 1578 4614 ι
1632 4564 1774 4616 Tunc
1824 4565 2070 4631 temporis

490 4632 676 4702 quippe
721 4635 1092 4685 canonicarum
1126 4645 1235 4685 erat
1268 4637 1321 4686 in
1355 4634 1528 4685 eodem
1565 4634 1677 4687 loco
1711 4635 1984 4702 professio,
2009 4651 2071 4685 ac

490 4700 722 4754 carnalis
748 4703 1051 4770 petulantiw
1083 4721 1183 4756 non
1211 4705 1425 4756 minima
1455 4705 1610 4771 [iebat
1637 4700 1902 4770 confusio,
1937 4705 2068 4756 adeo

492 4780 571 4833 nt,
601 4787 718 4822 cum
768 4773 835 4824 ad
867 4774 1115 4827 artiorem
1156 4775 1312 4827 ritum
1345 4785 1672 4842 cogerentur,
1705 4775 1899 4843 aliqua:
1929 4775 2070 4839 ipsa-
2105 4826 2107 4828 _

490 4857 605 4894 runt
639 4845 1011 4896 monasterium
1043 4845 1341 4912 reliquerint
1388 4854 1434 4897 et
1483 4845 1887 4911 fornicatoribus
1928 4843 2071 4910 prio-

489 4912 631 4964 ribus
657 4912 1088 4966 mlltct'serint...”
1120 4913 1244 4967 Post
1271 4915 1379 4968 ltatc
1409 4915 1561 4967 verba
1589 4916 1765 4967 beatus
1792 4913 2069 4981 Wolfgan‘c

488 4998 584 5050 gas
613 4982 803 5034 cazlesti
834 4985 1074 5037 obediens
1105 4987 1380 5047 voluntati,
1405 5001 1465 5037 ea
1499 5001 1616 5054 qnw
1645 4986 1830 5052 jussus
1866 4994 1938 5035 est
1974 4985 2069 5035 int-

488 5054 630 5124 plere
670 5054 910 5124 cogitarit
953 5065 1000 5107 et
1044 5057 1212 5108 modis
1242 5055 1481 5107 omnibus
1511 5055 1696 5124 quibus
1727 5054 1889 5121 ιίοιιιὶι
1921 5053 2070 5121 festi-

489 5123 655 5192 navit.
677 5120 916 5178 Peractis
937 5136 1109 5178 autem
1135 5144 1164 5178 a
1181 5128 1327 5178 beato
1345 5120 1656 5192 Wolfghngo
1680 5140 1796 5191 qua:
1823 5125 1865 5174 Ι)
1883 5142 1890 5143 η
1902 5120 2072 5174 minus

492 5191 824 5261 disposuerat
863 5205 909 5247 et
944 5197 1022 5249 vir
1051 5207 1262 5249 sanctus
1306 5191 1602 5261 rogat-erat,
1635 5205 1904 5260 postquam
1950 5207 2071 5257 pro-

495 5259 733 5332 fessionis
765 5265 1022 5318 districtio
1053 5264 1225 5317 locum
1251 5259 1396 5332 prius
1429 5259 1841 5314 contaminatum
1868 5277 2076 5312 emacu-

2177 4355 2318 4423 scopi
2350 4355 2664 4420 temporibus
2710 4351 3106 4423 erat'qna‘dam
3150 4351 3583 4423 sanctimonialis,
3628 4353 3762 4404 beati

2177 4421 2293 4475 rero
2321 4423 2563 4476 Urlalrici
2591 4426 2785 4476 sororis
2824 4423 2962 4489 ﬁlia,
3008 4421 3339 4490 Knnigundis
3371 4422 3602 4482 nomine,
3644 4437 3760 4487 qua!

2175 4494 2426 4546 custodia!
2452 4504 2671 4561 pra’erat
2697 4494 3078 4554 ecclesiasticcc,
3110 4495 3264 4545 totius
3299 4493 3508 4560 quidem
3553 4502 3600 4544 ct
3645 4494 3758 4559 ipsa

2171 4565 2442 4631 probitatis
2471 4575 2516 4616 et
2545 4563 2875 4631 perfectionis
2913 4574 3187 4616 consecuta
3215 4562 3435 4614 culmen.
3455 4601 3468 4612 .
3489 4599 3502 4611 .
3524 4601 3537 4613 .
3559 4600 3574 4614 .
3613 4563 3759 4615 nobis

2173 4635 2306 4702 idem
2359 4634 2640 4687 retulerunt
2683 4635 2772 4702 qui
2815 4644 3059 4701 utrosque
3102 4643 3480 4693 noverunt....;
3513 4643 3644 4686 etc.
3675 4631 3708 4684 6
3743 4648 3756 4683 :

2172 4701 2391 4756 Juditha
2419 4704 2648 4765 auctrix,
2694 4701 2810 4773 qnw
2857 4705 2993 4755 idem
3028 4705 3173 4756 an.rit
3205 4703 3598 4766 monasterium,
3633 4703 3759 4754 dum

2175 4773 2266 4824 iret
2308 4775 2376 4825 ad
2423 4773 2751 4842 sepulchrum
2783 4774 2994 4826 Domini
3031 4773 3468 4838 Hierosolymam,
3518 4783 3575 4824 ut
3615 4789 3760 4840 reges

2172 4842 2357 4905 solent,
2387 4844 2539 4910 plura
2581 4845 2656 4895 rel
2705 4855 2877 4910 aperte
2934 4842 3010 4896 rel
3064 4843 3362 4896 abscondite
3399 4843 3476 4894 vel
3519 4859 3640 4896 ossa
3683 4843 3761 4894 rel

2177 4929 2391 4980 corpora
2434 4913 2764 4983 conquisivit,
2820 4930 2936 4982 queo
2987 4913 3073 4966 ubi
3130 4924 3390 4965 terrarum
3448 4911 3525 4966 vel
3571 4913 3661 4964 ubi
3703 4914 3766 4966 in

2177 4983 2397 5051 praefata
2425 4987 2665 5036 conderet
2709 4984 2944 5046 ecclesia,
2998 5000 3089 5036 nec
3117 4985 3228 5051 ipsa
3254 4984 3377 5036 sciri
3431 4983 3613 5047 coluit,
3666 4999 3765 5035 uec-

2178 5053 2453 5123 qnisqunm
2485 5073 2576 5108 nos
2599 5055 2781 5107 docere
2830 5056 3017 5122 potuit.
3063 5053 3188 5119 Ipsa
3215 5070 3353 5116 vero,
3382 5055 3507 5122 quia
3536 5056 3760 5106 humata

2181 5135 2259 5194 est
2287 5125 2338 5176 in
2370 5125 2480 5194 ipsa
2513 5125 2754 5185 ecclesia,
2783 5125 3042 5178 evidenter
3093 5125 3375 5194 edocetxin
3407 5122 3558 5194 illum
3582 5125 3759 5175 locum

2183 5192 2348 5246 solum
2380 5192 2604 5248 maxime
2640 5195 2922 5259 studuisse,
2973 5194 3059 5246 ubi
3091 5204 3270 5246 notum
3297 5192 3415 5262 fecit
3455 5193 3667 5262 humari
3702 5205 3757 5244 se

2183 5262 2437 5336 uoluisse.
2475 5263 2604 5316 Ila-c
2629 5279 2722 5316 nos
2751 5267 2814 5315 de
2837 5282 2897 5336 ea
2925 5264 3166 5322 strictim,
3225 5260 3545 5331 quamquam
3583 5260 3756 5336 plura
