3988 5336
206 286 305 343 609

1431 288 1591 349 ἮΤΔ
1629 290 1692 352 8.
1726 292 2168 357 WOLFKANCI.

3357 302 3462 363 HO

207 400 382 461 multis
406 398 923 473 pseudopraepositis
970 402 1413 470 succedentibus,
1455 406 1770 465 omnimoda
1795 416 1850 477 Α
1878 415 2030 470 nensi
2060 415 2129 471 ad
2169 414 2429 486 populum
2464 417 2628 473 solito
2658 431 2811 475 more
2857 414 3296 483 condonaretur,
3344 419 3461 475 dia-

205 490 495 562 spiritualis
515 491 643 553 vita:
662 492 1036 553 destructione
1064 494 1287 550 contriti
1327 504 1475 551 sunt.
1515 496 1623 552 Sed
1653 498 1773 553 bzec

137 646 150 656 _
205 567 511 638 amittentes
541 581 615 637 ad
633 580 910 652 proposita
947 583 1257 640 redeamus.
1754 639 1771 653 ,,

269 671 350 745 18.
381 672 513 727 Cum
539 687 670 742 ergo
692 672 795 727 hoc
814 688 925 743 quo
944 672 1060 743 jam
1091 674 1297 731 dictum
1340 684 1423 730 est
1454 675 1615 731 modo
1639 690 1770 731 san-

201 769 315 835 ctus
381 757 746 832 Wolfkangus
811 762 1131 817 desudassct
1197 777 1362 833 super
1427 764 1774 820 institutione

200 853 512 920 monasticis,
547 867 658 907 non
692 852 889 908 minari
921 868 1138 923 quoque
1164 855 1347 911 studio
1377 869 1499 911 sese
1520 857 1765 913 accinxit

199 942 615 1009 adinstitueuda
663 944 876 999 ordinis
926 946 1175 1001 canonici
1220 944 1369 1015 jura.
1421 946 1593 1015 Quem
1643 948 1773 1019 quia

196 1042 405 1104 propter
426 1037 801 1090 autecessoris
820 1035 902 1089 sui
938 1034 1219 1091 Michaelis
1252 1038 1495 1109 episcOpi
1519 1037 1777 1093 invalitu-

196 1123 364 1178 dinem
392 1122 711 1179 destitutmu
740 1124 970 1190 invenit,
1007 1125 1150 1181 omni
1191 1129 1492 1198 sagacitate
1530 1139 1585 1184 et
1618 1128 1777 1184 indu-

194 1212 316 1267 stria
343 1213 641 1269 emendare
663 1215 888 1283 studuit,
917 1215 1154 1286 primum
1182 1216 1398 1286 quidem
1427 1227 1485 1272 ut
1505 1217 1778 1274 sullicieu-

195 1298 313 1358 tiam
345 1304 523 1360 victus
550 1315 608 1361 et
637 1307 866 1362 vestitus
902 1307 1181 1364 canonicis
1221 1308 1426 1364 allatim
1472 1309 1776 1379 exhiberet,

193 1395 371 1459 deinde
398 1407 457 1452 ut
483 1406 611 1468 post
630 1414 690 1453 se
710 1400 965 1456 custodes
990 1400 1213 1459 idoneos
1237 1402 1564 1472 provideret.
1591 1400 1782 1473 Dispo-

193 1488 287 1541 suit
343 1488 512 1543 etiam
590 1499 648 1543 ut
710 1490 763 1544 in
834 1490 1121 1547 refectorio
1175 1484 1343 1548 simul
1396 1492 1777 1561 comederent,

191 1577 338 1634 simul
375 1579 708 1647 dormirent,
752 1597 821 1637 ne
850 1581 1146 1639 claustrum
1176 1583 1487 1656 incongruis
1515 1585 1778 1640 horarum

191 1672 366 1740 spatiis
408 1673 824 1744 egrederentur,
883 1691 950 1731 ne
1004 1676 1207 1732 silentii
1259 1687 1463 1732 statuta
1523 1677 1777 1746 frangere

1876 504 2035 563 bolos
2070 507 2252 563 subito
2291 510 2585 565 concitavit
2635 509 2937 575 turbinem,
2984 517 3040 565 et
3082 524 3206 565 cum
3251 500 3497 566 turbine

1877 597 2266 655 tumultuosam
2300 600 2688 666 turbationem,
2721 616 2785 655 ac
2822 598 3174 656 nihilominus
3195 614 3318 658 cum
3347 609 3464 677 tur-

1874 686 2094 747 batione
2122 686 2405 751 confusum
2434 704 2678 743 murmur
2701 687 2882 761 populi
2909 698 2965 745 et
2990 688 3313 757 clamorem,
3341 702 3464 747 nec?

1877 792 1983 834 non
2008 792 2175 847 super
2198 787 2401 833 tectum
2425 778 2668 833 ecclesia:
2698 779 2968 849 fragorem
2994 778 3142 834 dedit
3171 777 3463 847 ingentem,-

1875 879 1930 925 et
1961 868 2105 925 intra
2143 869 2393 927 ecclesia:
2436 869 2777 940 receptacula
2819 870 3094 940 pulverem
3141 858 3466 942 dispergens

1876 975 1945 1016 ac
1979 960 2253 1025 nebulam,
2303 962 2607 1031 aliquorum
2637 961 2915 1018 obtutibus
2949 961 3239 1032 caliginem
3267 961 3466 1019 infudit

1878 1055 2244 1110 tenebrosam.
2295 1054 2502 1124 Quibus
2550 1068 2617 1109 es
2669 1055 2962 1125 improviso
2991 1056 3122 1111 visis
3164 1064 3221 1111 et
3260 1049 3499 1112 auditis

1877 1144 2107 1215 populus
2160 1146 2504 1216 perterritus,
2555 1145 2744 1211 immo,
2793 1145 2935 1215 quod
2972 1144 3126 1216 pejus
3150 1156 3290 1211 erat,
3324 1160 3464 1218 pene

1879 1244 2060 1291 mente
2107 1233 2409 1301 alienatus,
2448 1236 2616 1306 cmpit
2658 1250 2988 1292 concurrere
3036 1245 3093 1291 et
3133 1234 3461 1300 discurrere,

1879 1322 2119 1379 incertus
2145 1323 2198 1376 in
2222 1338 2387 1393 quam
2417 1333 2626 1393 partem
2657 1337 2717 1379 se
2742 1322 2914 1379 tutius
2946 1338 3011 1379 ac
3044 1323 3247 1378 rectius
3279 1328 3466 1395 posset

1880 1424 2219 1470 convertere.
2266 1414 2487 1469 Interim
2526 1413 2888 1470 audiebantur
2918 1428 3081 1468 voces
3120 1413 3245 1468 hinc
3280 1413 3466 1468 dicen-

1882 1503 2014 1560 tium
2041 1521 2055 1557 :
2080 1503 2148 1558 In
2176 1505 2301 1558 urbe
2327 1505 2528 1576 grande
2568 1505 2714 1559 sa'rit
2761 1504 3054 1559 incendium
3078 1519 3097 1570 ;
3126 1502 3248 1558 inde
3278 1498 3465 1557 clamie
3514 1537 3518 1541 -

1880 1597 2110 1652 tantittm
2137 1614 2151 1650 :
2183 1594 2317 1653 Ecce
2356 1595 2610 1651 seditione
2647 1595 2792 1664 facta
2833 1593 3116 1649 multorum
3152 1591 3340 1664 gladiis
3364 1607 3469 1657 car

1880 1688 2079 1743 duntur
2122 1686 2337 1757 jugulo.
2392 1685 2634 1756 Coinque
2684 1701 2783 1756 pro
2827 1685 3159 1740 clamoribus
3210 1682 3468 1751 hujusce,-
3520 1716 3521 1721 η

191 1773 533 1819 conarentur.
577 1764 831 1833 ,luniores
865 1776 923 1823 ut
970 1767 1273 1825 scolaribus
1309 1769 1506 1839 studiis
1549 1769 1772 1825 intercs-
1805 1768 1854 1833 Β
1882 1777 2024 1833 modi
2072 1775 2119 1810 ’⁸
2162 1777 2420 1834 sedandis
2470 1775 2721 1842 multum,
2776 1775 2871 1831 sed
2922 1774 3219 1838 incassum,
3277 1773 3474 1842 fuisset

190 1862 298 1908 seut
321 1855 607 1926 praecepit,
633 1856 874 1915 seniores
897 1873 1025 1913 vero
1052 1867 1109 1914 ut
1134 1857 1447 1929 psalmodiis
1474 1859 1558 1914 vel
1586 1859 1776 1914 lectio-

190 1942 334 2002 nibus
376 1953 471 2000 aut
520 1947 862 2005 orationibus
907 1953 1447 2009 vacarentdecrevit.
1485 1951 1549 2008 Ut
1590 1961 1772 2008 autem

190 2035 553 2095 adolescentes
593 2040 649 2094 in
688 2042 965 2112 capiendis
1009 2045 1250 2100 scientia!
1283 2046 1521 2103 lberalis
1556 2047 1774 2103 noticiis

190 2126 354 2186 lorent
389 2132 695 2201 agiliores,
745 2134 1059 2206 frequenter
1114 2139 1281 2193 voluit
1333 2138 1543 2193 tabulas
1586 2154 1771 2195 eorum

190 2235 395 2278 cernere
423 2223 688 2282 dictales.
718 2224 1014 2298 Plerosque
1048 2230 1210 2284 etiam
1235 2246 1423 2285 eorum
1457 2230 1770 2301 proﬁciendi

194 2327 341 2371 eausa
371 2313 663 2372 beneﬁciis
717 2319 989 2388 incitavit;
1044 2322 1136 2394 qui
1165 2333 1346 2379 autem
1380 2324 1593 2380 desides
1617 2331 1775 2381 erant

189 2410 237 2456 et
266 2403 619 2475 neglegentes
647 2407 947 2481 increpavit
970 2412 1035 2465 ⁶⁹.

252 2494 335 2571 179.
365 2497 412 2528 ⁷⁸
453 2488 949 2572 Μοιιςιδιὶιῖὶέετεο
980 2513 1035 2563 et
1065 2505 1415 2561 interioribus
1464 2508 1625 2563 rebus
1679 2522 1773 2561 ra-

190 2587 514 2647 tionabiliter
558 2592 844 2657 ordinatis,
893 2595 1161 2650 discretus
1204 2597 1293 2652 Dei
1341 2599 1518 2652 cultor
1561 2614 1771 2669 nequa-

185 2693 330 2749 quam
371 2682 662 2737 exteriora
706 2684 890 2738 omisit
930 2684 1251 2754 providere;
1302 2689 1397 2741 sed
1439 2689 1581 2742 sicut
1608 2688 1769 2743 urba-

187 2770 263 2825 nis
279 2779 329 2824 et
354 2772 657 2827 cmnobitis
698 2773 1020 2829 documenta
1052 2777 1220 2841 dedit,
1270 2776 1343 2831 ita
1390 2778 1558 2833 etiam
1597 2788 1770 2833 totam

189 2864 515 2943 perlustrans
539 2883 706 2922 suam
733 2867 1016 2934 diocesim,
1065 2881 1289 2925 cunctos
1315 2870 1611 2927 salutifera:
1638 2888 1775 2943 prte-

191 2956 462 3013 dicationis
490 2960 673 3017 odore
710 2962 1001 3031 adspersit.
1030 2961 1368 3033 Quapropter
1408 2980 1531 3020 cum
1575 2964 1770 3019 missa-

190 3062 296 3119 rum
344 3049 640 3106 sollemnia
682 3051 1009 3108 celebrasset
1036 3069 1099 3115 ex
1135 3070 1283 3108 more
1306 3055 1440 3125 (7|),
1476 3055 1527 3109 iu
1565 3065 1771 3110 tamam

1877 1869 2201 1933 laboratum,
2237 1868 2451 1923 tandem
2484 1869 2576 1939 qui
2607 1876 2766 1923 erant
2813 1867 2979 1922 tantis
3014 1864 3218 1919 inimici
3251 1863 3470 1920 machi-

1875 1962 2189 2018 nationibus
2243 1960 2546 2026 ludiﬁcati,
2610 1960 2685 2015 ita
2738 1956 3004 2030 gregatim
3055 1962 3351 2025 eruperunt
3402 1951 3471 2006 de

1876 2057 2131 2121 ecclesia,
2164 2064 2220 2111 ut
2247 2055 2336 2110 vix
2369 2054 2527 2125 pauci
2553 2060 2899 2109 remanerent
2932 2050 2986 2104 iu
3023 2049 3131 2104 illa.
3166 2047 3318 2101 Tunc
3345 2044 3464 2114 epi-

1875 2165 2094 2220 scopus,
2142 2164 2302 2219 quem
2353 2156 2518 2202 tanta:
2561 2144 2856 2202 commotio
2887 2140 3223 2211 tempestatis
3247 2135 3471 2209 propcl—

1875 2239 1985 2295 lere
2007 2238 2269 2309 nequivit,
2293 2236 2549 2292 clamavit
2571 2245 2625 2290 ct
2652 2235 2822 2289 dixit:
2851 2232 3068 2287 Domine
3086 2229 3214 2284 Iesu
3234 2225 3467 2309 Christe,

1876 2333 2031 2386 solita
2080 2329 2324 2399 ﬁdelibus
2365 2329 2467 2381 luis
2509 2327 2680 2399 gratia
2723 2323 2969 2387 concede,
2997 2330 3052 2376 ut
3078 2319 3233 2373 hodie
3256 2317 3463 2372 videant

1876 2423 2096 2494 gloriam
2121 2421 2345 2476 nominis
2369 2419 2446 2473 tui
2462 2428 2510 2473 et
2531 2416 2889 2487 confusionem
2912 2411 3128 2468 diaboli.
3143 2410 3274 2478 Qum
3296 2408 3461 2467 verba

1874 2524 2057 2572 secuta
2081 2523 2162 2569 est
2189 2511 2455 2568 serenitas
2478 2510 2643 2574 acris,
2666 2517 2720 2563 et
2742 2505 3099 2562 serenitatem
3124 2513 3377 2556 recursus
3403 2497 3470 2568 in,

1876 2608 2160 2664 ecclesiam
2211 2604 2409 2675 plebis.
2452 2602 2549 2658 Cui
2590 2598 2921 2656 venerabilis
2955 2596 3184 2651 antistes
3214 2607 3338 2647 mox
3363 2605 3454 2646 sa-
3530 2628 3531 2631 η

1875 2716 1985 2758 εγω
2034 2699 2295 2755 doctrina:
2337 2695 2500 2752 verba
2545 2693 2847 2757 effundens,
2889 2690 3025 2745 adeo
3069 2687 3156 2743 illa
3204 2686 3312 2750 die,
3360 2682 3472 2740 sibi.

1876 2792 2111 2862 Spiritus
2159 2789 2333 2846 sancti
2377 2787 2552 2857 gratia
2598 2783 2938 2840 dulcedinem
2987 2776 3254 2835 sermonis
3286 2770 3471 2835 iustil-_

1875 2882 2041 2947 laute,
2089 2878 2313 2950 profuit,
2363 2887 2423 2933 ut
2469 2873 2755 2932 manifeste
2806 2871 3081 2927 inimicum
3122 2865 3319 2921 vicerit
3368 2862 3473 2925 vel.

1877 2971 2160 3042 fugaverit,
2200 2969 2292 3040 qui
2348 2964 2776 3038 perturbationis
2824 2961 3104 3017 nimietate
3155 2957 3220 3013 ad
3268 2956 3463 3011 horam

1878 3079 2013 3132 pene
2055 3060 2308 3116 omnibus
2345 3056 2550 3112 nocuit.
2599 3053 2752 3111 Unde
2782 3061 2835 3108 et
2866 3062 3051 3122 postea
3089 3047 3329 3103 ﬁdelium
3368 3042 3463 3098 dc—

186 3141 378 3213 Ριθδθηι
427 3143 735 3199 αδδυεῖεεῖι
782 3146 1041 3202 εεειθδῖίιδ
1083 3147 1130 3178 ⁷⁸
1176 3123 1542 3217 ΐνεψὶειίιπε,
1582 3158 1641 3203 ιιι
1671 3164 1765 3220 Per
1798 3123 1851 3189 ο
1879 3123 2026 3211 votio
2067 3156 2208 3209 hanc
2249 3149 2699 3207 consuetudinem
2747 3161 2845 3216 pro
2876 3145 2994 3214 lege
3033 3141 3198 3211 cmpit
3238 3137 3477 3209 habere,
3538 3149 3542 3153 ’

187 3232 289 3287 dies
314 3234 621 3291 sollemnes
646 3236 737 3289 vix
765 3236 905 3291 domi
936 3253 1220 3294 remanere
1248 3239 1561 3294 viderentur
1585 3251 1768 3295 custo-

187 3320 289 3381 des.
319 3324 399 3378 Ad
425 3324 769 3396 praedulcem
797 3327 941 3383 enim
969 3330 1103 3382 tanti
1132 3330 1404 3398 pontiﬁcis
1428 3332 1770 3388 exhortatio-

188 3426 297 3483 netu
322 3414 585 3468 certatim
626 3429 791 3470 sexus
828 3417 1111 3491 utriusque
1152 3420 1307 3474 turba
1333 3418 1606 3476 conﬂuere
1632 3421 1774 3477 sole-

187 3505 291 3577 bat,
320 3525 483 3580 quam
524 3509 665 3581 illuc
711 3511 1010 3583 fragrantia
1056 3515 1102 3545 τ’
1142 3516 1436 3572 caelestium
1468 3526 1773 3575 aromatum

185 3600 411 3667 adduxit,
436 3603 636 3672 apium
665 3604 916 3660 videlicet
940 3606 1131 3667 instar,
1164 3623 1299 3677 quas
1328 3617 1449 3679 post
1470 3625 1528 3665 se
1559 3611 1775 3667 trahere

184 3690 380 3754 videtur
423 3693 621 3748 mellis
660 3694 816 3748 odor.
850 3694 1057 3762 Quibus
1084 3696 1244 3753 Pater
1277 3700 1398 3768 pius
1431 3714 1777 3770 sunnnopere

185 3781 486 3841 desiderans
516 3801 652 3842 esse
682 3795 841 3857 aptus
864 3797 921 3843 ct
946 3788 1117 3855 utilis,
1150 3790 1203 3845 itt
1231 3791 1596 3862 disputatione
1625 3794 1774 3864 regni

186 3875 400 3931 caeleszis
441 3878 741 3948 perplexis
790 3895 853 3935 ac
895 3880 1209 3950 sophisticis
1254 3884 1475 3940 minime
1524 3885 1777 3940 utebatur

184 3969 476 4034 sententiis,
515 3969 626 4025 sed
656 3969 737 4024 sic
766 3970 955 4026 melliti
986 3974 1099 4028 oris
1123 3972 1461 4029 dulcedinem
1488 3992 1581 4045 per
1604 3993 1777 4046 quan-

186 4061 298 4115 dam
332 4063 677 4120 inefl‘abilem
725 4066 1061 4136 temperabat
1108 4068 1504 4133 austeritatem,
1546 4078 1605 4124 ut
1636 4071 1772 4125 sitn-

186 4148 293 4231 plici
323 4163 377 4211 et
399 4155 620 4225 optimo
668 4169 869 4225 genere
911 4154 1199 4212 locutionis
1243 4168 1464 4229 tangere
1504 4158 1778 4215 videretur

186 4242 356 4306 intima
404 4247 688 4318 cujusque
731 4248 1101 4318 cogitationis,
1156 4251 1356 4323 talique
1387 4261 1505 4307 arte
1537 4269 1601 4308 ex
1645 4270 1778 4310 non-

186 4334 437 4392 nullorum
488 4339 679 4394 oculis
717 4337 1065 4397 lacrimarum
1107 4343 1329 4399 eliceret
1358 4344 1581 4417 imbres.
1623 4346 1785 4404 Hanc.

186 4429 434 4499 siquidem
467 4450 500 4489 a
527 4433 749 4506 Spiritu
782 4446 972 4493 sancto
1002 4446 1290 4508 acceperat
1315 4441 1574 4511 gratiam,
1602 4451 1663 4499 ut
1694 4444 1772 4507 bi,

186 4523 267 4593 qui
295 4526 623 4593 praedicanti
652 4526 973 4584 assisterent
1000 4546 1235 4607 eumque
1263 4532 1471 4590 intente
1501 4536 1775 4604 audirent,

185 4624 295 4670 raro
324 4623 417 4672 aut
435 4633 750 4689 numquam
779 4620 1057 4677 absceder.
1074 4632 1133 4676 nt
1163 4624 1233 4679 ab
1252 4625 1371 4695 cjus
1392 4627 1776 4695 pricdicatioue

186 4705 291 4789 sine
320 4708 687 4765 lacrimarum
716 4708 994 4768 effusione.
1035 4713 1153 4781 Quo
1196 4716 1480 4787 pergrandi
1525 4704 1686 4782 bono,
1741 4735 1777 4779 a.

189 4795 308 4873 largi
332 4817 425 4858 ore
462 4802 721 4859 omnium
769 4803 1032 4859 bonorum
1076 4819 1355 4869 concesso,
1391 4820 1490 4877 per
1516 4807 1773 4864 malitiam

190 4901 326 4944 suam
352 4895 646 4949 sauciatus
673 4893 923 4950 humanm
963 4894 1155 4950 salutis
1192 4896 1465 4963 inimicus,
1495 4897 1788 4965 invidiam,

190 4994 335 5055 quam
359 5001 583 5058 semper
610 4985 870 5054 habebat,
898 4987 1099 5059 quibus
1127 4997 1339 5058 poterat
1363 4990 1568 5047 viribus
1585 5001 1774 5048 contra

192 5070 320 5149 illum
345 5077 673 5134 exercebat.

244 5165 326 5226 20.
348 5169 487 5226 Nam
516 5168 642 5242 (72)
678 5170 767 5228 die
788 5173 1021 5243 quadam
1045 5187 1165 5226 cum
1197 5173 1242 5203 ⁷³
1274 5172 1327 5228 in
1358 5176 1490 5232 nrhc
1514 5176 1771 5251 Rati-po-

1804 4484 1855 4545 ι)

1879 3263 1988 3320 quo
2015 3262 2111 3318 per
2136 3246 2399 3299 stationes
2436 3241 2752 3312 episcopum
2793 3236 3071 3293 turmatim
3099 3231 3479 3305 prmvenirent.

1877 3348 1934 3395 et
1955 3347 2330 3408 sequerentur,
2354 3350 2417 3389 ac
2439 3329 2844 3403 praedicationis
2861 3327 3227 3400 erogationem
3252 3334 3473 3399 summa
3534 3352 3543 3366 ε

1880 3428 2167 3484 all'cctione
2194 3426 2679 3496 amplecterentur.
3473 3474 3480 3483 ,

1950 3523 2041 3578 ξι.
2090 3520 2213 3575 Alio
2259 3532 2475 3587 quoque
2529 3524 2792 3583 tempore,
2824 3510 2985 3566 beato
3030 3505 3359 3576 Woltkango
3407 3503 3477 3561 in.

1879 3616 2103 3675 basilica
2148 3612 2320 3669 sancti
2366 3608 2517 3664 Pauli
2551 3604 2781 3677 apostbli
2815 3603 3124 3659 celebrante
3165 3594 3467 3654 missarum'

1880 3707 2182 3772 sollemnia,
2216 3705 2367 3775 plebs
2399 3715 2552 3757 more
2586 3698 2748 3755 solito
2781 3697 2972 3752 aderat
3000 3693 3185 3749 multa.
3215 3690 3475 3759 Cumque.

1880 3801 1994 3876 (73)
2025 3815 2147 3855 eum
2181 3812 2249 3852 cx
2292 3792 2597 3850 astantibus
2620 3790 2837 3864 quidam
2864 3786 3021 3843 miles
3053 3785 3278 3842 stolidus
3310 3790 3462 3876 veste

1880 3873 2070 3950 bumili
2100 3890 2405 3959 adspiceret
2435 3884 2705 3947 imlutum,
2735 3890 2896 3951 atquc
2927 3877 3127 3934 dehinc
3152 3873 3469 3932 sacerdota-.
3546 3876 3547 3879 ‘

1879 3987 2020 4045 libus
2063 3982 2403 4038 vestimentis
2431 3980 2641 4034 videret
2669 3976 2978 4039 inlulatum,
3007 3973 3220 4045 plebeia
3250 3969 3479 4027 stolidi-.

1882 4087 1991 4133 tate
2032 4074 2298 4146 despexit,
2348 4081 2404 4127 et
2448 4071 2630 4127 cordis
2666 4084 2763 4124 ore
2796 4067 2841 4099 ⁷⁸
2871 4077 3246 4129 murmurans,
3287 4060 3479 4127 dixit;

1882 4170 1926 4224 0
1960 4184 2118 4240 quam
2160 4166 2410 4237 insipiens
2457 4163 2556 4233 fuit
2607 4162 2891 4230 imperator
2933 4156 3033 4210 illo‘
3068 4165 3316 4225 tempore,
3356 4168 3479 4225 quq.
3552 4172 3555 4179 ε

1877 4277 2172 4334 pannosum
2222 4259 2381 4314 istum
2411 4273 2474 4310 ac
2503 4252 2868 4323 despicabilem
2906 4250 2961 4304 in
3004 4246 3294 4318 pontiﬁcali
3334 4262 3470 4316 proi—

1880 4355 2107 4408 motione
2156 4349 2387 4422 prwtulit
2431 4345 2725 4417 potentibus
2752 4340 3009 4413 personis,
3037 4354 3154 4408 qua:
3188 4335 3479 4403 abundans.

1880 4448 1931 4502 in
1976 4444 2266 4518 regionibus
2312 4457 2423 4496 sua:
2470 4437 2706 4493 ditionis.
2744 4434 2917 4505 Quam
2950 4430 3467 4498 murmurationem,

1878 4541 1969 4613 qui
2018 4534 2561 4606 novitcogitationes
2601 4530 2906 4593 hominum,
2951 4528 3141 4585 eodem
3187 4531 3480 4583 momento.

1878 4642 1934 4687 et
1981 4632 2275 4687 clementer
2303 4625 2592 4695 increpavit
2626 4633 2682 4680 et
2719 4623 2997 4679 evidenter
3025 4620 3094 4674 ad
3120 4616 3479 4677 emendatio»

1878 4740 2000 4779 nem
2032 4721 2194 4791 hujus
2220 4720 2337 4787 vitii
2369 4717 2757 4774 manifestavit.
2791 4715 2925 4770 Nam
2973 4722 3035 4768 ut
3066 4712 3120 4768 in
3167 4711 3464 4782 Evangelia

1878 4817 1946 4875 ad
1973 4817 2209 4886 cogitata
2240 4811 2522 4883 respondit
2567 4808 2851 4873 Dominus,
2903 4806 2977 4860 ita
3027 4802 3190 4873 biijns
3226 4802 3481 4861 hominis
3558 4800 3563 4807 “

1879 4908 2170 4980 cogitatam
2226 4902 2712 4960 murmurationem
2757 4898 2824 4953 ad
2865 4895 2911 4929 "‘
2956 4904 3169 4964 tempus
3204 4906 3309 4947 non
3340 4889 3470 4944 absit
3560 4914 3564 4917 η

1880 5001 2096 5064 condit,
2146 5013 2254 5068 quo
2306 5006 2361 5051 et
2409 4996 2462 5049 in
2511 4991 2923 5065 praiseutiarum
2986 4987 3352 5056 cprrigcretur
3397 4996 3465 5035 ac

1880 5088 2329 5149 murmurationis
2359 5086 2561 5145 malum
2606 5088 2660 5141 in
2700 5082 2942 5139 futurum
2990 5079 3059 5133 ab
3096 5078 3223 5130 aliis
3258 5071 3487 5128 devita-.

1880 5196 2049 5242 retur.
2102 5179 2280 5236 Nimio
2322 5179 2523 5251 quippe
2563 5188 2774 5234 terrore
2813 5173 2991 5231 subito
3031 5175 3338 5237 correptus,
3371 5176 3489 5215 as-z
3565 5179 3567 5183 τ

1473 5293 1632 5330 VARI
1654 5299 1706 5330 Π
1750 5305 1769 5330 ι
1791 5299 2132 5330 υηνιιιηλινε
