3988 5336
502 301 603 359 ιιι

1492 304 1795 368 OTliLONI
1832 306 2141 366 nossem
2181 288 2241 364 s'.
2277 280 2702 363 renuntiarunt

3677 301 3780 357 M3

482 416 762 474 stantium
807 420 1205 476 sustentatione
1247 419 1337 475 vix
1385 421 1628 477 residere
1675 423 1849 492 putuit
1914 422 2086 489 Quem
2120 415 2162 483 Α
2191 433 2303 474 suae
2330 432 2546 488 semper
2575 417 2840 472 interesse
2882 413 3054 469 voluit
3096 412 3397 471 refectioni.
3444 412 3681 470 Mendici
3728 420 3785 470 et

502 519 626 561 cum
668 507 880 584 videret
927 508 1180 563 dominus
1225 523 1356 564 suus
1409 511 1822 566 tremebundam
1848 518 1905 565 et
1930 509 2087 579 palli-

502 596 655 664 dum,
705 583 830 653 ilico
874 613 1170 655 occurrens
1217 601 1528 657 sciscitatus
1570 613 1674 669 est,
1740 604 1868 673 quid
1916 603 2085 658 habe-

501 696 589 742 ret
618 688 725 745 vel
775 689 904 759 quid
957 699 1253 760 pateretur.
1301 692 1438 747 Tum
1479 694 1525 726 "
1580 693 1667 749 ille
1710 693 2088 750 sacerdotibus

498 778 761 834 adhibitis
789 779 1074 835 confessus
1105 790 1205 847 est,
1237 782 1364 851 quia
1405 791 1594 839 contra
1621 785 1796 839 virum
1821 784 1914 839 Dei
1946 785 2087 839 tnale

499 871 824 942 cogitaverit
853 881 908 927 et
943 873 1015 928 ob
1054 872 1158 929 hoc
1199 875 1507 945 periculoso
1554 877 1754 933 timore
1804 877 2087 948 perculsus

503 960 596 1016 sit.
634 960 752 1027 Quo
780 962 990 1027 audito,
1035 963 1175 1018 idem
1215 965 1469 1021 dominus
1502 965 1640 1035 ejus,
1688 976 1888 1037 putans
1934 968 2085 1023 illum

506 1053 763 1108 remedio
781 1052 924 1109 facili
961 1049 1120 1126 posSe
1148 1058 1350 1124 curari,
1379 1057 1656 1129 profectus
1687 1060 1907 1116 domum
1940 1063 2090 1119 vexit

501 1154 708 1216 secuin,
741 1160 798 1207 et
821 1151 1028 1222 aliquot
1073 1154 1263 1211 diebus
1309 1159 1550 1214 retinens
1590 1174 1778 1214 curam
1816 1159 2083 1214 exhibuit.

498 1241 605 1297 Sed
648 1258 775 1298 eum
825 1244 1132 1302 nullatenus
1181 1247 1378 1303 ibidem
1415 1259 1598 1321 posset
1637 1251 1838 1315 curari,
1872 1250 2090 1306 reduxit

497 1346 621 1387 eum
653 1334 706 1389 in
741 1334 1019 1391 civitatem
1072 1336 1446 1408 Ratisponam,
1496 1340 1587 1395 ubi
1637 1349 1691 1396 et
1739 1338 1815 1394 illi
1864 1338 2091 1410 contigit

497 1428 807 1501 hujusmodi
863 1432 1179 1490 infirmitas.
1230 1436 1304 1491 lbi
1358 1452 1488 1509 ergo
1532 1438 1599 1493 ad
1647 1438 1959 1508 episcopum
2000 1454 2087 1493 ve-

496 1523 674 1584 niens.
709 1540 833 1580 etim
863 1526 1019 1583 vellet
1047 1529 1233 1601 aegroti
1260 1529 1497 1584 hominis
1522 1545 1820 1585 aerumnam
1851 1541 1904 1584 et
1932 1546 2086 1585 suam

495 1628 771 1683 exponere
801 1619 1105 1686 querelam,
1145 1620 1232 1674 vir
1276 1618 1369 1675 Dei
1417 1620 1756 1691 praeveniens
1793 1620 1937 1675 illius
1974 1634 2089 1675 ser—

496 1718 713 1761 monem
758 1708 932 1763 dixit:
964 1709 1120 1773 Tace,
1165 1711 1272 1766 scio
1310 1712 1437 1782 quid
1487 1710 1643 1766 velis.
1678 1711 1745 1766 Et
1791 1727 2089 1766 conversus

496 1795 567 1850 ad
614 1797 1010 1853 vicedominum
1058 1799 1381 1871 Tagininnm
1410 1801 1522 1873 (74)
1550 1801 1625 1857 ait
1655 1819 1668 1855 :
1700 1799 1913 1865 Frater,
1964 1800 2088 1856 tolle

501 1903 694 1959 nquam
745 1889 1069 1946 benedictum
1092 1892 1251 1963 juxta
1280 1893 1529 1949 lectulum
1581 1911 1751 1949 mcum
1806 1895 1982 1957 silum,
2024 1910 2087 1947 ac

498 1996 685 2051 sparge
708 1999 865 2052 super
889 1984 1148 2040 hominem
1189 2002 1299 2055 pro:
1341 1985 1542 2055 [aribus
1583 1986 1807 2041 cubiculi
1839 1994 2083 2039 similem.

478 2071 599 2141 ~Qui
633 2091 831 2145 parens
858 2076 1050 2147 jussis,
1096 2079 1351 2148 respersit
1385 2094 1523 2149 aqua
1557 2079 1734 2133 virum
1774 2078 2083 2133 benedicta.

494 2164 619 2236 Ipse
663 2181 789 2222 vero
835 2168 1122 2239 episc0pus
1156 2179 1348 2224 contra
1378 2171 1577 2225 ostium
1610 2186 1826 2225 crucem
1860 2170 2083 2235 faciens,

501 2257 668 2315 verba
701 2260 949 2328 qmedam
989 2259 1272 2316 salutifera
1305 2262 1471 2317 tacite
1500 2260 1747 2333 protulit,
1777 2269 1832 2315 et
1863 2269 2090 2315 sanatus

468 2342 473 2345 ⁷
497 2360 583 2407 est
610 2349 772 2406 homo
802 2351 854 2405 in
887 2351 973 2405 illa
1002 2352 1157 2407 hora.

571 2438 662 2493 22.
706 2439 934 2495 Videtur
971 2441 1083 2511 jam
1128 2441 1439 2510 dicendum,
1478 2443 1622 2514 quali
1654 2446 2089 2501 conversationis

495 2543 597 2584 usu
620 2529 819 2586 cotidie
842 2533 1242 2588 constrinxerit
1274 2534 1645 2604 semetipsum.
1699 2534 1872 2591 Tanta
1919 2537 2088 2607 siqui-

494 2616 618 2676 dem
648 2621 993 2677 observantia
1019 2623 1175 2687 vixit,
1208 2633 1269 2678 ut
1296 2639 1394 2694 pro
1419 2626 1653 2696 exempli
1698 2628 1925 2681 materia
1962 2625 2086 2695 jure

493 2710 767 2782 prepalari
795 2712 988 2783 possit.
1012 2713 1269 2781 Quamvis
1297 2715 1441 2769 enim
1475 2716 1730 2771 universa
1765 2716 1907 2771 illius
1935 2727 2085 2788 gesta

494 2802 804 2857 nesciamus
828 2811 884 2858 et
912 2818 1033 2873 qua:
1058 2805 1260 2859 scimus
1280 2804 1439 2876 digne
1463 2805 1705 2876 proferre
1730 2822 2082 2876 nequeamus,

493 2907 671 2963 pauca
719 2902 897 2947 tamen
926 2909 956 2948 e
987 2893 1234 2965 pluribus
1276 2905 1572 2967 utcumque
1606 2898 1916 2968 exprimere
1946 2907 2085 2954 tem-

494 2990 734 3051 ptamus.
766 2982 1063 3055 Postquam
1102 2985 1267 3056 igitur
1290 2980 1856 3057 priesulatus'apicem
1897 3004 2086 3044 susce-

458 3082 463 3089 ί
495 3071 594 3142 pit,
647 3087 755 3128 non
788 3073 1102 3131 melioribus
1134 3074 1494 3141 vestimentis,
1531 3078 2085 3158 non‘delicatioribus

462 3184 463 3187 η
496 3162 651 3229 cibis,
681 3177 787 3219 non
820 3164 1157 3221 mollioribus
1182 3164 1553 3234 lectisterniis,
1577 3152 1740 3239 quam
1768 3177 1952 3256 antea,
1981 3168 2083 3224 fuit
2111 3147 2156 3208 δ

496 3263 803 3311 cententns.
854 3254 1062 3327 Vigiliis
1110 3273 1328 3328 quoque
1372 3267 1429 3315 et
1469 3261 1828 3324 orationibus,
1885 3254 2083 3332 quibus

497 3354 656 3403 antea
681 3345 909 3410 solebat,
937 3350 1134 3420 praesul
1161 3349 1338 3406 factus
1364 3353 1703 3423 persistebat.
1729 3354 1863 3409 Nam
1887 3357 2086 3427 saepius

494 3436 639 3492 circa
690 3440 924 3494 mediam
977 3451 1193 3497 noctem
1239 3452 1346 3498 tam
1395 3444 1629 3501 latenter
1676 3447 1742 3501 de
1790 3448 1929 3503 lecto
1962 3464 2083 3503 sur-

465 3530 468 3535 ‘
494 3528 661 3599 rexit,
692 3537 750 3583 ut
775 3545 963 3586 eorum
986 3532 1202 3605 aliquis,
1236 3536 1329 3605 qui
1356 3550 1540 3591 coram
1574 3537 1689 3609 ipso
1715 3538 2077 3606 dormiebant,

496 3632 623 3673 raro
649 3621 906 3687 sentiret;
957 3622 1274 3694 intransque
1305 3626 1357 3679 in
1394 3627 1709 3694 ecclesiam,
1743 3629 1815 3682 ita
1859 3630 2083 3684 obsera-

494 3708 575 3764 vit
606 3708 777 3777 illam,
814 3721 872 3766 ut
901 3713 1030 3782 quid
1061 3715 1206 3770 intus
1250 3726 1437 3785 ageret
1478 3717 1658 3773 nullus
1686 3719 1964 3774 hominum
1998 3719 2084 3774 ἰ.ι-

494 3800 751 3875 tellegere
781 3814 983 3873 posset.
1025 3805 1103 3863 lbi
1150 3822 1280 3877 ergo
1328 3824 1499 3878 usque
1528 3812 1825 3866 matutinas
1856 3811 2085 3882 vigilans

427 3929 433 3935 ~
502 3898 803 3966 permansit
831 3899 898 3952 ad
923 3899 1106 3953 horas.
1139 3898 1333 3956 Finitis
1358 3917 1489 3957 vero
1520 3904 1928 3960 matutinalibus
1958 3920 2084 3960 can-

494 3987 641 4053 tlcis,
693 3987 739 4041 si
767 3989 1003 4043 nondum
1048 3988 1380 4059 lucescebat,
1410 4010 1507 4064 pro
1539 3994 1696 4052 lassis
1733 3997 1960 4053 artubus
1997 4012 2084 4052 re-

494 4079 842 4148 cuperandis,
869 4082 1099 4139 thitus
1125 4100 1315 4154 parum
1340 4086 1664 4153 dormiebat,
1686 4098 1744 4145 et
1765 4092 1867 4146 hoc
1891 4101 2082 4154 totum,

495 4168 608 4223 acsi
641 4167 834 4226 fuisset
861 4170 916 4226 in
943 4172 1203 4241 claustro,
1248 4176 1445 4244 agebat
1490 4193 1613 4233 cum
1650 4179 1885 4236 silentio.
1920 4182 2085 4240 Cum-

494 4272 601 4331 que
628 4264 990 4319 nccessarium
1015 4264 1171 4332 foret,
1198 4275 1254 4322 ut
1279 4279 1401 4338 post
1417 4270 1646 4339 primam
1679 4271 1990 4343 loqueretur
2014 4308 2085 4318 -

494 4353 647 4424 prius
692 4356 835 4411 enim
882 4356 1100 4414 lectioni
1148 4357 1196 4391 ⁷⁸
1244 4363 1473 4417 vacabat
1504 4392 1607 4428 —,
1651 4364 1888 4433 alloquio
1936 4384 2086 4424 com-

493 4444 645 4500 muni
699 4444 802 4500 fttit
847 4448 1212 4517 gratissimus,
1260 4461 1316 4505 et
1361 4451 1414 4507 in
1467 4456 1765 4511 tractandis
1799 4472 1864 4511 ac
1899 4459 2082 4528 dispo-

495 4533 690 4589 nendis
740 4535 903 4592 rebus
957 4540 1208 4595 acumine
1264 4542 1475 4597 consilii
1522 4545 1800 4612 providus.
1859 4546 2077 4616 Quanta

498 4625 665 4681 etiam
711 4628 1091 4686 observatione
1139 4635 1384 4702 corporis
1412 4645 1467 4690 et
1496 4638 1776 4707 sanguinis
1825 4641 2080 4697 dominici

495 4729 844 4775 sacramenta
904 4722 1290 4788 celebraverit,
1344 4729 1672 4798 quantisque
1723 4731 1974 4801 suspiriis
2027 4742 2084 4788 et

493 4807 739 4867 lacrimis
780 4827 878 4883 per
918 4814 1169 4885 spiritum
1207 4808 1631 4875 contribulatum
1658 4837 1872 4877 summo
1898 4840 2083 4881 sacer-

494 4902 609 4959 doti
638 4918 699 4960 se
735 4905 1079 4972 mactaverit,
1113 4907 1446 4979 impossibile
1494 4912 1649 4967 nobis
1678 4921 1761 4969 est
1791 4914 2077 4984 replicare.

493 4996 666 5046 Porro
707 4997 1019 5046 rel'cetinnis
1061 5009 1302 5046 lamnnt'a
1333 5019 1437 5046 nnn
1466 5005 1638 5046 enimn
1671 5021 1729 5046 cn
1789 5010 1884 5046 cmi
1915 5009 2077 5046 nti-nn

2188 514 2478 581 pauperes,
2530 523 2668 578 quos
2719 507 2835 577 ipse
2888 506 3120 561 vocabat
3165 506 3413 562 dominos
3455 516 3514 562 et
3564 504 3779 571 fratres,

2191 618 2379 658 coram
2423 616 2482 656 se
2527 598 2845 655 residebant
2888 597 2943 652 in
2982 596 3274 664 subselliis,
3303 606 3362 653 ut
3390 606 3551 652 caute
3578 599 3783 669 perspi‘a

2189 703 2338 751 ceret
2387 691 2661 762 quomodo
2724 690 3130 746 miuistraretur
3179 690 3305 745 illis.
3359 689 3417 744 In
3466 689 3555 751 his
3596 689 3785 766 utique

2191 776 2251 840 Se
2290 784 2524 840 credens
2566 781 2844 837 Christt'nn
2875 782 3175 851 suscipere,
3224 781 3535 836 omnimodo
3564 781 3786 837 solebat

2190 888 2286 931 eos
2320 872 2574 930 venerari
2614 882 2671 928 et
2714 871 2963 929 reficere.
3007 871 3066 927 Si
3111 870 3253 927 forte
3289 871 3471 942 plures
3502 870 3781 935 adessent,

2190 964 2531 1037 pauperrimi
2574 963 3081 1019 introducebantur.
3132 962 3321 1018 Nullus
3365 974 3550 1019 tamen
3592 966 3780 1018 eorum

2191 1058 2283 1130 qui
2333 1058 2464 1114 foris
2502 1057 2857 1114 remanebant
2909 1058 3114 1128 absque
3158 1058 3468 1135 elemosinaa
3496 1058 3659 1114 donis
3694 1073 3785 1121 va-

2192 1150 2328 1205 Cuus
2370 1148 2717 1213 dieCEdCbal,
2767 1149 2893 1219 quia
2943 1150 3184 1203 omnium
3230 1164 3505 1215 escarum,
3551 1164 3677 1219 quze
3716 1150 3793 1205 ad

2192 1238 2437 1298 mensam
2480 1240 2600 1310 ejus
2628 1241 3028 1309 deferebantur,
3079 1243 3257 1313 portio
3288 1251 3434 1297 tanta
3463 1241 3784 1297 reservaba-

2193 1345 2301 1402 tur,
2335 1346 2394 1391 ut
2423 1352 2529 1392 non
2562 1335 2735 1391 solum
2763 1351 3030 1407 pauperes
3058 1335 3261 1393 deforis
3285 1345 3663 1402 remanentes,
3690 1336 3782 1391 sed

2193 1422 2358 1483 etiam
2409 1427 2835 1498 circumquaque
2891 1428 2943 1481 in
2994 1427 3320 1483 habitaculis
3380 1437 3785 1483 common-antes

2197 1524 2602 1576 recrearcntur.
2653 1518 2894 1590 Surgens
2932 1528 3113 1575 autem
3144 1519 3209 1574 de
3235 1520 3483 1591 prandio,
3514 1518 3782 1588 reliquum

2195 1604 2407 1683 tempus
2436 1611 2772 1682 consumpsit
2804 1610 3048 1681 legendo.
3079 1607 3413 1680 Vespcrtiuis
3450 1623 3581 1663 vero
3615 1606 3785 1662 laudi-

2194 1703 2297 1758 bus
2325 1702 2578 1774 expletis,
2620 1703 2673 1757 ni
2711 1702 3013 1774 legitiman
3056 1701 3482 1772 interrumperet
3505 1698 3781 1773 jejunium

2120 1788 2162 1847 Β
2192 1804 2410 1866 propter
2449 1802 2855 1849 commaneutes
2884 1791 3155 1848 eteuabat.
3194 1790 3390 1861 lugens
3423 1791 3495 1844 ibi
3531 1804 3784 1844 reveren-

2192 1887 2289 1952 tia,
2322 1888 2536 1941 vanitas
2567 1884 2711 1941 nulla
2745 1885 2816 1940 ibi
2845 1885 3169 1940 habebatur.
3210 1883 3339 1938 POsl
3364 1880 3782 1953 completorium

2188 1977 2243 2033 ni
2269 1977 2476 2033 orando
2500 1978 2634 2033 nihil
2664 1994 2887 2049 prorsus
2912 1978 3249 2049 loquebatur.
3280 1975 3429 2031 Talis
3457 1975 3645 2045 itaque
3668 1981 3799 2036 erat

2187 2071 2237 2126 ei
2271 2072 2606 2126 consuetudo
2636 2071 2925 2127 cotidiana.

2256 2165 2347 2220 2‘5.
2391 2165 2534 2233 Inter
2575 2167 2691 2221 huic
2722 2167 2885 2221 etiam
2934 2182 3185 2238 egregius
3226 2175 3414 2236 pastor
3442 2166 3490 2200 "
3517 2177 3794 2241 pagenscs

2188 2257 2529 2322 sacerdotes,
2554 2274 2660 2329 qua
2686 2258 2898 2313 cautela
2931 2258 3189 2329 populum
3226 2256 3320 2314 Dei
3347 2255 3697 2326 haptizarent
3728 2264 3784 2308 et

2188 2346 2446 2405 docerent
2470 2349 2734 2415 subditos,
2769 2349 3032 2404 sollicitus
3058 2347 3433 2417 investigavit;
3468 2359 3788 2400 sacramen-

2189 2440 2315 2496 talia
2359 2456 2509 2507 vasa,
2560 2441 2801 2496 missalia
2852 2441 3199 2505 vestimenta,
3242 2439 3431 2502 libros,
3465 2437 3784 2492 chrismatis

2188 2528 2629 2588 Observationem
2662 2531 2808 2601 quali
2849 2540 3148 2587 tractarent
3176 2528 3465 2592 industria,
3492 2525 3782 2596 ‘disquirit;

2187 2634 2244 2678 et
2279 2638 2391 2693 prae
2419 2612 2695 2687 omnibus,
2732 2631 2788 2676 ut
2816 2619 3124 2678 castitatem
3167 2627 3553 2689 sequerentur,
3603 2612 3784 2672 milies

2190 2712 2505 2775 inCulcavit,
2534 2711 2972 2783 subjungeusque
3003 2712 3147 2766 inter
3174 2721 3356 2764 cetera
3386 2707 3523 2764 dixit
3554 2725 3567 2761 :
3606 2725 3627 2758 ε
3647 2705 3780 2774 Qui-

2189 2801 2312 2857 dam
2343 2802 2415 2856 ita
2455 2802 2739 2858 diabolicis
2783 2802 3048 2857 falluntur
3090 2800 3520 2872 deceptionibus,
3566 2808 3631 2852 ut
3655 2812 3778 2853 cre-

2191 2892 2341 2959 dant,
2376 2895 2626 2963 quamvis
2651 2894 2702 2949 in
2729 2896 2968 2963 peccatis
2997 2892 3236 2963 iaceant,
3275 2891 3419 2948 illius
3441 2889 3801 2945 sacrosancti,

2190 2982 2296 3037 cibi
2329 3000 2391 3039 ac
2439 2994 2600 3054 potus
2644 2985 2988 3055 perceptione
3014 2999 3072 3039 se
3102 2982 3434 3054 purgandos.
3457 3000 3476 3034 ι
3508 2979 3782 3046 ’[θειὶιηος

2193 3075 2340 3128 nium
2382 3090 2597 3146 quoque
2648 3076 2829 3131 intulit
2876 3076 3250 3147 propheticum
3279 3074 3466 3133 dicens
3496 3089 3509 3125 :
3542 3071 3783 3135 Dilectus

2188 3182 2332 3220 meus
2363 3166 2599 3221 iu'domo
2631 3184 2745 3221 mea
2785 3167 2920 3221 nmle
2960 3178 3209 3237 operatus
3235 3175 3340 3230 est;
3373 3164 3632 3235 numquid
3663 3180 3782 3223 car-

2187 3271 2277 3308 nes
2310 3266 2507 3311 sancta:
2548 3257 2874 3311 mandabant
2905 3258 3059 3313 eum?
3091 3256 3227 3324 (Jer.
3261 3273 3338 3323 x1,
3368 3256 3489 3327 15);
3526 3264 3585 3311 et
3616 3255 3780 3322 illud;

2188 3346 2517 3417 Operiebatis
2568 3348 2805 3403 lacrimis
2844 3349 3014 3403 altare
3042 3366 3235 3415 meum,
3268 3350 3341 3404 ait
3375 3349 3658 3413 Dominus,
3691 3349 3785 3415 sed

2187 3456 2288 3494 non
2318 3442 2591 3511 respiciam
2630 3442 2700 3495 ad
2745 3443 3095 3514 sacriﬁcium,
3142 3460 3234 3497 nec
3261 3443 3518 3512 accipiant
3551 3442 3683 3514 quid
3713 3443 3781 3495 de

2186 3547 2347 3585 manu
2402 3543 2571 3587 castra
2626 3531 2883 3605 (Malaclt.
2914 3535 3114 3597 ",15).
3169 3533 3469 3606 «Quisquis
3509 3533 3680 3605 igitur
3725 3533 3779 3588 in

2186 3623 2437 3681 sordibus
2464 3634 2569 3690 est,
2613 3625 2706 3681 det
2730 3627 2989 3681 honorem
3019 3625 3133 3682 Deo
3158 3636 3214 3682 et
3243 3643 3348 3681 non
3376 3635 3675 3696 praisumat
3714 3625 3786 3681 ad

2185 3715 2304 3785 ejus
2329 3727 2725 3771 sacramentum
2756 3718 3097 3787 impudenter
3128 3719 3410 3785 accedere,
3437 3719 3611 3773 donec
3640 3716 3783 3773 lavet

2185 3820 2284 3876 per
2304 3807 2681 3875 pmnitentiam
2715 3808 2956 3863 maculas
2983 3808 3360 3864 immunditiae.
3396 3827 3415 3862 ι

2218 3916 2219 3919 η
2257 3894 2347 3949 94.
2389 3895 2502 3952 Sub
2535 3896 2775 3966 ejusdem
2809 3900 2980 3954 sancti
3028 3899 3274 3969 praesulis
3315 3900 3654 3970 temporibus
3691 3915 3783 3956 ac—

2187 3985 2319 4042 cidit
2345 3997 2421 4053 ut,
2450 3988 2559 4043 vini
2594 3990 2843 4059 penuria,
2873 3990 3094 4059 quidatn
3113 4006 3236 4045 cum
3262 4006 3403 4063 aqua
3429 3991 3513 4045 vel
3536 3991 3665 4047 aliis
3688 4005 3783 4071 po-

2190 4091 2340 4135 tuum
2390 4079 2681 4152 generibus
2711 4081 2998 4137 missarum
3031 4082 3372 4138 celebrarent
3406 4094 3779 4143 sacramenta.

2188 4171 2342 4240 Quod
2391 4173 2476 4227 vir
2512 4172 2605 4228 Dei
2656 4173 3019 4243 comperiens,
3062 4183 3271 4230 tantum
3319 4173 3506 4230 effudit
3531 4174 3783 4231 lacrima-

2188 4276 2308 4319 rum
2360 4265 2614 4330 imbrem,
2648 4266 3050 4321 utcredcrctur
3095 4267 3176 4323 sui
3232 4267 3479 4337 corporis
3522 4268 3780 4323 amittere

2188 4353 2524 4426 sospitatem.
2574 4355 2710 4412 Cum
2755 4368 2935 4411 autem
2987 4359 3161 4413 acutis
3204 4360 3491 4414 verborum
3526 4359 3784 4432 redargu-
3811 4352 3823 4373 ‘

2191 4450 2429 4505 tionibus
2459 4464 2552 4505 eos
2580 4451 2671 4520 qui
2695 4450 2825 4505 talia
2856 4451 3256 4522 prmsumebant
3298 4452 3502 4516 feriret,
3561 4460 3620 4507 et
3665 4453 3780 4508 illo—

2193 4556 2312 4594 runt
2351 4540 2715 4607 defensiones,
2766 4541 2894 4597 licet
2950 4542 3163 4607 inanes,
3210 4545 3353 4613 quod
3399 4560 3505 4598 non
3556 4555 3779 4614 possent

2191 4630 2477 4700 acquirere
2522 4631 2742 4698 viuum,
2791 4633 3025 4699 audiret,
3060 4650 3183 4689 mox
3217 4649 3408 4689 Omnes
3448 4636 3564 4689 vitii
3620 4635 3779 4708 hujus

2189 4724 2507 4780 occasiones
2538 4726 2773 4781 abscidit
2801 4725 2905 4781 hoc
2932 4727 3110 4782 modo.
3138 4726 3400 4798 Praecepit
3426 4743 3688 4800 namque,
3721 4737 3778 4781 ut

2188 4829 2301 4889 per‘
2325 4817 2569 4889 singulos
2614 4834 2830 4875 menses
2874 4819 2942 4874 12
2984 4819 3287 4892 presbyteri
3332 4820 3601 4887 venirent,
3634 4820 3779 4875 etde

2188 4909 2407 4964 cellario
2442 4926 2541 4965 suo
2578 4904 2760 4967 viimm
2804 4912 3122 4985 acciperent.
3171 4913 3402 4981 aliisque
3444 4911 3772 4969 dividerent.

2180 4998 2344 5046 Citius
2403 5001 2702 5046 mtrilalivm
2755 5001 3124 5046 distrilnttiani
3185 5003 3575 5046 nnnvpnipnlm-
3624 5014 3777 5046 :mla.
