3988 5336
172 312 260 369 “3

1412 302 1565 364 VITA
1605 304 1664 362 S.
1708 302 2149 363 WOLFKANGL

3296 300 3407 361 ιιι

226 421 306 482 25.
333 419 461 479 Cum
507 418 672 490 igitur
719 418 1019 490 spiritualis
1051 429 1238 491 pastor
1267 417 1359 477 tali
1400 436 1563 493 super
1597 436 1719 494 gre.
1744 426 1793 484 Α
1822 421 1989 476 cisset
2035 419 2410 488 interrogavit.
2460 419 2672 488 Pauper
2712 432 2843 475 vero
2880 416 3292 483 tremelnuuius,
3316 428 3413 476 It-

171 532 270 592 ειιιι
289 513 377 571 sibi
400 512 743 568 commissum
772 511 1018 568 custodia
1048 511 1318 582 vigilaret,
1350 514 1402 568 in
1432 529 1528 570 eos
1549 516 1713 569 etiam

168 611 243 681 qui
264 607 355 664 sub
373 604 597 661 aliorum
623 602 914 673 przesuhtm
944 603 1110 658 tutela
1145 603 1380 670 fuerant,
1408 606 1718 663 misericor-

168 700 251 755 d;e
284 696 475 750 viscera
511 692 821 747 exhibebat.
862 690 918 747 Si
946 693 1091 748 enim
1120 707 1150 748 a
1188 709 1458 764 quoquam
1501 695 1715 753 illorum

168 789 462 843 iudicaretur
498 784 623 848 sibi,
656 784 798 852 quod
832 784 1050 855 aliquod
1089 785 1172 840 vel
1212 786 1265 840 in
1308 786 1506 842 divinis
1527 788 1613 843 vel
1664 789 1717 845 in

166 879 383 935 humanis
430 878 593 931 rebus
626 887 902 946 pateretur
949 877 1310 947 dispendium,
1343 895 1449 934 non
1485 880 1642 937 aliter
1671 881 1719 913 '°

167 983 303 1039 quam
322 967 407 1041 qui
428 968 686 1022 sustinuit
711 983 812 1024 can
834 966 1025 1033 iolens,
1050 969 1229 1025 verbis
1249 979 1305 1025 et
1328 971 1491 1026 rebus
1512 973 1725 1043 impen-

166 1061 235 1117 del
253 1070 303 1116 at
323 1060 601 1114 auxilium.
624 1060 739 1127 Qua
770 1062 835 1113 de
862 1075 921 1116 re
954 1060 1308 1117 familiaribus
1334 1063 1447 1118 suis
1468 1062 1721 1133 frequen?

167 1164 235 1211 ter
276 1151 677 1208 mussitantibus
704 1150 748 1183 ⁸¹
788 1166 885 1206 cur
934 1152 1008 1207 ita
1064 1151 1289 1216 faceret,
1342 1153 1468 1223 quia
1522 1170 1720 1210 unum-

166 1260 400 1315 quantque
438 1259 573 1300 suus
626 1253 805 1298 rector
861 1244 1149 1314 providere
1212 1245 1527 1311 debuisset,
1574 1247 1722 1304 dedit

166 1349 445 1405 responsum
469 1334 661 1389 dicens
684 1351 697 1386 :
728 1352 747 1385 ί
774 1333 1078 1390 Eletuosina
1102 1334 1350 1391 Grmeum
1378 1346 1462 1392 est
1483 1339 1724 1394 vocabu-

165 1428 275 1494 lum,
300 1427 431 1497 apud
465 1442 568 1482 nos
603 1437 785 1481 autem
824 1428 1213 1497 interpretatur
1254 1446 1383 1499 opus
1428 1430 1723 1485 misericor-

166 1521 265 1575 ἄξιε.
286 1516 466 1573 Omnia
490 1519 697 1590 quippe
723 1520 861 1574 bona
890 1535 1076 1590 opera,
1099 1536 1221 1591 quae
1252 1523 1304 1576 in
1339 1523 1439 1578 hac
1467 1524 1722 1593 praesenti

165 1614 254 1666 vita
272 1612 461 1683 quique
491 1611 686 1668 ﬁdeles
713 1623 1026 1684 operantur,
1054 1614 1159 1689 hoc
1202 1632 1311 1670 uno
1335 1616 1556 1672 nomine
1575 1632 1724 1673 como

164 1705 473 1777 paginantur.
521 1704 923 1761 Convenienter
967 1707 1113 1762 enim
1151 1723 1291 1777 opus
1338 1709 1724 1764 misericordiae

1820 522 1945 583 pote
1974 521 2221 567 metuens
2247 511 2292 544 ⁸²
2322 511 2497 583 prunis
2537 510 2747 582 magnis
2780 509 3066 579 implicari,
3106 509 3407 567 indumeni

1821 602 2060 673 inopiam
2095 617 2153 659 se
2182 611 2406 671 questus
2434 610 2519 658 est
2560 603 2710 673 pati;
2755 604 2967 672 hocque
3013 600 3257 658 nuditate
3282 613 3399 674 pro

1820 692 1990 748 bavit.
2023 690 2177 748 Tunc
2209 692 2291 746 vir
2320 692 2413 746 Dei
2444 706 2540 761 per
2578 693 2787 747 viscera
2836 692 3223 747 misericordia
3254 705 3409 748 eom-

1822 795 2028 851 motus,
2060 785 2371 841 omnimode
2391 786 2673 841 excusavit
2693 801 2823 841 eum
2856 786 3079 843 dicens:
3115 804 3133 838 ι
3184 786 3242 842 Si
3270 786 3413 846 bene

1821 878 2051 933 vestitus
2103 877 2314 941 fuisset,
2371 891 2711 947 nequaquam
2766 878 2869 933 hoc
2915 876 3117 933 furtum
3170 877 3411 937 fecisset.

1822 967 2169 1039 Quapropter
2196 982 2265 1024 ex
2295 977 2478 1022 nostra
2509 966 2901 1032 munificentia,
2938 969 3062 1023 licet
3092 970 3289 1035 serius,
3319 985 3414 1025 ae—

1824 1060 1986 1130 cipiat
2009 1060 2366 1122 vestimenta;
2398 1068 2456 1115 et
2491 1058 2535 1114 si
2568 1059 2796 1116 ulterius
2837 1076 2961 1116 cum
2986 1072 3167 1117 vestes
3212 1078 3411 1134 suppe-

1825 1161 1942 1207 tunt
1974 1151 2081 1208 tale
2100 1152 2229 1222 quid
2256 1152 2671 1221 perpetraverit,
2721 1161 2848 1208 tunc
2885 1154 3100 1209 demum
3129 1153 3243 1209 luat
3262 1170 3413 1210 coms

1824 1246 2013 1301 missa.
2056 1264 2076 1298 ι
2109 1244 2316 1313 Quibus
2338 1245 2518 1309 dictis,
2547 1261 2656 1301 nou
2684 1246 2859 1300 solum
2891 1246 3223 1302 iracundiam
3248 1262 3418 1304 aecu-

1825 1337 2062 1393 santium
2102 1336 2390 1408 mitigavit,
2431 1352 2617 1392 verum
2654 1338 2822 1392 etiam
2867 1338 3082 1393 animos
3124 1354 3310 1395 eorum
3345 1341 3414 1397 ad

1823 1432 2131 1488 elemosinze
2156 1431 2460 1503 largitatem
2497 1432 2831 1504 provocavit.

1896 1521 1984 1575 28.
2027 1521 2223 1593 Aliquo
2256 1521 2414 1579 modo
2439 1522 2552 1593 jam
2576 1522 2791 1591 jdictum
2821 1532 2904 1579 est
2946 1534 3165 1595 quantas
3200 1526 3418 1596 pietatis

1824 1622 1879 1669 et
1899 1615 2295 1684 compassionis
2324 1626 2547 1672 sanctus
2573 1617 2670 1686 iste
2695 1616 2885 1681 fuerit;
2916 1634 3059 1675 nunc
3086 1620 3269 1674 verbis
3286 1621 3418 1675 sub-

1824 1708 2174 1776 sequentibus
2227 1716 2555 1774 agnoscatur
2604 1724 2768 1778 quam
2820 1711 3154 1779 perspicacis
3216 1711 3420 1781 ingenii

165 1806 374 1865 exercet,
414 1795 507 1866 qui
556 1797 736 1868 primo
788 1800 1135 1871 semetipsum
1166 1809 1222 1856 et
1249 1800 1385 1856 alios
1419 1801 1519 1857 sibi
1544 1803 1726 1872 subjc-
1756 1789 1798 1848 Β
1827 1797 1968 1853 foret
2019 1806 2210 1852 contra
2256 1798 2551 1854 bereticam
2604 1801 2944 1869 pravitatem.
3000 1800 3132 1857 Nam
3172 1802 3311 1859 sicut
3352 1802 3422 1859 ab

166 1897 262 1943 ctos
305 1888 352 1941 in
392 1886 672 1953 Domino,
719 1888 915 1959 piat-ita
967 1891 1383 1947 conversatione
1431 1908 1538 1947 non
1594 1893 1724 1948 sinit

166 1994 316 2050 egere,
341 1979 554 2044 deinde,
597 1981 741 2036 sicut
771 1982 848 2037 ait
881 1981 1210 2053 Apostolus:
1245 1983 1379 2039 Dum
1403 1995 1603 2054 tempus
1630 1986 1726 2041 Ita-

166 2072 330 2133 θρωπε,
354 2089 631 2142 operemur
659 2073 852 2127 bonum
873 2075 943 2128 ad
976 2091 1152 2130 omnes
1181 2073 1326 2147 (Cal.
1353 2091 1441 2142 vr;
1462 2076 1575 2148 10),
1597 2093 1727 2135 suos

166 2179 250 2215 non
276 2171 442 2217 cessat
472 2162 757 2233 proximos
781 2163 1058 2234 adjuvare.
1096 2185 1113 2217 ι

222 2252 560 2319 26.0uodaru
594 2265 838 2326 tempore
878 2271 1001 2310 cum
1031 2257 1189 2314 famis
1228 2258 1499 2316 acerbitas
1526 2260 1726 2319 multos

169 2343 391 2399 mortales
416 2353 698 2413 premeret
726 2354 777 2400 et
814 2356 1038 2416 propter
1064 2346 1205 2404 hanc
1230 2350 1611 2407 necessitatem
1640 2351 1729 2407 in-

168 2435 292 2490 ﬁnita
318 2435 490 2505 populi
528 2436 690 2492 turba
722 2437 788 2491 ad
820 2436 1037 2494 beatum
1068 2438 1453 2514 Wulfkangum
1492 2443 1725 2510 veniret,

168 2525 241 2581 ille
271 2527 574 2583 convocatis
626 2528 933 2599 praepositis
973 2528 1170 2598 jussit,
1217 2541 1277 2586 ut
1324 2532 1619 2603 unicuique
1659 2534 1728 2591 de

169 2618 443 2691 longinquis
479 2622 802 2693 regionibus
848 2622 1087 2678 venienti
1134 2636 1397 2695 quamum
1438 2626 1597 2681 vellet
1632 2625 1733 2682 da-

172 2721 289 2779 rent,
311 2728 373 2767 eo
403 2722 584 2769 tamen
616 2724 828 2779 tenore,
860 2724 922 2770 ut
956 2731 1080 2770 cum
1123 2716 1342 2773 domum
1381 2719 1727 2790 repedarent,

170 2808 411 2863 dimidiam
456 2809 633 2881 ipsius
676 2824 907 2865 annona:
945 2818 1153 2881 partem
1193 2812 1520 2882 pauperibus
1540 2827 1730 2885 eroga-

170 2908 303 2963 rent;
342 2901 596 2970 ipsosque
621 2900 1048 2970 dispensatores,
1089 2916 1157 2959 ne
1185 2918 1408 2958 munera
1438 2919 1603 2976 super
1629 2906 1730 2961 hac

169 2992 443 3061 erogatioue
469 2992 805 3060 acciperent,
837 2992 1127 3048 artissimis
1156 2991 1414 3064 obligavit
1444 2995 1730 3065 iuramen-

168 3083 241 3145 tis.
279 3081 511 3153 Cumque
561 3082 622 3137 in
669 3084 856 3138 eadem
901 3082 1061 3139 famis
1119 3091 1441 3155 tempestate
1504 3086 1725 3155 quidam

1827 1888 1982 1943 initio
2014 1890 2287 1944 nascentis
2318 1889 2574 1946 Ecclesiae
2602 1907 2709 1946 nou
2740 1892 3045 1957 defuerunt,
3067 1908 3165 1964 per
3188 1909 3419 1964 quortun

1826 1995 1888 2036 os
1917 1980 2189 2051 malignus
2211 1981 2383 2036 hostis
2416 1991 2605 2037 contra
2640 1982 2796 2038 fidem
2820 1983 3142 2039 catholicam
3169 1986 3423 2043 latraudo

1825 2067 2038 2127 locutus
2066 2081 2152 2127 est
2184 2060 2502 2137 vanitatem,
2533 2073 2612 2129 sic
2655 2073 2764 2127 Deo
2810 2076 3132 2146 disponente
3175 2091 3283 2131 non
3323 2077 3422 2132 de.

1827 2161 2047 2218 fuerunt
2072 2162 2426 2221 defendentes
2460 2166 2581 2221 fidei
2617 2176 2816 2223 sancta:
2851 2169 3154 2225 veritatem.
3190 2169 3423 2236 Quidam

1826 2257 1996 2329 igitur
2043 2256 2318 2313 hereticus
2358 2258 2760 2315 Andahatarum
2808 2278 2959 2316 more
3007 2263 3149 2332 quod
3186 2263 3423 2322 Verbum

1828 2362 1959 2403 caro
1985 2347 2185 2403 factum
2210 2357 2294 2404 est
2319 2351 2814 2421 oppugnans,dixit
2839 2371 2851 2406 :
2889 2373 2907 2405 ι
2943 2353 2998 2409 Si
3029 2353 3293 2421 Verbum,
3314 2369 3422 2409 non

1825 2450 1907 2498 est
1935 2441 2170 2509 factum;
2203 2452 2296 2498 aut
2323 2444 2369 2499 si
2403 2444 2634 2513 factum,
2667 2461 2772 2501 non
2817 2457 2901 2502 est
2930 2445 3185 2501 Verbum.
3225 2465 3246 2500 ι
3280 2446 3419 2503 Cum

1827 2543 2007 2591 autem
2053 2535 2155 2591 hoc
2194 2536 2361 2591 multa
2408 2536 2681 2593 intonaret
2726 2536 3067 2607 eloquentia,
3116 2537 3311 2593 accidit
3360 2545 3422 2591 ιιι

1828 2635 2051 2683 sanctus
2079 2625 2434 2699 Wolfkangus
2465 2628 2557 2683 illo
2592 2628 2902 2695 adveniret,
2930 2639 2985 2684 et
3024 2646 3054 2683 a
3088 2629 3305 2686 Caesare
3333 2628 3423 2687 Ot-

1832 2726 1959 2773 tone
1982 2727 2267 2786 rogaretur
2291 2718 2489 2774 talibus
2518 2720 2862 2790 respondere.
2894 2721 2964 2776 At
2993 2720 3101 2788 ille,
3138 2722 3279 2776 sicut
3306 2730 3427 2779 erat

1829 2807 1884 2864 in
1912 2807 2103 2878 spiritu
2140 2808 2502 2864 humilitatis:
2538 2827 2557 2860 ι
2597 2809 2889 2877 Quoniam,
2919 2811 3113 2883 inquit,
3148 2812 3200 2865 in
3235 2812 3425 2867 habitu

1830 2913 2022 2954 sumus
2043 2899 2384 2964 monachico,
2408 2900 2737 2958 contendere
2760 2918 2864 2957 non
2890 2902 3037 2958 licet.
3070 2922 3089 2956 ι
3117 2903 3234 2971 Quo
3256 2902 3427 2969 dicto,

1830 2993 1920 3069 ille
1949 2992 2245 3056 hereticus,
2287 2984 2627 3049 contumacia
2666 2994 2875 3065 plcntts,
2918 2995 3127 3050 iteravit
3166 2995 3428 3065 praalicta

1829 3084 2017 3140 verba.
2066 3084 2304 3140 Tandem
2349 3085 2550 3141 Christi
2599 3097 2973 3159 prepugnator
3020 3096 3245 3144 coactus
3299 3089 3425 3143 sit:

168 3176 524 3245 negotiatores,
575 3174 858 3231 coememli
891 3190 1053 3230 causa
1094 3177 1351 3232 frumenti
1378 3219 1393 3240 ,
1450 3194 1572 3233 cum
1615 3195 1734 3232 cur.
1760 3164 1805 3224 C
1842 3194 1860 3226 ι
1896 3174 2034 3242 Quia
2067 3189 2173 3229 non
2199 3191 2298 3246 per
2323 3176 2683 3246 spiritualium,
2712 3181 2806 3234 Sed
2830 3195 2926 3249 per
2949 3180 3226 3237 carnalem
3258 3179 3431 3236 medi-

168 3267 319 3336 pentis
336 3268 732 3336 prmterissent,
758 3267 846 3321 uhi
867 3276 1087 3324 sanctus
1114 3269 1312 3338 prtesul
1361 3271 1728 3326 mansitabat:

168 3372 271 3412 mox
293 3359 695 3429 compcrientes
740 3358 937 3415 ibidem
987 3374 1109 3415 esse
1157 3360 1390 3416 eundem
1425 3361 1731 3430 praesulem,

168 3452 381 3520 speciosa
430 3452 723 3524 elegerunt
761 3466 888 3507 vasa
918 3492 933 3517 ,
978 3468 1101 3508 cum
1153 3454 1349 3522 quibus
1395 3455 1734 3525 propinando

168 3543 497 3610 ministratur,
527 3554 584 3602 et
625 3560 726 3616 pro
763 3544 1035 3601 oblatione
1064 3545 1113 3601 ei
1150 3545 1431 3602 miserunt.
1467 3546 1556 3602 Ille
1584 3561 1730 3612 vero,

169 3636 415 3699 sic::terat
450 3639 580 3695 lteto
614 3637 791 3702 vultu,
818 3638 1039 3695 vascula
1078 3639 1296 3709 quidem
1336 3640 1611 3710 suscipere
1648 3639 1736 3709 juo

169 3727 321 3796 bcbat,
345 3731 436 3785 sed
476 3731 624 3787 cibis
659 3739 713 3785 et
752 3731 971 3800 potihtts
1019 3730 1214 3787 referta
1263 3747 1385 3786 cum
1436 3733 1734 3804 gratiarum

169 3820 350 3880 actione
372 3821 715 3877 remittebat.
747 3822 948 3879 Deinde
976 3823 1185 3878 triticea
1222 3823 1507 3895 largitione
1537 3840 1734 3881 conso-

168 3911 280 3968 latos
302 3929 359 3968 ea
380 3930 486 3984 qua
513 3914 774 3984 superius
812 3912 1015 3969 dictum
1059 3924 1139 3969 est
1182 3915 1414 3979 ratione,
1437 3917 1737 3987 gaudentes

168 4004 469 4058 remittebat.
1730 4052 1733 4057 .

222 4095 302 4163 27.
335 4097 615 4157 Utautem
661 4098 834 4154 sancti
864 4098 1112 4169 prmsulis
1155 4098 1328 4167 major
1364 4099 1542 4154 adlmc
1588 4098 1738 4154 beni-

170 4185 319 4253 gnitas
345 4189 604 4259 cognosci
639 4196 826 4257 queat,
875 4204 1040 4243 unum
1081 4188 1199 4257 ejus
1254 4190 1604 4245 memorabile
1652 4188 1738 4243 fa-

170 4285 290 4334 ctum
331 4279 575 4349 pateﬁat.
627 4279 896 4348 Quoniam
936 4295 1066 4351 ergo
1106 4295 1320 4351 semper
1366 4297 1629 4352 pauperes
1683 4281 1737 4336 in

170 4365 266 4434 eius
306 4370 590 4427 vicinitate
638 4371 1140 4439 commorabantur,
1165 4388 1302 4427 unus
1369 4388 1556 4428 eorum
1586 4373 1740 4428 cubi-

170 4459 317 4516 cuhun
347 4464 583 4530 intrans,
617 4467 685 4521 de
713 4465 922 4520 cortina
959 4480 1080 4535 qua:
1114 4466 1385 4536 pendebat
1425 4467 1492 4521 ad
1535 4466 1735 4521 lectum

1836 3268 2040 3322 candus
2083 3282 2146 3323 es
2186 3268 2511 3333 antidotum,
2543 3269 2631 3324 die
2674 3269 2803 3339 quid
2852 3273 2922 3324 sit
2961 3272 3227 3325 (recidens.
3265 3259 3288 3323 λ
3337 3269 3433 3326 Ille

1833 3371 1966 3412 vero
2008 3356 2238 3412 multum
2292 3368 2655 3428 arroganter:
2691 3378 2710 3410 ‹
2750 3360 3017 3415 Accidens
3063 3372 3180 3424 est,
3234 3360 3431 3429 inquit,

1836 3447 1978 3519 quod
2001 3449 2154 3503 adest
2180 3457 2236 3502 et
2264 3449 2416 3504 abest
2453 3458 2650 3519 praeter
2680 3448 2907 3517 subjecti
2938 3451 3361 3519 corruptionem.
3402 3465 3428 3504 ι

1836 3541 2185 3612 Rursumque
2214 3540 2407 3613 praesul
2434 3560 2447 3595 :
2484 3560 2502 3592 ι
2531 3542 2675 3608 Quot
2714 3541 3008 3595 formarum
3039 3541 3108 3596 sit
3150 3541 3428 3607 accidens,

1835 3634 2053 3691 edicito.
2085 3654 2104 3687 ι
2132 3632 2310 3688 Atille
2341 3634 2608 3704 protinus,
2636 3633 2781 3688 sicut
2801 3631 3097 3694 credimus,
3128 3630 3219 3686 Dei
3255 3633 3433 3686 omni-

1836 3726 2386 3799 potentiscoufossus
2407 3727 2626 3799 sagitta,
2672 3725 2957 3782 coutfcuit.
3005 3723 3310 3795 Theologus
3335 3740 3433 3778 au-

1839 3827 1947 3875 tem
1974 3835 2005 3874 a
2036 3818 2252 3876 Ctesare
2287 3819 2448 3874 simul
2474 3830 2527 3875 et
2559 3819 2624 3874 ah
2656 3818 2777 3875 aliis
2808 3818 3150 3889 clliagitatus,
3179 3817 3435 3888 quamvis

1837 3911 2064 3965 multum
2091 3911 2356 3975 reuuerit,
2388 3926 2485 3981 pro
2509 3926 2574 3966 eo
2604 3911 2746 3981 quod
2784 3918 2899 3964 erat
2942 3908 3297 3979 impeditioris
3332 3908 3435 3962 lin-

1838 4016 1979 4072 gttz't',
2001 4002 2278 4057 succincte
2299 4001 2584 4057 disseruit:
2620 4020 2637 4050 ι
2664 3998 2934 4055 Accidens
2955 4009 3058 4064 est,
3084 3998 3274 4068 inquit,
3305 4012 3436 4067 qua-

1838 4092 2325 4151 driformezuuum
2372 4092 2520 4163 quod
2565 4107 2665 4147 uec
2714 4091 2913 4146 accidit
2952 4105 3055 4146 nec
3103 4089 3331 4153 recedit,
3375 4098 3437 4143 ιιι

1842 4186 2014 4255 acilus
2040 4192 2097 4239 et
2122 4184 2323 4249 simus;
2353 4184 2497 4238 aliud
2526 4184 2667 4253 quod
2700 4183 2897 4237 accidit
2925 4191 2979 4235 et
3009 4180 3233 4242 recedit,
3262 4189 3320 4234 ιιι
3340 4195 3435 4232 sa-

1841 4278 2036 4332 turitas
2065 4286 2120 4332 et
2141 4276 2429 4342 dortnitio;
2457 4276 2673 4330 tertium
2704 4273 2848 4343 quod
2890 4289 2995 4327 non
3037 4271 3231 4326 accidit
3264 4280 3319 4325 et
3352 4281 3436 4323 ta-

1842 4382 1967 4424 men
2002 4368 2227 4435 recedit,
2256 4376 2315 4422 ut
2345 4366 2570 4423 infantia
2602 4376 2657 4421 et
2685 4365 2946 4436 pueritia;
2991 4372 3243 4432 quartum
3289 4362 3435 4432 quod

1842 4460 2037 4514 accidit
2062 4468 2111 4514 et
2145 4476 2250 4513 non
2283 4458 2510 4523 recedit,
2554 4466 2609 4512 ut
2656 4467 2907 4512 senectus
2950 4464 3005 4509 et
3037 4455 3287 4509 canities.
3321 4450 3437 4510 [lac

170 4550 265 4616 eius
283 4563 484 4623 partem
517 4553 816 4610 abscidens
856 4570 958 4609 non
991 4572 1236 4626 parvam,
1284 4555 1610 4612 festinanter
1640 4573 1736 4611 au-
1767 4537 1812 4594 υ
1839 4570 1968 4624 ergo
1995 4553 2347 4609 similitudine
2378 4552 2572 4619 Filius,
2615 4554 2703 4622 qui
2745 4560 2831 4607 est
2880 4551 3055 4607 virtus
3086 4559 3141 4605 et
3166 4551 3435 4620 sapientia

170 4641 302 4715 fugit.
349 4647 502 4704 Unus
547 4657 733 4702 autem
774 4648 842 4703 de
885 4649 1163 4719 inquilinis
1207 4651 1350 4721 quod
1404 4649 1605 4705 factum
1654 4659 1739 4710 est

171 4734 353 4802 videns,
374 4740 719 4810 pedetentim
757 4749 977 4796 secutus
1021 4750 1107 4796 est
1144 4758 1316 4805 reum,
1343 4750 1395 4797 et
1436 4741 1738 4812 apprehen-

171 4823 297 4893 dens,
316 4830 436 4897 quia
466 4828 754 4901 ﬂagcllare
796 4844 900 4884 non
926 4846 1091 4886 ausus
1117 4840 1220 4897 est,
1252 4830 1399 4886 illum
1428 4831 1591 4887 beato
1619 4816 1737 4890 viro

170 4921 510 4983 praesentavit.
543 4921 665 4988 Quo
692 4920 863 4995 facto,
894 4923 1332 4990 circumstantes,
1375 4932 1435 4976 ιιι
1482 4922 1571 4977 ille
1612 4936 1739 4979 reus

172 5005 282 5065 diris
308 5012 672 5084 castigaretur
700 5011 1046 5081 verberibus,
1068 5011 1358 5084 ﬂagitaudo
1392 5013 1735 5070 insistebant.

171 5095 227 5151 At
248 5096 327 5157 ille
353 5108 700 5171 mansuetus,
732 5103 821 5158 cui
869 5105 1164 5161 derelictus
1198 5114 1282 5162 est
1305 5122 1509 5178 pauper
1557 5115 1614 5163 et
1645 5109 1737 5178 qui

172 5204 356 5228 (μιῇ-ιο.-
380 5197 632 5228 Ann'snnn
663 5197 762 5228 r--:I
796 5199 1008 5228 ηᾸῖι-οη-
1072 5214 1170 5228 nam
1198 5215 1265 5228 ηι-

1274 5202 1456 5228 Iun-'4‘...

1840 4645 1934 4699 Dei
1976 4644 2169 4710 Patris,
2199 4644 2284 4699 cui
2337 4644 2470 4699 nihil
2520 4642 2873 4715 impossibile,
2911 4658 3008 4714 pro
3052 4641 3438 4711 redemptionis

1843 4746 2044 4792 nostrae
2070 4753 2232 4793 causa
2263 4737 2436 4793 induit
2476 4738 2630 4809 quasi
2660 4753 2756 4807 per
2787 4736 3146 4808 inseparabile
3184 4736 3440 4790 accidens

1844 4831 2258 4898 humanitatem,
2299 4849 2407 4888 non
2451 4835 2709 4889 amittens
2758 4833 3119 4888 divinitatem.
3164 4829 3270 4884 Sed
3325 4829 3441 4884 haec

1841 4925 2025 4980 omnia
2056 4926 2370 4997 eumoculis
2399 4926 2521 4982 fidei
2546 4926 2925 4999 perspicienda
2950 4932 3096 4991 sunt,
3125 4922 3274 4994 quia,
3298 4921 3441 4977 sicut

1841 5017 2034 5075 beatus
2060 5018 2354 5091 Gregorius
2382 5021 2553 5076 dicit:
2584 5041 2602 5071 ο
2632 5019 2792 5085 Fides
2823 5035 2929 5075 non
2972 5016 3133 5072 habet
3163 5015 3442 5075 meritum,

1849 5127 1867 5158 ι
1903 5110 1989 5166 cui
2024 5110 2255 5166 humana
2296 5112 2436 5167 ratio
2480 5113 2687 5180 praebet
2716 5111 3174 5180 experimentum.
3212 5121 3230 5154 ι
3267 5101 3362 5155 llis
3386 5107 3444 5153 et

1845 5200 1967 5228 ηιῖξ..
1996 5201 2301 5228 καὶαι-ξι..-
2336 5202 2513 5228 ..διμι-ξθ
2545 5199 2883 5228 Α...³ἶησι1ῗιιιδι
2933 5195 3088 5228 nnrt'n
3131 5193 3180 5228 in
3231 5198 3440 5228 lanium

2545 5201 2823 5228 Audin-sl}.-
