3988 5336
523 313 624 360 915

1522 304 1822 362 OTIILONI
1861 301 2167 362 MONACIII
2198 300 2268 356 ‘S.
2308 296 2739 363 EWAMMI

3688 290 3789 349 «δίϐ

513 418 825 491 οιίιιιιιιιιιίεί
854 419 1223 490 paenitentiam
1253 417 1504 489 iniunxit,
1548 428 1605 474 et
1640 435 1708 476 ue
1738 421 1878 474 ultra
1911 419 2088 489 prola-
2117 422 2163 481 Α
2195 415 2418 471 ιιίἰιιιιιιιι
2445 414 2615 471 tristis
2642 421 2704 469 et
2727 415 2946 481 dolens,
2972 408 3368 485 quid'l'aeturus
3398 414 3552 468 esset
3571 396 3791 491 ignora-

511 526 646 568 num
688 510 823 569 illud
884 511 1247 583 reciprocaret
1299 513 1569 576 verbum,
1628 513 1731 568 sub
1785 512 2097 567 tcstimon’o

515 604 717 663 Christi
743 614 798 661 et
831 606 930 662 sub
958 594 1302 677 anathemate
1331 606 1632 661 interdixit.

583 695 676 752 29.
705 696 1021 771 lntertanta
1052 696 1272 769 pietatis
1304 698 1480 753 studia
1506 698 1722 752 videtur
1752 696 2096 768 pendendum
2130 734 2133 739 ρ

510 791 643 863 quid
673 792 837 846 etiam
884 792 1118 869 lamulus
1157 792 1253 849 Dci
1298 794 1467 864 egerit
1498 809 1664 863 super
1682 800 1842 863 gente
1876 790 2101 848 Poeme-

512 897 633 935 rum
676 881 748 953 ⁶³.
802 881 927 938 liam
980 899 1214 955 namque
1260 901 1392 957 gens
1451 886 1662 941 noviter
1703 899 1801 956 per
1838 882 2104 939 Christia—

513 986 641 1028 nam
682 972 885 1028 imbuta
918 974 1075 1030 lidem
1108 974 1219 1046 (an.
1263 976 1412 1046 973),
1454 976 1717 1048 sacrilega
1752 975 1925 1041 idola,
1974 975 2102 1030 licet

513 1066 731 1138 tepide.
799 1066 1041 1137 abiecit;
1111 1069 1205 1125 sed
1265 1070 1539 1142 quomodo
1595 1070 1918 1125 catholicam
1970 1082 2101 1125 exe-

513 1165 772 1228 queretur
804 1160 1136 1231 religionem,
1164 1163 1421 1232 quouiam
1461 1161 1637 1218 caruit
1680 1170 1920 1232 pastore,
1950 1176 2108 1230 pror.

511 1265 608 1308 sus
651 1252 941 1325 ignoravit.
988 1255 1054 1309 At
1104 1256 1313 1310 medius
1356 1255 1483 1311 Otto
1523 1254 1724 1319 Cresar,
1756 1255 1953 1310 divime
1996 1258 2110 1313 cul-

512 1350 603 1397 tor
649 1343 955 1413 praecipuus
995 1343 1292 1415 religionis,
1321 1359 1351 1398 a
1394 1344 1629 1415 glorioso
1670 1345 1808 1399 duce
1854 1343 2111 1403 Heinrico

514 1421 823 1506 ceterisque
858 1435 1103 1490 lidelibus
1140 1444 1224 1492 est
1268 1436 1668 1507 interpellatus,
1696 1444 1759 1490 ιιι
1786 1439 1934 1508 quod
1966 1437 2108 1510 apud

514 1526 695 1597 ipsam
718 1537 933 1596 gentem
976 1529 1291 1584 inchoatum
1338 1539 1501 1595 esset,
1537 1544 1633 1600 pro
1679 1529 1893 1588 DOmini
1925 1547 2110 1588 amore

517 1608 688 1693 regali
719 1629 985 1691 potestate
1009 1631 1315 1692 perageret.
1365 1622 1591 1680 Talibus
1629 1623 1799 1698 igitur
1835 1625 2111 1697 petitioni-

515 1711 619 1767 bus
643 1712 825 1767 Ca‘sar
853 1712 1081 1768 libenter
1103 1728 1386 1769 assensum
1413 1718 1663 1788 praebuit.
1701 1716 1806 1772 Sed
1851 1716 2106 1787 quoniam

2200 510 2312 563 bat.
2352 509 2517 563 Amor
2549 506 2698 575 enim
2727 508 2884 565 simul
2912 515 2967 563 et
2991 508 3152 563 timor
3170 506 3528 578 con‘tpellebat
3554 490 3683 560 eum
3708 520 3823 560 ce-x

2201 602 2389 659 leriter
2435 600 2665 675 implere
2719 603 2906 674 jussa,
2965 600 3058 657 sed
3105 600 3358 671 implendi
3407 596 3654 667 facultas
3685 602 3823 667 eral.-

2200 695 2387 761 nulla;
2425 694 2557 763 quia
2590 710 2693 752 nec
2735 710 2858 766 spes
2889 694 2941 748 in
2987 692 3199 748 caballo
3241 691 3412 746 altero
3445 691 3797 761 requirendo,

2202 804 2304 845 nec
2340 788 2487 846 vites
2514 789 2750 852 fuerant,
2779 796 2836 841 ttt
2869 795 3016 841 tanta
3040 784 3319 840 velocitate
3346 783 3679 859 legationem
3702 780 3799 837 sibi

2204 880 2469 939 indiciam
2497 881 2762 953 perlicere
2789 887 2970 950 posset
2996 876 3337 935 ambulando.
3363 874 3637 931 Praeterea
3662 866 3801 928 terra

2203 973 2384 1033 imbre
2422 985 2549 1030 tunc
2582 971 2744 1028 nimis
2768 971 3012 1041 irrtgata,
3037 969 3202 1040 pediti
3235 964 3695 1036 itinera‘prmbuit
3721 962 3817 1019 itt-.

2203 1077 2382 1139 grata.
2422 1063 2741 1134 liujnsmodi
2783 1062 2948 1133 igitur
2976 1060 3240 1131 angustiis
3288 1056 3617 1126 aliquandiu
3648 1054 3804 1118 laesi:

2209 1169 2333 1215 tans
2367 1156 2499 1229 quid
2525 1155 2750 1220 faceret,
2781 1152 3000 1208 tandem
3029 1150 3267 1206 conlisus
3301 1149 3354 1205 in
3385 1145 3615 1203 Domino
3647 1145 3815 1217 elegit

2210 1261 2270 1308 ιιι
2294 1247 2624 1306 ambulando
2647 1244 2797 1315 jnssa
2826 1242 3129 1314 perﬁceret.
3177 1241 3419 1310 Cumque
3450 1241 3502 1293 in
3534 1247 3702 1292 nocte
3734 1246 3805 1290 te-

2212 1343 2444 1400 nebrosa
2493 1340 2600 1395 huc
2650 1336 2884 1406 illucque
2922 1333 3338 1405 progrederetur
3380 1331 3517 1385 etin
3550 1328 3636 1383 via
3660 1327 3809 1383 lutu-

2209 1432 2354 1489 lenta
2395 1432 2594 1501 smpius
2638 1429 2935 1491 laberetur,
2982 1424 3223 1482 clamare
3265 1424 3467 1494 coepit:
3495 1440 3515 1474 ‹
3548 1420 3810 1477 Miserere

2211 1523 2341 1579 mihi
2369 1522 2438 1588 ⁸⁸,
2473 1520 2716 1584 Domine,
2746 1518 3007 1573 miserere
3036 1516 3169 1570 milii
3197 1507 3265 1578 δι’,
3296 1518 3370 1569 ’et
3399 1522 3474 1578 tu,
3523 1512 3596 1567 mi
3629 1512 3817 1566 senior.

2212 1614 2565 1684 Woll’kauge,
2603 1610 2907 1674 attendens,
2943 1616 3207 1681 quantum
3240 1606 3476 1661 laborem
3513 1604 3676 1657 modo
3719 1619 3811 1672 par

2214 1706 2340 1768 tior,
2376 1718 2474 1774 per
2507 1712 2596 1757 tua
2628 1700 2781 1770 jussa
2831 1698 3187 1754 discurrendo
3215 1705 3269 1751 et
3306 1693 3556 1748 labendo.
3597 1692 3617 1743 ὁ
3650 1691 3811 1747 Cum-

512 1803 739 1860 Poemia
766 1806 1042 1876 provincia
1066 1806 1167 1861 sub
1193 1784 1607 1879 Ratisponensis
1647 1784 1890 1864 ecclesia:
1914 1822 2109 1878 parro-
2143 1830 2185 1889 Β
2213 1814 2319 1871 que
2347 1800 2461 1853 haec
2493 1793 2817 1864 aliquotiens
2850 1790 3220 1863 gemebundus
3249 1789 3473 1851 diceret,
3528 1784 3811 1855 prospexit

517 1895 643 1952 ebia
666 1897 867 1963 extitit,
895 1898 1078 1968 peragi
1125 1914 1234 1957 non
1263 1902 1459 1974 potuit,
1502 1900 1605 1955 nisi
1646 1901 1816 1971 ipsius
1856 1899 2112 1953 antistitis

519 1988 793 2059 pmidio.
831 1988 985 2051 Unde
1027 2004 1141 2054 rex.
1173 1993 1456 2062 legatione
1480 1993 1643 2053 missa
1680 1992 1747 2047 ad
1775 1992 2112 2061 episcopum,

516 2080 678 2150 petiit
708 2086 786 2147 ttt,
810 2085 1049 2155 acceptis
1090 2097 1190 2154 pro
1227 2083 1510 2153 parrochia
1540 2081 1776 2152 praediis,
1811 2081 1864 2136 in
1892 2080 2111 2134 Peemia

516 2172 620 2230 sibi
647 2172 836 2231 liceret
855 2177 1223 2248 episcopatum
1248 2175 1479 2232 ellicere.
1504 2175 1763 2231 Tuncvir
1780 2175 1870 2230 Dei
1889 2174 2112 2229 nimium

517 2263 733 2323 iactatus
760 2268 811 2323 in
839 2268 924 2325 bis
941 2284 1061 2339 quae
1091 2269 1231 2326 dicta
1253 2277 1379 2324 sunt
1402 2268 1525 2334 sibi,
1551 2268 1811 2339 primates
1832 2283 1961 2322 suos
1986 2281 2116 2321 cou-

519 2360 761 2429 vocavit,
781 2362 1072 2432 exquirens
1092 2362 1160 2417 ab
1183 2361 1263 2417 cis
1290 2360 1597 2424 consilium,
1614 2360 1882 2431 quomodo
1911 2356 2113 2415 Cmsari

521 2451 856 2508 conveniens
891 2453 1137 2508 redderet
1169 2466 1510 2523 responsum.
1541 2451 1650 2506 Illis
1688 2459 1869 2506 autem
1912 2464 1980 2505 ne
2025 2463 2119 2518 pe-

521 2546 702 2602 titioni
745 2545 837 2602 tali
895 2547 1228 2603 consentiret
1273 2546 1609 2601 unanimiter
1661 2540 2118 2607 consiliantibus,

520 2636 698 2695 dixit:
732 2636 1018 2694 Preliosam
1044 2640 1206 2709 igitur
1241 2638 1585 2708 margaritam
1624 2636 1719 2689 sub
1739 2635 2004 2706 prtrdictte
2032 2632 2110 2686 la-

520 2740 709 2785 tentem
739 2731 1016 2801 provincia:
1043 2740 1183 2784 terra
1210 2729 1576 2798 conspicimus,
1607 2744 1764 2795 quant
1797 2728 1850 2781 ni
1873 2726 2114 2782 vendita-

520 2810 640 2879 rum
688 2823 1079 2893 comparatione
1127 2837 1299 2875 rerum
1347 2837 1448 2874 non
1489 2820 1829 2891 acquirimus.
1886 2818 2115 2891 Ideoque

522 2914 705 2969 audite
722 2930 840 2985 qua:
863 2914 1004 2969 dico.
1048 2912 1185 2968 Ecce
1221 2929 1314 2983 ego
1342 2929 1422 2966 me
1444 2928 1658 2983 meaque
1685 2912 1860 2966 omnia
1897 2911 2116 2966 libenter

521 3006 790 3077 impendo,
817 3017 874 3062 ut
913 3007 985 3063 ibi
1010 3007 1195 3062 domus
1234 3006 1446 3062 Domini
1470 3024 1562 3078 per
1586 3007 1978 3063 corroboratam
2005 3007 2112 3062 sci-

526 3097 649 3153 licet
671 3098 940 3155 ecclesiam
968 3098 1284 3155 stabiliutur.
1318 3098 1442 3153 Haec
1468 3113 1599 3169 ergo
1623 3114 1950 3162 memorans.
1978 3114 2114 3153 con-

2213 1888 2517 1948 comminus
2566 1884 2836 1942 caballum
2875 1883 3163 1953 quemdam
3207 1895 3329 1935 cum
3379 1878 3533 1932 freno
3570 1877 3812 1946 sellaque

2214 1981 2464 2052 imposita
2486 1986 2717 2033 asstare.
2742 1977 3053 2030 Arbitratus
3081 1983 3260 2027 autem
3282 1970 3510 2026 eundem
3542 1968 3810 2025 caballum

2213 2089 2321 2128 non
2360 2071 2481 2127 sine
2507 2068 2688 2139 aliquo
2717 2081 3036 2122 asscensore
3086 2065 3282 2120 ibidem
3313 2061 3665 2125 commorari,
3702 2073 3821 2114 ete—~

2213 2166 2292 2236 pit
2320 2163 2634 2234 diligentius
2663 2159 2885 2224 intueri,
2914 2158 2956 2213 si
2976 2158 3100 2228 quis
3130 2155 3269 2211 forte
3291 2151 3449 2224 cujus
3475 2162 3625 2208 esset
3646 2165 3815 2221 prope

2215 2263 2481 2319 maneret,
2493 2253 2806 2325 pariterque
2820 2247 3128 2304 vociferans
3144 2245 3520 2316 interrogavit,
3539 2245 3585 2300 si
3611 2243 3809 2312 aliquis

2216 2349 2289 2405 ibi
2317 2347 2467 2409 assit,
2493 2345 2586 2400 sed
2609 2343 2701 2399 illo
2718 2342 2809 2397 diu
2836 2340 3167 2397 vociferante
3194 2347 3250 2395 et
3273 2339 3666 2408 interrogante,
3690 2349 3821 2390 cum.

2216 2438 2395 2494 nullus
2449 2433 2803 2505 responderet
2859 2432 2946 2486 vel
2998 2433 3250 2494 adesset,
3305 2427 3580 2483 asscCudit
3638 2427 3813 2497 ipsum

2216 2543 2438 2602 equum,
2482 2525 2832 2598 implevitque
2872 2522 3077 2578 domini
3120 2521 3204 2576 sui
3244 2528 3598 2592 praeceptum.
3642 2515 3804 2572 Facta

2216 2630 2397 2677 autem
2431 2620 2538 2685 die,
2564 2618 2861 2686 multisque
2889 2615 2979 2684 qui
3010 2612 3185 2669 vocati
3209 2622 3336 2667 sunt
3357 2609 3424 2663 ad
3448 2607 3812 2664 cenlirmatio-

2217 2730 2340 2770 nem
2368 2714 2423 2768 in
2446 2711 2625 2767 vicum
2650 2708 3019 2779 supradictum
3041 2703 3505 2778 convenientibus,
3533 2701 3810 2755 inventum

2218 2821 2415 2877 equum
2453 2805 2662 2875 legatus
2691 2799 2884 2857 obtulit
2914 2814 3098 2855 coram
3125 2796 3395 2861 omnibus,
3426 2793 3727 2862 exquirens
3748 2789 3812 2845 ab

2216 2900 2297 2954 eis
2323 2896 2627 2968 diligenter.
2660 2892 2813 2963 cujus
2843 2891 2982 2949 idem
3008 2890 3146 2945 foret
3182 2902 3376 2958 equus.
3423 2885 3809 2941 Verumtamen

2215 3006 2318 3046 nec
2346 3000 2473 3044 tunc
2498 2988 2545 3024 ⁸⁸
2577 3001 2677 3041 nec
2721 2994 2906 3056 postea
2937 2984 3188 3038 inventus
3234 2987 3320 3035 est
3352 2977 3512 3041 ullus,
3544 2976 3639 3046 qui
3676 2974 3815 3030 hunc

2214 3083 2419 3141 diceret
2442 3096 2563 3137 esse
2605 3094 2786 3136 suum.
2817 3079 2897 3133 Ex
2927 3092 3031 3146 qua
3066 3090 3123 3131 re
3151 3083 3206 3130 et
3235 3072 3442 3144 legatus
3486 3071 3604 3140 ipse
3631 3076 3690 3123 et
3727 3065 3816 3121 alii

526 3203 819 3255 sensurum
864 3204 925 3245 se
972 3188 1167 3246 Cmsari
1215 3157 1574 3244 rematidavii.
1618 3189 1864 3259 Cumque
1902 3157 2115 3259 tempus
2141 3201 2187 3263 ε
2217 3176 2550 3240 sentiebam.
2589 3180 2847 3243 quantam
2897 3170 3125 3240 ενωῑωη
3173 3167 3316 3222 Deus
3360 3157 3818 3263 53“Cl0_Pr3‘5E'“

524 3281 820 3354 peragendi
849 3283 1148 3339 concambii
1190 3284 1443 3346 venisset,
1486 3290 1633 3337 tanta
1679 3279 2118 3338 favitalacritate

528 3379 590 3426 ut
610 3371 724 3442 ipse
752 3372 1092 3445 privilegium
1118 3360 1487 3444 componeret.

598 3462 688 3518 30.
735 3463 843 3519 Sed
880 3458 1053 3534 neque
1094 3464 1199 3520 hoc
1239 3464 1483 3531 silemus,
1528 3465 1653 3538 quia
1696 3465 1987 3536 aliquando
2020 3478 2120 3535 per

526 3557 826 3629 prophetiae
850 3557 1097 3628 spiritum
1119 3572 1184 3614 ca
1210 3572 1333 3628 qua:
1358 3567 1586 3613 ven'ura
1621 3568 1776 3614 erant
1798 3557 1952 3628 quasi
1984 3572 2120 3628 prm-

528 3650 705 3711 sentia
733 3650 885 3706 vidit.
914 3650 1329 3718 Quodmaxime
1359 3651 1412 3705 in
1441 3651 1789 3720 provectibus
1823 3650 2117 3706 liberorum

526 3742 785 3811 praecipui
808 3741 961 3798 ducis
989 3741 1225 3797 Heinrici
1254 3743 1505 3814 patescit.
1540 3742 1675 3796 Cum
1702 3742 1845 3798 enim
1866 3741 1933 3798 ad
1972 3756 2117 3805 cum,

528 3833 671 3887 sicut
699 3838 854 3902 saepe
894 3832 1136 3898 solebat,
1179 3848 1343 3889 causa
1389 3832 1786 3888 benedictionis
1832 3833 2122 3887 duceretur

530 3921 937 3991 speciosissima
976 3923 1121 3978 illius
1168 3922 1369 3993 proles,
1419 3922 1757 3988 iicinricum,
1806 3924 1898 3992 qui
1937 3931 2120 3993 postea

530 4012 629 4068 Dei
669 4022 802 4068 nutu
850 4028 945 4068 rex
983 4023 1068 4069 est
1104 4013 1379 4082 ell‘ectus,
1430 4015 1845 4086 prmuominavit
1897 4030 2118 4086 regem;

530 4102 757 4162 fratrem
797 4117 930 4159 vero
968 4101 1083 4172 ejus
1125 4104 1432 4160 Brunonem
1469 4104 1759 4174 appellavit
1791 4104 2116 4173 antistitem;

530 4208 772 4263 sororem
817 4209 1005 4251 eorum
1050 4194 1311 4265 majorem
1360 4195 1514 4267 (74‘)
1564 4196 1839 4268 reginam,
1893 4196 2119 4251 alteram

531 4300 736 4362 autem,
766 4308 927 4364 quam
958 4292 1254 4363 baptizavit
1291 4303 1347 4348 et
1385 4297 1454 4349 de
1502 4308 1658 4348 sacro
1695 4291 1844 4345 fonte
1886 4292 2123 4361 suscepit

531 4385 863 4442 abbatissam
908 4384 1243 4455 nuncupavit
1288 4384 1420 4457 (75).
1470 4385 1596 4441 Haec
1638 4385 1819 4454 itaque
1864 4393 1919 4439 et
1953 4383 2121 4437 multa

532 4476 658 4542 alia,
688 4491 809 4547 qua:
834 4491 899 4531 ex
928 4492 1021 4533 ore
1043 4477 1161 4547 ejus
1183 4478 1509 4545 audivimus,
1534 4479 1673 4535 sicut
1705 4478 1820 4548 ipse
1848 4476 2119 4548 prmdixit,

533 4567 752 4642 impleta
782 4571 1080 4625 cernimus.
1701 4624 1705 4627 .

600 4661 691 4717 5i.
722 4661 842 4718 Alio
880 4679 1094 4735 quoque
1133 4672 1376 4735 tempore
1419 4680 1540 4719 cum
1576 4663 1718 4720 idem
1750 4664 1942 4720 beatus
1969 4662 2122 4719 Wol-

531 4750 764 4823 ﬂtangus
794 4755 1051 4811 inclinato
1086 4756 1196 4826 jam
1246 4756 1332 4812 die
1370 4757 1423 4810 in
1464 4757 1644 4811 vicum
1670 4756 1909 4813 venisset
1935 4770 2124 4824 quem-

533 4846 680 4913 dam,
701 4846 792 4917 qui
812 4847 971 4919 vulgo
992 4848 1390 4919 Egilolfesbcim
1414 4846 1528 4919 (76)
1548 4849 1596 4882 ⁸⁸
1617 4847 1837 4913 dicitur,
1862 4845 2123 4918 lcgatario

535 4939 748 4995 cuidam
768 4939 951 5009 jussit,
984 4952 1039 4998 ut
1070 4943 1124 4997 in
1157 4945 1245 4998 die
1273 4942 1518 5013 sequenti
1549 4956 1740 4999 omnes
1777 4941 2123 5009 circumqua-

534 5048 642 5105 que
691 5032 1016 5100 babitantes,
1054 5036 1146 5106 qui
1194 5052 1330 5106 opus
1378 5036 1643 5092 baberent
1685 5033 2120 5098 conﬁrmatione,

2224 3267 2545 3338 Wollitaugo
2582 3262 2934 3328 concesserit,
2960 3260 3137 3331 quise
3174 3260 3489 3314 invocantes
3512 3255 3682 3309 etiam
3719 3250 3815 3306 ab-

2219 3375 2345 3416 sens
2370 3359 2625 3429 adjuvare
2654 3354 2912 3426 potuerit.

2288 3453 2378 3509 52.
2411 3451 2546 3511 Cum
2569 3450 2752 3509 Caesar
2781 3446 2907 3503 Otto
2933 3445 3165 3510 medius,
3188 3450 3413 3512 propter
3431 3439 3690 3510 iujuriam
3720 3434 3829 3496 sibi

2221 3547 2418 3602 lactant
2461 3544 2793 3599 Francorum
2848 3547 3030 3610 partes
3076 3535 3334 3590 invadens
3388 3529 3574 3587 hostili
3630 3542 3820 3594 manu,

2221 3652 2394 3710 usque
2432 3635 2699 3690 Parisinm
2744 3629 3053 3703 perveniret
3099 3627 3208 3697 (an.
3253 3624 3400 3689 978‘,
3434 3623 3489 3677 in
3541 3617 3822 3676 redeundo

2219 3709 2444 3785 venerat
2490 3726 2556 3780 ad
2599 3722 2868 3793 quendam
2913 3717 3132 3774 ﬂuvium
3175 3714 3318 3787 (77),
3354 3712 3435 3768 sui
3480 3709 3823 3781 crepidinem

2220 3820 2356 3877 alvei
2387 3814 2814 3874 tumescentibus
2839 3811 2997 3866 undis
3010 3816 3419 3878 exuperantem.
3438 3803 3625 3859 Multis
3637 3813 3823 3858 autem

2226 3914 2303 3969 ibi
2330 3907 2760 3983 periclitantibus
2786 3914 2839 3959 et
2861 3904 3026 3957 vitam
3055 3902 3106 3956 in
3137 3914 3274 3969 aqua
3312 3896 3690 3967 perdentibus,
3735 3908 3823 3948 vc-

2222 4021 2315 4060 rns
2350 4001 2446 4058 Dei
2475 3998 2652 4055 cultor
2688 4012 2809 4050 cum
2841 3993 2953 4048 suis
3005 3986 3473 4060 appropinquavit,
3523 3985 3832 4054 vidensque

2222 4106 2334 4152 tant
2360 4096 2553 4163 ingens
2571 4089 2893 4162 periculum,
2924 4086 3161 4157 respexit
3189 4084 3241 4138 in
3271 4081 3465 4136 cmlum
3496 4088 3555 4133 et
3584 4094 3645 4133 se
3672 4092 3823 4133 suus-

2221 4203 2327 4259 que
2382 4185 2613 4240 fideliter
2656 4180 3016 4239 benedicens.
3066 4178 3240 4244 ipsum
3290 4170 3555 4241 intrepide
3611 4167 3826 4223 monuit

2222 4277 2456 4336 transire
2487 4275 2729 4330 fluvium.
2762 4272 2951 4328 Atlbuc
2995 4284 3125 4324 vero
3168 4267 3273 4321 illis
3312 4280 3422 4336 prae
3454 4264 3656 4318 timore
3683 4276 3821 4317 cun—

2222 4374 2515 4435 ctantibus,
2546 4379 2600 4425 et
2628 4366 2850 4423 Francis
2879 4380 2907 4419 a
2938 4375 3088 4435 tergo
3121 4361 3322 4417 acriter
3344 4354 3819 4426 impugnantibus,

2224 4467 2313 4523 ille
2339 4465 2545 4536 primus
2580 4462 2661 4516 sui
2695 4460 2986 4515 comitatus
3030 4472 3127 4526 per
3156 4468 3348 4509 nomen
3395 4449 3634 4514 Domini,
3680 4445 3822 4517 quod

2149 4571 2437 4630 Dsemper
2464 4555 2516 4609 iu
2547 4568 2643 4608 ore
2680 4550 2880 4613 sonuit,
2933 4546 3152 4601 ﬂuvium
3195 4544 3487 4607 transiens,
3530 4548 3823 4617 sequentes

2227 4647 2606 4724 prosperavit,
2659 4643 2943 4711 nullusque
2986 4654 3206 4694 suorum
3255 4637 3546 4706 quicquam
3596 4629 3829 4714 periculi

2228 4723 2509 4800 sustinuit.
2541 4739 2692 4793 Tunc
2715 4750 2904 4790 omnes
2928 4749 3037 4804 pra:
3058 4730 3253 4802 gaudio
3277 4729 3540 4782 mirantes
3562 4734 3618 4778 et
3649 4723 3825 4777 Domi-

2228 4850 2357 4891 nttm
2385 4832 2683 4895 laudantes,
2716 4828 2798 4882 vir
2829 4825 3181 4886 humillimus,
3209 4837 3274 4876 uc
3302 4834 3399 4891 pro
3425 4815 3693 4872 miraculo
3723 4816 3824 4871 hoc

2229 4941 2352 4984 eum
2373 4924 2731 4998 publicarent,
2764 4919 2961 4975 obnixe
2988 4915 3215 4987 rogavit.
3540 4982 3547 4985 ι

2302 5019 2389 5073 55.
2419 5016 2577 5071 Aliud
2608 5012 2724 5084 ejus
2752 5011 2998 5067 mirabile
3030 5008 3252 5071 factum,
3302 5015 3361 5059 nt
3406 5002 3637 5074 subjecti
3684 5016 3823 5073 pra:-
