3988 5336
508 375 558 429 ε’«σ
576 373 636 431 l9

1560 346 1863 426 OTliLONl
1910 358 2219 424 nossem
2248 360 2308 421 s.
2340 354 2759 421 EMMERAMMI

3710 357 3811 413 $20

509 498 644 562 τω,
673 485 785 542 Deo
816 484 1017 556 gratias
1045 496 1212 556 agens
1244 482 1501 549 surrexit,
1538 495 1593 539 et
1621 491 1806 555 postea
1837 482 2129 540 incolmnis
2157 483 2207 543 Α
2235 481 2481 551 sequenti
2532 495 2692 535 mane
2738 477 2992 534 funereas
3036 477 3296 548 exequias
3336 486 3598 547 parantes
3639 492 3816 547 cmpe-

512 572 849 649 7permansit.
876 574 956 628 Ad
987 575 1102 628 haec
1130 573 1295 627 etiam
1323 573 1366 627 si
1396 581 1644 629 retexere
1687 572 1957 637 volumus,
2006 574 2129 643 riui-

514 671 637 725 rbus
666 682 882 724 manum
935 680 1034 736 pro
1071 665 1447 720 benedictione
1486 665 1761 737 imposuit,
1793 673 1849 720 et
1875 673 2008 734 quot
2035 680 2133 735 gu-

515 769 685 816 stato
714 772 858 828 pane
887 773 1046 827 quem
1074 756 1354 811 benedixit
1382 758 1450 812 ab
1482 755 1799 811 inﬁrmitate
1826 756 2132 811 liberaban-

537 862 645 913 tm,
682 848 963 904 tmdiosum
1000 846 1228 901 forsitan
1273 846 1461 903 lectori
1509 846 1798 901 videbitur.
1850 845 1999 901 Unde
2048 845 2134 901 his

516 941 773 1003 'omissis,
806 939 871 993 ad
897 938 1015 1005 ejus
1045 938 1334 992 transitum
1361 951 1717 1008 properemus
1761 936 2130 992 scribendum.

507 1059 517 1065 -
609 1032 694 1088 38.
734 1032 857 1101 (An.
891 1029 1017 1099 θυι)
1054 1029 1220 1101 Igitur
1262 1029 1375 1101 (83)
1418 1035 1543 1099 post.
1589 1026 1763 1082 multa
1810 1025 2031 1096 pietatis
2077 1033 2135 1079 et

536 1123 812 1194 ωίιιιίιιιιὶδ
841 1136 1025 1191 opera.
1055 1120 1251 1189 quibus
1304 1120 1414 1175 Deo
1464 1118 1672 1175 servire
1716 1117 1969 1173 studebat
2007 1115 2133 1186 qui-

540 1217 748 1285 busqne
796 1212 1239 1268 ecclesiam-sibi
1290 1212 1638 1268 commissam
1677 1211 1942 1283 regebat,
1990 1225 2133 1281 smpe

538 1306 850 1362 nominatus
880 1304 1186 1372 stepiusque
1233 1303 1594 1358 nominandus
1638 1295 1966 1357 venerabilis
1997 1315 2134 1370 prus.

539 1402 623 1453 sul
653 1391 1031 1467 Wolfltangns,
1063 1411 1183 1450 cum
1222 1395 1534 1467 Ratisponm
1570 1394 1923 1457 constitutus,
1951 1408 2132 1448 rerum

518 1486 872 1548 "necessitate
896 1499 1177 1559 poscente,
1223 1490 1275 1544 in
1302 1488 1620 1545 orientalem
1650 1487 1927 1559 Pagoarlte
1958 1486 2132 1558 regio-

516 1600 671 1657 ,nem
702 1582 808 1637 iter
837 1598 992 1638 suum
1023 1583 1352 1646 destinaret,
1398 1580 1710 1638 febricitare
1748 1580 1929 1650 cmpit.
1961 1578 2134 1645 Quam

544 1675 792 1745 corporis
843 1672 1141 1728 molestiam
1188 1674 1271 1727 vir
1317 1673 1410 1729 Dei
1460 1689 1565 1728 non
1610 1671 1784 1728 solum
1835 1669 2035 1740 vigiliis
2082 1676 2137 1723 et

545 1761 882 1821 orationibus
910 1806 926 1830 ,
972 1765 1066 1821 sed
1106 1752 1274 1819 etiam
1321 1763 1631 1819 elemosinis
1679 1762 1833 1833 quasi
1878 1759 2136 1831 praescius

2216 581 2369 626 -rnnt
2413 572 2626 626 ansiari
2688 570 2831 626 unde
2878 578 3098 640 possent
3147 570 3459 640 episcopum
3509 572 3825 641 acquireret

2232 658 2440 715 Interea
2491 660 2641 715 venit
2690 658 2803 737 (86)
2856 657 3179 714 Juvavensis
3246 658 3442 729 praesul
3491 660 3798 720 venerabili.

2235 751 2541 807 Har-twicus
2586 761 2643 806 et
2683 752 2850 806 Aribo
2876 766 3059 806 eomes
3087 750 3324 819 quidam,
3367 751 3484 805 viro
3532 750 3628 805 Dei
3682 751 3792 806 inte

2234 844 2403 899 laicus
2435 844 2772 899 carissimus.
2801 843 2910 899 Hos
2932 858 3148 914 quoque
3177 843 3264 897 illo
3287 844 3641 909 adventuros,
3664 841 3818 901 nocte

2233 933 2507 1002 praeterita
2542 932 2865 987 venerabilis
2912 932 3110 1003 praesul
3164 930 3519 1003 Wolﬂtangus
3564 934 3816 998 innotuit,

2232 1035 2355 1095 post
2382 1026 2538 1096 leuga
2584 1024 2795 1081 silentia
2828 1035 2883 1080 et
2918 1027 3163 1096 corporis
3191 1025 3492 1081 molestiam
3522 1027 3819 1082 relaxatam

2235 1121 2303 1175 ad
2327 1129 2597 1176 asstantes
2621 1121 2800 1177 subito
2825 1120 3013 1177 dicens
3046 1139 3059 1175 :
3095 1121 3346 1176 Mundate
3378 1123 3614 1182 domum.
3643 1133 3822 1191 parate

2236 1212 2550 1281 hospitium,
2580 1213 2704 1281 quia
2741 1211 2895 1265 hodie
2933 1210 3001 1265 ad
3032 1227 3124 1265 nos
3169 1211 3368 1266 uenient
3410 1213 3640 1281 hospites
3683 1212 3819 1266 boui.

2214 1305 2304 1359 ’Et
2358 1315 2413 1358 ut
2463 1306 2723 1370 credatis,
2774 1307 2897 1377 quia
2956 1323 3129 1361 rerum
3177 1307 3336 1371 dico,
3386 1308 3483 1361 hoc
3540 1309 3640 1360 erit
3689 1307 3824 1361 rubis

2235 1396 2440 1465 signum
2469 1414 2488 1451 :
2512 1398 2657 1451 naris
2687 1399 2741 1451 in
2764 1414 2868 1468 qua
2891 1397 3189 1467 ferebamur
3208 1397 3341 1452 bona
3362 1398 3545 1450 domui
3577 1396 3825 1450 llartwici

2238 1489 2614 1559 archiepiscopi
2644 1497 2693 1542 et
2724 1487 2967 1541 Aribonis
2994 1487 3228 1557 prrefecti
3252 1487 3593 1556 naufragium
3627 1488 3684 1540 in
3724 1485 3829 1540 Da—

2237 1580 2395 1634 nubio
2419 1597 2661 1651 perpessa
2685 1590 2802 1645 est;
2837 1580 2931 1635 sed
2962 1594 3056 1648 per
3094 1579 3508 1632 misericordiam
3540 1577 3640 1632 Dei
3666 1577 3827 1631 homi-

2239 1687 2328 1726 nes
2358 1670 2490 1725 salvi
2518 1671 2648 1741 facti
2674 1682 2817 1736 sunt,
2847 1680 2897 1724 et
2925 1668 3081 1723 iidem
3110 1668 3313 1722 domini
3341 1684 3461 1723 mea:
3488 1679 3608 1739 post
3630 1669 3827 1722 obitum

2238 1778 2410 1817 meum
2438 1765 2541 1818 huc
2569 1763 2846 1817 adventuri
2876 1770 3049 1817 erunt.
3075 1746 3410 1830 Factumque
3431 1768 3517 1815 est
3548 1761 3657 1824 ita;
3691 1758 3829 1815 etab

548 1855 851 1911 futurorum
880 1856 1252 1925 praeveniens,
1307 1862 1477 1909 totum
1524 1852 1669 1923 quod
1718 1853 1921 1908 habere
1966 1850 2140 1920 potuit

2253 1857 2442 1912 eisdem
2473 1852 2884 1910 advenientibus
2912 1869 3017 1907 una
3067 1867 3190 1907 cum
3225 1851 3421 1923 populo
3468 1850 3713 1905 fidelium
3742 1862 3830 1906 co-

550 1963 654 2020 per
706 1960 900 2001 manus
968 1962 1266 2017 pauperum
1346 1946 1401 2000 in
1452 1944 1884 2016 gazophylatium
1935 1941 2138 1997 Christi

550 2036 882 2099 transmisit;
915 2035 1101 2106 sicque
1142 2045 1327 2106 partes
1355 2035 1582 2091 orientis
1624 2034 1915 2104 petiturus,
1944 2031 2017 2086 illi
2045 2031 2139 2102 qui

551 2127 731 2183 nescit
759 2142 1015 2182 occasum
1059 2126 1259 2183 sedulis
1294 2126 1544 2196 precibus
1573 2126 1697 2181 vita:
1728 2140 1840 2180 suae
1865 2139 2140 2181 commen-

528 2212 707 2275 davit
740 2231 1055 2275 excursum.
1101 2215 1347 2287 Cumque
1395 2232 1492 2287 per
1554 2216 1785 2271 Danubii
1849 2216 2138 2271 decursum

552 2317 775 2364 ventum
805 2311 950 2364 esset
980 2307 1046 2361 ad
1082 2306 1259 2361 locum
1308 2306 1400 2375 qui
1434 2306 1634 2360 dicitur
1663 2305 1963 2376 Puppinga,
1998 2303 2138 2358 ultra

555 2400 779 2456 tendere
805 2415 911 2455 non
944 2398 1175 2461 valebat,
1210 2398 1334 2468 quia
1364 2408 1576 2467 tempus
1605 2396 1947 2452 resolutionis
1978 2397 2145 2451 iusta-

526 2476 668 2548 'hat.
718 2489 795 2547 lbi
841 2484 1011 2562 ergo,
1037 2502 1270 2561 superna
1314 2503 1373 2544 se
1416 2486 1670 2542 visitante
1710 2487 1904 2557 gratia,
1948 2501 2148 2557 cogno-

529 2570 716 2653 scens
746 2623 760 2648 ,
806 2581 915 2637 cito
959 2578 1074 2634 fore
1117 2577 1435 2648 complenda
1476 2591 1596 2647 qua:
1628 2576 1729 2630 sibi
1760 2591 1857 2647 per
1883 2575 2145 2630 visionem

553 2671 685 2728 olim
739 2671 949 2726 fuerant
981 2668 1218 2724 revelata
1268 2667 1404 2739 (8t),
1429 2665 1591 2734 jussit
1637 2666 1773 2738 (83),
1804 2674 1857 2719 ut
1887 2665 1939 2719 in
1964 2672 2148 2719 orato—

558 2762 700 2817 rium
727 2760 866 2816 beati
897 2757 1103 2816 Ottnari
1131 2759 1200 2824 ’⁷,
1246 2758 1387 2828 quod
1422 2755 1491 2812 ibi
1529 2757 1695 2810 situm
1726 2765 1867 2821 erat,
1894 2765 2143 2827 portare-

562 2861 675 2916 tur,
723 2858 779 2903 et
826 2859 952 2904 ante
994 2848 1166 2903 altare
1216 2847 1334 2918 ejus
1387 2846 1766 2917 deponeretur.
1823 2845 1977 2913 Quod
2022 2861 2148 2900 cum

528 2926 768 3000 :factum
816 2952 1003 3010 esset,
1050 2941 1439 3012 aliquantulum
1487 2956 1554 2995 ex
1604 2940 1919 2995 inﬁrmitate
1948 2954 2148 2994 conva-

528 3016 810 3097 ‘lescens,
855 3031 1087 3097 resedit,
1135 3038 1189 3086 et
1229 3045 1327 3100 per
1370 3029 1763 3085 confessionem
1809 3020 2042 3099 primum
2092 3042 2152 3083 se

529 3117 822 3194 'espiavit.
856 3121 1059 3177 Deinde
1086 3136 1275 3178 omnes
1300 3122 1390 3194 qui
1419 3122 1647 3177 aderant
1690 3133 1789 3192 pro
1820 3120 1945 3185 ﬁde,
1973 3136 2069 3191 spe
2098 3130 2154 3174 et

2246 1949 2401 2020 pioso
2449 1962 2645 2017 corpus
2692 1946 2838 2002 beati
2890 1942 3195 2015 Wolﬁtangi
3228 1952 3564 2013 susceptum,
3605 1943 3659 1996 in
3690 1944 3776 1999 die
3802 1958 3831 1997 a

2248 2040 2481 2095 transitu
2508 2038 2652 2094 illius
2679 2036 2910 2107 septimo
2937 2034 3015 2090 ad,
3032 2033 3307 2088 civitatem
3351 2031 3711 2103 Ratispouam
3742 2033 3832 2088 ho-

2225 2129 2473 2186 noriﬁce
2523 2138 2608 2186 est
2657 2130 2947 2201 perlatum.
3014 2128 3117 2186 Ubi
3180 2142 3303 2183 cum
3368 2128 3510 2198 apud
3577 2127 3833 2183 Sanctum

2248 2220 2466 2277 Petrum
2499 2219 2689 2276 fuisset
2716 2216 3031 2291 Susceptus,
3071 2234 3135 2274 nc
3172 2218 3476 2289 vigiliarum
3519 2219 3836 2273 missarum-

2256 2326 2365 2383 qne
2388 2312 2849 2368 eelebrationibus
2893 2312 3002 2366 Deo
3059 2309 3200 2365 foret
3249 2313 3686 2374 commendatus,
3724 2325 3837 2365 sns-

2256 2402 2504 2458 tollentes
2527 2416 2652 2457 eum
2682 2416 2873 2473 magna
2905 2402 3229 2462 reverentia,
3260 2402 3553 2472 portabant
3587 2417 3716 2457 eum
3745 2415 3836 2471 per

2228 2493 2463 2565 singula
2489 2493 2639 2549 urbis
2667 2493 2995 2548 monasteria
3023 2532 3038 2557 ,
3087 2491 3380 2548 novissitne
3407 2505 3538 2547 vero
3568 2495 3640 2546 ad
3669 2490 3839 2547 eccle-

2252 2585 2390 2641 siam
2440 2584 2582 2640 beati
2633 2585 2892 2655 martyris
2934 2583 3341 2647 Emmerammi,
3369 2580 3523 2651 cuius
3551 2582 3837 2644 honorem,

2252 2673 2382 2728 dum
2404 2675 2636 2739 vixerat,
2661 2673 2850 2728 intimo
2870 2671 3064 2729 aﬂ‘ectn
3083 2673 3382 2729 excolebat.
3406 2672 3524 2740 Qua
3550 2673 3841 2728 missarum

2259 2763 2557 2819 sollemniis
2576 2774 2631 2817 et
2650 2763 3000 2832 exequiarum
3023 2760 3211 2818 ofﬁciis
3233 2764 3273 2816 ri
3283 2771 3335 2816 te
3355 2761 3612 2832 peractis,
3638 2762 3843 2832 magni-

2259 2856 2363 2912 ﬁce
2418 2865 2581 2926 atque
2644 2856 2944 2912 honoriﬁce
3030 2856 3226 2911 ibidem
3295 2854 3537 2925 sepultus
3597 2862 3725 2921 est,
3787 2854 3841 2909 in

2255 2945 2452 3021 ordine
2497 2944 2810 3017 pontiﬁcum
2862 2944 3216 3015 duodecimo,
3264 2944 3398 3001 satis
3452 2959 3694 3015 congrue
3746 2959 3847 2999 nu-

2264 3053 2414 3095 mero
2479 3053 2637 3094 sacro
2692 3039 2746 3093 in
2797 3037 2890 3092 tali
2943 3037 3060 3092 viro
3119 3036 3369 3101 deﬁnito;
3435 3037 3489 3092 in
3550 3052 3662 3108 quo
3738 3035 3845 3090 Do-

2261 3132 2443 3187 minus
2484 3131 2762 3187 miraculis
2783 3131 2947 3186 variis
2970 3139 3155 3201 postea
3179 3129 3693 3201 manifestavit,quia
3706 3131 3849 3185 hunc

529 3218 534 3223 ’
565 3210 795 3272 Caritate
841 3213 974 3269 satis
1000 3213 1048 3246 "
1096 3213 1398 3270 luculenter
1438 3216 1766 3282 admonens,
1813 3228 1909 3270 eos
1945 3229 2009 3270 ac
2036 3215 2156 3269 uni-
2183 3214 2229 3278 C
2262 3238 2384 3279 cum
2406 3221 2740 3293 principibus
2786 3220 2965 3294 populi
3000 3222 3391 3278 sui'collocavit
3414 3219 3589 3285 (Psal.
3615 3220 3842 3293 cxu,8).

562 3321 756 3381 versos
800 3306 904 3362 sibi
950 3306 1272 3364 commissos
1317 3324 1444 3381 eum
1495 3307 1702 3363 intimis
1744 3307 1993 3377 suspiriis
2044 3308 2154 3363 Deo

569 3398 888 3468 sanctisque
940 3397 1060 3469 ejus
1131 3379 1591 3463 commendavit;
1673 3397 1901 3468 sicque,
1957 3396 2158 3452 viatico

567 3498 806 3561 sumpto,
840 3490 1168 3544 humotenus
1196 3504 1255 3544 se
1278 3489 1595 3561 prostravit.
1638 3488 1790 3544 Tunc
1829 3488 2010 3543 aeditui
2043 3487 2159 3544 sive

536 3579 891 3637 'cubicularii
942 3578 1142 3648 ejicere
1181 3583 1518 3651 temptabant
1564 3581 1631 3637 de
1678 3580 1907 3637 ecclesia
1948 3595 2157 3645 omnes,

534 3671 810 3743 rexceptis
853 3670 1207 3727 familiaribus
1235 3687 1420 3729 secum
1468 3687 1537 3728 ex
1582 3688 1732 3728 more
1771 3672 2161 3728 commanenti-

537 3806 544 3817 .
570 3762 695 3817 bus.
726 3761 874 3829 Quos
901 3763 987 3817 vir
1016 3762 1108 3817 Dei
1138 3763 1412 3832 prohibuit
1448 3763 1638 3819 dicens
1668 3779 1684 3818 :
1719 3763 1968 3818 Reserate
2002 3763 2157 3828 ostia,

538 3900 545 3911 ,
575 3850 781 3905 nullum
815 3853 905 3921 qui
940 3851 1055 3906 uelit
1099 3852 1317 3907 introire
1360 3854 1644 3923 prohibete.
1707 3852 1833 3908 Non
1870 3855 2010 3909 enim
2045 3871 2159 3919 nos,

573 3941 666 4010 qui
690 3956 872 3994 sumus
900 3943 1166 4008 mortales,
1191 3943 1490 3998 erubescere
1515 3944 1759 3998 debemus
1789 3945 1892 4001 nisi
1919 3961 1987 4000 ex
2010 3945 2163 4001 malis

548 4064 557 4071 ο
590 4030 855 4098 operibus,
895 4046 1014 4084 cum
1063 4034 1244 4088 mortis
1283 4032 1512 4087 debitum
1558 4035 1849 4107 necessario
1888 4034 2166 4092 exsolueri-

546 4136 734 4187 .mus;
772 4123 985 4194 quando
1003 4124 1214 4194 quidem
1241 4124 1397 4181 Jcsus
1432 4125 1690 4194 Christus,
1726 4128 1816 4199 qui
1852 4128 1982 4183 nihil
2011 4130 2167 4185 morti

548 4214 779 4283 .debuit,
811 4215 973 4287 [anno
1017 4217 1190 4272 nudus
1220 4219 1355 4273 mori
1405 4236 1509 4274 non
1546 4220 1751 4275 erubuit
1800 4221 1855 4276 in
1894 4238 2046 4277 cruce
2071 4238 2166 4293 pro

548 4309 785 4379 .geueris
819 4308 1037 4364 humani
1079 4309 1269 4367 salute.
1319 4312 1587 4383 Adspiciat
1632 4314 1849 4385 quisque
1895 4315 1952 4368 in
2002 4323 2167 4370 morte

581 4411 786 4467 nostra,
822 4403 960 4475 quod
1003 4413 1189 4474 paveat
1223 4413 1273 4458 et
1301 4415 1479 4460 careat
1527 4405 1582 4459 iu
1609 4399 1907 4461 sum—Deus
1934 4405 2170 4461 misereri

542 4494 829 4564 ’diguetur
888 4507 937 4551 et
1002 4497 1132 4551 mihi
1198 4498 1387 4552 misero
1450 4500 1712 4568 peccaturi
1763 4508 1980 4553 mortem
2034 4514 2172 4552 nunc

584 4585 861 4649 subeunti,
896 4597 947 4642 et
987 4591 1173 4659 cuique
1216 4605 1333 4643 eam
1370 4590 1552 4644 timide
1597 4606 1660 4644 ac
1699 4589 1965 4644 Itumiliter
1999 4588 2173 4660 adspi-

586 4678 765 4734 cienti.
798 4680 921 4737 Haec
949 4697 1072 4736 eum
1115 4682 1370 4747 dixisset,
1404 4692 1717 4739 reverenter
1742 4683 1931 4739 oculos
1955 4682 2177 4747 clausit,

587 4783 656 4826 ac
710 4769 855 4826 velut
917 4772 971 4826 in
1036 4772 1298 4828 somno”
1344 4789 1620 4843 pausans,
1676 4774 1731 4829 in
1788 4787 1921 4844 pace
1968 4772 2175 4842 quievit

591 4862 706 4931 (an.
736 4860 862 4926 994,
889 4861 1009 4916 Oct.
1036 4862 1151 4934 3|).

668 4951 760 5007 Sic
785 4953 1023 5008 animam
1054 4954 1227 5010 sacris
1252 4953 1513 5010 caelorum
1549 4953 1785 5010 reddidit
1807 4954 1995 5011 astris.

2333 3316 2426 3372 40.
2463 3316 2591 3372 Post
2619 3316 2829 3374 felicem
2859 3316 3030 3371 sancti
3056 3316 3304 3385 praesulis
3333 3315 3641 3385 Woll‘kangi
3666 3330 3850 3370 exces-

2262 3426 2385 3466 sum
2417 3409 2678 3482 plurimas
2709 3410 2941 3463 virtutes
2965 3419 3021 3462 et
3050 3408 3120 3441 ¹⁰⁰
3162 3409 3315 3480 signa
3345 3407 3641 3465 ostendere
3666 3409 3851 3480 digna-

2260 3500 2421 3555 batur
2464 3500 2638 3569 gratia
2686 3499 2869 3554 divina
2912 3515 3009 3569 per
3055 3498 3206 3554 illum
3240 3516 3261 3567 ;⁴
3307 3514 3538 3569 quorum
3582 3500 3848 3569 quasdam,

2261 3591 2600 3662 neglegentia
2645 3599 2702 3646 et
2743 3589 3014 3645 oblivione
3062 3589 3325 3656 faciente,
3367 3588 3435 3645 ad
3485 3590 3850 3662 cognitionem

2260 3694 2504 3740 nostram
2554 3683 2778 3743 minimc
2821 3692 3229 3753 pervenerunt,
3268 3684 3515 3753 quasdam
3547 3698 3679 3739 vero
3710 3685 3819 3739 rela

2265 3777 2412 3834 tione
2458 3776 2604 3835 ﬁdeli
2656 3783 2963 3845 comperta,
3008 3784 3167 3845 prout
3213 3790 3536 3846 possumus,
3585 3775 3854 3847 explicare

2269 3868 2675 3938 temptabimus.
2721 3866 2789 3921 Et
2834 3867 2937 3922 hoc
2983 3866 3039 3922 in
3091 3865 3280 3938 primis
3326 3865 3657 3930 dicendum,
3706 3866 3850 3935 quia,

2265 3976 2389 4017 cum
2414 3959 2776 4031 provinciales
2822 3973 2926 4014 una
2978 3973 3101 4015 cum
3142 3957 3353 4013 civibus
3389 3957 3493 4013 loci
3530 3958 3721 4028 ipsius,
3752 3973 3853 4027 qun

2270 4062 2493 4111 sanctus
2538 4050 2734 4124 praesul
2783 4049 3076 4107 defunctus
3113 4059 3215 4117 est,
3252 4052 3627 4117 convenirent,
3658 4059 3717 4106 ut
3748 4066 3857 4105 me-

2268 4148 2457 4203 liorem
2487 4153 2541 4201 et
2574 4143 2834 4214 majorem
2883 4143 3164 4199 basilicam
3211 4152 3603 4200 construerent
3629 4171 3703 4185 --
3733 4158 3856 4197 nam

2270 4241 2337 4295 de
2359 4239 2622 4310 lignorum
2648 4237 2872 4293 materia
2901 4236 3049 4306 prior
3074 4244 3193 4291 erat
3213 4234 3502 4300 aediﬁcata,
3528 4263 3600 4277 —-
3627 4234 3855 4305 quadarn

2270 4332 2357 4387 die
2384 4330 2578 4386 murali
2610 4330 2986 4386 insistentibus
3022 4330 3195 4401 operi.
3230 4329 3450 4400 quidam
3487 4329 3755 4385 adductus
3777 4337 3859 4385 est

2272 4422 2683 4492 energnminns.
2707 4419 2878 4487 Quem
2902 4419 3142 4474 artiﬁces
3163 4420 3510 4475 miseratione
3530 4420 3710 4474 divina
3732 4419 3857 4474 moti

2246 4531 2251 4584 ς
2277 4511 2767 4584 apprehendentes,
2804 4512 2855 4567 in
2887 4510 3038 4566 illum
3067 4510 3264 4576 locum,
3295 4510 3383 4565 ubi
3415 4520 3640 4567 sanctus
3664 4510 3759 4565 Dei
3787 4509 3861 4564 fa-

2280 4606 2462 4662 mulus
2490 4605 2738 4677 spiritum
2777 4604 3074 4670 exhalavit,
3103 4611 3558 4674 prostraverunt;
3604 4602 3697 4659 ubi
3741 4616 3860 4657 mox

2279 4712 2379 4768 per
2430 4696 2608 4752 sancti
2661 4696 2766 4751 viri
2832 4697 3027 4752 merita
3088 4694 3341 4751 sanitatis
3394 4694 3602 4763 recepit
3648 4693 3860 4765 gaudia.

2280 4784 2485 4843 Deinde
2514 4786 2680 4841 etiam
2710 4786 2858 4841 locus
2888 4784 2976 4841 ille
3012 4801 3043 4839 a
3081 4784 3314 4840 diversis
3353 4782 3737 4855 languentibus
3761 4782 3863 4837 fre-

2281 4878 2669 4947 quentabatur,
2716 4888 2773 4931 et
2819 4876 2973 4931 multi
3044 4876 3386 4932 restitutione
3442 4876 3723 4947 sospitatis
3764 4874 3863 4930 sibi

2282 4968 2720 5030 consolabantur,
2753 4968 2903 5030 quia,
2932 4976 2989 5022 ut
3028 4968 3218 5022 beatus
3241 4965 3537 5030 Gregorius
3571 4966 3709 5022 dicit
3735 4965 3863 5030 (87),
