3988 5336
215 347 303 402 £21
1209 342 1270 398 Vl
1287 343 1360 401 TA
1401 342 1457 398 S.
1501 341 1758 400 WOLFK

1868 342 1938 399 31.
1964 374 2034 385 —-
2057 344 2425 402 APPENDIX.

3357 358 3462 414 δ’ἐξ

275 461 359 515 tl.
397 457 564 514 liomo
591 456 754 528 igitur
780 456 1138 528 pauperculus
1165 459 1407 528 quidam,
1439 457 1528 528 qui
1561 459 1631 512 ob
1660 457 1766 512 cri-
1801 460 1844 519 Λ
1875 469 2017 512 esset
2049 475 2144 514 sua
2197 461 2362 527 visio,
2391 463 2593 529 gratias
2639 463 2750 534 egit
2794 466 2905 520 Deo
2950 476 3244 538 sanctoque
3284 469 3460 527 Wolf-

213 551 396 606 minum
427 549 711 603 multorum
753 548 1204 618 perpetrationem
1241 549 1458 604 circulis
1493 549 1686 604 ferreis
1713 550 1764 603 in

211 655 419 712 utroque
444 641 663 696 brachio
693 640 792 694 fuit
817 641 1168 704 constrictus,
1199 652 1251 696 et
1275 658 1341 696 ex
1378 643 1478 697 hoc
1503 643 1766 712 gravissi-

209 737 298 790 mis
326 734 516 790 c'otidie
540 735 812 805 suppliciis
837 734 1080 798 adlictus,
1108 750 1230 789 cum
1258 736 1420 790 multa
1451 745 1763 791 sanctorum

207 829 308 883 loca
338 843 430 897 pro
455 827 693 897 ejusdem
719 827 994 882 cruciatus
1020 828 1262 883 remedio
1290 828 1672 898 cornmissiquc
1698 829 1762 860 ⁸⁸⁸

205 918 403 973 sceleris
431 917 720 972 abolitioz-re
750 918 1165 988 perlustrasset,
1212 918 1389 972 divina
1424 920 1638 974 tandem
1666 921 1766 974 mi-

205 1009 453 1063 seratione
502 1018 818 1078 respectus,
867 1008 996 1064 ferri
1044 1009 1314 1078 ligamen,
1365 1012 1506 1081 quod
1559 1013 1612 1066 in
1660 1026 1766 1067 uno

203 1099 426 1170 gestabat
452 1098 696 1164 brachio,
729 1115 824 1170 per
847 1099 1029 1157 Sancti
1054 1101 1156 1155 viri
1181 1101 1246 1133 ¹⁰⁸
1268 1102 1543 1172 Adalperti
1572 1103 1762 1158 merita

202 1191 427 1244 amittere
475 1190 694 1245 meruit.
749 1191 952 1247 Deinde
1009 1194 1218 1258 etiam,
1277 1195 1536 1264 quoniam
1590 1196 1762 1251 sancti

198 1279 485 1350 Wolﬂtangi
527 1279 725 1335 famam
758 1297 852 1354 per
880 1283 1198 1355 longinquas
1241 1285 1447 1340 audivit
1493 1287 1760 1358 regiones,

197 1372 254 1424 ad
277 1370 623 1441 Ratisponatn
652 1371 892 1438 veniens,
917 1373 1096 1443 ibique
1123 1384 1249 1430 ante
1275 1375 1621 1445 sepulchrum
1644 1377 1762 1447 ejus

196 1463 404 1517 orationi
453 1463 747 1530 insistens,
792 1464 1016 1520 alterius
1054 1467 1241 1521 circuli
1268 1467 1512 1522 cruciatu
1541 1468 1761 1523 absolu-

199 1563 270 1607 IIIS
295 1562 392 1607 85L

251 1644 331 1698 ιε.
368 1644 628 1700 lleinrico
664 1661 788 1717 rege
837 1647 1062 1702 necdum
1102 1663 1321 1704 cmsarts
1351 1651 1435 1706 vel
1469 1651 1762 1722 imperato-

194 1739 258 1793 ris
282 1739 595 1808 dignitatem
625 1739 918 1804 obtinente,
949 1744 1198 1812 apparuit
1231 1753 1450 1799 sanctus
1481 1744 1762 1800 Wolfkan-

1871 546 2067 618 kaugo,
2099 550 2190 619 qui
2240 551 2340 605 sibi
2375 552 2532 606 talem
2582 553 2823 610 revelare
2870 555 3122 626 dignatus
3153 569 3239 615 est
3283 562 3460 633 digni-

1874 651 2059 696 tatem.
3365 703 3371 709 .

1941 735 2030 788 43.
2066 735 2294 805 Quidam
2329 737 2439 808 (88)
2484 740 2646 794 homo
2687 742 2930 798 cmcitate
2978 747 3238 804 multatus
3268 752 3335 805 ad
3370 767 3430 808 se

1869 827 2154 896 pulchrum
2224 829 2367 883 beati
2426 829 2732 904 Wolfkaugi
2777 835 3028 891 accessit.
3083 839 3326 910 (Tumque
3383 842 3458 896 ibi

1869 930 2060 985 preces
2113 918 2418 972 uberrimas
2473 918 2786 985 elTudissct,
2836 925 3015 979 subito
3068 929 3184 982 visu
3240 941 3459 1002 recepto

1869 1006 2176 1071 exauditus,
2206 1007 2316 1062 Deo
2349 1017 2645 1078 sanctoque
2678 1013 2890 1080 przesuli
2931 1015 3136 1084 gratias
3167 1019 3298 1086 egit.

1938 1095 2028 1149 44.
2063 1097 2185 1152 Alio
2231 1113 2446 1168 quoque
2485 1107 2728 1170 tempore
2757 1102 2952 1157 mulier
2976 1108 3221 1175 quaedam
3263 1107 3458 1166 debilis

1867 1202 1965 1258 pro
1996 1203 2089 1258 spe
2123 1190 2506 1260 recuperanda:
2532 1191 2724 1246 salutis
2757 1193 3038 1262 deportata
3065 1206 3147 1251 est
3177 1215 3208 1253 a
3257 1200 3369 1255 suis
3402 1202 3456 1256 in

1866 1280 2152 1335 ecclesiam
2186 1281 2328 1336 beati
2361 1282 2748 1338 Emmerammi
2793 1287 3066 1356 martyris.
3107 1288 3160 1342 lu
3191 1306 3297 1361 qua
3326 1292 3454 1348 t'um

1866 1379 1990 1423 ante
2021 1369 2214 1424 altaria
2247 1373 2508 1440 reptando
2555 1375 2728 1443 magis
2773 1390 2936 1443 quam
2967 1377 3292 1433 ambulando
3323 1381 3451 1449 pelio

1868 1462 2014 1516 tione
2037 1464 2222 1518 sedula
2249 1467 2908 1536 sanctorqu.exquisissct
2938 1468 3212 1541 sulfragia,
3238 1474 3451 1533 tandem

1865 1566 1932 1606 ex
1965 1553 2151 1608 labore
2199 1555 2282 1608 vel
2325 1556 2643 1623 aegritudine
2684 1555 2907 1628 fatigata
2939 1599 2954 1622 ,
3002 1575 3160 1616 secus
3194 1563 3455 1619 tumulum

1866 1643 2040 1697 sancti
2090 1643 2335 1713 praesulis
2384 1645 2693 1717 Wolfkangi
2744 1649 2946 1703 resedit
2993 1649 3163 1704 lnnni.
3212 1651 3456 1724 Cumque

1868 1735 2076 1790 misella
2109 1752 2339 1807 corpore
2369 1754 2435 1793 ac
2464 1749 2644 1794 mcnte
2675 1741 2949 1804 inclinata.
2978 1743 3095 1812 cjus
3125 1745 3378 1812 precibus
3403 1757 3459 1802 et

193 1847 277 1903 ειιε
311 1833 361 1886 in
408 1833 623 1887 εοωηίε
667 1834 886 1904 visione.
914 1836 1028 1890 ιδῃ,
1066 1838 1254 1893 Visum
1288 1856 1522 1911 namque
1567 1851 1652 1897 εει
1687 1844 1759 1910 ei,
1791 1813 1838 1874 Β
1868 1830 2074 1884 meritis
2098 1844 2156 1885 se
2184 1831 2428 1900 adjuvari
2483 1841 2770 1898 exoraret,
2817 1835 2997 1889 subito
3028 1835 3210 1892 lateris
3239 1846 3454 1894 cetero-

193 1925 315 1993 quod
357 1939 587 1980 manens
622 1926 672 1979 in
705 1923 888 1981 Sancti
918 1927 1300 1984 Emmerammi
1326 1933 1579 1997 ecclesia,
1612 1950 1759 1990 accc-

193 2015 325 2070 deret
350 2016 540 2070 orandi
574 2017 750 2087 gratia
783 2019 850 2072 ad
879 2018 1021 2074 beati
1072 2019 1384 2092 Wollkangi
1413 2024 1760 2093 sepulchrum

193 2107 238 2162 in
261 2108 474 2163 ecclesia
500 2110 698 2164 eadem
728 2109 914 2165 situm.
940 2111 1183 2180 Cumque
1213 2111 1408 2168 ibidem
1439 2114 1605 2168 Deum
1633 2132 1760 2170 san-

191 2207 425 2268 ctumque
478 2197 869 2269 Wolﬂtangum
915 2201 1166 2268 precibus
1213 2201 1420 2258 intimis
1466 2217 1760 2262 conaretur

191 2307 414 2356 exorare,
451 2292 641 2347 subito
674 2291 955 2348 videbatur
984 2294 1030 2347 ei
1062 2294 1176 2363 ipse
1203 2305 1427 2352 sanctus
1459 2310 1674 2354 asstare
1703 2309 1760 2355 et

191 2382 470 2450 huiusmodi
498 2385 688 2440 verbis
724 2399 848 2439 eum
888 2387 1158 2455 appellare
1191 2406 1203 2441 :
1243 2388 1459 2444 Intuere
1483 2392 1760 2462 diligenter

189 2475 363 2530 litteras
401 2477 452 2530 in
489 2493 672 2542 muro,
700 2479 789 2548 qui
821 2489 896 2532 est
928 2495 1074 2532 secus
1105 2481 1366 2535 tumulum
1394 2501 1586 2550 meum,
1620 2487 1754 2540 scri-

187 2578 304 2634 ptas.
342 2567 472 2621 Erat
507 2577 696 2622 autem
747 2569 843 2634 ibi,
881 2570 1024 2624 sicut
1067 2572 1370 2638 videbatur,
1417 2575 1756 2633 solummodo

187 2656 419 2726 scriptum
451 2672 466 2711 :
503 2655 640 2712 Post
676 2674 789 2712 sex.
829 2658 1100 2730 Evigilans
1137 2677 1264 2716 vero
1312 2663 1596 2723 lleinricus
1639 2684 1752 2736 rex,

188 2751 484 2805 tractatione
506 2751 772 2805 diuturna
796 2765 979 2805 secum
999 2752 1224 2808 revolvit
1245 2757 1572 2825 paucissima
1597 2759 1757 2829 hujus

186 2837 384 2894 visionis
429 2840 660 2910 scripta.
713 2839 768 2893 In
816 2840 1006 2911 primis
1055 2858 1182 2913 ergo
1229 2847 1564 2915 arbitratus,
1613 2853 1755 2922 quod

187 2937 287 2996 post
310 2945 400 2984 sex
426 2931 544 2985 dies
571 2940 723 2985 esset
751 2931 1064 2998 moriturus,
1105 2935 1270 2990 multa
1314 2938 1589 3008 dispensat
1618 2959 1752 3014 pau-

186 3022 396 3089 peribus.
418 3022 554 3081 Cum
577 3032 760 3077 autem
785 3038 881 3078 sex
905 3025 1115 3080 dierum
1144 3044 1402 3086 numerus
1429 3037 1753 3104 praeteriret,

1865 1935 2094 1990 rumque
2125 1921 2488 1976 membrorum
2515 1924 2818 1979 contractio
2849 1926 3049 1980 nodosa
3079 1936 3163 1982 est
3188 1927 3360 1983 soluta
3391 1945 3457 1986 ac

1865 2025 1974 2070 tam
2027 2017 2380 2072 vehementer
2451 2018 2696 2088 disrupta
2729 2061 2745 2086 ,
2813 2028 2874 2075 ut
2929 2022 3209 2092 sanguinis
3262 2023 3456 2080 eﬂ'usio

1862 2103 2129 2160 dilliueret
2159 2107 2211 2160 in
2240 2107 2575 2176 pavimento.
2609 2109 2759 2164 Tunc
2790 2110 2984 2164 mulier
3010 2111 3242 2180 primum
3274 2123 3457 2169 exter-

1859 2196 1964 2250 rita
2013 2211 2122 2266 prae
2172 2197 2367 2252 timore
2416 2199 2584 2268 caepit
2635 2199 2905 2264 clamare;
2959 2201 3153 2255 deinde
3198 2203 3456 2260 exsiliens

1859 2300 2014 2350 sana,
2043 2295 2226 2356 grates
2254 2286 2490 2340 reddidit
2530 2287 2640 2342 Deo
2669 2296 2966 2357 sanctoque
2997 2289 3341 2362 Wollkango.

1931 2375 2019 2432 45.
2037 2376 2208 2431 Homo
2233 2376 2448 2446 quidam
2473 2379 2636 2432 nimis
2660 2388 2895 2450 aegrotus
2911 2381 3096 2435 orandi
3115 2383 3292 2451 gratia
3311 2383 3457 2438 venit

1860 2466 1914 2521 in
1930 2466 2074 2522 beati
2107 2469 2492 2524 Emmerammi
2513 2471 2823 2526 ecclesiam.
2853 2472 2952 2528 Ubi
2981 2475 3108 2528 dum
3139 2489 3197 2529 se
3229 2485 3453 2532 sancto-

1861 2575 1980 2614 rum
2033 2561 2243 2616 meritis
2280 2563 2580 2631 posmlaret
2623 2563 2842 2619 liberari
2888 2566 2956 2619 ab
3003 2565 3300 2623 inhaerente
3349 2567 3452 2622 sibi

1859 2652 2063 2706 diutina
2115 2655 2495 2722 a-grotatione,
2540 2655 2756 2710 demum
2793 2657 3046 2712 decubuit
3079 2658 3232 2728 juxta
3279 2658 3454 2714 sancti

1859 2729 2166 2815 Wolﬂtaugi
2213 2745 2486 2810 tumbam;
2541 2748 2722 2818 ibique
2756 2747 2825 2779 ¹⁰⁸
2871 2750 3101 2804 feliciter
3143 2759 3450 2820 soporatus,

1857 2834 2132 2904 quendam
2163 2836 2338 2890 virum
2372 2846 2580 2892 statura
2621 2854 2906 2908 procerum
2946 2851 3002 2895 et
3045 2842 3254 2896 canicie
3287 2855 3452 2897 vene-

1859 2927 2088 2979 randum
2122 2938 2333 2982 asstare
2362 2928 2526 2993 vidit,
2558 2939 2721 2998 atque
2745 2929 2812 2984 ab
2846 2944 2912 2984 eo
2941 2931 3144 2985 dietum
3191 2930 3401 2985 audivit
3435 2946 3450 2984 :

1863 3016 1929 3072 Ut
1957 3020 2084 3090 quid
2105 3021 2166 3073 tu
2197 3022 2305 3085 hic,
2341 3031 2433 3075 aut
2461 3023 2614 3092 cujus
2645 3023 2718 3076 rei
2740 3024 2909 3093 gratia
2939 3023 3236 3078 advenisti?
3268 3025 3338 3078 At
3367 3023 3457 3079 il'a

179 3120 227 3165 ει
253 3112 318 3166 ni]
345 3114 395 3167 in
426 3129 484 3168 se
516 3114 826 3184 corporalis
857 3115 1116 3172 molestia:
1142 3121 1390 3187 senm-ej,
1423 3127 1650 3192 puum,
1687 3129 1753 3184 ad
1785 3148 1828 3207 Ο
1861 3114 2180 3182 respondit:
2208 3113 2450 3178 Domine,
2473 3125 2748 3186 prapterea
2769 3118 2870 3170 huc
2889 3118 3047 3170 miser
3065 3119 3196 3182 teni,
3223 3127 3276 3170 ut
3299 3132 3458 3172 saner

184 3215 262 3255 sex
313 3218 520 3259 menses
581 3205 911 3274 pertinere,
968 3217 1022 3263 et
1075 3210 1267 3285 eadem
1319 3213 1484 3283 cmpit
1537 3215 1748 3270 timere.

187 3289 461 3348 Transacto
491 3309 632 3350 vero
659 3303 716 3348 et
747 3295 905 3366 hujus
936 3299 1148 3353 numeri
1174 3302 1373 3370 spatio,
1413 3303 1657 3374 nihilque
1685 3322 1753 3362 eo

186 3382 492 3441 inﬁrmitatis
523 3401 724 3457 passo,
764 3388 1057 3444 arbitratus
1083 3400 1167 3445 est
1201 3391 1347 3448 hunc
1373 3409 1656 3453 numerum
1683 3399 1752 3455 ad

186 3486 266 3526 sex
308 3489 474 3531 annos
518 3477 842 3546 pertinere,
888 3479 1114 3550 ideoque
1149 3497 1268 3551 quae
1310 3493 1365 3538 et
1394 3500 1556 3555 supra
1587 3491 1753 3560 caepit

185 3567 371 3622 timere.
401 3568 656 3640 Curaque
682 3586 778 3626 sex
811 3585 1072 3627 annorum
1108 3590 1366 3631 numerus
1393 3578 1602 3650 integer
1630 3599 1752 3652 per-

187 3661 443 3717 transisset
488 3672 546 3718 et
591 3663 815 3733 septimi
847 3665 971 3719 anni
1017 3666 1133 3722 dies
1183 3670 1462 3727 revolutus
1501 3675 1756 3742 venisset,

185 3753 378 3807 caesaris
410 3753 738 3824 dignitatem
783 3767 884 3824 per
912 3755 1262 3826 apostolicam
1297 3767 1534 3833 suscepit
1565 3781 1759 3822 conse-

183 3843 452 3900 crationem
485 3847 616 3918 (an.
654 3846 848 3917 10H).
880 3847 922 3902 Τ
928 3864 1035 3903 unc
1067 3851 1281 3906 tandem
1311 3855 1552 3912 sentiens
1583 3861 1760 3929 qualis

1862 3222 1893 3257 a
1921 3202 2282 3274 languoribus,
2313 3207 2502 3276 quibus
2523 3207 2640 3276 jam
2672 3225 2764 3277 per
2794 3223 2960 3262 annos
2991 3208 3165 3276 plures
3196 3209 3452 3262 laboraui.

1857 3295 2008 3350 Tunc
2031 3297 2356 3352 venerabilis
2382 3299 2548 3353 heros
2570 3300 2719 3368 virga
2748 3298 3028 3368 pastorali,
3052 3314 3212 3368 quam
3239 3306 3454 3369 gestare

1857 3387 2176 3460 videbatur,
2261 3399 2488 3460 tangens
2561 3406 2728 3455 eum,
2789 3392 2928 3445 dixit
2980 3408 2994 3444 :
3049 3391 3220 3460 Surge
3275 3392 3453 3444 citius.

1857 3477 1993 3531 Ecce
2028 3456 2165 3532 enim
2200 3495 2362 3534 sanus
2403 3481 2574 3550 [actus
2603 3498 2677 3534 es.
2727 3479 2846 3534 lllox
2894 3481 2984 3548 qui
3027 3479 3246 3549 jacehat
3294 3479 3453 3548 quasi

1862 3578 2130 3636 mortuus,
2185 3585 2282 3640 per
2334 3571 2526 3625 merita
2575 3571 2823 3641 przesulis
2861 3570 3168 3640 Woli'kaugi
3199 3583 3451 3624 asomno

1862 3663 2201 3732 aegritudinis
2247 3665 2518 3719 excitatus
2555 3665 2792 3720 exsilivit
2815 3706 2831 3730 ,
2867 3675 2920 3720 et
2954 3679 3064 3736 pra:
3105 3663 3304 3734 gaudio
3341 3660 3454 3716 cla-

1864 3769 2020 3809 mans
2057 3755 2111 3808 in
2159 3765 2421 3824 quantum
2469 3758 2674 3827 potuit,
2717 3757 2890 3811 Deum
2933 3763 3262 3825 sanctosque
3309 3751 3454 3809 illius

1865 3838 2125 3899 laudavit.

1449 3971 1678 4028 νΑηιΑς
1724 3975 2127 4036 LECTIONES.

242 4049 302 4084 ⁸³³
327 4053 754 4126 commissisque
782 4053 1084 4112 sceleribus
1121 4057 1192 4112 Η
1223 4060 1306 4112 ed.
1386 4061 1452 4092 '°'
1483 4063 1621 4119 deest
1647 4067 1703 4122 2.
1735 4070 1822 4124 ubi
1853 4071 2064 4142 alperti.

2147 4075 2216 4106 ⁸⁰³
2248 4076 2446 4146 ubique
2465 4075 2518 4129 2.

1702 4181 1910 4241 NOTAE
1921 4227 1936 4242 .

243 4250 344 4328 (88)
373 4254 606 4327 Reliqua
634 4257 740 4311 tria
770 4256 1002 4328 capitula
1030 4273 1096 4313 ex
1123 4257 1387 4326 Arnoldo,
1415 4280 1464 4320 c.
1490 4266 1685 4327 26-28.

179 4384 3431 4428 -——_—_—______________________________

414 4507 1147 4624 APPENDIX
1227 4512 1416 4628 AD
1499 4521 1966 4640 VITAM
2055 4523 2175 4636 S.
2269 4519 3256 4640 WOLFKANGL

626 4732 1023 4862 VITA
1131 4740 2106 4879 RHYTHMICA
2201 4746 2970 4877 EJUSDEM.
3066 4779 3070 4783 ‘

477 4928 662 5003 (Apud
696 4926 762 4984 R.
795 4927 857 4984 P.
889 4930 1224 4989 Bernardum
1250 4935 1804 5008 Pezium,Thesaurus
1829 4947 2025 5002 Anecd.
2069 4964 2286 5014 πιπτει,
2314 4953 2446 5002 tom.
2477 4943 2544 4999 lll
2569 4952 2723 5014 parte
2755 4957 2815 5006 ιι,
2843 4940 2950 4999 col.
2981 4939 3129 5012 6l5.)

1493 5147 2119 5242 MONETUM.
