1994 2668
115 130 165 159 49.5

113 190 139 225 ln
154 190 293 225 Puppmga
309 190 387 217 morti
404 189 489 219 daris;

114 224 159 251 [δι
173 230 236 251 tunc
250 224 433 252 ekenteraris.

146 260 210 286 Exta
225 265 340 287 manent
354 261 459 287 ibidem.

113 294 178 321 Hinc
192 295 298 322 exuviae
312 296 437 322 feruntur

113 329 297 365 ﬂatisponam,
310 330 499 365 disponuntur.

111 363 192 400 Etiibi
207 363 387 400 sepeliuntur,

145 399 180 426 Ut
192 399 271 427 decet
284 401 446 428 antistitem.

111 434 154 471 §ic
168 435 195 471 in
210 435 327 463 Domino
340 436 470 471 quiescis,

110 469 142 504 Et
155 470 294 498 miraculis
309 469 436 499 clarescis
449 480 456 504 ;

112 503 163 542 Nee
175 506 299 542 guotidie
313 507 444 542 torpescis

142 539 238 567 Adhuc
250 541 327 575 signa
341 539 441 569 facere.

109 574 135 601 In
150 574 287 610 lnibripoli
300 585 352 604 non
366 581 449 607 tanta,

109 610 161 637 Nec
174 610 218 637 tibi
232 616 296 638 sunt
310 617 371 639 exta
386 617 489 643 Saltcla,

108 644 185 681 Facis
199 646 287 681 signa,
304 646 371 674 facis
384 653 485 681 quanta

140 680 212 708 Loco
225 686 277 709 tute
292 680 413 709 fabricas.

284 716 453 745 Exhortatio.

108 751 162 783 Eia,
179 751 261 779 Pater
274 757 299 779 et
313 757 426 786 patrone
440 774 446 783 .

109 786 206 813 Summi
223 786 315 814 Patris
329 787 365 814 ﬁli
382 787 459 820 bone,

108 820 145 848 Ile
154 822 316 857 participem
331 830 439 850 corona:

705 190 769 218 Tuze
783 191 825 218 fac
837 198 896 217 cum
912 191 1018 217 ctetcris

671 225 874 254 Sacerdotibus.
889 226 1031 252 laudantes

671 261 753 287 Deum
769 266 847 296 teque
859 265 1028 291 venerantes,

670 296 799 329 Quamvis
812 297 839 323 in
856 296 974 331 peccatis
990 300 1085 322 nantes

705 331 796 359 Simus
814 332 869 359 veri
885 330 1004 357 lumittis.

670 365 777 397 Lumen
786 367 819 393 da
834 367 1011 397 exteriorum,

670 400 771 437 [.umen
788 402 846 437 plus
861 401 1019 437 interiorum

671 435 772 463 Prmsta
788 435 864 464 nobis
878 436 1028 468 oculorum,

704 471 756 499 Per
772 472 894 500 datorem
902 472 1038 506 romuium.

671 506 705 534 Ut
719 508 853 541 possimus
870 506 1055 541 contemplari,

671 542 768 569 Verum
785 543 869 570 solent
883 542 1047 577 conspicari,

668 577 696 604 In
709 584 762 611 quo
775 577 864 605 lumen
880 582 931 609 est,
948 585 962 604 a
978 576 1048 604 mari

706 612 795 648 Usque
812 614 875 641 solis
891 612 1048 641 terminum.

665 647 698 674 Et
713 648 734 674 si
748 648 837 676 lumen
853 648 1016 676 tenebrescit

669 683 832 716 Intellectus,
848 688 875 710 ct
887 683 1027 718 nigrescit,

668 718 813 752 Lippitudo
825 727 932 750 sensus,
949 719 1048 746 crescit

704 754 805 780 Dehinc
817 754 981 781 dormitatio.

667 789 800 816 Vanitatis
812 797 874 816 cum
888 794 995 824 torpore

665 824 755 851 Mundi
770 832 866 859 pompa
879 832 939 851 (‘lltll
953 824 1063 852 dulcore

854 879 1012 920 Explica.

624 131 700 159 VITA
722 132 750 159 S.
773 133 990 161 WOLFKANCI.
1009 149 1043 154 -—
1063 133 1246 162 APPENDIX.
1699 135 1752 163 ιὶϐ

1228 189 1359 221 Laudum,
1372 189 1509 217 hominum
1527 188 1628 221 favore.

1264 225 1359 253 Nostra
1372 225 1499 253 cxcitatio

1228 260 1280 290 Sis,
1299 262 1319 286 si
1335 261 1422 287 taliter
1438 261 1597 292 dormimus,

1229 296 1256 321 In
1274 296 1401 330 peccatis,
1413 304 1527 330 quorum
1541 298 1642 330 primus

1231 331 1285 364 Ego
1296 340 1365 361 Slltll,
1382 339 1414 357 ne
1430 333 1467 357 sic
1483 333 1612 365 perimus,

1267 367 1357 392 ilxcita
1372 368 1526 394 salubriter.

1228 401 1263 428 Ut
1279 409 1409 436 queamus
1423 403 1545 436 vigilare.

1228 437 1367 463 Vantlatcs
1383 438 1527 471 abncgarc,

1229 472 1331 504 Quihns
1345 473 1459 498 viximus
1474 481 1521 506 per
1536 480 1609 499 mare

1264 507 1347 539 llnjns
1364 508 1453 533 tnundi
1468 508 1578 541 jugitcr.

1228 542 1348 568 Tandem
1365 543 1411 568 tibi
1426 544 1617 577 propinquare,

1227 578 1341 612 (ircgcm
1358 577 1458 604 Christi
1474 579 1621 611 adaqnarc,

1228 613 1259 639 Et
1274 620 1322 647 pro
1338 612 1394 647 ipso
1405 621 1512 646 semper
1529 619 1600 639 szare

1261 649 1300 674 Ad
1319 649 1413 674 mortis
1429 649 1490 674 hinc
1509 653 1656 675 certamen.

1227 683 1319 709 Nullas
1334 684 1419 709 minas
1435 684 1477 710 hic
1490 691 1626 715 veremur,

1226 719 1292 745 Ολυιί
1312 719 1413 745 sanctis
1428 718 1624 753 utjnngcntnr,

1226 754 1259 780 Et
1270 755 1301 780 ad
1321 761 1366 780 eos
1379 754 1542 780 collocentur

1260 789 1287 815 lu
1301 789 1506 823 sempiternum.

1331 825 1426 850 Amen.

482 963 630 997 INCIPIT
652 964 805 1010 ORATIO
828 964 880 995 DE
905 963 1063 996 SANCTO
1085 963 1363 996 WOLFKANGO.

136 1047 156 1076 0
169 1045 346 1074 sanctissime
361 1045 524 1082 Wolfkange
538 1066 545 1078 ,
557 1046 658 1073 Christi
676 1046 816 1073 confessor
835 1054 897 1081 pre-
912 1050 935 1078 Λ
951 1046 1131 1082 ηιΙοιιιννίιιιπι
1144 1047 1176 1073 ad
1189 1050 1318 1074 aeternam
1330 1046 1412 1074 vitam
1424 1047 1568 1081 pervenire
1581 1055 1745 1082 mereamur.

106 1083 181 1110 Iiose!
198 1090 215 1109 ο
233 1081 367 1117 pneclare
379 1081 513 1117 pontifex!
527 1089 543 1108 ο
558 1082 665 1117 egregie
678 1082 789 1116 przesul!
803 1090 819 1108 ο
831 1090 898 1116 ιιι-ιυ-

104 1116 241 1152 fulgidum
255 1117 346 1144 lumen
372 1116 501 1143 Ecclesia:
521 1116 677 1152 catholicae.
706 1124 721 1144 a
754 1117 808 1144 Deo
834 1124 899 1145 vero

102 1151 200 1180 lumine
229 1152 489 1186 inesstinguibiliter
512 1151 706 1179 illuminalnm!
734 1160 750 1179 ο
781 1152 898 1186 prudens

950 1090 1011 1108 cum
1027 1081 1134 1118 Christo
1146 1082 1260 1109 feliciter
1273 1082 1298 1118 in
1314 1087 1445 1118 aitet-num
1461 1083 1610 1116 regnaturi.
1628 1084 1686 1118 ipso
1700 1086 1748 1111 do-

951 1121 1032 1143 nante
1042 1121 1069 1143 et
1083 1116 1238 1154 adjuvan_te,
1253 1117 1297 1151 qui
1309 1116 1338 1154 _in
1352 1122 1510 1154 perpetuum
1526 1118 1591 1144 vivit
1602 1116 1747 1154 et‘regnat

950 1159 998 1186 per
1012 1156 1109 1179 cuncta
1123 1151 1220 1179 smcula
1236 1151 1406 1179 saeculorum.
1425 1152 1523 1179 Amen.

102 1187 437 1223 dispensatorictzlestium
459 1187 663 1223 tltesaurg-ttm!
687 1195 704 1214 (ι
726 1192 805 1223 pater
831 1196 897 1221 ιιιιιι-

102 1221 210 1256 pertint!
233 1230 250 1249 ο
268 1222 356 1249 ﬁdelis
376 1222 533 1249 consolator
556 1221 731 1249 amictorum!
748 1231 764 1250 ο
779 1222 898 1256 gloriose

100 1259 234 1285 relevator
256 1257 447 1292 peccatorum!
476 1265 492 1284 ο
516 1257 635 1292 gratiose
663 1262 687 1284 te
713 1258 897 1285 invocantium

101 1293 259 1320 exauditur!
287 1293 321 1319 ad
335 1298 445 1320 nostras
466 1292 581 1319 humiles
594 1300 626 1319 ac
647 1293 770 1327 indignas
792 1301 897 1327 preces,

101 1329 303 1364 supplicamus,
331 1335 415 1364 aures
442 1332 493 1364 tua:
519 1328 627 1361 pietatis
648 1329 726 1355 nobis
752 1328 898 1355 εἰριιιυιιιιιι·

101 1362 184 1398 aperi.
203 1363 272 1396 Quia
294 1363 366 1390 enim
380 1362 439 1390 laus
463 1362 554 1390 inore
577 1368 750 1397 peccatorum
775 1371 828 1390 non
855 1368 898 1391 est

101 1400 235 1439 speciosa,
249 1398 352 1439 idcirco
366 1398 399 1439 ad
414 1398 656 1439 tuaebeuignitatis
667 1398 813 1439 gloriosum
827 1401 898 1425 retu-

101 1434 171 1467 gimn
189 1441 239 1461 nos
252 1435 278 1460 in
294 1434 414 1467 peccatis
426 1433 586 1465 existentes,
603 1433 748 1468 multisque
761 1441 896 1461 aerumna-

101 1477 158 1496 rum
171 1469 292 1497 miseriis
303 1468 437 1499 obvoluti,
458 1469 485 1495 in
509 1469 589 1504 hujus
602 1470 692 1496 nnmdi
707 1469 803 1496 exsilio
824 1469 897 1496 labo-

100 1510 193 1531 rantes
222 1504 383 1532 ﬁducialiter
410 1503 590 1539 confugimus.
617 1509 645 1531 et
672 1505 790 1539 petimus
816 1509 845 1531 nt
870 1505 895 1531 in

100 1540 205 1566 cunctis
220 1540 322 1566 nostris
336 1540 546 1567 necessitatibus
564 1540 687 1573 corporis
709 1544 735 1567 et
751 1540 847 1567 anima:
864 1540 895 1566 ad

100 1574 182 1601 Deum
202 1574 313 1602 Patrem
329 1575 545 1610 omnipotentem
562 1575 639 1602 nobis
652 1574 739 1602 ﬁdelis
751 1576 897 1602 advocatus

98 1610 213 1637 existas.
728 1611 731 1613 ’

133 1645 173 1672 Tu
184 1646 259 1673 enim
273 1645 416 1680 multiplici
430 1645 606 1680 praerogativa
623 1644 783 1672 meritorum
805 1654 819 1672 a
842 1646 896 1673 Deo

97 1688 126 1708 es
138 1685 299 1712 exornatus.
313 1689 364 1708 non
378 1681 481 1708 habens
495 1680 644 1715 denegantli
655 1681 837 1713 occasionem,
848 1682 893 1716 qui

98 1716 123 1761 in
137 1722 220 1761 ξριτιξ
235 1717 401 1761 repstitutus
413 1720 515 1756 tantam
535 1724 552 1756 ιι
572 1716 684 1761 Domum
703 1717 831 1761 accepisti
847 1724 894 1751 po--
910 1731 931 1761 Β

97 1754 236 1777 tcstatem.
254 1751 293 1778 Tu
311 1758 427 1785 namque
438 1751 517 1778 caecis
529 1752 625 1787 visunt,
643 1751 746 1778 claudis
757 1759 891 1787 gressum,

95 1787 186 1813 surdis
198 1787 321 1814 auditum
333 1786 474 1813 restituisti
487 1796 495 1813 :
510 1794 561 1813 nec
584 1785 635 1813 fuit
646 1785 788 1820 quisquam
805 1787 830 1813 in
847 1794 894 1821 pe-

97 1822 191 1849 riculis
203 1822 336 1854 existens,
353 1822 399 1856 qui
419 1826 444 1848 te
457 1822 529 1855 piunt
545 1826 689 1856 patronum
704 1822 832 1850 invocans
841 1826 893 1849 tua:

96 1857 205 1890 pietatis
221 1857 320 1883 solatio
334 1865 386 1883 non
401 1856 528 1884 celeriter
549 1857 691 1891 potiretur.
708 1857 747 1883 'l‘u
763 1864 835 1884 nunc
850 1857 891 1884 iit-

96 1899 187 1927 super,
202 1893 229 1918 in
243 1892 347 1919 ctelesti
358 1892 433 1927 curia
444 1892 601 1925 angelorum
616 1891 731 1919 coetibus
742 1893 892 1923 admixtus,

96 1925 141 1962 Dei
154 1926 254 1954 faciem
272 1928 396 1954 lietanter
417 1925 619 1961 Contemplaris,
639 1927 891 1962 apostolorumttmt

97 1961 234 1989 immerito
260 1962 353 1990 fruens
376 1964 532 1995 consortio,
554 1961 668 1996 quorum
686 1962 806 1990 imitator
817 1963 892 1990 solli-

97 1996 165 2023 citus
179 1997 308 2024 exstitisti
326 2007 332 2024 :
351 2004 500 2032 martyrum
517 1998 622 2025 nieritis
634 1998 714 2032 digne
727 2002 891 2033 cozeqnatus,

97 2039 127 2058 ac
149 2040 213 2059 cum
240 2033 343 2060 sanctis
368 2033 570 2061 conl'essoribus
588 2037 616 2060 et
639 2033 810 2067 pontiﬁcibus
830 2041 892 2060 san-

97 2067 203 2103 ctisque
222 2068 374 2103 virginibus
388 2074 516 2103 tanquam
539 2069 613 2096 sidus
634 2068 809 2102 pra-lucidum
827 2069 893 2095 ruti-

97 2101 233 2130 lans’cum
248 2101 357 2131 Christo
372 2101 531 2137 perenniter
545 2101 682 2131 exsiiltare
697 2105 830 2131 meruisti.
852 2104 891 2131 Tu

97 2145 161 2174 ergo
174 2143 271 2165 sancte
283 2138 455 2174 Woli'kange,
479 2140 524 2173 qui
552 2143 605 2166 tam
628 2138 734 2166 salubre
748 2140 860 2167 verbum
878 2148 891 2166 a

97 2172 150 2199 Deo
160 2174 256 2199 audire
270 2174 393 2201 meruisti
407 2172 512 2208 :‘Euge,
528 2182 604 2201 serve
620 2174 689 2201 bone
700 2179 727 2201 et
741 2175 838 2205 ﬁdelis,
853 2174 890 2201 in-

97 2211 135 2234 tra
150 2209 175 2234 in
191 2209 289 2243 gaudia
303 2214 405 2236 mlerna
419 2217 467 2243 per
479 2209 551 2236 illam
573 2209 747 2236 dilectionem
764 2218 844 2244 quam
858 2210 892 2236 ad

96 2244 181 2277 ipsum
206 2244 291 2271 Deum
312 2244 441 2276 habuisti,
463 2249 500 2277 et,
517 2252 565 2279 per
587 2245 650 2271 illud
674 2245 812 2279 gaudium,
839 2253 893 2279 quo

95 2286 167 2305 mine
185 2286 248 2305 cum
268 2280 323 2307 Deo
341 2279 474 2312 exsultas,
491 2285 517 2307 te
532 2281 689 2307 invocamus
706 2285 733 2306 et
755 2280 893 2307 humiliter

96 2313 273 2347 imploramus
295 2319 324 2342 ut
342 2315 460 2349 gemitus
477 2316 566 2344 cordis
587 2316 671 2343 nostri
697 2316 752 2342 Deo
776 2323 892 2350 pl‘iL‘SC‘ll-

97 2352 163 2380 tare,
184 2354 213 2376 et
236 2349 264 2376 in
278 2350 388 2377 cunctis
405 2351 507 2377 nostris
523 2351 729 2379 necessitatibus
752 2349 849 2377 aniune
864 2355 892 2378 et

96 2384 216 2423 eerporis
230 2392 279 2419 pro
293 2385 372 2423 nobis
386 2385 503 2413 ﬁdeliter
513 2394 631 2414 exorare
654 2387 773 2422 digneris
785 2406 792 2418 ,
806 2391 834 2423 ut
844 2387 890 2421 qui

96 2418 218 2454 dignatus
228 2418 271 2447 est
283 2421 374 2448 dicere
387 2429 394 2447 :
407 2429 418 2457 ς
427 2428 479 2448 non
487 2423 548 2449 veni
561 2429 658 2449 vocare
667 2418 764 2456 justus.
772 2422 817 2449 sed
831 2418 892 2457 pec-

96 2460 211 2486 calores,
232 2465 241 2480 ι
255 2463 305 2490 per
319 2461 381 2483 tuas
393 2456 454 2491 pias
467 2457 676 2485 intercessiones
688 2465 737 2485 nos
754 2458 788 2484 ab
799 2456 892 2485 errore

96 2495 267 2523 peccatorum
286 2496 442 2518 nostrorum
472 2493 688 2520 misericorditer
710 2498 838 2524 revocet,
864 2498 892 2520 et

97 2531 164 2562 vera:
177 2533 209 2553 ac
222 2525 371 2554 fructuosae
382 2527 497 2560 spatium
511 2528 677 2562 poenitentia:
696 2529 774 2556 nobis
795 2535 892 2556 cence-

98 2559 149 2592 dat.
161 2561 233 2597 etab
250 2562 324 2588 omni
339 2559 411 2588 malo
422 2559 570 2590 clementer
582 2564 689 2597 eripiat,
704 2571 731 2591 ut
746 2565 786 2591 sic
802 2563 827 2590 in
841 2564 891 2591 hac

100 2596 235 2623 temporali
256 2597 310 2623 vita
326 2604 375 2623 uer
389 2601 433 2623 tua
452 2598 571 2623 ttloriosa
587 2596 682 2623 merita
700 2599 778 2623 huius
798 2599 889 2623 mundi

1270 1197 1429 1224 Antio/tona.

985 1231 1067 1259 Beate
1078 1231 1207 1266 pontifex,
1225 1207 1477 1267 ragi'éi'ﬂiibne
1498 1238 1589 1261 noster
1606 1233 1747 1262 Wolfkan-

949 1274 992 1301 ge,
1009 1268 1054 1302 qui
1071 1268 1213 1294 Dominum
1228 1273 1348 1300 secutus,
1365 1273 1393 1295 et
1413 1268 1502 1295 omnia
1528 1277 1576 1302 pro
1592 1269 1650 1303 ipeo
1665 1270 1747 1297 relan-

948 1309 1045 1336 quens.
1066 1302 1219 1337 centuplum
1243 1304 1267 1329 in
1289 1304 1340 1330 hoc
1356 1304 1455 1330 mundo
1474 1308 1503 1330 et
1518 1302 1745 1332 vitamzeternam

949 1338 1088 1377 recepisti,
1103 1342 1310 1377 gregemutuurp.
1324 1339 1367 1365 cui
1381 1338 1524 1377 prmfuisti,
1546 1347 1626 1373 quem
1640 1340 1743 1371 fovisti.

948 1380 1031 1411 quem
1040 1373 1167 1411 docuisti,
1177 1373 1254 1411 solita
1267 1373 1367 1411 pietate
1378 1374 1533 1401 custodiens
1548 1379 1593 1402 tuo
1606 1383 1744 1411 nunquam

948 1408 1051 1435 auxilio
1066 1408 1182 1443 patiaris
1196 1408 1300 1436 orbari.

1291 1443 1392 1470 Oratio.

983 1478 1161 1516 omnipotens
1169 1478 1333 1516 sempiterna
1350 1479 1431 1513 Deus,
1447 1481 1493 1515 qui
1507 1481 1606 1516 populo
1625 1484 1670 1508 tuo
1680 1481 1745 1508 bea—

949 1519 1006 1541 tum
1022 1514 1212 1551 Wolfgangurn
1229 1514 1415 1551 confessorem
1439 1514 1514 1543 tuum
1536 1514 1618 1551 atque
1635 1517 1745 1551 pontiﬁ-

947 1557 1006 1576 cem
1020 1555 1129 1576 interna:
1155 1549 1251 1576 salutis
1271 1549 1425 1576 ministrum
1446 1549 1615 1583 concessisti,
1633 1549 1743 1585 prmsta.

947 1592 1120 1618 quaesumus,
1142 1588 1182 1616 ut,
1207 1591 1287 1618 quem
1311 1584 1450 1612 doctorem
1469 1586 1531 1613 vitae
1554 1584 1697 1615 habuimus
1715 1588 1744 1614 iit

947 1620 1039 1651 terris,
1056 1619 1264 1655 intercessorem
1278 1627 1387 1654 semper
1397 1621 1468 1655 apud
1483 1626 1509 1648 te
1524 1622 1624 1650 habere
1639 1629 1744 1650 nterea.

947 1663 1009 1682 titur
1020 1655 1048 1682 in
1065 1654 1153 1682 Ctelis.
1167 1653 1229 1681 Per.

1283 1689 1399 1717 Secreta.

982 1724 1036 1752 llas
1049 1724 1163 1756 hostias,
1182 1731 1348 1760 quaesumus,
1370 1725 1498 1758 Domine,
1515 1733 1582 1760 quas
1605 1726 1742 1760 majestati

946 1764 999 1787 tute
1011 1760 1212 1787 consecrattdas
1224 1759 1373 1791 oil‘erimus,
1381 1759 1565 1788 intercedente
1574 1759 1653 1788 beato
1659 1762 1743 1790 Wolf-

944 1794 1033 1830 kango
1050 1794 1206 1822 confessore
1217 1799 1267 1831 tuo
1281 1799 1362 1829 atque
1375 1796 1511 1830 pontiliCe,
1534 1797 1567 1822 ad
1584 1804 1743 1831 perpetuam

945 1835 1026 1865 atque
1041 1834 1201 1865 priesentcnt
1213 1830 1255 1857 fac
1268 1830 1346 1857 nobis
1360 1832 1503 1864 provenire
1518 1830 1642 1859 salutem.
1659 1832 1722 1860 Per.

1259 1875 1426 1904 Communia.

981 1923 1038 1950 'l'ua
1054 1926 1146 1949 sancta
1166 1926 1320 1953 sumentes,
1344 1929 1509 1957 quaesumus,
1531 1923 1643 1951 Domine
1670 1924 1742 1952 Dens

946 1963 1104 1995 nostertut
1129 1957 1200 1995 beati
1229 1957 1383 1992 Wolfkangi
1407 1959 1572 1987 confessoris
1596 1960 1632 1995 tnj
1659 1964 1743 1995 atque

946 1993 1080 2029 pontiﬁcis
1092 2000 1140 2020 nos
1151 1992 1259 2020 foveant
1282 1994 1441 2020 continuata
1463 1995 1599 2029 pr:esidia.
1616 1994 1669 2022 Per
1686 1992 1741 2022 Do-

946 2029 1059 2056 minunt.

1281 2063 1405 2091 Alleluia;

981 2100 1007 2134 )7“.
1023 2099 1147 2134 Protege,
1163 2103 1257 2134 pastor
1268 2099 1355 2130 bone,
1376 2105 1470 2128 sancte
1485 2100 1657 2135 Wolfkange,
1680 2101 1740 2128 ani-

946 2143 1004 2162 mas
1020 2140 1128 2163 nostras
1147 2135 1273 2162 omnibus
1285 2134 1369 2166 horis,
1384 2139 1412 2161 et
1422 2143 1471 2169 pro
1486 2140 1532 2162 tuo
1546 2134 1627 2171 grege
1642 2144 1689 2164 ora
1707 2137 1741 2165 ad

946 2171 1099 2199 Dominum.

1293 2203 1389 2232 Prosit.

980 2242 1009 2269 in
1032 2240 1185 2276 Wolikangi
1206 2247 1336 2268 canamus
1349 2242 1450 2268 honore
1465 2240 1573 2269 Christo
1587 2241 1665 2270 dulce
1685 2250 1742 2270 me-

944 2279 1082 2348 losDignus
1097 2312 1175 2347 pangi
1191 2311 1348 2339 conscendit
1367 2311 1393 2338 iit
1417 2311 1461 2340 die
1480 2312 1548 2340 festo
1563 2312 1660 2348 praisul
1682 2319 1740 2340 etn-

945 2349 1030 2419 los('lui
1053 2390 1168 2411 nascens
1190 2390 1223 2409 ex
1248 2381 1346 2410 Suevia
1373 2382 1453 2418 hujus
1478 2383 1570 2411 mundi
1592 2383 1660 2410 levia
1678 2391 1745 2417 puer

906 2409 928 2439 (ἶ
944 2409 1057 2456 spr‘éiitL

980 2455 1052 2487 Mox,
1070 2452 1207 2482 excellens
1225 2453 1341 2485 artibus,
1355 2452 1382 2480 in
1399 2454 1513 2482 retnotis
1527 2453 1650 2488 partibus
1675 2453 1747 2479 fama

943 2496 1044 2555 "35:1
1054 2524 1209 2554 scholarum
1226 2523 1347 2558 regimen
1361 2524 1471 2560 cegitur
1489 2523 1522 2551 ad
1538 2521 1648 2549 culmen
1665 2522 1743 2548 det-a-

943 2568 1032 2623 Μὲξιῗί
1050 2602 1198 2623 asoernens
1209 2594 1338 2622 saeculum
1356 2592 1385 2620 ﬁt
1417 2595 1443 2623 in
1469 2595 1588 2623 claustro
1609 2589 1747 2623 speculum
