3988 5336
177 254 275 310 329

1480 245 1569 309 tot
1580 246 1827 309 ECATIO
1860 222 2309 308 raeoutsct‘."
2336 242 2367 251 "

3344 252 3452 317 550

180 371 278 426 liba
317 363 673 441 gimacchost,
713 364 812 419 daz
852 362 897 419 si
946 363 1031 421 sih
1076 361 1257 421 selhen
1305 367 1480 438 megiu
1519 367 1755 438 gribten,
1790 375 1834 431 Α
1866 367 2080 420 rebter‘o
2108 357 2300 435 glouba
2334 365 2605 422 virvarna.
2636 366 2883 425 Daranah
2915 367 3026 425 bitu
3070 368 3126 426 ili
3159 370 3318 428 umba
3347 372 3455 430 alla

179 469 301 518 unte
346 457 454 514 alia
505 458 554 511 in
604 466 919 516 nntertana.
971 455 1097 511 iouh
1152 456 1461 512 biunlalma.
1513 457 1761 512 Daranah

181 552 287 605 bitu
310 549 363 604 ib
394 547 556 601 mnbe
597 546 699 599 alla
732 546 877 599 mine
907 545 1222 615 chunliuga,
1250 547 1350 600 da:
1383 556 1437 601 tu
1469 548 1549 601 sie
1575 547 1763 601 biden-

179 640 279 695 bist
312 638 418 693 nah
462 639 610 692 linen
650 637 891 706 gnadun.
940 637 1190 690 Daranah
1231 636 1344 691 hilo
1372 637 1428 691 ib
1468 637 1628 691 umbe
1656 636 1761 690 alla

180 730 275 791 die,
308 730 395 783 die
413 730 516 782 der
540 728 821 782 iocheinna
850 728 1026 798 gnada
1058 727 1162 782 mir
1196 727 1409 798 gitatin,
1435 742 1470 782 o
1491 729 1540 783 lo
1566 728 1759 782 cbeina

184 820 377 875 arbeita
407 819 558 874 urnhi
589 820 700 873 mih
733 819 785 873 io
820 818 1027 873 habilin
1054 834 1236 873 uonna
1264 819 1538 889 anagiuua
1584 819 1763 879 minas

183 912 304 965 [ibes
334 910 460 965 uuzi
488 926 558 964 an
600 910 727 964 desa
756 909 930 974 uuila;
957 910 1059 963 daz
1089 918 1142 963 tu
1190 910 1242 963 in
1274 910 1473 973 louast,
1500 913 1567 965 da
1607 910 1653 964 si
1700 927 1762 966 es

182 1001 371 1056 heuist
409 1001 670 1056 bidurlin.
715 1000 775 1055 lh
805 1001 917 1055 bilo
961 1001 1072 1056 oub
1104 1002 1264 1056 umba
1298 1001 1399 1055 alla
1430 1002 1539 1067 die,
1575 1001 1764 1057 dicder

179 1092 417 1148 dieinnin
441 1092 638 1149 vvisun
663 1109 837 1149 vouna
866 1095 972 1147 mir
992 1094 1315 1166 givvirsirit,
1335 1096 1763 1166 odoungitrostil

184 1185 412 1250 vrurtiu;
446 1187 551 1239 das
576 1194 636 1237 tu
662 1186 745 1241 sie
782 1186 1000 1251 rihtest,
1028 1195 1157 1241 unta
1183 1188 1425 1243 troistest
1447 1188 1546 1242 mil
1574 1189 1762 1244 dinero

183 1274 333 1344 guoti.
375 1273 635 1330 Daranab
682 1274 797 1330 bito
846 1274 904 1331 ill
946 1277 1108 1331 umba
1153 1277 1289 1333 allaz
1333 1278 1434 1333 das
1482 1280 1758 1351 ungrihti,

183 1365 294 1419 iouh
337 1366 500 1421 umha
530 1366 636 1421 alla
665 1367 767 1422 den
797 1367 1037 1435 unfrido,
1073 1368 1198 1424 ioub
1223 1369 1419 1424 umbaz
1463 1369 1564 1422 daz
1600 1369 1761 1439 ungi.

183 1457 368 1524 vriliri,
390 1456 496 1512 daz
531 1460 607 1512 tir
638 1460 862 1523 ionersi,
892 1460 994 1514 daz
1024 1469 1078 1515 tu
1116 1461 1274 1514 tuder
1296 1459 1424 1515 elliu
1460 1460 1586 1515 dine
1611 1461 1763 1515 maht

184 1548 273 1619 nab
301 1549 457 1603 dinen
488 1550 711 1621 gnadun
767 1550 1084 1607 bidencbest
1126 1551 1286 1606 allaz.
1325 1553 1576 1609 Daranah
1605 1551 1761 1608 rnofo

186 1639 231 1694 ili
254 1641 391 1696 urnbi
413 1642 519 1696 alia
554 1642 708 1698 unsri
740 1643 975 1699 hruodra
1006 1644 1292 1698 virvarana
1321 1643 1409 1698 hie
1438 1642 1756 1715 bigrabana,

184 1728 295 1786 ioub
335 1733 495 1787 umba
547 1732 657 1787 alia
692 1731 813 1798 die,
853 1734 1042 1791 dieder
1079 1734 1170 1791 hie
1212 1734 1324 1791 sint
1369 1734 1628 1790 hi~raban
1670 1735 1769 1789 mil
1801 1727 1844 1786 Β

3528 365 3559 467 ἐ

1866 457 1954 512 die
1986 466 2158 523 loton,
2189 457 2280 514 die
2318 457 2407 512 bia
2456 458 2801 515 bruderscaft
2851 460 3086 526 hebant;
3127 462 3253 518 ioub
3292 465 3454 520 amba
3532 457 3547 509 ’Ἶ

1865 550 1969 604 alla
2000 551 2108 615 die,
2138 552 2276 606 'dero
2303 550 2616 608 alamuosan
2645 553 2764 608 vvir
2801 554 2853 609 io
2896 555 3251 627 imphiangin.
3281 557 3453 613 Dara-
3530 546 3543 621 ξ

1866 643 1972 695 nah
2006 641 2139 697 bito
2164 642 2218 697 ih
2253 633 2415 698 umba
2454 643 2557 698 alla
2607 645 2713 708 die,
2745 646 2891 701 unibi
2936 647 3023 701 die
3073 648 3248 703 iuman
3296 664 3455 705 mue:

1865 736 1999 791 bitin
2028 736 2153 791 dina
2182 735 2379 806 gnada,
2408 735 2510 790 daz
2539 738 2583 793 si
2621 752 2881 794 muozzen
2926 740 3185 808 guiozzen
3220 740 3323 796 alla
3353 742 3454 795 min

1866 840 1965 880 nes
2010 818 2287 892 Iohannes,
2336 835 2470 881 uitta
2512 828 2609 883 des
2654 828 2755 883 daz
2808 829 2863 883 ih
2912 830 3003 885 bin
3056 830 3145 886 hie
3180 840 3459 902 superstes
3519 835 3528 848 '

1868 915 2052 971 lrafter
2079 917 2182 971 iro.

1937 1009 2191 1064 Zilezzist
2236 1009 2466 1081 piuiliho
2509 1011 2561 1066 ih
2609 1011 2722 1066 mih
2766 1011 2971 1078 selhen,
3009 1022 3137 1069 unta
3172 1015 3276 1069 alia
3308 1015 3457 1072 mina

1866 1100 2075 1153 arheita
2110 1100 2250 1153 allen
2289 1101 2467 1154 mineo
2500 1100 2586 1156 lliz
2619 1101 2670 1156 itr
2703 1102 2830 1156 dina
2869 1104 3043 1173 gnada
3071 1105 3215 1159 umbi
3247 1104 3349 1158 daz
3385 1105 3453 1159 da

1867 1188 1922 1243 ili
1953 1188 2102 1244 selbo
2131 1189 2184 1244 ni
2214 1189 2351 1259 rnegi
2370 1228 2385 1253 ,
2416 1190 2521 1245 odo
2560 1190 2613 1244 ni
2651 1192 2889 1255 chunna,
2920 1192 3025 1247 ode
3054 1194 3105 1248 oi
3139 1193 3312 1248 uuella
3342 1194 3456 1248 mih

1866 1282 2169 1337 bidencbau
2203 1282 2342 1337 durlr
2372 1282 2514 1336 mina
2538 1283 2713 1348 brodi,
2751 1293 2880 1338 uola
2910 1284 3047 1339 durh
3080 1285 3459 1341 mina'uuruo-

1866 1371 1989 1435 cha,
2020 1372 2124 1427 odo
2154 1364 2302 1427 ‘durb
2335 1373 2477 1427 mina
2527 1375 2812 1443 tumpheit,
2852 1383 2907 1430 tu
2956 1376 3068 1431 tnih
3115 1375 3455 1443 bidenchast,

1868 1462 1984 1518 also
2012 1473 2067 1517 tu
2095 1464 2263 1528 maht,
2292 1473 2420 1519 uuta
2447 1466 2663 1532 chaust,
2692 1476 2820 1520 unta
2855 1465 2968 1520 also
2997 1465 3087 1520 din
3118 1466 3263 1536 guita
3283 1506 3298 1529 ,
3326 1473 3458 1521 unta

1866 1552 1959 1609 din
1990 1553 2260 1608 uuisluom
2292 1554 2381 1609 ist.
2411 1553 2467 1609 In
2492 1571 2683 1611 manus
2706 1557 3109 1624 luas,l)orniue,
3136 1560 3461 1614 commendo

1867 1647 2118 1717 spiritum
2145 1657 2199 1702 et
2224 1663 2422 1717 corpus
2448 1663 2650 1704 meum.

1593 1893 1952 1909 *α’-ι..

516 2011 1095 2131 ΕᾹΠΞΠΕΜ,
1140 2007 1692 2104 OTHLONI
1772 2009 2585 2103 PARAPHRASIS
2656 2012 3105 2103 LATINA

1207 2202 1275 2259 IN
1314 2201 1847 2262 PRECEDENTEM
1885 2201 2390 2261 PRECATIONEM.

464 2382 696 2444 Oratio
738 2380 1066 2460 cujusdam
1098 2381 1475 2460 peccatoris.

242 2481 427 2554 Ospes
454 2483 643 2548 unica,
685 2497 720 2537 ο
763 2481 910 2536 salus
955 2490 1158 2536 aeterna
1204 2490 1260 2536 et
1301 2479 1565 2552 refugium
1608 2481 1659 2536 in
1708 2488 1758 2537 te

186 2572 494 2643 sperantium
524 2571 703 2627 Dens!
745 2570 1004 2626 miserere
1033 2570 1164 2625 mihi
1207 2570 1437 2634 misero,
1480 2579 1535 2626 et
1564 2585 1759 2640 pecca-

188 2662 299 2725 tori,
325 2661 511 2732 gratiae
552 2669 666 2716 tua:
696 2659 1004 2730 prmsidium
1049 2658 1365 2730 inquirenti.
1394 2656 1604 2727 Adjuva
1647 2673 1754 2719 me.

188 2751 407 2817 Doriiine,
437 2762 493 2808 et
521 2752 591 2807 ad
636 2765 829 2822 preces
852 2764 1002 2805 meas
1046 2749 1286 2814 attende,
1316 2764 1453 2819 quas
1479 2763 1576 2817 pro
1615 2747 1761 2803 nulla

188 2844 480 2900 meritorum
510 2858 763 2900 meorum
792 2842 1008 2908 ﬁducia,
1046 2842 1140 2896 sed
1168 2840 1222 2895 iu
1266 2840 1377 2896 sola
1409 2839 1628 2910 pietatis
1658 2849 1762 2894 tua:

190 2930 529 3003 immensitate
568 2934 812 2990 confisus
840 2934 1033 2988 studeo
1055 2930 1167 2998 jam
1198 2930 1462 3001 proferre.
1490 2929 1756 2994 lllumina,

186 3035 375 3092 Quaeso.
404 3026 456 3079 in
481 3021 683 3094 primis
711 3038 810 3077 cor
838 3037 1042 3086 meum,
1075 3030 1153 3085 ut,
1178 3020 1436 3075 bonitatis
1464 3027 1567 3075 true
1595 3031 1762 3091 atque

189 3115 445 3184 pravitatis
476 3131 614 3172 mea:
649 3115 1047 3171 multitudinem
1078 3113 1420 3183 aliquatenus
1453 3114 1760 3179 attendens,

190 3218 265 3271 ea,
301 3221 416 3277 qua
448 3218 645 3263 contra
688 3216 742 3261 le
780 3207 1043 3261 hactenus
1084 3204 1365 3268 commisi,
1402 3204 1585 3275 lugere
1612 3218 1759 3259 sem-

1866 2384 2167 2455 gustiisque
2200 2378 2448 2453 plurimis
2490 2378 2672 2436 aﬂlicti
2709 2386 3074 2446 detineantur,
3103 2379 3460 2437 nihilominus

1870 2485 2049 2528 tamen
2083 2474 2137 2529 in
2174 2472 2462 2544 praeceptis
2492 2472 2597 2527 tuis
2635 2471 3019 2543 promptissimi
3052 2480 3104 2528 et
3127 2472 3459 2528 constantis-

1867 2562 1989 2617 simi
2044 2562 2408 2617 inveniantur.
2460 2561 2521 2616 Hi
2559 2563 2810 2632 quidem,
2852 2560 3096 2628 Domine,
3138 2562 3313 2634 gratia
3365 2571 3458 2616 tua

1867 2664 2162 2724 praestante
2211 2665 2338 2710 sunt
2380 2653 2626 2727 perfecti,
2670 2663 2835 2724 atque
2878 2655 3134 2726 polentia:
3163 2664 3267 2711 tua:
3291 2656 3461 2710 armis

1866 2745 2061 2811 electi;
2101 2754 2186 2801 ast
2213 2760 2313 2819 ego
2335 2745 2644 2802 omnimoda
2677 2745 2974 2817 fragilitate
2992 2755 3046 2801 et
3072 2747 3307 2818 ignavia,
3336 2763 3462 2818 pec-

1868 2832 2006 2892 catis
2033 2838 2169 2893 meis
2194 2839 2553 2909 exigentibus,
2595 2839 2905 2910 depressus,
2928 2840 3019 2894 vix
3043 2840 3096 2893 in
3125 2840 3462 2911 aliquantulo

1867 2927 2150 2983 servitutis
2188 2937 2291 2985 tuac
2320 2930 2500 2984 studio
2532 2930 2797 2997 persiste,
2842 2931 2887 2986 si
2922 2932 3052 2986 mihi
3083 2931 3293 2988 sanitas
3336 2949 3461 3003 pro-

1871 3021 2213 3090 speritasque
2255 3022 2435 3076 omnis
2474 3022 2668 3076 aderit.
2716 3021 2870 3079 Unde
2904 3039 3118 3093 quaeso,
3149 3025 3463 3081 clementis—

1872 3112 2010 3167 sime
2041 3112 2204 3176 Deus,
2236 3127 2303 3167 ne
2347 3126 2434 3167 me
2479 3112 2809 3167 infirmitatis
2837 3122 2932 3168 aut
2967 3114 3311 3170 adversilalis
3348 3130 3464 3170 rno-

1871 3202 2024 3257 lestia
2055 3203 2339 3274 permittas
2365 3203 2484 3272 plus
2512 3205 2796 3275 aggravari
2817 3220 2981 3274 quam
3002 3207 3297 3261 convenire
3322 3205 3464 3263 scias

188 3310 274 3366 per
307 3306 359 3353 et
398 3300 697 3354 emendare
740 3298 909 3369 digno
965 3297 1298 3368 paenitentia:
1339 3296 1485 3351 luctu
1529 3295 1760 3351 valeam.
1793 3297 1839 3359 C
1872 3310 2006 3351 mete
2032 3294 2299 3365 qualitati.
2335 3293 2558 3351 Sustine
2585 3311 2699 3364 me,
2729 3312 2950 3367 precor,
2977 3299 3375 3370 pusillanlmem
3406 3315 3466 3357 et

191 3386 369 3445 Deinde
414 3405 633 3461 precor,
681 3389 941 3455 Domine,
987 3397 1048 3443 ιιι
1102 3386 1362 3459 quidquid
1415 3385 1767 3454 impurilatis,

189 3479 425 3551 quidquid
465 3481 733 3537 vanitatis
785 3487 881 3533 aut
925 3480 1129 3534 erroris
1176 3479 1546 3549 nequissimus
1598 3476 1768 3533 hostis

193 3569 239 3625 in
263 3585 341 3627 me
366 3572 579 3628 studeat
608 3570 937 3634 accendere,
967 3570 1314 3640 exstinguas,
1363 3582 1556 3638 meque
1593 3566 1661 3622 ad
1690 3567 1766 3621 tui

192 3663 339 3719 moris
362 3674 415 3719 et
444 3663 760 3719 dilectionis
797 3661 1066 3718 fervorem
1112 3673 1327 3731 semper
1368 3660 1638 3715 accendas
1660 3700 1674 3726 ,
1711 3667 1768 3715 el

194 3759 246 3805 ut
266 3753 403 3809 cordi
434 3770 556 3810 meo
588 3754 739 3808 illam
769 3751 968 3808 famem
997 3762 1053 3823 et
1072 3751 1218 3808 sitim
1247 3751 1529 3818 immittas,
1558 3766 1665 3824 qua
1696 3753 1764 3808 ad

192 3846 544 3902 mandatorum
598 3856 820 3901 tuorum
868 3845 1274 3902 observantiam
1321 3853 1376 3901 el
1406 3844 1472 3899 ad
1515 3845 1638 3901 vitae
1668 3861 1765 3916 pe-

192 3938 352 3993 rennis
392 3937 999 4012 gaudiardesiderauda
1063 3945 1296 3992 aestuare
1346 3935 1570 4006 possim.
1628 3937 1763 3991 Nam

192 4031 412 4096 quamvis
454 4046 551 4102 per
595 4031 789 4101 gratim
820 4038 925 4084 tua:
961 4029 1102 4084 dona
1130 4029 1300 4084 sciam
1334 4029 1459 4084 vita:
1510 4031 1767 4101 perennis

193 4121 361 4187 gaudia
393 4123 537 4176 omni
571 4120 861 4191 praesentis
888 4121 1014 4175 vita:
1045 4118 1374 4189 iucunditati
1399 4136 1522 4176 esse
1558 4136 1767 4193 praepo-

193 4213 374 4278 nenda,
412 4214 537 4270 Iicet
581 4216 753 4269 etiam
803 4218 872 4269 ad
911 4215 1029 4271 haec
1069 4214 1426 4270 desideranda
1473 4223 1530 4270 et
1574 4218 1769 4287 exqui-

194 4305 339 4359 renda
386 4308 552 4363 variis
611 4308 794 4363 modis
843 4308 1142 4363 instructus
1198 4308 1335 4373 sim,
1388 4308 1533 4364 nulla
1587 4319 1765 4365 tamen

194 4392 472 4464 huiusmodi
503 4401 743 4456 scientia
788 4401 920 4455 mihi
956 4401 1206 4472 prodest,
1256 4401 1362 4457 nisi
1394 4402 1768 4471 inspirationis

195 4492 285 4541 tua:
307 4490 682 4562 supplemento
701 4491 909 4561 jugiler
932 4507 1019 4547 me
1046 4492 1173 4547 i.luc
1204 4494 1413 4557 trahas,
1439 4501 1494 4547 et
1515 4492 1764 4548 all'ectum

194 4588 282 4630 nec
317 4594 416 4633 non
445 4581 797 4635 occasionem
843 4581 1155 4652 pariterque
1201 4582 1346 4637 vires
1381 4583 1519 4638 bene
1551 4582 1765 4638 vivendi

197 4666 395 4723 tribuas.
419 4669 624 4726 Facilis
653 4671 800 4726 enim
830 4671 1117 4727 infirmitas
1145 4686 1210 4727 ac
1238 4672 1440 4727 desidia
1487 4688 1572 4728 me
1598 4673 1768 4745 fragi-

197 4751 285 4808 lein
328 4758 829 4831 negligentemque,
881 4761 1015 4832 prob
1054 4760 1234 4817 dolor!
1271 4762 1413 4818 valet
1442 4763 1705 4834 impedire
1735 4779 1766 4818 a

198 4846 342 4905 totius
387 4852 669 4924 religionis
714 4854 1010 4924 proposito.
1064 4854 1318 4925 ideoque,
1344 4855 1767 4912 clementissime

198 4938 339 5004 Deus.
372 4946 513 5003 hanc
544 4948 923 5005 infirmitatem
971 4950 1024 5004 in
1064 4964 1152 5004 me
1180 4949 1535 5020 prospiciens,
1571 4950 1644 5005 ita
1680 4966 1768 5007 me

199 5043 364 5087 sanum
418 5038 771 5108 validumque
833 5039 885 5094 in
948 5041 1233 5111 utriusque
1295 5041 1530 5097 hominis
1581 5042 1767 5115 vigore

199 5123 358 5191 eﬂiee.
407 5141 465 5185 ut
513 5132 567 5186 in
615 5132 765 5188 omni
817 5133 1097 5188 servitutis
1154 5143 1257 5188 tua:
1300 5135 1483 5191 studio
1524 5133 1769 5191 lzetuset

201 5227 453 5287 promptus
488 5221 757 5286 existarn,
807 5220 1155 5293 laboremque
1196 5231 1362 5279 totum
1386 5267 1401 5291 ,
1432 5224 1525 5296 qui
1564 5224 1616 5280 in
1665 5227 1770 5281 hoc

691 5314 790 5336 -.³ξ-
824 5324 919 5336 ιη--
967 5315 1295 5336 !_-_.___!___-
1360 5328 1395 5336 _.
1494 5333 1529 5336 Α-
1584 5334 1589 5336 .
1694 5334 1729 5336 ..

201 5310 372 5336 ραν-..1η
408 5322 451 5336 ΑΙ
481 5330 575 5336 μ...-
613 5314 627 5336 Ι

1872 3385 2106 3456 pigrum,
2143 3395 2397 3455 exspecta
2431 3401 2516 3440 me
2560 3384 2808 3458 fragilem
2836 3396 2891 3444 et
2925 3388 3232 3456 infirmum,
3256 3404 3463 3459 quous-

1872 3494 1977 3550 que
2007 3480 2073 3533 ad
2104 3488 2154 3535 te
2176 3486 2474 3535 convertar
2502 3478 2932 3549 aliquantulum;
2963 3480 3068 3536 fide
3094 3481 3259 3553 igitur
3278 3491 3335 3538 et
3362 3497 3464 3553 spe

1826 3629 1846 3650 Ο
1872 3570 1963 3624 tali
1995 3584 2081 3625 me
2116 3569 2407 3633 confirma:
2440 3584 2539 3641 per
2563 3584 2727 3640 quam
2756 3571 2822 3626 de
2862 3570 3316 3641 promissionibus
3353 3572 3463 3628 tuis

1870 3663 2210 3719 certissimus
2237 3663 2291 3718 iu
2318 3662 2516 3718 nullius
2547 3660 2856 3718 difﬁdentia:
2878 3662 3259 3735 maestilizeque
3285 3664 3464 3720 noxias
3500 3696 3510 3705 -

1872 3753 2112 3823 pericula
2144 3750 2399 3809 incidam.
2435 3752 2516 3808 Ad
2544 3752 2660 3810 bzec
2701 3767 2918 3826 quoque
2954 3754 3274 3811 charitatem
3309 3770 3366 3812 et
3397 3758 3465 3812 ti-

1872 3858 2078 3900 morem
2108 3852 2270 3914 atque
2320 3842 2716 3909 humilitatem,
2755 3857 2856 3899 nec
2902 3858 3008 3900 non
3052 3844 3369 3915 patientiam
3406 3856 3468 3901 et

1869 3935 2236 3993 obedientiam
2286 3936 2448 3992 talem
2497 3935 2652 4000 mihi,
2699 3951 2913 4008 precor,
2961 3944 3198 4007 priests,
3241 3935 3461 4006 qualem

1870 4029 2124 4098 primitus
2172 4028 2267 4084 tibi
2308 4029 2420 4086 Deo
2473 4029 2866 4100 omnipotenti,
2906 4029 3103 4086 dehinc
3151 4028 3465 4086 hominibus

1871 4120 2084 4175 cunctis
2123 4121 2267 4174 iutcr
2318 4135 2455 4191 quos
2499 4135 2737 4191 unquam
2786 4119 3099 4175 conversari
3151 4133 3239 4175 me
3285 4121 3464 4175 conti-

1872 4213 2036 4281 gerit,
2065 4213 2324 4269 exhibere
2349 4212 2536 4268 debeo.
2576 4212 2942 4267 Ambitionem
2966 4209 3203 4267 simulet
3228 4211 3463 4267 delecta-

1874 4308 2076 4360 tionem
2112 4306 2277 4360 totius
2302 4305 2578 4360 saecularis
2607 4303 2791 4375 gloria:
2826 4302 2980 4358 aufer
3010 4319 3039 4358 a
3073 4318 3180 4369 me,
3214 4303 3463 4369 Domine,

1872 4409 1926 4453 et
1953 4400 2018 4452 da
2061 4398 2191 4453 mihi
2222 4398 2457 4469 aliquam
2486 4403 2694 4468 partem
2732 4397 3010 4467 sapientiae
3039 4397 3363 4468 spiritualis;
3402 4408 3466 4454 ut

1874 4496 2085 4543 niecum
2112 4487 2201 4550 sit,
2234 4497 2290 4542 el
2335 4502 2545 4542 mecum
2576 4486 2803 4554 laboret,
2834 4495 2893 4542 ut
2933 4486 3101 4542 sciam
3145 4488 3276 4559 quid
3304 4503 3465 4545 acce-

1872 4587 2023 4646 ptum
2052 4578 2124 4633 sil
2148 4591 2333 4631 coram
2381 4586 2434 4633 te
2465 4577 2612 4632 omni
2663 4585 2925 4647 tempore.
2952 4576 3029 4633 Ne
3068 4580 3463 4645 reminiscaris,

1798 4655 1846 4715 D
1875 4683 2079 4737 quaeso,
2129 4666 2326 4722 delicta
2363 4666 2664 4736 iuventutis
2704 4677 2760 4723 et
2806 4669 3124 4741 ignorantia:
3171 4686 3335 4736 meae,
3370 4671 3466 4727 sed

1876 4761 2173 4816 secundum
2222 4760 2651 4817 misericordiam
2705 4772 2848 4818 tuam
2899 4770 3173 4818 memento
3203 4764 3332 4828 mei,
3363 4762 3466 4815 Ι)ος

1876 4860 2039 4916 mine.
2092 4858 2406 4917 Munditiam
2463 4878 2679 4934 quoque
2729 4864 2927 4921 mentis
2980 4872 3036 4918 et
3090 4866 3337 4937 corporis
3388 4864 3462 4918 ita

1876 4953 2030 5016 mihi,
2056 4967 2261 5024 quaeso,
2288 4953 2530 5027 vigilanti
2561 4963 2656 5009 aut
2693 4955 2982 5012 dormienti
3009 4959 3271 5023 concede,
3297 4965 3356 5010 ut
3395 4953 3467 5008 ad

1876 5044 2065 5102 altaris
2096 5044 2368 5118 tetiusqne
2398 5045 2677 5102 servitutis
2722 5056 2826 5105 tuae
2865 5046 3098 5103 oﬁicium
3127 5048 3344 5120 dignius
3370 5058 3465 5099 ac-

1874 5137 2104 5202 cedere,
2155 5135 2436 5208 ipsumque
2482 5137 2890 5206 acceptabililer
2916 5138 3117 5207 possim
3163 5147 3422 5208 peragere
3446 5144 3466 5185 :

1874 5226 2011 5282 nihil
2035 5226 2186 5284 enim
2235 5228 2363 5286 boni
2392 5245 2424 5285 a
2454 5230 2772 5300 memetipso
2798 5229 2992 5293 habeo,
3038 5228 3133 5281 sed
3183 5239 3359 5297 neque
3398 5222 3468 5277 ab
