3988 5336
505 321 605 378 ιει

1149 313 1448 374 OTllLONl
1489 312 1796 370 MONACHI
1839 311 1897 367 S.
1939 311 2364 369 EMMERAMMI
2401 309 2744 367 PRECATIO
2789 306 3175 367 TllEODlSCA

3691 311 3792 366 153

506 449 628 490 rum
655 404 918 487 virtutum
956 443 1090 498 quas
1128 426 1242 496 jam
1289 426 1500 481 orando
1546 425 1842 494 nominavi,
1878 404 1942 482 et
1971 441 2088 480 om-
2116 434 2161 489 Α
2192 405 2507 496 sequantur,
2539 433 2594 478 et
2641 425 2943 494 corporalis
2996 423 3120 479 vita:
3171 422 3408 480 subsidia
3447 434 3613 495 prout
3655 427 3793 482 indi-

508 527 656 580 nium
698 525 818 586 sine
846 522 1046 591 quibus
1075 519 1254 584 nullus
1290 518 1391 572 tibi
1435 517 1656 586 placere
1687 527 1888 589 potest,
1921 517 2092 588 parti-

510 633 636 688 ceps
663 616 780 670 ﬁeri
814 627 1044 667 merear.
1079 609 1183 664 Sed
1215 610 1470 679 quoniam
1499 618 1606 662 tam
1643 624 1835 680 magna
1877 608 2096 680 pietatis

510 725 614 768 tuze
649 714 785 766 dona
812 709 974 764 nullis
1029 707 1316 764 conatibus
1351 706 1584 777 propriis
1615 706 1870 777 nulloque
1913 705 2096 759 labore

509 802 780 872 condigne
803 800 1087 869 acquirere
1131 808 1188 852 et
1217 798 1470 852 obtinere
1511 796 1689 862 valeo,
1733 811 1830 867 per
1860 796 2094 851 sanctis-

509 893 702 944 simam
751 889 1091 946 nativitatem
1151 896 1206 942 et
1260 886 1570 959 passionem
1626 894 1815 951 tuam,
1872 884 2098 940 Domine

508 983 634 1036 Jcsu
667 982 905 1048 Christe,
947 995 1047 1038 nec
1091 995 1200 1036 non
1249 995 1354 1050 per
1379 977 1744 1034 venerandam
1783 992 1999 1032 crucem
2043 977 2095 1030 in

509 1090 613 1141 qua
655 1089 750 1143 pro
775 1073 959 1128 mundi
1005 1071 1179 1128 salute
1217 1073 1452 1144 pendere
1491 1071 1745 1142 dignatus
1778 1083 1868 1134 es,
1897 1083 2097 1139 perque

511 1165 964 1220 resurrectionem
1021 1174 1072 1220 et
1123 1165 1496 1220 ascensionem
1547 1173 1722 1225 tuam,
1775 1171 1885 1215 tum
1931 1161 2096 1215 etiam

509 1272 604 1326 per
645 1257 818 1314 sancti
849 1255 1085 1326 Spiritus
1106 1256 1360 1328 gratiam,
1385 1255 1542 1320 mihi,
1567 1269 1787 1324 precor,
1810 1253 2094 1310 concedas.

579 1347 786 1417 Adjnva
816 1348 984 1402 etiam
1032 1363 1116 1402 me
1152 1363 1246 1416 per
1284 1346 1472 1400 nterita
1519 1355 1573 1400 et
1613 1359 1806 1414 preces
1862 1343 2096 1398 sanctis-

509 1440 660 1494 sima:
685 1439 979 1494 Genitricis
1006 1448 1110 1492 tua:
1141 1447 1196 1496 et
1223 1446 1493 1507 perpetua:
1513 1436 1741 1507 virginis
1773 1435 1970 1500 Maria),
2001 1451 2098 1489 nec

510 1549 619 1587 non
673 1547 769 1602 per
821 1531 995 1587 sancti
1047 1529 1329 1586 Michaelis
1388 1529 1742 1598 omniumque
1793 1528 2096 1582 caelestium

511 1623 796 1688 uirtutum,
836 1631 996 1691 atque
1028 1637 1124 1691 per
1151 1621 1325 1676 sancti
1353 1619 1578 1675 Joannis
1608 1618 1888 1688 Baptistze,
1919 1628 1973 1674 et
2002 1635 2097 1689 per

510 1723 823 1770 sanctorum
871 1714 1274 1784 apostolornnm
1343 1721 1556 1766 tuorum
1611 1711 1760 1765 Petri
1813 1721 1866 1767 et
1918 1711 2107 1776 Pauli,

2197 527 2344 588 gent,
2385 533 2417 572 a
2485 526 2537 572 te
2585 517 2835 587 accipere
2893 526 3226 570 mercantur.
3286 516 3358 571 Da
3403 519 3525 583 eis,
3575 536 3792 588 qnmsn,

2195 621 2384 684 pastor
2413 621 2638 679 artemo,
2692 620 2940 682 pastores
2981 620 3036 666 et
3087 622 3327 666 rectores
3363 612 3500 667 tales
3546 616 3639 682 qui
3675 615 3793 669 illos

2197 720 2295 776 per
2322 704 2570 773 exempla
2615 719 2710 757 sua
2740 719 2845 758 non
2891 704 2956 758 ad
2992 703 3296 767 interitum,
3336 704 3429 773 sed
3462 705 3529 759 ad
3575 714 3795 764 reterns,-

2197 795 2390 852 salntis
2431 796 2704 851 instruant
2756 795 3035 849 meritum.
3090 795 3194 850 Pro
3240 795 3326 849 his
3359 797 3526 850 etiam
3583 798 3677 866 qui
3706 813 3791 854 se-

2197 889 2455 957 mctipsos
2506 885 2849 942 confessione
2902 893 2998 939 ant
3052 885 3233 955 aliqua
3287 885 3692 941 interventione
3739 888 3794 941 in

2200 979 2303 1033 mei
2356 978 2662 1049 peccatoris
2711 977 3016 1031 orationem
3049 976 3436 1031 commendare
3483 977 3786 1041 curabant,

2199 1068 2493 1124 bonitatem
2529 1077 2698 1130 tuam,
2728 1065 2971 1128 Domine,
3016 1065 3334 1134 suppliciter
3363 1080 3552 1130 exoro,
3587 1082 3658 1121 ne
3686 1069 3791 1122 sei-

2198 1157 2326 1215 licet
2371 1169 2592 1231 propter
2653 1161 2765 1215 ulla
2813 1169 3036 1231 precata
3091 1176 3210 1216 mea
3264 1160 3630 1216 confessionis
3681 1177 3795 1217 sua

2198 1259 2442 1306 cassetur
2492 1252 2747 1308 remissio
2788 1261 3001 1322 sperata
3029 1292 3048 1318 ,
3092 1253 3196 1308 sed
3235 1267 3333 1322 per
3376 1254 3612 1324 gratiam
3646 1265 3788 1308 tuam

2180 1337 2250 1400 "et
2276 1341 2374 1413 ipsi
2404 1344 2642 1411 veniam,
2668 1359 2828 1415 quam
2853 1345 3535 1402 confessionislinmiliu;te
3559 1345 3704 1401 ﬁdeli
3731 1363 3794 1402 er

2197 1435 2550 1506 expetebant,
2606 1444 2921 1490 mereantur
2957 1436 3247 1506 consequi;
3301 1445 3356 1491 ct
3385 1426 3484 1507 ego
3525 1439 3786 1491 virtutum

2197 1523 2410 1579 illamm
2464 1527 2608 1582 dona
2648 1541 2771 1595 quae
2821 1527 3014 1594 iidem,
3039 1528 3306 1583 orationis
3350 1544 3482 1582 mea:
3532 1529 3787 1596 sull'ragia

2197 1627 2528 1684 quairemes,
2543 1617 2655 1687 jam
2697 1617 2877 1672 inesse
2905 1619 3035 1673 mihi
3083 1619 3342 1686 credunt,
3366 1619 3490 1684 sed,
3515 1620 3652 1689 proh
3697 1623 3787 1672 do-

2200 1709 2317 1766 lor!
2346 1709 2573 1766 necdiun
2605 1711 2660 1765 in
2687 1726 2774 1766 me
2801 1719 2952 1776 sunt,
2983 1727 3077 1781 per
3113 1711 3346 1777 iliorum,
3388 1727 3594 1782 quaeso,
3629 1712 3789 1765 (idem

511 1810 760 1874 Aiidreae,
788 1808 1000 1873 Jacobi,
1028 1807 1446 1877 specialiterque
1489 1820 1585 1876 per
1618 1804 1801 1859 dilecti
1831 1805 1904 1859 tni
1931 1803 2093 1858 Joan-
2128 1809 2166 1866 n
2197 1800 2519 1870 quandoque
2571 1815 2784 1855 merear
2843 1802 3092 1872 adipisci.
3152 1803 3459 1858 Recordare
3483 1843 3498 1867 ,
3554 1819 3782 1873 precer,

508 1899 625 1962 nis,
655 1906 710 1951 et
739 1913 835 1967 per
867 1897 1111 1950 θιιιιιίιιιιι
1150 1895 1520 1965 apostolorum
1551 1903 1767 1948 tuorum
1800 1891 2050 1964 suffragia
2077 1909 2091 1958 ;

509 1990 603 2043 sed
647 1995 701 2043 et
747 2003 846 2058 per
890 1987 1106 2040 illorum
1142 1985 1611 2039 sanctissimm'um
1663 1982 1955 2039 infantium
2001 2001 2097 2054 pa-

513 2077 738 2131 trocinia
797 2076 892 2147 qui
946 2089 1046 2144 pro
1112 2084 1206 2130 tuo
1265 2074 1487 2129 nomine
1545 2073 1802 2130 trucidati
1849 2083 1989 2130 sunt
2031 2075 2099 2131 ab

511 2171 762 2234 Herode;
805 2181 861 2224 et
898 2170 1039 2224 sicut
1083 2169 1302 2223 eosdem
1353 2168 1613 2234 inlantes,
1663 2167 1865 2224 nullius
1913 2170 2096 2223 meriti

510 2272 604 2316 aut
642 2261 860 2318 virtutis
885 2262 1132 2316 notitiam
1160 2261 1445 2324 habentes,
1480 2261 1596 2316 sola
1641 2269 1697 2316 et
1734 2261 2096 2324 inaestimabili

509 2355 827 2425 gratimtna:
856 2353 1096 2424 potentia
1144 2352 1209 2406 ad
1251 2354 1420 2406 vitam
1457 2362 1720 2407 wtcrnam
1762 2353 1996 2424 elegisti,
2027 2356 2096 2409 ita

509 2447 674 2500 etiam
722 2460 808 2500 me
854 2445 1132 2516 indignum
1172 2460 1270 2515 per
1314 2445 1550 2508 illorum,
1583 2459 1802 2514 quaeso,
1839 2446 2100 2502 interces-

507 2541 691 2594 siones
722 2540 788 2593 ad
829 2539 950 2592 vitae
975 2539 1230 2610 perennis
1276 2539 1612 2593 consortium
1643 2537 1799 2607 elige.
1831 2536 2100 2593 Succurre

511 2647 727 2702 quoque
749 2631 879 2686 mihi
925 2645 1022 2700 per
1049 2640 1362 2688 sanctorum
1396 2641 1694 2702 martyrum
1725 2640 1938 2685 tuorum
1983 2630 2098 2686 Ste-

513 2722 674 2791 phani
704 2729 864 2791 atque
892 2720 1191 2784 Laurentii,
1221 2720 1328 2774 Viti
1372 2731 1430 2774 et
1476 2721 1768 2784 Pancratii,
1801 2721 2016 2792 Georgii
2047 2731 2101 2776 ct

511 2810 919 2872 Emmerammi,
961 2809 1170 2875 Quirini
1201 2817 1259 2863 et
1279 2807 1486 2862 Castuli
1509 2847 1528 2880 ,
1558 2808 1867 2864 Sebastiani
1896 2819 1949 2863 et
1975 2808 2126 2865 γεω--

507 2901 696 2962 centii,
733 2915 840 2966 nec,
877 2914 983 2953 non
1030 2915 1127 2969 per
1175 2898 1410 2953 .\lauritii
1441 2911 1496 2954 et
1522 2900 1799 2972 Dionysii,
1840 2899 2102 2955 Gcrconis

509 3002 563 3042 rt
599 2990 831 3062 liyliani,
874 2989 1136 3046 Bonifacii
1181 3000 1236 3045 et
1265 2989 1534 3058 Januarii,
1585 2989 1854 3062 Hippolyti
1900 3000 1954 3046 et
1996 2989 2100 3060 Cy-

511 3083 666 3148 riaci,
707 3099 810 3136 una
841 3098 936 3150 per
963 3083 1232 3137 sociorum
1265 3096 1484 3136 suorum
1519 3083 1742 3147 merita,
1767 3081 2100 3151 specialiter-

2200 1891 2252 1944 in
2313 1891 2470 1944 nobis
2524 1891 2916 1946 misericordia:
2946 1901 3072 1958 tum,
3122 1893 3520 1964 verborumque
3559 1894 3786 1963 apostoli

2202 1981 2276 2036 tui
2307 1979 2492 2037 Jacobi
2523 1981 2755 2038 dicentis
2790 2003 2803 2034 :
2833 1982 3164 2051 Canﬁtemini
3207 1983 3518 2038 alterutrum
3570 1992 3783 2051 peccata

2200 2084 2387 2136 vestra,
2416 2083 2464 2128 et
2487 2084 2634 2128 orate
2657 2090 2752 2144 pro
2777 2075 3015 2140 invicem,
3047 2084 3102 2132 ut
3135 2075 3430 2130 miremini.
3457 2074 3521 2128 Et
3551 2079 3791 2130 concede

2203 2175 2259 2219 ut
2282 2174 2337 2218 et
2367 2165 2579 2221 illorum
2615 2165 2903 2229 confessio,
2941 2176 2995 2220 et
3026 2179 3170 2231 mea,
3193 2182 3355 2237 quam
3385 2181 3484 2236 pro
3509 2168 3591 2222 eis
3617 2166 3786 2236 profe-

2203 2277 2282 2326 ro,
2311 2261 2650 2322 oratiuncula
2676 2261 2892 2318 sibimet
2923 2262 3113 2332 prosit.

2280 2354 2408 2408 l’eto
2443 2355 2608 2409 etiam
2635 2369 2734 2424 pro
2764 2369 2925 2424 papa,
2956 2363 3008 2408 et
3037 2353 3249 2408 Cresare
3280 2361 3374 2407 aut
3415 2367 3543 2424 rege
3581 2362 3789 2416 nostro,

2203 2463 2303 2508 nec
2332 2463 2437 2502 non
2474 2462 2574 2518 pro
2624 2448 2834 2502 etinctis
2888 2447 3192 2504 rectoribus
3238 2458 3400 2518 atque
3455 2448 3789 2519 principibus

2206 2539 2428 2603 nostris,
2470 2538 2743 2595 utillosin
2777 2553 2962 2594 amore
2991 2549 3044 2594 et
3099 2539 3292 2594 timore
3342 2549 3432 2594 tuo
3479 2541 3554 2594 ita
3608 2540 3787 2610 perfe-

2203 2640 2320 2686 etos
2372 2630 2542 2688 facias
2589 2639 2856 2700 quatenus
2904 2644 2962 2686 se
3012 2631 3226 2701 sibique
3278 2632 3522 2687 subditos
3574 2632 3790 2686 valeant

2203 2736 2390 2791 regere
2419 2735 2483 2775 ac
2506 2722 2761 2790 congruis
2781 2722 3051 2791 exemplis
3074 2737 3327 2791 praeesse.
3375 2721 3458 2777 Ad
3493 2723 3611 2777 haec
3656 2737 3789 2791 quo-

2203 2828 2310 2882 que
2341 2827 2437 2880 pro
2477 2813 2788 2882 parentibus
2815 2822 2869 2868 et
2898 2815 3239 2884 prepinquis,
3273 2829 3370 2870 nec
3410 2830 3520 2869 non
3558 2829 3663 2884 pro
3687 2815 3792 2869 illis

2203 2902 2294 2970 qni
2325 2902 2392 2958 ab
2423 2901 2576 2956 initio
2607 2903 2733 2957 vitae
2761 2919 2892 2960 meae
2925 2919 3094 2972 usque
3131 2903 3182 2958 in
3226 2905 3367 2960 hanc
3405 2903 3596 2959 horam
3653 2920 3786 2974 qua-

2205 2989 2523 3060 leincunque
2572 3008 2668 3062 pro
2721 3007 2808 3046 me
2857 2993 3097 3048 laborem
3157 2995 3534 3064 pertulerunt,
3585 2996 3791 3066 quique

2205 3081 2258 3136 in
2286 3098 2379 3136 esu
2411 3093 2506 3137 aut
2531 3092 2679 3152 potu,
2708 3093 2801 3138 aut
2833 3085 2893 3139 in
2934 3086 3154 3150 vestitu,
3181 3095 3272 3140 aut
3300 3087 3351 3140 in
3381 3087 3652 3148 doctrina,
3696 3103 3794 3141 seu

509 3189 619 3244 que
656 3189 752 3244 per
782 3181 1094 3228 sanctorum
1151 3182 1361 3228 tuorum
1393 3173 1716 3242 patrocinia,
1749 3189 1872 3229 cum
1906 3173 2099 3243 quibus
2128 3182 2171 3242 ε
2203 3172 2367 3230 etiam
2419 3173 2662 3243 quolibet
2709 3176 2869 3230 modo
2926 3177 3058 3232 mihi
3115 3179 3371 3247 prodesse
3425 3180 3786 3242 studuerunt;

510 3264 687 3320 locum
715 3271 1034 3332 praesentem
1067 3262 1365 3319 sublimare
1388 3263 1638 3333 dignatus
1664 3279 1760 3331 es;
1789 3263 1882 3319 sed
1910 3274 1965 3320 et
2003 3281 2100 3336 per

512 3366 826 3426 sanctorum
889 3356 1264 3422 confessorem
1332 3366 1548 3412 tuorum
1617 3355 1878 3430 Sylvestri
1937 3369 2101 3430 atque

510 3453 748 3520 Martini,
780 3452 1011 3523 Remigii
1060 3463 1116 3508 et
1152 3451 1435 3522 Gregorii,
1461 3451 1666 3510 Nicolai
1709 3463 1765 3509 et
1799 3452 2096 3528 Benedicti,

510 3541 814 3616 Wolfkangi
853 3555 1014 3614 atque
1067 3543 1302 3600 Udalriei
1330 3583 1346 3608 ,
1372 3558 1589 3622 perque
1638 3555 1948 3602 sanctarum
1985 3548 2097 3599 vir-

510 3635 695 3706 ginum
726 3635 1048 3693 Petroncllae
1072 3644 1126 3691 et
1155 3635 1405 3700 Caeciliae,
1430 3635 1778 3703 Scholasticaa
1809 3646 1865 3693 et
1889 3637 2099 3708 Marga-

510 3737 679 3799 κιαι..
712 3742 813 3782 nec
859 3742 966 3782 non
1013 3741 1111 3796 per
1150 3725 1364 3782 illorum
1415 3736 1726 3782 sanctorum
1771 3743 1999 3798 quorum
2043 3729 2097 3785 in

509 3823 614 3875 hoc
639 3819 968 3876 monasterio
1002 3826 1097 3873 aut
1119 3818 1170 3872 in
1203 3818 1302 3873 hac
1333 3819 1580 3888 proxima
1609 3819 1834 3875 civitate
1859 3819 2099 3890 reliquiae

509 3913 836 3970 consistunt.
882 3909 1086 3966 Deinde
1119 3924 1214 3978 per
1255 3911 1499 3970 omnium
1528 3897 1843 3966 sanctorum
1881 3922 2096 3966 tuorum

511 4002 760 4074 suffragia
801 4016 908 4066 me,
950 4017 1170 4070 precor,
1193 4001 1420 4071 adiuva;
1451 4011 1510 4056 ut
1549 4011 1773 4073 propter
1801 4002 1944 4058 nulla
1973 4018 2098 4075 pec-

509 4103 628 4150 rata
664 4109 780 4148 mea
828 4102 920 4146 aut
949 4093 1207 4156 instantia
1257 4107 1354 4148 seu
1399 4090 1579 4148 futura
1613 4093 1664 4147 in
1696 4109 1888 4148 manus
1914 4109 2098 4164 perse-

512 4185 794 4254 quentium
827 4183 1064 4237 animam
1117 4197 1291 4237 meam
1341 4181 1542 4247 tradas,
1576 4183 1668 4238 sed
1699 4184 1854 4241 solita
1895 4186 2098 4255 pietate

511 4288 601 4331 tua
631 4291 845 4346 semper
875 4285 930 4331 et
973 4275 1173 4344 ubique
1201 4275 1482 4332 defendar.
1527 4276 1727 4332 Deinde
1774 4278 2092 4334 immensam

510 4370 765 4436 pietatem
819 4377 989 4432 tuam,
1039 4368 1274 4432 Domine.
1309 4366 1436 4423 Jesu
1489 4365 1726 4433 Christe,
1780 4369 2096 4440 suppliciter

510 4461 749 4529 deposco
794 4477 892 4530 pro
952 4459 1212 4514 fratribus
1268 4460 1472 4514 nostris
1521 4462 1866 4530 ceenobiique
1919 4463 2087 4518 nostri

2203 3280 2302 3336 pro
2360 3264 2463 3320 illis
2515 3280 2644 3335 ergo
2693 3266 2947 3323 omnibus
2999 3269 3252 3338 pietatem
3301 3279 3480 3333 tuam,
3537 3270 3786 3336 Domine,

2203 3356 2362 3412 unice
2387 3356 2654 3428 deposco,
2687 3368 2776 3426 ut,
2818 3362 2944 3430 quia
2990 3376 3092 3430 ego
3123 3351 3327 3416 nullam
3388 3363 3528 3432 ipsis
3581 3379 3797 3418 recom-

2203 3448 2574 3518 pensationem
2603 3449 2841 3506 debitam
2883 3452 3193 3522 impendere
3223 3471 3461 3526 possum.
3492 3456 3672 3528 gratia
3700 3468 3793 3510 tua

2202 3536 2308 3592 illis
2357 3539 2666 3610 ubicunque
2715 3557 2851 3612 opus
2882 3556 2986 3611 est,
3032 3545 3147 3600 sive
3186 3547 3236 3600 in
3290 3549 3548 3618 ιιι-αξξεπιεί
3584 3549 3701 3603 sive
3736 3550 3786 3602 iu

2202 3628 2384 3684 futuro
2440 3629 2670 3696 szecnlo,
2704 3647 3123 3703 recompensare
3177 3637 3452 3708 dignetur.
3515 3637 3788 3708 Deprecor

2201 3717 2364 3783 sin'iul
2389 3734 2487 3787 pro
2518 3720 2622 3776 illis
2648 3737 2784 3791 quos
2815 3738 3052 3793 unquam
3094 3725 3212 3781 sine
3246 3743 3412 3782 causa
3461 3728 3798 3782 contristari-

2197 3805 2293 3883 aut
2321 3809 2592 3886 aliquibus
2619 3815 2752 3868 meis
2779 3815 2990 3871 actibus
3024 3816 3336 3886 depravari,
3368 3830 3647 3887 quatenus
3693 3835 3787 3889 per

2201 3892 2460 3965 bonitatis
2515 3901 2908 3972 tnaycllbctum
2956 3905 3300 3976 aliquomodo
3350 3895 3552 3980 corrigi
3596 3921 3653 3966 et
3703 3927 3786 3965 te-

2198 3993 2378 4062 iiarar-i
2407 3986 2763 4054 .mereantur.
2825 3983 3025 4056 Deinde
3076 4015 3206 4056 vero
3269 3986 3638 4058 communiter
3689 4018 3784 4073 pro

2197 4074 2600 4173 otnni'fpopulo
2649 4089 2958 4147 Christiano
3011 4091 3286 4162 majestati
3331 4105 3465 4158 tum,
3529 4097 3783 4157 Domine,

2197 4178 2439 4248 supplico
2489 4191 2544 4232 ut
2570 4182 2650 4242 eis
2680 4197 2891 4251 pacem,
2923 4185 3065 4240 acris
3092 4187 3410 4256 temperiem
3455 4186 3786 4258 frugumque

2197 4267 2589 4336 copiamjuaua
2647 4273 3001 4330 necessitates
3057 4292 3182 4331 snas
3215 4278 3456 4332 tribucre
3503 4278 3784 4349 ιιίειιιιιὶκ;

2195 4369 2273 4427 cl,
2299 4360 2426 4416 licet
2449 4362 2662 4420 insidiis
2687 4365 2971 4426 diabolicis
3014 4379 3106 4420 ant
3153 4369 3316 4423 etiam
3349 4369 3648 4440 fragilitate
3689 4374 3782 4425 hn-

2195 4468 2354 4506 mana
2385 4453 2701 4510 circumdati
2742 4471 2770 4510 a
2797 4457 3226 4517 Christianitatis
3252 4460 3398 4514 cultu
3449 4462 3620 4516 variis
3667 4480 3778 4516 nm-

511 4524 630 4602 ιυέο
676 4557 753 4613 ιιι,
785 4524 936 4616 quia,
985 4549 1220 4617 peccatis
1275 4550 1474 4604 nostris
1504 4524 1870 4621 exigentibus,
1901 4563 2008 4608 tam
2050 4567 2085 4608 τι
2124 4524 2165 4579 D
2194 4543 2282 4599 dis
2301 4544 2600 4618 discedant,
2629 4547 2742 4616 ipsa
2772 4557 2973 4613 tamen,
3003 4565 3208 4618 quaeso.
3241 4551 3373 4606 tanti
3417 4551 3490 4605 tui
3543 4555 3780 4608 nominis

510 4647 810 4694 nostratem
856 4655 1016 4707 quam
1047 4654 1112 4701 ex
1149 4639 1446 4695 alienorum
1486 4641 1701 4706 effectu,
1732 4645 1866 4712 proh
1894 4646 2085 4704 dolor!

511 4729 659 4784 intus
685 4727 844 4780 simul
868 4737 919 4782 et
943 4727 1086 4794 foris
1101 4729 1414 4785 destructus
1439 4740 1546 4795 est,
1567 4747 1664 4802 per
1687 4735 1914 4806 gratiam
1941 4745 2086 4791 tuam

513 4827 674 4886 atque
701 4831 795 4884 per
826 4815 1038 4871 illorum
1088 4828 1398 4873 sanctorum
1428 4818 1678 4891 (quorum
1722 4838 1950 4894 corpora
1997 4835 2091 4881 ant

515 4910 767 4980 reliquias
807 4911 892 4966 hic
941 4912 1142 4982 positas
1191 4927 1374 4969 amore
1418 4917 1822 4985 promptissimo
1870 4933 2089 4972 venera-

511 5004 654 5071 mur)
689 5001 1133 5058 intercessionem
1163 5004 1229 5058 ad
1252 5005 1476 5060 laudem
1505 5017 1559 5061 et
1601 5008 1827 5077 gloriam
1857 5009 2094 5064 nominis

512 5095 609 5158 tui,
635 5102 794 5162 atque
823 5094 888 5148 ad
914 5096 1252 5152 necessitatis
1279 5105 1502 5161 nostra),
1536 5113 1638 5154 nec
1673 5115 1783 5175 non.
1810 5100 1876 5153 ad
1900 5115 2086 5154 eorum

509 5186 600 5244 nui
643 5186 1017 5244 nobisjue'iter
1041 5187 1378 5244 deserviunt.
1409 5191 1609 5244 unicae
1634 5192 1742 5244 huc
1781 5209 1878 5244 nro
1907 5194 2083 5244 aliaua

2191 4640 2426 4710 agnitio,
2454 4649 2721 4710 tantqu
2753 4641 3052 4709 majestatis
3091 4643 3377 4713 professio,
3427 4646 3512 4699 cui
3566 4661 3628 4701 se
3679 4647 3779 4700 fide

2193 4745 2432 4798 congrua
2481 4735 2894 4797 commendant,
2918 4742 2971 4788 et
3017 4735 3071 4788 in
3122 4751 3228 4805 qua
3282 4751 3432 4804 spem
3481 4739 3794 4792 maximam-

2193 4821 2408 4878 \ivettdi
2441 4822 2728 4884 collocant,
2760 4824 2871 4879 illis
2905 4827 3079 4894 prosit
3113 4825 3170 4882 in»
3207 4836 3491 4881 aeternum.
3537 4828 3621 4882 Ad
3666 4827 3778 4882 ha-e

2192 4928 2411 4984 quoque
2459 4914 2780 4977 immensam
2829 4918 3086 4986 pietatem
3146 4927 3334 4987 tuam,
3378 4919 3607 4976 Domine
3649 4920 3778 4975 Jesn

2192 5003 2670 5074 (.‘hriste,postulo
2717 5007 2876 5064 unice
2907 5024 3004 5078 pro
3053 5010 3305 5065 omnibus
3335 5011 3588 5067 fidelibus
3649 5029 3779 5068 cum

2193 5095 2525 5164 gregationis
2572 5106 2774 5151 nostra:
2826 5097 3100 5154 defunctis
3152 5099 3460 5166 fratribus,
3514 5119 3618 5158 nec
3667 5119 3778 5157 non

2193 5200 2290 5244 pro
2333 5185 2420 5239 his
2467 5187 2664 5244 auibus
2714 5202 2781 5241 ex
2833 5188 3194 5244 fraternitatis
3247 5193 3630 5244 communione
3676 5209 3774 5244 seu
