3988 5336
185 423 188 428 '
238 359 345 402 49.)

711 347 920 401 ΑῸᾹΜῙ
957 348 1276 407 ΕΑΝΟΝΙΟΙ
1317 352 1706 410 ΒΠΕΜΕΝΒΙΞ
1744 355 1844 410 κο·

1949 355 2019 410 ’lA
2061 355 2430 412 HlSTOlilCA
2471 357 2558 412 ET
2594 355 3074 413 BlBLlOGliAPll.

3412 357 3519 414 fil»

236 478 270 519 c
305 474 416 530 tor,
446 462 547 533 qui
581 476 684 518 nec
719 478 817 532 pro
866 477 1041 518 meme
1089 481 1186 535 pso
1213 481 1374 521 orare
1417 466 1624 521 sufﬁcio
1647 509 1660 531 ,
1688 483 1828 524 con-
1862 480 1903 536 Α
1933 471 2188 526 cientiam
2217 471 2727 542 conclusionemque
2755 485 2960 542 ponens
2985 513 2999 536 ,
3030 471 3082 525 in
3133 486 3326 526 manus
3375 482 3520 535 tuas,

239 556 415 610 ﬁdens
445 562 633 610 tamen
671 555 722 608 in
751 565 842 607 tua
868 556 1236 611 misericordia
1267 575 1363 626 pro
1395 557 1516 612 aliis
1543 569 1654 613 tam
1694 562 1832 615 \‘l\l8

239 662 403 713 quam
435 642 717 700 defuncta
744 645 811 698 ad
857 654 928 710 te,
979 645 1226 710 Domine,
1269 650 1499 717 protuli,
1547 650 1834 720 dignanter

242 735 492 804 suscipe;
518 741 577 789 et
596 743 656 788 ut
680 733 784 789 illis
798 735 962 790 sitnul
985 744 1038 791 ct
1059 735 1191 790 mihi
1215 737 1604 806 aliquantulum
1623 742 1834 810 prosint

239 824 508 882 cncede.

310 915 398 972 Ad
449 924 763 971 extremum
814 932 942 971 vero
995 919 1140 973 nulla
1187 921 1459 975 orationis
1507 938 1639 976 mem
1688 925 1831 977 dicta

243 1007 373 1060 mihi
405 1007 695 1061 sudet-isse
718 1026 936 1077 prorsus
962 1027 1161 1075 seicns,
1190 1013 1280 1067 sed
1327 1015 1505 1082 potius
1529 1016 1580 1068 iu
1626 1025 1677 1070 te
1725 1027 1832 1070 tam

234 1097 512 1158 orationis
545 1115 709 1170 quam
760 1114 1080 1158 tmterorntn
1135 1113 1355 1159 actuum
1397 1121 1639 1160 meorum
1693 1108 1839 1160 sufii-

1940 564 2186 628 Domine,
2210 564 2461 633 spiritum
2489 574 2544 618 et
2584 581 2678 618 cor
2725 581 2928 629 incum,
2959 579 3288 634 onmemque
3336 579 3523 619 curant

1936 670 2102 724 quam
2137 664 2229 706 aut
2260 654 2314 708 in
2341 653 2607 723 spirituali
2656 662 2747 706 aut
2801 652 3067 723 corporali
3119 653 3298 708 studio
3349 655 3524 707 susci-

1938 761 2067 815 pere
2099 759 2186 798 me
2209 759 2372 798 causa
2419 744 2598 813 aliqua
2636 743 2931 812 compellit,
2977 745 3166 815 gratia:
3213 754 3316 799 tua:
3367 759 3522 799 com-

1901 836 2137 901 -mitto,
2177 843 2261 901 ut,
2326 834 2634 903 ubicunque
2680 849 2942 904 nequeam
2992 851 3085 890 seu
3140 835 3379 890 nesciam
3433 845 3528 889 aut

1937 925 2103 979 etiam
2130 925 2296 980 nolim
2337 939 2423 980 me
2445 925 2743 989 custodire,
2772 934 2824 979 tu
2870 935 3024 996 prout
3059 925 3239 980 valeas
3266 939 3329 980 ac
3361 926 3523 990 scias,

1944 1027 2108 1084 utque
2124 1015 2278 1086 juxta
2309 1016 2609 1071 bonitatem
2656 1024 2802 1069 tuam
2831 1015 2986 1082 velis,
3023 1032 3109 1071 me
3155 1017 3352 1086 ubique
3397 1033 3527 1072 con-

1943 1122 2164 1161 servare
2191 1106 2448 1176 digneris.

238 1275 3532 1333 MM

1399 1453 1583 1497 ωιιιιιι
1629 1453 1851 1498 ANNUM
1898 1453 2406 1498 MLXXlll-LXXVI.

1291 1629 2447 1896 ADAMUS

1038 1907 1857 2100 CANONICUS
1943 1907 2782 2152 EREMENSIS.

1280 2323 1523 2437 IN
1615 2321 2440 2437 ΔΒΔΜΠΜ

590 2553 1105 2648 1‘iO'l‘I’l‘IA
1177 2549 1830 2644 HISTORICA
1900 2550 2053 2639 ET
2124 2545 3180 2642 BIBLIOGRAPHICA.

237 2747 416 2826 (Apud
440 2749 609 2805 Pertz
661 2746 1006 2826 Monumentn
1034 2742 1332 2826 Germania:
1384 2745 1672 2826 historica,
1706 2743 1844 2812 Scril

1949 2759 2065 2798 .om.
2087 2741 2211 2826 λιιι,
2240 2741 2519 2826 mgf-9.67,
2540 2742 2785 2826 i’nrocem‘.
2811 2740 2877 2796 γ.
2912 2741 2981 2798 cl.
3004 2741 3159 2799 Joan.
3192 2739 3260 2798 Μ.
3286 2738 3565 2814 Lappa-.-

973 2819 1104 2870 bern
1125 2813 1190 2868 ad
1218 2815 1410 2870 Adami
1437 2814 1592 2868 Gesta
1623 2811 2124 2885 llummnburgensis
2151 2811 2400 2868 Eocleiiri:
2427 2813 2778 2883 pontiﬁcum.)

315 3086 647 3144 l"aucissiriii
685 3101 818 3140 sane
845 3093 973 3140 sunt
1013 3084 1154 3138 inter
1191 3083 1352 3138 medii
1389 3083 1488 3138 aevi
1519 3082 1836 3145 historicos,
1867 3085 1914 3142 Β
1940 3081 2229 3135 oriundum
2261 3083 2452 3145 fuisse,
2473 3082 2586 3150 jam
2609 3097 2674 3137 ex
2700 3083 2943 3153 vestigiis
2965 3083 3177 3137 dialecn
3209 3098 3323 3151 ejus
3341 3083 3534 3152 conje-

241 3179 334 3251 qni
368 3195 551 3234 rerum
609 3178 937 3231 traditarum
990 3176 1273 3246 gravitate,
1322 3173 1840 3244 perSpicuitate,ju-

244 3273 370 3326 dicii
417 3271 794 3343 ingenuitate,
852 3267 1081 3322 fontium
1125 3267 1453 3337 scriptorum
1507 3265 1838 3335 cognitione,

250 3378 568 3416 sermonum
611 3377 708 3416 ore
738 3360 1066 3414 traditurum
1101 3368 1356 3412 accurata
1388 3358 1737 3428 perceptione
1765 3357 1864 3410 ita.

243 3454 548 3515 emineant,
575 3461 634 3505 ut
659 3453 922 3513 Adamus,
953 3450 1211 3520 magister
1237 3448 1548 3504 scholarum
1581 3447 1842 3501 Bremcn-

249 3547 340 3598 sis.
361 3542 591 3597 Accedit
605 3542 746 3612 quod
771 3541 1272 3610 archiepiscopatus
1289 3537 1847 3608 llammenbnrgcnsis

246 3644 301 3689 et
328 3649 626 3704 regnorum
662 3633 788 3687 huic
818 3631 1039 3686 dioecesi
1079 3629 1470 3699 subiectorum,
1501 3644 1730 3698 quorum
1760 3627 1846 3682 ille

250 3724 540 3798 historiam
590 3723 774 3786 tradit,
819 3720 1324 3792 septentrionalium
1372 3719 1596 3775 annales
1625 3718 1847 3774 omnino

254 3814 365 3868 fere
418 3813 824 3869 desiderantur.
866 3812 1076 3867 Adamo
1123 3810 1223 3866 soli
1275 3811 1327 3865 id
1358 3809 1638 3874 debemus,
1671 3818 1729 3862 ut
1754 3823 1846 3863 no-

251 3905 402 3965 titie,
461 3918 584 3972 qua:
628 3902 696 3957 de
745 3902 1067 3970 populorum
1121 3899 1624 3971 septentrionalium
1688 3899 1850 3954 rebus

250 3993 418 4063 gestis
450 3993 654 4063 passim
686 3992 830 4062 apud
885 4003 1140 4048 auctores
1167 3992 1344 4046 varios
1377 3990 1724 4057 reperiuntur
1755 3998 1848 4043 aut

250 4102 315 4137 ex
345 4102 481 4140 enzu
507 4103 538 4137 n
571 4085 838 4153 poematis
853 4083 1203 4149 hauriuntur,
1227 4083 1384 4138 annis
1412 4082 1576 4136 certis
1607 4081 1770 4136 tribui
1793 4089 1849 4134 et

255 4179 501 4233 historia:
557 4177 677 4231 usui
730 4177 993 4231 inservire
1029 4175 1262 4244 possint.
1311 4171 1447 4241 Quid
1490 4172 1632 4241 quod
1679 4170 1846 4225 multa

251 4267 354 4321 alia
384 4268 454 4320 de
481 4267 644 4321 rebus
692 4264 1031 4321 Germanicis
1060 4273 1115 4319 et
1145 4262 1373 4318 Slavicis
1422 4263 1560 4316 scitu
1589 4259 1848 4328 dignissi-

258 4374 364 4421 ma,
398 4371 610 4412 necnon
644 4359 712 4410 de
743 4356 1018 4410 Britannia
1048 4365 1103 4408 et
1144 4353 1401 4408 Hibernia
1425 4351 1568 4406 haud
1597 4359 1845 4405 contem-

1945 3175 2021 3230 cit
2056 3186 2245 3229 auctor
2280 3176 2468 3230 scholii
2507 3176 2604 3230 145
2648 3177 2686 3245 (Ι
2737 3193 2806 3241 Iv,
2851 3191 2900 3230 c.
2940 3176 3052 3245 35).
3085 3177 3543 3246 Archicpiscopus

1946 3267 2295 3330 Adalbertus,
2327 3276 2482 3322 ortus
2497 3267 2658 3321 donto
2681 3269 2944 3323 comitum
2967 3267 3035 3321 de
3059 3265 3283 3330 Wettin,
3307 3284 3338 3322 e
3362 3268 3537 3337 regio—

1946 3373 2016 3412 ne
2075 3359 2242 3411 natali
2271 3374 2368 3412 sua
2417 3359 2562 3413 viros
2605 3359 2867 3428 plurimos
2920 3356 3177 3412 Ecelesize
3231 3358 3536 3426 litterisque

1950 3448 2112 3502 utiles
2156 3448 2406 3502 Bremam
2459 3449 2769 3504 accersivit.
2822 3447 3061 3502 Plurima
3115 3459 3236 3515 qur
3293 3447 3538 3502 Adamus

1949 3550 2134 3597 noster
2189 3541 2256 3596 de
2305 3540 2670 3611 Magdeburgo
2705 3541 2933 3610 profert,
2984 3554 3168 3622 pense
3207 3539 3349 3593 haud
3377 3540 3540 3608 plane

1949 3633 2286 3697 necessaria,
2335 3633 2708 3703 conjecturam
2733 3631 2924 3687 fulcire
2966 3631 3238 3696 videntur,
3268 3631 3535 3684 Adamnm
3569 3659 3571 3661 ι

1951 3710 2005 3779 in
2035 3725 2236 3780 scholis
2269 3726 2724 3780 monasteriorum
2757 3724 2810 3779 in
2856 3724 2958 3779 hac
2985 3723 3206 3778 civitate
3232 3724 3538 3792 siveprope

1953 3814 2101 3869 illam
2131 3815 2326 3870 litteris
2356 3815 2622 3869 imbutum
2665 3812 2853 3868 fuisse.
2889 3813 3047 3866 Anno
3068 3811 3139 3866 24
3169 3811 3538 3880 archiepisco-

1952 3915 2108 3976 patus
2155 3905 2458 3971 Adalbcrti,
2507 3906 2598 3976 qui
2649 3903 2868 3974 inca-pit
2919 3919 2950 3958 a
2985 3903 3073 3958 die
3114 3904 3183 3958 i6
3231 3920 3302 3958 ιη.
3332 3903 3544 3974 Aprilis

1955 3997 2082 4052 anni
2132 3997 2291 4062 1068,
2337 3998 2585 4052 Bremam
2615 3997 2764 4053 venit
2803 3997 2903 4068 (Ξ),
2949 3996 3040 4052 ubi
3077 3997 3219 4051 inter
3245 3996 3538 4051 canonicos

1954 4087 2116 4154 hujus
2165 4089 2311 4143 sedis
2358 4088 2691 4144 cathedralis
2723 4096 2971 4157 receptus
3000 4097 3102 4142 est.
3145 4087 3200 4141 in
3241 4087 3430 4142 charta
3460 4101 3547 4140 ar-

1952 4178 2285 4248 chiepiscopi
2309 4179 2420 4249 jam
2449 4179 2601 4240 dicti,
2634 4179 2756 4232 data
2783 4193 2925 4231 aniio
2959 4175 3112 4235 l069,
3141 4174 3264 4231 Jun.
3300 4177 3387 4240 ll,
3418 4190 3552 4231 cum

1955 4289 2180 4328 munere
2222 4273 2465 4340 magistri
2495 4272 2804 4327 scholarum
2855 4270 3172 4339 insignitum
3207 4269 3348 4323 inter
3379 4277 3551 4322 testes

1959 4373 2080 4432 post
2109 4363 2346 4416 decanos
2369 4371 2419 4416 et
2451 4371 2578 4415 ante
2606 4361 2951 4432 presbyteros
2973 4359 3300 4414 collocatum
3334 4358 3552 4413 inveni-

255 4449 433 4502 nenda
465 4449 730 4503 meminit.
761 4446 860 4501 Vix
899 4447 1061 4518 igitur
1081 4454 1208 4500 sunt
1228 4444 1486 4500 chronica
1529 4442 1690 4510 hujus
1715 4452 1852 4495 tem-
1881 4446 1925 4508 ε
1961 4471 2078 4508 ,ηας
2104 4455 2202 4525 (δ),
2239 4453 2407 4508 paulo
2443 4463 2560 4524 post
2591 4467 2766 4524 ".80".
2801 4452 3070 4507 umorum
3096 4453 3276 4508 δνρηιι
3309 4452 3550 4508 Iasum“

253 4543 421 4611 μοι-ῖς,
472 4557 705 4612 quorum
767 4549 950 4594 textus
996 4554 1148 4609 mque
1196 4553 1259 4594 ac
1313 4537 1587 4606 indagatio
1618 4535 1848 4588 fontium

256 4634 458 4705 quibus
504 4643 883 4704 superstructa
912 4642 1058 4696 sunt,
1087 4646 1253 4700 opera
1293 4627 1707 4698 diligentissima
1740 4639 1849 4679 tant

253 4726 412 4798 digna
449 4727 738 4781 vidcantur
760 4741 924 4794 quam
956 4724 1098 4794 Mog.
1124 4723 1317 4778 Adami
1341 4721 1503 4776 Gesta
1539 4720 1850 4790 pontiﬁcum

252 4820 502 4875 ecclesia:
526 4817 1104 4887 Hammcnhurgcnsis.

322 4911 401 4966 Ita
427 4911 646 4968 inscribi
676 4910 866 4973 ωηερε,
889 4925 1024 4980 quos
1051 4908 1317 4976 janmunc
1337 4905 1486 4962 curis
1515 4905 1716 4958 nostris
1741 4904 1854 4958 edi-

259 5003 360 5058 turi
402 5018 612 5067 sumus,
652 5001 878 5056 tradidit
928 5001 1086 5056 nobis
1117 4998 1428 5054 llelmoldus
1475 4995 1575 5066 (l).
1615 4995 1689 5049 Ex
1733 4996 1850 5065 ipso

256 5106 413 5162 opere
444 5091 672 5161 ejusque
700 5090 1015 5163 praefatione
1038 5089 1167 5144 illud
1187 5098 1396 5144 tantum
1417 5087 1699 5149 discimus,
1717 5089 1848 5141 scri-

259 5193 461 5234 nlorerr.
508 5183 678 5234 t'uisse
735 5184 1054 5236 canonicum
1107 5181 1352 5236 ecclesiae
1383 5180 1713 5236 Bremensis.
1746 5196 1845 5232 nn-

1959 4563 2056 4601 son
2103 4548 2258 4613 adiit,
2307 4564 2358 4600 In
2411 4547 2685 4610 Sclandia,
2730 4556 2786 4600 ut
2827 4547 3056 4608 videtur,
3095 4555 3419 4606 morantem,
3459 4546 3555 4612 qui

1959 4639 1994 4693 b
2032 4639 2348 4708 nignissime
2375 4655 2496 4694 eum
2519 4639 2732 4706 excepit
2770 4649 2823 4692 et
2854 4641 2999 4692 circa
3035 4647 3302 4690 terrarum
3337 4636 3517 4705 aquilo
3532 4666 3551 4675 ιι

1961 4733 2172 4784 narium
2199 4730 2365 4784 situm
2402 4743 2456 4786 et
2495 4731 2775 4785 historiam
2805 4731 3033 4800 plurima
3081 4727 3263 4781 docuit
3296 4725 3396 4798 (i).
3421 4724 3556 4780 Post

1965 4833 2194 4880 mortem
2249 4821 2528 4879 Adalberti
2577 4820 2852 4892 pontificis
2901 4837 3038 4892 Opus
3088 4834 3243 4873 suum
3288 4817 3588 4884 Degcsns

1962 4914 2281 4981 pontiﬁcum
2339 4911 2962 4978 llatnmenburgcnsinm
3000 4911 3226 4960 exorsus
3255 4914 3359 4968 est,
3383 4901 3550 4969 quod.

1957 5013 2012 5056 ut
2041 5019 2106 5059 ex
2133 5002 2347 5074 epilogo
2373 5001 2510 5059 eilici
2558 5014 2717 5070 posse
2749 5001 2986 5065 videtur,
3013 4997 3155 5050 circa
3183 5008 3379 5046 annum
3417 4987 3550 5040 i073,

1960 5094 2215 5152 absolvit.
2247 5095 2464 5152 Etenim
2499 5094 2626 5148 illud
2650 5101 2775 5146 ante
2809 5107 3009 5147 annum
3033 5083 3385 5139 emortualem
3411 5078 3554 5144 figis

1954 5187 2156 5238 Sveml-
2191 5187 2400 5238 scilicet
2425 5187 2584 5238 t076.
2619 5186 2820 5238 factum
2847 5199 2968 5238 esse
2999 5182 3196 5235 docent
3226 5190 3346 5238 qua:
3370 5171 3559 5236 legun-
