3988 5336
211 382 317 437 “5

1176 394 1453 456 NOTITIA
1489 400 1850 463 HISTORICA
1889 406 1974 463 ΕΤ
2009 407 2484 471 ΒΒΙΑΙΟΕΒΛΡΙΙ.

3376 434 3489 490 M6

214 495 302 550 hic
329 495 387 550 in
418 494 525 551 duo
554 498 737 568 capita
782 509 867 557 est
911 502 1244 575 distinctum,
1289 522 1453 582 caput
1480 514 1543 570 5|
1582 530 1710 571 vero
1745 517 1800 572 in
1829 524 1879 583 Λ
1906 520 2124 578 codices
2172 522 2389 582 llenriei
2442 526 2738 597 Ranzovii,
2766 532 3043 603 'produris
3085 536 3381 611 Cimbrici,
3430 556 3490 602 et

214 587 316 611 LM
347 588 531 611 hu“
568 589 597 611 ι.
749 608 766 611 _
806 602 820 611 _
868 609 904 611 Α
983 595 994 608 .
1039 608 1050 611 _
1396 605 1491 611 ,μ
1920 607 1937 611 -

211 587 316 642 hoc
343 588 534 643 codice
563 589 600 643 5
631 591 714 646 bis
742 602 825 647 est
855 595 1171 668 ascriptum.
1203 614 1368 671 caput
1392 605 1497 662 228
1531 620 1661 663 vero
1689 623 1806 663 am-

209 679 467 751 pleCtitur
496 682 706 739 codicis
731 684 766 739 2
789 688 966 758 capita
997 689 1102 745 228
1127 701 1181 746 et
1202 693 1328 750 229.

279 771 464 827 Codex
496 775 715 839 tertius,
756 778 864 842 cui,
905 780 1047 837 sicut
1076 782 1288 841 \‘clleus
1317 788 1459 858 typis
1497 804 1621 846 eum
1653 808 1797 846 man-

208 863 375 923 davit.
410 863 552 919 liber
580 866 660 922 De
686 867 1050 940 descriptione
1091 875 1391 937 insularum
1419 881 1611 947 defuit,
1640 883 1802 939 Gesta

210 956 753 1028 archiepiscoporum
800 960 1382 1038 llammaburgensium
1424 975 1665 1030 omnium
1711 991 1805 1031 co-

206 1047 389 1102 dicum
418 1047 570 1105 solus
592 1051 651 1104 in
681 1066 915 1122 quatuor
947 1057 1225 1115 distribuit
1249 1061 1435 1120 libras.
1472 1065 1758 1123 Librorum
1783 1085 1798 1124 ι

203 1148 260 1193 et
289 1155 327 1194 ιι
362 1141 589 1210 partitio
616 1157 742 1198 cum
774 1147 1056 1204 codicibus
1094 1151 1146 1218 l,
1190 1151 1225 1205 2
1263 1162 1319 1209 et
1348 1154 1390 1210 4
1419 1158 1704 1223 convenit;
1735 1174 1801 1214 ea

203 1243 338 1284 vero
364 1231 546 1300 capita
574 1233 858 1312 quibusin
890 1237 977 1294 his
1005 1239 1143 1297 liber
1169 1243 1365 1299 tertius
1388 1246 1720 1312 continetur,
1743 1248 1797 1303 in

202 1314 297 1371 illo
322 1320 378 1372 iu
410 1318 583 1376 libros
610 1338 669 1377 ιιι
691 1303 750 1379 et
775 1341 828 1380 tv
853 1337 983 1382 sunt
1005 1329 1310 1399 dispertita.
1350 1335 1424 1390 De
1449 1303 1800 1395 diSIinctione

201 1418 390 1463 autem
418 1411 782 1480 capitulorum
832 1425 1115 1489 tantopere
1145 1422 1289 1479 inter
1322 1439 1382 1480 se
1409 1425 1663 1483 dill‘eruut
1700 1445 1766 1485 co

204 1499 378 1564 dices,
421 1512 482 1558 ut
528 1519 594 1560 ea
636 1520 761 1576 qua:
789 1510 957 1565 codex
1004 1512 1026 1566 ί
1072 1512 1237 1570 habet
1283 1517 1539 1574 distincta
1581 1520 1636 1574 in
1691 1522 1798 1577 213

200 1591 498 1659 capitibus,
524 1604 729 1665 praeter
755 1608 880 1654 octo
912 1616 1035 1670 qua:
1071 1604 1199 1659 huic
1239 1609 1463 1664 omnino
1491 1610 1709 1678 desunt,
1741 1623 1799 1669 et

200 1700 323 1753 qua:
348 1685 405 1739 in
435 1688 723 1747 codicibus
767 1692 803 1747 2
845 1704 899 1748 et
928 1695 963 1749 5
993 1696 1045 1750 in
1074 1696 1178 1753 207
1211 1701 1482 1770 capitibus
1515 1706 1799 1761 continen-

201 1783 315 1841 tur,
344 1778 493 1846 apud
523 1779 765 1837 Vellcum
798 1783 852 1839 in
885 1788 1118 1855 capitula
1147 1790 1276 1852 205,
1305 1792 1424 1847 scil.
1468 1793 1507 1847 l.
1554 1811 1569 1849 ι
1618 1810 1668 1850 c.
1701 1796 1795 1863 52,

200 1863 239 1918 l.
274 1881 313 1921 ιι
340 1882 392 1921 c.
419 1867 515 1934 63,
544 1868 582 1924 Ι.
619 1886 681 1926 ιιι
714 1888 762 1928 c.
791 1873 862 1927 M
888 1886 943 1930 et
972 1876 1010 1929 l.
1037 1893 1089 1932 tv
1119 1893 1169 1933 c.
1194 1879 1286 1943 66,
1319 1882 1606 1941 disttibuta
1639 1902 1794 1956 repe-

200 1958 442 2027 riantur,
491 1967 667 2020 multo
692 1965 899 2037 majore
925 1971 1090 2027 etiam
1136 1976 1501 2048 discrepantia
1528 1982 1580 2036 in
1607 1984 1794 2054 singu-

196 2047 374 2108 lorum
402 2056 645 2125 capitum
676 2059 868 2116 initiis.
1318 2047 1329 2048 7
1553 2110 1565 2117 .

267 2140 520 2210 Constat,
552 2147 770 2217 opinor,
808 2165 876 2207 ex
919 2153 984 2209 iis
1024 2170 1145 2227 qua:
1186 2158 1444 2225 diximus.
1484 2162 1794 2222 distinctio-

199 2249 327 2289 nem
359 2238 649 2310 utriusque
676 2244 859 2313 operis
886 2245 940 2301 in
982 2247 1147 2305 libros
1175 2263 1410 2321 quatuor
1443 2255 1544 2325 ipsi
1583 2259 1794 2314 Adamo

197 2328 484 2387 Bremensi
527 2334 745 2403 deberi,
794 2351 1104 2412 quanquam
1152 2344 1372 2400 dubium
1414 2356 1498 2403 est
1541 2362 1790 2417 quaenam

196 2425 443 2495 capitum
487 2428 765 2487 distinctio
807 2432 876 2489 ab
914 2451 981 2491 eo
1025 2436 1267 2506 profecta
1311 2440 1403 2496 sit.
1446 2442 1579 2497 Eam
1631 2443 1795 2515 igitur

197 2533 364 2585 quam
417 2520 641 2577 exhibet
703 2525 872 2581 codex
933 2527 1368 2587 Vindohonensis
1427 2548 1549 2587 cum
1623 2533 1794 2603 ipsius

198 2617 351 2662 textu
398 2608 457 2664 in
497 2612 740 2669 editione
781 2625 964 2669 nostra
1023 2617 1354 2687 recepimus;
1415 2621 1791 2690 subjunximus

195 2699 270 2761 ei.
301 2699 460 2755 uncis
488 2700 780 2766 inclusam,
809 2704 1206 2762 distinctionem
1232 2723 1396 2778 quam
1430 2710 1586 2766 habet
1621 2712 1792 2769 eaitio

195 2791 475 2864 princeps,
504 2796 716 2853 scilicet
743 2798 1016 2866 Velleaua,
1047 2812 1103 2857 ct
1129 2817 1292 2872 quam
1316 2817 1507 2860 omnes
1526 2815 1648 2875 post
1668 2824 1788 2861 catn

197 2883 475 2940 editiones
533 2895 591 2941 et
646 2888 928 2946 versiones
982 2902 1182 2948 secuta:
1236 2904 1382 2949 sunt.
1429 2896 1791 2967 Ascripsimus

198 2988 420 3045 quoque
464 2979 704 3047 capitum
758 2995 1016 3037 numeros
1061 2984 1350 3041 continuos
1395 2987 1487 3057 qui
1538 2988 1791 3060 leguntur

198 3069 257 3124 in
283 3071 477 3127 codice
506 3072 951 3145 Guelferbytano,
984 3076 1212 3148 illosque
1247 3095 1383 3149 quos
1411 3082 1618 3150 primus
1645 3082 1792 3140 dedit

197 3160 693 3232 Undenbmchius,
732 3166 822 3221 ubi
851 3182 975 3222 cum
1006 3168 1127 3224 istis
1152 3185 1257 3225 non
1285 3181 1603 3237 consonant,
1638 3175 1803 3231 uncis:

199 3251 547 3309 inclusimus.

224 3342 511 3401 'Primam
574 3347 757 3417 operis
818 3347 1041 3417 majoris
1102 3350 1293 3406 Adami
1363 3354 1533 3409 nostri
1593 3355 1790 3410 editio-

200 3452 325 3491 nem
382 3436 497 3507 (82)
555 3442 773 3508 paravit
818 3439 889 3494 Μ.
940 3441 1180 3496 Andreas
1240 3443 1520 3499 Severinus
1590 3446 1794 3502 l'elleus

199 3528 444 3600 (Yedel),
472 3530 735 3588 Friderici
763 3533 804 3588 ll
835 3534 1109 3591 Danorum
1139 3539 1282 3609 regis
1308 3539 1601 3597 historicus
1626 3553 1792 3613 atque

196 3622 461 3678 sacerdos
514 3622 793 3694 Ripensis.
844 3626 1077 3693 Titulus,
1132 3645 1296 3701 quem
1343 3631 1482 3685 libro
1521 3647 1552 3688 e
1602 3635 1791 3692 codice

201 3712 430 3769 Sorensi
469 3717 800 3787 transcripto
830 3718 1002 3780 dedit.
1054 3720 1141 3775 hic
1184 3721 1575 3780 estzllistoria
1623 3728 1790 3783 eccle-

196 3806 444 3870 siastica,
473 3809 745 3863 continens
778 3809 1041 3879 religionis
1068 3824 1369 3883 propagatae
1403 3826 1573 3885 gesta,
1612 3835 1730 3889 qua?
1759 3838 1793 3875 a

197 3895 518 3964 temporibus
558 3896 737 3951 Caroli
782 3897 965 3968 Magni
1009 3916 1170 3970 usque
1209 3902 1278 3955 ad
1327 3903 1455 3973 imp.
1505 3904 1794 3963 Ilenrimm

196 3980 331 4037 IIII
389 3985 694 4041 acciderunt
747 3989 803 4041 in
842 3985 1115 4055 Ecclesia,
1174 4006 1279 4045 non
1326 4000 1435 4045 tam
1487 3992 1792 4063 Bremensi,

199 4088 361 4143 quam
401 4074 571 4127 vicina
615 4074 1028 4146 Septentrionali
1071 4077 1235 4147 ferme
1277 4081 1552 4136 unirersa.’
1598 4087 1794 4156 scripta

200 4175 320 4218 ante
346 4180 516 4219 annos
548 4167 883 4236 quingentos,
933 4185 965 4221 a
1014 4167 1094 4223 Μ.
1139 4169 1345 4224 Adamo
1392 4174 1646 4243 quodam,
1691 4177 1793 4229 loci

198 4253 352 4309 istius
382 4259 660 4311 canonico.
713 4257 874 4313 Nunc
921 4275 1096 4315 recens
1124 4262 1329 4316 mendis
1365 4263 1650 4328 vindicata,
1688 4277 1734 4320 et
1766 4283 1793 4321 e

198 4347 422 4401 tenebris
470 4347 526 4401 in
570 4347 739 4403 lucem
793 4360 1000 4416 cacata,
1046 4352 1225 4406 studio
1268 4362 1315 4405 et
1362 4370 1521 4423 opera
1569 4356 1794 4411 Andreae

198 4435 437 4493 Sererini
497 4437 676 4494 Vellei.
728 4437 967 4508 llufniaz.
1021 4440 1385 4498 MDLXXIX.
1437 4444 1506 4500 Et
1546 4447 1600 4501 in
1641 4447 1789 4502 line:

196 4528 539 4601 Imprimebat
586 4533 826 4588 Andreas
871 4532 1186 4600 Cutteruitz,
1223 4576 1238 4591 .
1268 4578 1282 4592 .
1313 4576 1327 4591 .
1379 4539 1623 4605 impensis
1664 4540 1794 4595 Bal-

1904 607 2119 666 Ottonis
2169 628 2200 666 a
2238 615 2462 685 During,
2516 619 2705 676 decani
2737 621 3067 693 Bretuensis,
3116 640 3337 688 secutus
3367 607 3482 690 est.

1904 698 2005 766 Qui
2037 702 2255 759 codices
2292 721 2397 761 non
2448 707 2622 764 solum
2673 710 2964 770 lectionum
3016 718 3277 775 varietate
3311 731 3366 777 et
3400 724 3484 779 di-

1904 805 2058 847 versa
2110 795 2346 866 capitum
2386 799 2731 858 distinctione
2774 805 2841 859 ab
2891 808 3186 879 exemplari
3232 812 3485 871 \‘ellcslo

1904 880 2304 954 discrepahant,
2340 888 2434 944 scd
2469 899 2524 946 et
2568 891 2805 949 libellum
2828 894 2918 966 {De
2964 898 3156 955 insulis
3200 903 3486 971 Aquilonis

1902 975 2292 1042 continebant,
2346 994 2506 1048 quem
2554 981 3028 1043 Lindenbrucliius
3077 1000 3203 1047 tunc
3250 993 3485 1063 primum

1898 1064 2090 1119 edidit.
2123 1065 2329 1123 Prodiit
2357 1070 2446 1127 hic
2477 1071 2616 1128 liber
2646 1074 2888 1145 Lugduni
2922 1079 3247 1137 Batavorum
3274 1101 3339 1139 ex
3367 1085 3485 1140 olli-

1900 1156 2024 1211 cina
2075 1157 2418 1217 Platttiniana
2471 1167 2613 1235 apud
2659 1167 3010 1225 Franciscutn
3060 1172 3482 1248 Raphelengium

1900 1244 1954 1299 itt
1984 1246 2099 1301 ιιο.

1968 1334 2119 1392 lianc
2148 1339 2439 1398 editionem
2474 1345 2722 1413 repetivit
2766 1346 2883 1418 ipse
2913 1349 2977 1404 E.
3016 1349 3394 1411 Lindenbruch
3428 1348 3483 1412 in

1898 1429 2039 1486 libro
2077 1447 2237 1501 quem
2266 1450 2410 1490 anno
2441 1436 2579 1493 1609
2608 1440 2778 1496 edidit
2806 1443 2906 1499 sub
2937 1444 3097 1498 titulo
3142 1465 3155 1499 :
3192 1445 3482 1518 Scriptores

1898 1538 2069 1577 rerum
2120 1524 2556 1584 Germanicarum
2601 1535 3107 1601 septentrionalium,
3155 1537 3325 1593 forma
3362 1556 3481 1595 ma-

1895 1612 2061 1668 xima.
2095 1613 2260 1670 Miror
2291 1631 2414 1671 eum
2463 1619 2548 1673 hic
2583 1621 2789 1676 scholia
2837 1624 3060 1694 antiqua
3103 1626 3372 1683 omisisse.
3414 1629 3485 1685 Et

1896 1701 1999 1756 alia
2049 1702 2233 1759 insunt
2265 1708 2391 1762 huic
2439 1708 2577 1765 libro
2606 1712 2754 1775 vitia.
2792 1728 2856 1769 ex
2900 1714 3126 1770 cditoris
3156 1716 3482 1788 negligentia

1893 1804 2033 1848 orta.
2069 1794 2328 1865 Quartam
2357 1802 2651 1859 editionem
2698 1806 2891 1860 Adami
2919 1808 3090 1862 nostri
3123 1811 3333 1866 curavit
3359 1810 3484 1866 Joa-

1824 1932 1869 1991 B
1894 1884 2039 1940 cbim
2085 1885 2363 1991 Iohannes
2406 1890 2677 1991 Maderus,
2726 1898 3148 1991 rectorischolaa
3196 1900 3487 1958 Schmniu-

1897 1980 2099 2049 gensis.
2134 1979 2483 2038 Helmestadii
2533 1985 2691 2051 1670,
2737 1987 2858 2043 4‘0.
2907 1990 3210 2047 Editioncm
3250 1993 3485 2050 Linden-

1898 2069 2252 2126 brucbianam
2296 2075 2423 2129 anui
2475 2076 2612 2131 1609
2648 2088 2867 2135 secutus
2902 2090 3007 2147 est,
3056 2084 3256 2140 additis
3302 2094 3480 2141 tamen

1896 2160 2118 2215 scholiis
2147 2163 2402 2218 editionis
2431 2165 2649 2234 prioris.
2682 2166 2934 2225 Plurima:
2964 2187 3090 2227 vero
3114 2175 3397 2231 sententia:
3428 2187 3485 2231 et

1894 2264 2086 2306 versus
2122 2251 2175 2307 in
2222 2252 2358 2308 libro
2402 2270 2503 2308 suo
2537 2257 2753 2325 desunt,
2789 2261 2881 2330 qui
2927 2272 3189 2333 praeterea
3235 2266 3483 2336 plurimis

1895 2340 2020 2395 aliis
2045 2351 2218 2397 scatet
2248 2343 2391 2398 vitiis
2422 2347 2846 2416 typographicis.

1966 2429 2047 2483 Cl.
2099 2429 2151 2483 J.
2202 2431 2266 2485 A.
2311 2432 2595 2489 Fabricius
2656 2453 2849 2491 novam
2915 2441 3131 2510 repetiit
3185 2444 3479 2502 editionem

1896 2519 2237 2592 Scriptorum
2280 2539 2457 2579 rerum
2488 2525 2936 2585 Germanicarum
2970 2536 3479 2601 septentrionalium

1895 2612 1962 2666 ab
1995 2612 2056 2665 Ε.
2086 2611 2529 2671 Limlenbrnchio
2562 2616 2934 2673 collectorum.
2973 2620 3267 2693 [lambutgi
3319 2625 3481 2691 1706,

1893 2701 1987 2757 fol.
2020 2701 2126 2757 Sed
2176 2704 2229 2757 in
2280 2714 2425 2759 textu
2458 2707 2648 2762 Adami
2681 2708 2988 2765 Brcmensis
3019 2726 3133 2766 non
3158 2714 3324 2784 ipsam
3362 2717 3481 2771 edi-

1895 2793 2098 2849 tionem
2149 2793 2637 2863 Lindenbrochii,’
2670 2798 2764 2852 scd
2813 2799 3105 2870 pessimam
3151 2802 3356 2859 Maderi
3398 2815 3483 2860 est

1892 2896 2112 2941 secutus
3122 2964 3129 2969 τ

1962 2975 2227 3032 Libellum
2282 2978 2359 3034 De
2409 2978 2600 3035 insulis
2634 2980 2920 3052 Aquilonis
2967 2986 3260 3055 separatim
3313 2988 3484 3043 edidit

1891 3064 2088 3122 Johan.
2139 3066 2440 3125 Messenius
2488 3068 2715 3128 Hohnia:
2789 3073 2925 3129 1615
2971 3077 3090 3140 ιιο,
3143 3077 3234 3147 qui
3282 3077 3479 3133 iterum

1894 3160 2046 3231 prelo
2074 3171 2155 3216 est
2184 3163 2432 3218 subditus
2480 3165 2532 3218 in
2582 3163 2843 3235 Stephani
2888 3164 3153 3224 Johannis
3198 3169 3480 3240 Stephanii

1817 3280 1862 3341 ρ
1896 3251 2108 3323 Sylloge
2138 3255 2453 3322 scriptorum
2485 3256 2550 3309 de
2581 3273 2737 3327 regno
2772 3257 2979 3316 Daniw.
3012 3258 3258 3331 Lugduni
3291 3259 3479 3316 Batav.

1893 3345 2127 3400 Elzevir.
2163 3346 2324 3412 £629,
2359 3346 2524 3402 12m“.

1964 3435 2159 3490 Adami
2204 3433 2495 3489 Historiam
2525 3435 2952 3492 ecclesiasticam
2987 3438 3037 3493 in
3069 3438 3305 3510 linguam
3341 3439 3479 3496 Ger-

1895 3525 2160 3580 manicam
2214 3524 2510 3581 transferre
2571 3527 2871 3582 conabatur
2928 3528 3191 3597 Erpoldus
3246 3528 3484 3584 Linden-

1892 3619 2086 3676 hruch.
2137 3620 2268 3687 Qua:
2319 3628 2498 3675 tamen
2551 3621 2729 3676 versio
2782 3621 2921 3694 typis
2969 3638 3168 3677 excusa
3217 3638 3325 3677 non
3376 3630 3478 3687 est,

1893 3711 2035 3766 sicut
2080 3709 2282 3766 Gallica
2335 3711 2538 3775 versio,
2590 3720 2928 3780 quatnante
2976 3713 3076 3767 hos
3119 3711 3479 3783 quadraginta

1892 3817 1987 3859 seu
2036 3803 2425 3874 quinquaginta
2476 3821 2649 3859 minus
2677 3805 2897 3874 quidam
2949 3806 3016 3861 de
3056 3802 3364 3869 Chastelus,
3411 3818 3479 3857 cx

1893 3894 2027 3950 urbe
2058 3893 2327 3950 Sahnurio
2353 3894 2638 3961 oriundus,
2687 3895 2932 3966 perfecit.
2984 3894 3239 3965 Majoretn
3270 3904 3480 3966 partem

1894 3987 2154 4040 hin-orum
2201 4002 2257 4040 ιιι
2300 3996 2357 4040 et
2390 4002 2440 4040 tv
2469 3984 2782 4052 Gestorum,
2835 4004 2953 4058 qua:
2996 3985 3266 4058 pontiﬁcis
3308 3982 3479 4040 Adalo

1892 4077 2029 4132 bcrti
2061 4076 2342 4131 historiam
2376 4078 2620 4147 resliicit,
2662 4078 2713 4132 in
2750 4094 3059 4134 sermonem
3095 4075 3478 4134 Germanicum

1892 4170 2051 4223 vertit
2084 4168 2143 4221 F.
2196 4168 2251 4221 Β.
2300 4170 2367 4223 de
2416 4168 2707 4235 Buchholz,
2756 4170 2822 4222 ad
2862 4169 3064 4224 calcem
3113 4165 3481 4221 translationis

1893 4259 2143 4314 Historia:
2176 4258 2449 4315 Lzunberti
2487 4259 2994 4330 Scal‘naburgensis.
3039 4257 3477 4312 Translationem

1893 4352 2176 4421 utriusque
2221 4352 2404 4421 operis
2452 4352 2666 4415 Adami,
2723 4367 2886 4422 quant
2940 4349 3133 4404 melius
3179 4348 3476 4415 omisisset,

1890 4444 2129 4511 suscepit
2175 4442 2394 4511 quidam
2440 4441 2501 4497 C.
2553 4441 2845 4512 Miesegaes
2882 4450 2937 4496 ct
2981 4441 3058 4495 vel
3110 4441 3224 4509 ipse
3271 4437 3480 4493 Brexnte

1891 4548 2035 4587 anno
2072 4532 2209 4589 1825
2264 4531 2404 4604 typis
2454 4532 2620 4588 dedit.
2672 4532 2937 4587 Libellum
2991 4530 3064 4599 De
3115 4530 3479 4600 descriptione

197 4624 407 4679 thaztm'
455 4624 621 4691 Kurs,
666 4625 965 4696 bibliopola:
1012 4626 1338 4698 llufniensis.
1388 4628 1527 4686 Sunt
1578 4633 1790 4694 scheda:
1821 4624 2191 4703 Dinsularum
2224 4624 2505 4694 Aquilonis
2547 4625 2598 4678 in
2647 4623 2884 4696 linguam
2925 4623 3212 4679 Succicam
3262 4636 3477 4676 versum

198 4716 313 4770 sine
342 4716 664 4786 paginarum
697 4732 926 4773 numero
963 4719 1041 4773 llr
1084 4729 1140 4774 et
1182 4721 1214 4775 d
1248 4722 1300 4775 in
1334 4722 1452 4776 ιιο.
1489 4723 1790 4795 Descriptio
1891 4715 2058 4816 edidi}
2112 4714 2236 4770 ³011-
2284 4715 2451 4816 ,ιθιίξάι
2510 4712 2903 4816 Periugslfiold-
2966 4712 3241 4816 διοίξὶίιιφιι
3306 4710 3474 4816 17ης

196 4803 479 4876 Aquilonis
508 4807 635 4862 ιιηίε
659 4807 885 4862 editioni
916 4809 1088 4874 άεεει,
1118 4826 1281 4880 quam
1310 4811 1522 4868 vellens
1549 4814 1618 4867 οι,
1647 4831 1790 4884 pne-
1888 4803 2247 4874 eutndcmque
2284 4805 2337 4860 in
2368 4806 2602 4877 linguam
2641 4805 2896 4861 Danicam
2927 4803 3202 4877 transtulit
3230 4803 3479 4871 notisque

200 4907 466 4952 maturant
489 4898 681 4952 uxoris
705 4910 936 4953 tuorzem
959 4899 1164 4964 dolore,
1197 4910 1256 4953 ut
1280 4899 1790 4980 l‘et'unt,.cot'reptus
1890 4897 2141 4952 ἱηδιτιιιίι
2172 4894 2235 4949 Ρ·
2265 4895 2327 4951 Ῑ⁴ὀ
2353 4894 2524 4950 SMN“
2558 4897 2610 4951 ill
2640 4909 2804 4967 ορθνθ
2826 4911 2924 4954 SUO
2947 4910 2963 4949 ε
2989 4893 3224 4949 "morie
3247 4892 3312 4962 αῙ
3334 4891 3477 4945 θαη⁶

200 4989 393 5047 omisit.
423 4988 608 5045 Codex
635 5004 800 5060 quem
827 5000 1048 5047 secutus
1067 5000 1170 5054 est,
1202 4991 1289 5048 ille
1317 4992 1417 5048 fuit
1436 5010 1597 5064 quem
1622 5012 1786 5067 supra
1887 4985 2036 5069 mark
2066 4995 2108 5041 ι·
2138 4986 2231 5054 Ν,
2262 5002 2316 5057 ρ-
2349 4986 2460 5042 490
2489 5002 2574 5058 sq-

201 5082 355 5138 tertio
384 5082 507 5138 luco
537 5081 1000 5137 enumeravimus.

1958 5099 2195 5155 Plurima
2241 5100 2307 5156 ad
2352 5100 2864 5172 interpretationem
2907 5096 3098 5152 Adami
3137 5088 3472 5188 Bremcnsis.

264 5191 423 5218 “‘n‘o.:
444 5192 600 5218 0-1”“
656 5191 817 5218 ...-:.Ih

2864 5187 3157 5218 αωηῖοοῖηὶο
3182 5194 3393 5218 ΙΙΙΙΠΙΙΙΙΩ
3423 5187 3474 5218 ΙΙΙ

864 5191 1117 5218 A.,:l:n-.:n
1167 5194 1405 5218 ﬁ-IA-h-n‘VA
1453 5195 1504 5218 2..
1558 5193 1749 5218 θρα»---

1904 5193 2185 5218 ...καρδίῃ-οἶσιν.
2217 5192 2413 5218 ang-cla
2441 5192 2765 5218 Α..Ιιιηιιι-³Αιιι
2778 5209 2802 5218 Α
