3988 5336
467 401 537 460 4.)
548 401 575 454 7

1551 406 1765 463 ADAMI
1799 409 2118 469 CANONICI
2156 409 2546 470 BREMENSIS

3641 421 3743 480 4-i8

470 531 687 597 tlptime
704 544 837 585 vero
867 528 931 582 de
948 527 1150 581 Adamo
1174 533 1363 581 nostro
1392 524 1569 580 meriti
1597 537 1723 583 sunt
1750 568 1762 580 .
1786 528 2056 583 V.Seela'tt
2094 532 2137 588 Α
2168 537 2314 584 teros
2339 544 2467 588 vero
2499 533 2643 589 inter
2677 534 2887 591 scholia
2937 535 3213 606 leguntur,
3257 544 3310 590 et
3340 536 3455 611 ipse
3499 535 3552 588 in
3607 542 3748 588 textu

473 622 531 675 in
558 619 800 676 Dizetribe
827 617 894 672 de
937 616 1143 671 Adamo
1196 614 1509 680 Brentcnsi;
1543 615 1595 671 J.
1629 617 1728 671 Ph.
1762 617 1979 690 Mnrray
2008 618 2061 672 in

476 707 949 764 dissertationibus
1004 705 1213 759 duabus
1267 703 1344 758 De
1383 705 1745 775 descriptione
1796 717 2063 762 terrarum

478 807 1006 867 Srptenu'lonattum,
1056 797 1338 866 Impressis
1366 798 1418 851 in
1442 797 1611 852 Novis
1644 799 2066 856 COIIUDCﬂlat'IlS

478 890 752 945 societatis
786 905 897 958 reg.
929 886 1537 961 scientiar.Gottingen.
1572 899 1610 944 t.
1642 892 1684 954 l,
1719 892 1757 945 Α
1778 892 1907 957 ;(‘.h.
1938 891 2067 947 Wc-

480 977 675 1033 t'ckind
703 979 756 1032 in
782 978 918 1032 libro
943 995 956 1031 :
982 975 1156 1031 Noteu
1179 995 1237 1031 zu
1263 980 1467 1049 einigen
1493 979 2066 1035 Gesclticlttscltreibcrn

478 1070 570 1124 des
595 1068 963 1133 Mittelalters;
995 1067 1110 1124 Jac.
1137 1068 1434 1123 Asmnssrn
1479 1071 1532 1125 in
1565 1071 1947 1126 dissertatione
1992 1071 2068 1126 De

476 1161 721 1222 fontibus
767 1162 957 1218 Adami
989 1163 1319 1218 Brctncnsis.
1362 1162 1515 1218 Kiliae
1555 1163 1726 1230 l854;
1769 1164 1906 1219 Lud.
1943 1164 2068 1219 Gie-

481 1257 731 1311 srbrecht
766 1265 876 1310 tum
937 1256 988 1310 in
1039 1256 1545 1311 disssertatinnibus
1583 1257 1696 1311 suis
1728 1275 1740 1311 :
1788 1254 1954 1311 Ueber
1983 1256 2067 1311 die

385 1388 389 1395 .
484 1342 970 1399 Nordlnudskuudc
995 1344 1085 1400 des
1107 1346 1275 1399 Adam
1306 1362 1404 1399 von
1438 1344 1657 1400 Bremen
1683 1347 1760 1416 (in
1790 1344 1991 1399 Hister.
2012 1362 2066 1400 ιι.

481 1438 689 1493 (iterur.
736 1436 1157 1505 Abltandlungeu
1180 1437 1274 1491 der
1304 1434 1377 1492 K.
1406 1436 1704 1492 Dentschcn
1725 1436 2068 1508 Cesellscltaft

483 1544 551 1582 zu
604 1527 913 1597 Ktiuisberg.
962 1527 1120 1593 1854,
1166 1537 1205 1584 ι.
1256 1529 1367 1596 lll.)
1415 1538 1469 1584 et
1522 1528 1633 1583 Zur
1696 1529 2071 1599 Brurtltciltmg

480 1612 678 1673 Adams
701 1636 794 1674 con
818 1618 1040 1674 Bremen
1073 1620 1148 1691 (in
1177 1618 1443 1675 Baltisclte
1466 1621 1686 1676 Smdicn
1712 1629 1752 1675 t.
1788 1620 1872 1684 Vl,
1898 1623 2072 1692 p.183

481 1708 648 1778 βιῳ),
682 1716 792 1765 ιιιιιι
824 1708 877 1762 in
908 1724 1071 1779 opere
1100 1725 1233 1766 suo:
1260 1709 1576 1768 chdisclte
1605 1708 1947 1766 Gesclticltteu
1975 1729 2072 1766 aus

482 1797 585 1854 den
618 1799 820 1853 Jahreu
847 1799 1151 1867 7804182;
1182 1801 1362 1873 Geyer
1388 1803 1440 1857 in
1472 1802 1708 1859 llistoria
1750 1802 1980 1866 Suecite,
2016 1813 2073 1860 et

2172 620 2353 675 habet.
2398 620 2655 678 Omnium
2688 640 2818 681 vero
2844 625 3090 685 codicum
3117 626 3533 694 Lugdunensem
3556 626 3754 693 Optime

2171 708 2503 778 descriptum
2532 727 2654 766 esse
2682 715 2772 768 vel
2818 715 3009 786 probat
3053 715 3167 784 ipsa
3206 714 3367 769 lectio
3406 714 3442 766 l.
3470 728 3535 778 ιι,
3563 729 3616 767 c.
3651 712 3750 764 ll:

2174 798 2436 854 Evt-arcus
2477 816 2575 871 pro
2602 803 2855 858 Curat-co.
2902 804 3059 859 Plura
3091 805 3377 874 Scriptoris
3406 802 3544 856 vitia
3575 810 3755 854 tamen

2170 906 2234 945 ex
2264 890 2549 959 codicibus
2576 894 2611 948 2
2642 902 2699 949 et
2725 896 2776 957 5,
2813 895 2957 950 inter
2991 910 3051 950 se
3086 894 3377 964 plurimum
3410 893 3756 947 consentien-

2173 983 2333 1046 tibus,
2362 999 2571 1040 necnon
2607 1001 2675 1040 cx
2700 986 2979 1041 Annalists
3012 986 3229 1042 Saxone
3250 984 3592 1040 emendanda
3613 992 3755 1037 sunt.

2171 1074 2443 1141 Quantum
2475 1076 2565 1133 hic
2591 1092 2714 1131 cum
2738 1078 2927 1132 codice
2959 1072 3355 1135 Vindobonensi
3387 1077 3666 1138 convenit,
3694 1075 3760 1129 li-

2172 1175 2300 1234 quet
2336 1166 2478 1235 apud
2510 1165 2662 1219 illum
2690 1169 2757 1221 ad
2810 1182 2899 1221 an.
2944 1166 3051 1222 985
3075 1183 3140 1222 ex
3187 1167 3407 1222 verbis:
3453 1164 3685 1220 Heueldi
3708 1175 3761 1222 et

2172 1258 2379 1314 Wilini.
2407 1257 2606 1313 Eadem
2636 1258 2799 1314 verba
2825 1277 2839 1313 :
2870 1259 2949 1314 cel
2972 1258 3161 1314 Heruli
3182 1269 3237 1314 et
3258 1258 3334 1313 re!
3356 1256 3577 1313 Walcmi
3602 1271 3761 1311 manu

2172 1350 2408 1404 secunda
2433 1352 2782 1422 superaddita
2805 1360 2954 1414 sunt,
2975 1361 3035 1405 ut
3062 1349 3314 1406 similiter
3336 1365 3499 1403 manu
3523 1348 3762 1403 secunda

2177 1440 2227 1492 in
2279 1439 2560 1494 codicibus
2613 1439 3014 1496 Vindobonensi
3068 1449 3125 1494 ct
3162 1439 3510 1509 Lngduncusi
3567 1437 3762 1491 Adatni

2176 1529 2210 1582 Ι.
2241 1547 2304 1595 ιι,
2336 1546 2384 1584 c.
2415 1531 2498 1585 l8.
2528 1530 2598 1585 At
2625 1535 2794 1585 codex
2821 1533 2853 1585 4
2878 1529 3131 1585 similiter
3155 1528 3456 1599 smpissimc
3477 1527 3768 1582 attenden-

2176 1621 2274 1675 dns
2302 1620 2459 1676 nobis
2496 1629 2634 1686 erat,
2678 1636 2823 1685 cum,
2857 1620 2959 1675 uisi
3002 1619 3092 1675 ubi
3147 1628 3353 1674 textum
3398 1633 3500 1689 pro
3533 1616 3766 1673 arbitrio

2176 1726 2275 1766 suo
2302 1711 2534 1782 scriptor
2556 1712 2886 1777 immutavit,
2919 1710 3007 1766 ille
3030 1724 3153 1765 cum
3182 1707 3459 1764 codicibus
3493 1706 3769 1761 Vindelic-

2179 1802 2331 1857 neusi
2357 1811 2413 1858 et
2434 1800 2779 1871 Lugdunensi
2808 1800 2952 1856 haud
2983 1815 3107 1855 raro
3136 1799 3308 1869 magis
3328 1796 3584 1853 convenit
3602 1811 3768 1867 quam

486 1887 860 1945 Dahlmannus
890 1900 1081 1946 noster
1113 1891 1165 1946 in
1198 1890 1438 1948 Historia
1480 1893 1684 1962 Dauiae,
1725 1909 1848 1964 qua:
1873 1893 2074 1949 Narve-
2107 1906 2149 1964 ιι
2178 1905 2299 1945 cum
2327 1890 2753 1963 Guelferbytano
2778 1900 2828 1946 et
2856 1888 3105 1947 Sorensi.

488 1981 633 2052 giam
660 1990 713 2036 et
744 1981 1030 2039 lslandiam
1063 1983 1226 2039 simul
1254 1984 1621 2054 amplectitur.

560 2072 707 2129 Nova
738 2089 962 2149 operum
985 2076 1175 2131 Adami
1223 2076 1390 2132 editio
1432 2077 1517 2133 vel
1569 2079 1822 2135 maximis
1858 2090 2078 2151 propter

488 2162 592 2219 huc
616 2163 895 2219 obs'rurta
925 2172 1010 2220 est
1038 2163 1445 2222 diﬂicultatibns
1472 2168 1615 2236 quod
1664 2169 1845 2239 plures
1885 2185 2075 2226 eorum:

489 2254 833 2310 recensioues
867 2265 1104 2320 exsmnt,
1135 2270 1365 2328 quarum
1392 2258 1692 2327 quamlibet
1725 2262 2076 2331 quantumvis

487 2359 522 2403 a
557 2347 769 2402 caeteris
798 2348 1193 2416 discrepantem
1235 2349 1303 2405 ab
1350 2352 1467 2419 ipso
1510 2350 1719 2407 Adamo
1774 2352 2076 2422 profectam

489 2454 613 2496 esse
637 2440 725 2496 vix
754 2448 836 2497 est
859 2442 1001 2512 quod
1026 2458 1303 2513 negemus,
1329 2460 1637 2514 quanquam
1665 2445 1911 2502 codicum
1942 2462 2080 2518 quos

490 2530 834 2598 possidemus
860 2532 1064 2587 nullum
1094 2535 1161 2587 ab
1191 2549 1256 2589 eo
1285 2535 1653 2604 conscriptum
1683 2551 1805 2591 esse
1833 2548 2075 2607 apparet.

489 2619 744 2677 Cudicem
774 2621 1268 2687 Vindobonensem,
1312 2626 1403 2695 qui
1452 2626 1651 2681 sacculo
1681 2641 1779 2681 xm
1824 2635 2080 2682 exaratus

491 2721 592 2774 est,
622 2713 829 2769 Adamn
856 2713 957 2782 ipsi
985 2730 1090 2768 non
1115 2715 1299 2770 deberi
1333 2715 1444 2786 jam
1476 2731 1638 2787 supra
1676 2716 2076 2772 demonstravi-

493 2817 635 2861 mus.
683 2803 935 2859 Codicem
983 2803 1397 2877 Lugdunensem
1451 2806 1645 2863 Adami
1692 2809 1860 2881 ipsius
1910 2810 2081 2867 fuisse

492 2895 638 2951 haud
670 2896 960 2951 verisimile
1003 2908 1107 2961 est,
1152 2914 1296 2962 cum,
1343 2900 1388 2955 si
1439 2914 1525 2955 res
1581 2916 1701 2970 qua:
1737 2900 1790 2956 in
1823 2901 1927 2957 illis
1963 2916 2082 2973 quae

491 2987 652 3058 vulgo
679 2988 934 3044 dicuntur
961 2990 1205 3053 scholiis,
1238 2990 1433 3062 quibus
1458 2994 1545 3047 hic
1573 2993 1744 3049 codex
1772 3010 1882 3065 pra:
1913 3008 2082 3051 omm-

494 3080 596 3133 lus
619 3078 741 3135 aliis
770 3080 1048 3137 codicibus
1075 3082 1380 3141 abundasse
1413 3085 1643 3148 videtur,
1676 3085 1986 3151 traduntur,
2029 3087 2078 3143 ei

495 3169 727 3237 cognite
746 3168 998 3234 fuissent,
1037 3171 1265 3243 plurima
1292 3188 1479 3228 eorum
1513 3175 1683 3230 textui
1715 3175 1813 3246 ipsi
1844 3176 2082 3233 lnserere

2248 1982 2559 2040 Cavendum
2594 1993 2775 2039 tamen
2801 1992 2886 2041 est
2920 1998 2989 2039 ne
3027 1983 3255 2039 nimium
3282 1983 3516 2054 pretium
3558 1978 3771 2035 codici-

2178 2076 2282 2132 bus
2308 2076 2396 2133 his
2433 2076 2489 2148 (2
2520 2085 2576 2133 et
2597 2076 2652 2149 5)
2690 2076 3042 2141 attribuatur,
3086 2090 3210 2130 cum
3250 2075 3319 2129 iis
3360 2073 3593 2144 plurima
3636 2072 3768 2124 vitia

2179 2166 2468 2235 scriptura:
2501 2174 2561 2222 et
2596 2180 2778 2237 parvae
2819 2165 3143 2222 emissiones
3168 2177 3292 2220 cum
3324 2162 3516 2220 codice
3545 2160 3580 2216 4
3609 2176 3769 2217 com-

2180 2257 2367 2312 munia
2398 2257 2536 2324 sint;
2574 2272 2628 2313 v.
2660 2273 2713 2314 c.
2737 2258 2775 2313 Ι.
2811 2273 2851 2325 ι,
2879 2273 2929 2314 c.
2953 2258 3009 2325 6,
3030 2257 3121 2324 57,
3145 2257 3237 2325 55,
3258 2257 3363 2325 62;
3393 2256 3431 2313 l.
3458 2271 3520 2321 tt,
3549 2269 3600 2311 c.
3633 2254 3691 2319 5,
3712 2256 3771 2319 9,

2179 2346 2273 2413 40,
2302 2346 2397 2412 46,
2421 2346 2511 2412 48,
2544 2346 2645 2413 67;
2680 2346 2716 2401 l.
2747 2363 2832 2413 ιιι,
2864 2364 2915 2404 c.
2949 2348 3005 2414 9,
3036 2347 3141 2413 '52;
3174 2346 3211 2402 l.
3257 2361 3333 2413 tv,
3365 2361 3415 2402 c.
3445 2345 3505 2401 5.
3533 2343 3632 2401 Vel
3670 2345 3770 2416 ipsi

2180 2450 2395 2492 errores
2428 2437 2708 2509 graviores
2736 2439 2791 2493 in
2823 2437 2911 2493 his
2938 2437 3216 2494 codicibus
3251 2436 3625 2508 reperiuntur,
3652 2436 3767 2492 vel—

2181 2527 2260 2581 uti
2298 2526 2333 2582 l.
2380 2542 2440 2592 ιι,
2470 2542 2519 2582 c.
2548 2525 2605 2594 ις,
2642 2527 2710 2583 de
2738 2528 3152 2600 archiepiscopo
3190 2528 3466 2593 Brunonc,
3504 2543 3556 2584 c.
3587 2528 3644 2593 9,
3678 2527 3773 2582 ubi

2180 2617 2286 2672 Leo
2306 2628 2544 2689 promtus
2584 2618 2805 2688 dicitur,
2833 2633 2885 2675 c.
2920 2619 2990 2676 40
3019 2620 3108 2676 ubi
3154 2620 3419 2693 Hystiwoi
3465 2618 3776 2690 appellatur

2187 2706 2236 2762 Μ
2246 2709 2496 2763 istrowoi.

2255 2801 2519 2857 Similiter
2546 2804 2874 2861 mutationes
2916 2806 3160 2874 qumlam
3196 2820 3379 2876 parvae
3423 2815 3630 2872 textus,
3660 2814 3772 2859 tum

2181 2894 2551 2965 granuuaticue
2578 2905 2690 2949 tum
2717 2896 2863 2969 styli,
2903 2897 3180 2952 codicibus
3218 2899 3273 2961 2.
3300 2899 3335 2953 5
3361 2905 3416 2952 et
3441 2897 3499 2961 4,
3531 2912 3775 2953 Commu-

2184 3002 2280 3042 ucs
2307 2995 2455 3055 sunt,
2488 3003 2538 3042 v.
2574 3002 2626 3044 c.
2668 2988 2705 3043 Ι.
2734 3004 2798 3055 ιι,
2831 3004 2880 3043 c.
2914 2989 3004 3055 78,
3035 2992 3081 3044 si
3123 2991 3235 3058 fata
3263 2991 3642 3045 concessissent
3675 3005 3776 3059 pro

2181 3078 2225 3132 si
2259 3078 2374 3148 fata
2409 3080 2756 3135 concesserint
2772 3097 2793 3145 ;
2835 3080 2872 3134 l.
2904 3096 2986 3145 ιιι,
3014 3097 3063 3135 c.
3086 3080 3176 3145 64,
3197 3082 3435 3152 cognovit
3457 3096 3559 3152 pro
3583 3097 3779 3152 cogno-

2182 3186 2366 3234 srcus;
2395 3184 2446 3224 c.
2478 3168 2566 3234 68,
2593 3169 2880 3224 sustentari
2903 3182 2999 3239 pro
3023 3171 3305 3235 sustineri;
3328 3184 3379 3225 e.
3405 3164 3495 3235 70,
3525 3181 3658 3224 esset
3682 3186 3779 3240 pro

494 3270 688 3316 auctor
726 3261 840 3331 ipse
871 3262 1011 3318 haud
1042 3265 1340 3321 omisisset.
1386 3264 1605 3321 Minime
1650 3277 1832 3323 tamen
1878 3269 2080 3339 margi-
2109 3271 2156 3334 ρ
2186 3270 2280 3314 est.
2316 3260 2600 3316 Lectiones
2637 3259 2882 3315 codicum
2902 3260 2959 3326 2,
2989 3260 3047 3326 5,
3087 3259 3142 3323 4,
3174 3261 3421 3330 quamvis
3450 3274 3777 3316 consonan-

493 3352 638 3410 Italia
666 3354 867 3409 codicis
912 3354 1288 3426 Lugdunensis
1331 3357 1400 3413 ab
1427 3357 1637 3415 Adamo
1676 3356 1918 3429 profecta
1958 3373 2082 3416 esse

495 3456 532 3512 p
563 3456 597 3496 o
624 3450 774 3496 certo
802 3444 1054 3515 denegari
1091 3453 1288 3515 prtrst,
1318 3447 1385 3513 si,
1417 3457 1476 3502 ut
1521 3463 1683 3519 supra
1709 3449 1822 3520 jam
1867 3451 2081 3506 monui-

499 3550 642 3602 mus,
672 3551 725 3589 n.
751 3535 844 3602 21,
871 3536 962 3602 22,
992 3538 1061 3593 55
1089 3547 1142 3592 et
1168 3536 1270 3593 M4
1291 3538 1550 3611 excipias.
1581 3539 1766 3611 Neque
1790 3542 2083 3612 quidquam

496 3630 553 3685 in
581 3631 834 3688 omnibus
858 3633 1073 3688 cmteris
1116 3633 1336 3689 scholiis
1372 3634 1662 3705 reperitur,
1690 3635 1834 3706 quod
1860 3636 2086 3692 serioris

499 3720 598 3776 azvi
637 3730 915 3778 auctorem
949 3718 1219 3793 indigitct.
1257 3724 1314 3780 ιιι
1340 3727 1591 3781 munibus
1620 3727 1840 3782 omnino
1861 3736 2087 3797 apparet

496 3825 713 3880 auctor,
744 3818 838 3886 qui
882 3816 935 3872 in
980 3818 1221 3888 capitulo
1254 3818 1537 3876 Bremensn
1564 3820 1717 3885 vixit,
1749 3821 1954 3893 Optime
1993 3836 2087 3877 co-

493 3907 643 3977 gnita
673 3906 856 3961 habuit
903 3908 1188 3979 legationis
1230 3911 1555 3982 evangelica:
1585 3911 1637 3966 in
1666 3911 2085 3982 septentrionali

501 3994 715 4067 Europa
758 3995 887 4062 fata,
932 3997 1073 4052 haud
1099 3998 1263 4054 dubie
1301 4015 1397 4068 per
1439 4000 2085 4072 Adalbertumjuuiorem

497 4084 835 4154 episcopum,
866 4096 922 4142 et
951 4089 1042 4157 qui
1088 4089 1278 4145 eadem
1311 4090 1424 4146 fere
1468 4090 1773 4147 litterarum
1822 4093 2090 4163 suppelle-

498 4174 638 4239 ctili,
668 4177 969 4247 priesertim
1002 4177 1198 4249 linguae
1228 4178 1435 4236 Latina:
1475 4189 1530 4236 et
1576 4190 1856 4237 auctorum
1885 4183 2087 4239 Roma-

502 4280 696 4320 norum
729 4269 921 4324 notitia
954 4271 1246 4341 gaudebat,
1275 4287 1381 4343 qua
1429 4273 1668 4329 Adamus
1708 4283 1912 4330 uoster.
1950 4274 2091 4334 Sunt

504 4359 763 4437 nonnulla
793 4360 996 4417 scholia
1027 4361 1079 4418 in
1105 4364 1292 4421 codice
1322 4364 1691 4436 Lngdunensi,
1722 4364 1887 4421 veluti
1915 4382 1969 4421 ιι.
1999 4366 2086 4431 16,

501 4447 587 4509 19.
618 4449 711 4515 20,
739 4466 858 4521 quae
883 4451 937 4507 in
964 4455 1176 4509 caneris
1205 4454 1484 4511 codicibus
1516 4455 1717 4511 frustra
1741 4466 2085 4527 quarruutur.

501 4537 635 4607 Quae
659 4541 828 4596 codex
854 4541 1279 4615 Gulferbytanus
1304 4544 1523 4601 exhibet
1554 4546 1782 4611 scholia,
1813 4562 1875 4601 ea
1905 4548 2086 4601 omnia

2186 3354 2344 3418 tium,
2371 3352 2423 3407 in
2456 3361 2658 3408 textum
2686 3362 2929 3408 nostrum
2962 3356 3225 3424 recipere,
3254 3355 3299 3409 si
3336 3370 3367 3408 a
3404 3354 3532 3409 cod.
3568 3358 3589 3408 t
3628 3346 3780 3410 diﬁc?

2185 3450 2335 3507 rant,
2365 3454 2472 3497 non
2500 3443 2724 3513 placuit,
2749 3458 2871 3497 cum
2898 3443 2950 3497 in
2974 3443 3076 3498 hoc
3103 3460 3231 3498 casu
3255 3444 3517 3500 lectiones
3530 3444 3779 3514 pessimae
3840 3511 3849 3519 .

2184 3548 2418 3605 quoque,
2471 3533 2633 3589 veluti
2685 3534 2720 3590 l.
2758 3549 2843 3599 ιιι,
2892 3550 2943 3590 c.
2978 3533 3071 3600 56,
3097 3545 3144 3589 et
3190 3552 3476 3606 regionem,
3521 3545 3580 3593 et
3606 3552 3659 3591 c.
3688 3536 3776 3599 58,

2187 3627 2352 3680 otium
2380 3626 2737 3695 impendebat,
2761 3626 2816 3682 in
2851 3636 3055 3682 textum
3087 3628 3410 3697 recipiendae
3436 3626 3689 3682 fuissent.

2259 3715 2319 3771 Si
2349 3717 2448 3772 bas
2479 3726 2593 3772 tum
2627 3718 3057 3785 emendatioues,
3092 3728 3204 3773 tum
3250 3718 3576 3773 omissioncs
3624 3735 3778 3775 erm-

2188 3821 2320 3864 neas
2349 3815 2405 3862 et
2431 3822 2650 3863 errores
2679 3808 2958 3865 codicibus
2982 3808 3039 3872 2,
3084 3810 3118 3864 5
3160 3819 3215 3863 et
3247 3807 3303 3873 4,
3339 3823 3667 3863 communes
3701 3826 3788 3864 rc-

2196 3899 2482 3969 spicimus,
2508 3899 2760 3955 dubitare
2787 3914 2892 3954 non
2924 3899 3051 3954 licet
3078 3899 3196 3955 illos
3226 3900 3296 3954 ab
3320 3914 3427 3953 uno
3462 3900 3654 3954 codice
3693 3900 3783 3954 de-

2201 3994 2456 4050 rivandos
2485 4008 2628 4059 esse,
2658 3993 2749 4065 qui
2780 3992 2984 4049 codicis
3009 3993 3328 4064 autngrapbi
3350 3993 3561 4063 ecpiam
3589 4010 3619 4047 a
3650 3994 3787 4047 scn'o

2189 4096 2366 4160 ptore,
2395 4089 2486 4159 qui
2523 4088 2640 4158 ejus
2670 4089 2800 4144 vitia
2824 4087 3027 4143 leviora
3070 4097 3248 4143 tamen
3291 4087 3553 4153 correxit,
3585 4101 3785 4157 parum

2191 4189 2444 4236 accurate
2472 4179 2669 4235 litteris
2696 4188 2974 4235 exaratam
2998 4180 3333 4233 continebat.

2261 4271 2441 4328 Codex
2465 4271 2501 4326 2
2525 4287 2653 4328 vero
2676 4272 2980 4326 additiones
3002 4270 3264 4342 plurimas
3284 4267 3523 4338 majores
3552 4268 3607 4322 in
3634 4275 3788 4323 textu

2191 4363 2376 4428 habet,
2409 4379 2545 4433 quas
2589 4377 2750 4433 supra
2792 4362 2844 4416 in
2875 4362 2997 4433 ejus
3021 4360 3386 4431 descriptione
3430 4360 3789 4414 enumeravi-

2192 4470 2329 4509 tuus.
2377 4453 2681 4510 Notandum
2709 4452 2922 4508 videtur
2956 4467 3052 4508 eas
3087 4450 3217 4507 nihil
3252 4451 3366 4506 fere
3394 4450 3463 4505 de
3506 4448 3790 4521 archiepi.

2193 4551 2374 4621 scopis
2417 4546 2815 4618 antiquioribus
2860 4545 3097 4609 tradere,
3130 4543 3224 4599 sed
3257 4542 3489 4614 plurima
3528 4542 3601 4597 de
3627 4541 3794 4596 Atialo

502 4629 558 4684 in
594 4631 783 4687 codice
810 4633 845 4688 4
882 4633 1073 4690 iisdem
1104 4635 1218 4690 fere
1243 4636 1425 4691 verbis
1465 4645 1557 4690 aut
1584 4650 1738 4708 teque
1765 4652 1831 4692 ac
1881 4636 2088 4692 scholia
2124 4623 2168 4681 ο
2197 4644 2372 4705 herto,
2399 4642 2450 4694 in
2473 4639 2667 4710 quibus
2687 4646 2965 4692 auctorem
2989 4635 3105 4690 fere
3132 4649 3372 4689 coaevum
3396 4632 3561 4688 facile
3586 4646 3793 4701 cogno-

504 4722 735 4793 tnargini
767 4725 1004 4794 ascripta
1029 4733 1120 4780 aut
1154 4727 1320 4781 textui
1361 4727 1567 4784 inserta
1595 4737 1741 4784 sunt.
1778 4729 1961 4784 Codex
1989 4729 2092 4784 So-

507 4814 683 4868 rensis
730 4824 910 4871 autem
948 4817 1206 4873 nonnulla
1243 4834 1431 4874 eorum
1464 4821 1681 4877 brevius
1712 4822 2006 4886 contraxit;
2041 4831 2097 4876 ct

507 4921 681 4976 pauca
703 4908 886 4972 habet,
914 4908 1165 4966 videlicet
1199 4927 1253 4965 ιι.
1288 4909 1360 4965 24
1386 4918 1442 4968 et
1462 4911 1556 4978 54,
1579 4928 1700 4982 qua:
1726 4913 1894 4967 codex
1921 4912 1955 4965 4
1980 4922 2099 4966 tan-

509 5005 622 5052 tum
654 4999 865 5068 repetit.
907 5000 1082 5057 Causa
1114 5017 1243 5057 vero
1264 5001 1406 5056 nulla
1432 5011 1515 5056 est
1545 5019 1641 5058 cur
1665 5002 1845 5057 omnia
1865 5002 2096 5069 scholia,

504 5090 782 5146 adnotatis
839 5091 944 5147 illis
988 5092 1184 5162 quibus
1223 5093 1542 5164 deprompta
1603 5102 1732 5148 sunt
1793 5092 2091 5158 codicibus,

504 5181 677 5239 textui
702 5181 910 5238 codicis
942 5181 1380 5239 Vindobonensis
1413 5198 1519 5237 non
1546 5184 1960 5253 subjungamus.

2197 4751 2336 4795 scas,
2384 4730 2640 4788 nonnulla
2683 4744 2901 4800 quoque
2947 4727 3016 4784 de
3057 4728 3219 4783 rebus
3245 4727 3792 4796 scpteutrioualilms,

2200 4825 2367 4880 veluti
2400 4823 2437 4878 l.
2468 4838 2532 4887 ιι,
2561 4838 2612 4878 c.
2648 4821 2739 4886 22,
2784 4820 2874 4885 54,
2912 4820 3009 4883 58;
3046 4818 3082 4873 1.
3115 4834 3189 4884 tv,
3219 4835 3267 4871 c.
3298 4816 3391 4880 28,
3423 4831 3546 4886 qua:
3589 4818 3665 4869 ab
3692 4817 3797 4874 illis

2200 4914 2290 4984 qui
2321 4913 2409 4968 hic
2450 4912 2741 4966 laudantur
2768 4908 3080 4965 Adalwardi
3149 4906 3503 4977 stipatoribus
3561 4904 3796 4963 fortasse

2202 5001 2598 5061 communicata
2624 5008 2803 5056 erant.
2832 4999 2996 5054 Iidem
3028 5012 3244 5068 quoque
3276 4996 3361 5051 bis
3388 4995 3444 5050 in
3473 4994 3636 5062 locis,
3662 5009 3799 5067 pra:-

2198 5095 2387 5151 sertim
2442 5092 2480 5146 ι.
2514 5107 2588 5157 tv,
2632 5106 2681 5146 c.
2709 5090 2777 5144 58
2828 5099 2881 5145 et
2907 5088 2998 5152 40,
3045 5099 3298 5142 anetores
3342 5086 3619 5152 oriantur,
3658 5099 3795 5156 quos

2198 5187 2406 5243 Adamo
2441 5182 2688 5254 cognitos
2721 5179 2888 5235 fuisse
2922 5177 3035 5248 jam
3078 5176 3338 5233 vidimus.
3390 5177 3796 5234 Attendendum
