  <div class='ocr_page' id='page_1' title='image "/cluster/home/n/w/nwhite01/storage/ocr_20150623/146/hvd.32044015471832/230.png"; bbox 0 0 3988 5336; ppageno 0'>
   <div class='ocr_carea' id='block_1_1' title="bbox 171 262 1746 351">
    <p class='ocr_par' dir='ltr' id='par_1_1' title="bbox 171 262 1739 335">
     <span class='ocr_line' id='line_1_1' title="bbox 171 262 1739 335; baseline -0.005 -7"><span class='ocrx_word' id='word_1_1' title='bbox 171 273 261 329; x_wconf 81' lang='grc'><strong>419</strong></span> <span class='ocrx_word' id='word_1_2' title='bbox 1100 265 1375 323; x_wconf 71' lang='lat' dir='ltr'><strong>NOTITIA</strong></span> <span class='ocrx_word' id='word_1_3' title='bbox 1387 318 1403 335; x_wconf 25' lang='grc' dir='ltr'><strong>,Α</strong></span> <span class='ocrx_word' id='word_1_4' title='bbox 1418 262 1739 323; x_wconf 70' lang='lat' dir='ltr'><strong>HISTORKZ</strong></span> 
     </span>
    </p>
   </div>
   <div class='ocr_carea' id='block_1_2' title="bbox 1903 262 3478 351">
    <p class='ocr_par' dir='ltr' id='par_1_2' title="bbox 1903 263 3478 351">
     <span class='ocr_line' id='line_1_2' title="bbox 1903 263 3478 351; baseline -0.001 -31"><span class='ocrx_word' id='word_1_5' title='bbox 1903 264 1915 284; x_wconf 85' lang='lat'><strong><em>‘</em></strong></span> <span class='ocrx_word' id='word_1_6' title='bbox 1956 263 2445 323; x_wconf 63' lang='lat' dir='ltr'><strong>BIBLIOGRAPll.</strong></span> <span class='ocrx_word' id='word_1_7' title='bbox 3319 263 3426 318; x_wconf 80' lang='lat'><strong>450</strong></span> <span class='ocrx_word' id='word_1_8' title='bbox 3472 344 3478 351; x_wconf 32' lang='lat'><strong>.</strong></span> 
     </span>
    </p>
   </div>
   <div class='ocr_carea' id='block_1_3' title="bbox 171 376 3427 454">
    <p class='ocr_par' dir='ltr' id='par_1_3' title="bbox 171 376 3427 454">
     <span class='ocr_line' id='line_1_3' title="bbox 171 376 3427 454; baseline -0.002 -14"><span class='ocrx_word' id='word_1_9' title='bbox 171 400 221 441; x_wconf 86' lang='lat' dir='ltr'><strong>ut</strong></span> <span class='ocrx_word' id='word_1_10' title='bbox 244 399 395 454; x_wconf 82' lang='lat' dir='ltr'><strong>supra</strong></span> <span class='ocrx_word' id='word_1_11' title='bbox 414 397 525 449; x_wconf 80' lang='lat' dir='ltr'><strong>,atu</strong></span> <span class='ocrx_word' id='word_1_12' title='bbox 542 396 607 436; x_wconf 78' lang='lat' dir='ltr'><strong>ce</strong></span> <span class='ocrx_word' id='word_1_13' title='bbox 651 421 666 433; x_wconf 93' lang='lat'><strong>.</strong></span> <span class='ocrx_word' id='word_1_14' title='bbox 696 396 777 436; x_wconf 89' lang='lat' dir='ltr'><strong>Ill.</strong></span> <span class='ocrx_word' id='word_1_15' title='bbox 800 395 852 435; x_wconf 92' lang='lat' dir='ltr'><strong>c.</strong></span> <span class='ocrx_word' id='word_1_16' title='bbox 877 379 970 445; x_wconf 76' lang='lat'><strong>56,</strong></span> <span class='ocrx_word' id='word_1_17' title='bbox 994 379 1269 435; x_wconf 75' lang='lat' dir='ltr'><strong>adnotavi.</strong></span> <span class='ocrx_word' id='word_1_18' title='bbox 1302 379 1581 450; x_wconf 70' lang='lat' dir='ltr'><strong>Plerzrquc</strong></span> <span class='ocrx_word' id='word_1_19' title='bbox 1605 394 1733 435; x_wconf 77' lang='lat' dir='ltr'><strong>vero</strong></span> <span class='ocrx_word' id='word_1_20' title='bbox 1764 392 1808 445; x_wconf 74' lang='grc' dir='ltr'><strong>Α</strong></span> <span class='ocrx_word' id='word_1_21' title='bbox 1839 379 2031 434; x_wconf 75' lang='lat' dir='ltr'><strong>Adami</strong></span> <span class='ocrx_word' id='word_1_22' title='bbox 2068 378 2543 450; x_wconf 56' lang='lat' dir='ltr'><strong>praestantissimo,</strong></span> <span class='ocrx_word' id='word_1_23' title='bbox 2571 377 2749 448; x_wconf 82' lang='lat' dir='ltr'><strong>qualis</strong></span> <span class='ocrx_word' id='word_1_24' title='bbox 2786 377 2888 434; x_wconf 86' lang='lat' dir='ltr'><strong>fuit</strong></span> <span class='ocrx_word' id='word_1_25' title='bbox 2913 376 3308 451; x_wconf 77' lang='lat' dir='ltr'><strong>Lugdunensis,</strong></span> <span class='ocrx_word' id='word_1_26' title='bbox 3334 382 3427 435; x_wconf 79' lang='lat' dir='ltr'><strong>dc—</strong></span> 
     </span>
    </p>
   </div>
   <div class='ocr_carea' id='block_1_4' title="bbox 170 467 3430 549">
    <p class='ocr_par' dir='ltr' id='par_1_4' title="bbox 170 467 3430 549">
     <span class='ocr_line' id='line_1_4' title="bbox 170 467 3430 549; baseline -0.001 -18"><span class='ocrx_word' id='word_1_27' title='bbox 170 476 307 549; x_wconf 85' lang='lat' dir='ltr'><strong>prins</strong></span> <span class='ocrx_word' id='word_1_28' title='bbox 329 472 559 541; x_wconf 70' lang='lat' dir='ltr'><strong>margini</strong></span> <span class='ocrx_word' id='word_1_29' title='bbox 592 471 846 540; x_wconf 69' lang='lat' dir='ltr'><strong>ascripta:</strong></span> <span class='ocrx_word' id='word_1_30' title='bbox 890 470 1109 525; x_wconf 84' lang='lat' dir='ltr'><strong>fuerant</strong></span> <span class='ocrx_word' id='word_1_31' title='bbox 1145 479 1201 525; x_wconf 91' lang='lat' dir='ltr'><strong>et</strong></span> <span class='ocrx_word' id='word_1_32' title='bbox 1231 467 1302 526; x_wconf 84' lang='lat' dir='ltr'><strong>ab</strong></span> <span class='ocrx_word' id='word_1_33' title='bbox 1333 469 1441 525; x_wconf 85' lang='lat' dir='ltr'><strong>alio</strong></span> <span class='ocrx_word' id='word_1_34' title='bbox 1464 478 1737 541; x_wconf 77' lang='lat' dir='ltr'><strong>scriptore</strong></span> <span class='ocrx_word' id='word_1_35' title='bbox 1834 482 2074 542; x_wconf 84' lang='lat' dir='ltr'><strong>sumpta,</strong></span> <span class='ocrx_word' id='word_1_36' title='bbox 2103 487 2133 527; x_wconf 71' lang='grc' dir='ltr'><strong>τι</strong></span> <span class='ocrx_word' id='word_1_37' title='bbox 2160 472 2394 537; x_wconf 67' lang='lat' dir='ltr'><strong>caeteris,</strong></span> <span class='ocrx_word' id='word_1_38' title='bbox 2426 480 2612 541; x_wconf 86' lang='lat' dir='ltr'><strong>utpote</strong></span> <span class='ocrx_word' id='word_1_39' title='bbox 2658 472 2798 527; x_wconf 87' lang='lat' dir='ltr'><strong>scitu</strong></span> <span class='ocrx_word' id='word_1_40' title='bbox 2842 488 3035 543; x_wconf 88' lang='lat' dir='ltr'><strong>parum</strong></span> <span class='ocrx_word' id='word_1_41' title='bbox 3079 473 3260 545; x_wconf 73' lang='lat' dir='ltr'><strong>digna,</strong></span> <span class='ocrx_word' id='word_1_42' title='bbox 3306 486 3430 529; x_wconf 66' lang='grc' dir='ltr'><strong>θεεα</strong></span> 
     </span>
    </p>
   </div>
   <div class='ocr_carea' id='block_1_5' title="bbox 173 561 3427 635">
    <p class='ocr_par' dir='ltr' id='par_1_5' title="bbox 173 561 3427 635">
     <span class='ocr_line' id='line_1_5' title="bbox 173 561 3427 635; baseline -0.002 -12"><span class='ocrx_word' id='word_1_43' title='bbox 173 566 321 623; x_wconf 78' lang='lat' dir='ltr'><strong>textui</strong></span> <span class='ocrx_word' id='word_1_44' title='bbox 348 564 566 619; x_wconf 78' lang='lat' dir='ltr'><strong>inserta:</strong></span> <span class='ocrx_word' id='word_1_45' title='bbox 591 570 749 627; x_wconf 86' lang='lat' dir='ltr'><strong>sunt,</strong></span> <span class='ocrx_word' id='word_1_46' title='bbox 781 561 947 617; x_wconf 88' lang='lat' dir='ltr'><strong>veluti</strong></span> <span class='ocrx_word' id='word_1_47' title='bbox 977 561 1033 616; x_wconf 81' lang='lat' dir='ltr'><strong>in</strong></span> <span class='ocrx_word' id='word_1_48' title='bbox 1076 562 1201 617; x_wconf 90' lang='lat' dir='ltr'><strong>cod.</strong></span> <span class='ocrx_word' id='word_1_49' title='bbox 1224 562 1260 617; x_wconf 72' lang='lat'><strong>2</strong></span> <span class='ocrx_word' id='word_1_50' title='bbox 1301 577 1427 617; x_wconf 79' lang='lat' dir='ltr'><strong>eum</strong></span> <span class='ocrx_word' id='word_1_51' title='bbox 1455 563 1667 617; x_wconf 76' lang='lat' dir='ltr'><strong>scholio</strong></span> <span class='ocrx_word' id='word_1_52' title='bbox 1697 561 1733 615; x_wconf 69' lang='grc'><strong>9</strong></span> <span class='ocrx_word' id='word_1_53' title='bbox 1831 563 2055 628; x_wconf 88' lang='lat' dir='ltr'><strong>omissa,</strong></span> <span class='ocrx_word' id='word_1_54' title='bbox 2102 563 2338 633; x_wconf 89' lang='lat' dir='ltr'><strong>qualiter</strong></span> <span class='ocrx_word' id='word_1_55' title='bbox 2376 562 2484 617; x_wconf 88' lang='lat' dir='ltr'><strong>alia</strong></span> <span class='ocrx_word' id='word_1_56' title='bbox 2520 563 2727 620; x_wconf 75' lang='lat' dir='ltr'><strong>scholia</strong></span> <span class='ocrx_word' id='word_1_57' title='bbox 2770 563 2823 619; x_wconf 91' lang='lat' dir='ltr'><strong>in</strong></span> <span class='ocrx_word' id='word_1_58' title='bbox 2864 564 3053 620; x_wconf 85' lang='lat' dir='ltr'><strong>codice</strong></span> <span class='ocrx_word' id='word_1_59' title='bbox 3080 563 3427 635; x_wconf 77' lang='lat' dir='ltr'><strong>Lugduncnsi</strong></span> 
     </span>
    </p>
   </div>
   <div class='ocr_carea' id='block_1_6' title="bbox 171 652 2479 726">
    <p class='ocr_par' dir='ltr' id='par_1_6' title="bbox 171 652 2479 726">
     <span class='ocr_line' id='line_1_6' title="bbox 171 652 2479 726; baseline 0 -15"><span class='ocrx_word' id='word_1_60' title='bbox 171 657 351 711; x_wconf 81' lang='lat' dir='ltr'><strong>factum</strong></span> <span class='ocrx_word' id='word_1_61' title='bbox 370 663 477 717; x_wconf 84' lang='lat' dir='ltr'><strong>est.</strong></span> <span class='ocrx_word' id='word_1_62' title='bbox 502 652 647 722; x_wconf 79' lang='lat' dir='ltr'><strong>quod</strong></span> <span class='ocrx_word' id='word_1_63' title='bbox 675 653 730 708; x_wconf 82' lang='lat' dir='ltr'><strong>in</strong></span> <span class='ocrx_word' id='word_1_64' title='bbox 758 652 991 709; x_wconf 74' lang='lat' dir='ltr'><strong>aliorum</strong></span> <span class='ocrx_word' id='word_1_65' title='bbox 1019 652 1274 709; x_wconf 77' lang='lat' dir='ltr'><strong>codicum</strong></span> <span class='ocrx_word' id='word_1_66' title='bbox 1323 665 1541 724; x_wconf 77' lang='lat' dir='ltr'><strong>semper</strong></span> <span class='ocrx_word' id='word_1_67' title='bbox 1583 665 1731 705; x_wconf 84' lang='lat' dir='ltr'><strong>mar-</strong></span> <span class='ocrx_word' id='word_1_68' title='bbox 1835 665 2047 710; x_wconf 88' lang='lat' dir='ltr'><strong>tantum</strong></span> <span class='ocrx_word' id='word_1_69' title='bbox 2080 666 2299 726; x_wconf 86' lang='lat' dir='ltr'><strong>recepta</strong></span> <span class='ocrx_word' id='word_1_70' title='bbox 2331 665 2479 711; x_wconf 87' lang='lat' dir='ltr'><strong>sunt.</strong></span> 
     </span>
    </p>
   </div>
   <div class='ocr_carea' id='block_1_7' title="bbox 171 745 3428 819">
    <p class='ocr_par' dir='ltr' id='par_1_7' title="bbox 171 745 3428 819">
     <span class='ocr_line' id='line_1_7' title="bbox 171 745 3428 819; baseline 0.001 -21"><span class='ocrx_word' id='word_1_71' title='bbox 171 752 278 819; x_wconf 69' lang='lat' dir='ltr'><strong>giae</strong></span> <span class='ocrx_word' id='word_1_72' title='bbox 307 755 548 818; x_wconf 76' lang='lat' dir='ltr'><strong>apparet.</strong></span> <span class='ocrx_word' id='word_1_73' title='bbox 1901 746 1959 801; x_wconf 91' lang='lat' dir='ltr'><strong>ln</strong></span> <span class='ocrx_word' id='word_1_74' title='bbox 1990 745 2180 802; x_wconf 77' lang='lat' dir='ltr'><strong>codice</strong></span> <span class='ocrx_word' id='word_1_75' title='bbox 2210 746 2243 801; x_wconf 98' lang='lat'><strong>4</strong></span> <span class='ocrx_word' id='word_1_76' title='bbox 2275 760 2403 802; x_wconf 78' lang='lat' dir='ltr'><strong>vero</strong></span> <span class='ocrx_word' id='word_1_77' title='bbox 2440 761 2547 801; x_wconf 92' lang='lat' dir='ltr'><strong>non</strong></span> <span class='ocrx_word' id='word_1_78' title='bbox 2580 755 2791 802; x_wconf 84' lang='lat' dir='ltr'><strong>tantum</strong></span> <span class='ocrx_word' id='word_1_79' title='bbox 2821 746 3022 803; x_wconf 80' lang='lat' dir='ltr'><strong>desunt</strong></span> <span class='ocrx_word' id='word_1_80' title='bbox 3061 763 3183 818; x_wconf 67' lang='lat' dir='ltr'><strong>quae</strong></span> <span class='ocrx_word' id='word_1_81' title='bbox 3210 745 3428 802; x_wconf 87' lang='lat' dir='ltr'><strong>deside-</strong></span> 
     </span>
    </p>
   </div>
   <div class='ocr_carea' id='block_1_8' title="bbox 216 834 3429 906">
    <p class='ocr_par' dir='ltr' id='par_1_8' title="bbox 216 834 3429 906">
     <span class='ocr_line' id='line_1_8' title="bbox 216 834 3429 906; baseline -0.001 -11"><span class='ocrx_word' id='word_1_82' title='bbox 216 834 1321 906; x_wconf 75' lang='lat' dir='ltr'><strong>losercndisbismarginalibustexlusipse</strong></span> <span class='ocrx_word' id='word_1_83' title='bbox 1344 846 1730 904; x_wconf 68' lang='lat' dir='ltr'><strong>nonnunquam</strong></span> <span class='ocrx_word' id='word_1_84' title='bbox 1834 846 2028 892; x_wconf 86' lang='lat' dir='ltr'><strong>rantur</strong></span> <span class='ocrx_word' id='word_1_85' title='bbox 2070 837 2349 894; x_wconf 82' lang='lat' dir='ltr'><strong>codicibus</strong></span> <span class='ocrx_word' id='word_1_86' title='bbox 2392 837 2429 892; x_wconf 75' lang='grc'><strong>2</strong></span> <span class='ocrx_word' id='word_1_87' title='bbox 2457 846 2513 894; x_wconf 90' lang='lat' dir='ltr'><strong>et</strong></span> <span class='ocrx_word' id='word_1_88' title='bbox 2537 838 2595 905; x_wconf 83' lang='lat'><strong>5-,</strong></span> <span class='ocrx_word' id='word_1_89' title='bbox 2635 839 2733 894; x_wconf 86' lang='lat' dir='ltr'><strong>sed</strong></span> <span class='ocrx_word' id='word_1_90' title='bbox 2774 849 2897 895; x_wconf 76' lang='lat' dir='ltr'><strong>tota:</strong></span> <span class='ocrx_word' id='word_1_91' title='bbox 2937 840 3103 894; x_wconf 89' lang='lat' dir='ltr'><strong>etiam</strong></span> <span class='ocrx_word' id='word_1_92' title='bbox 3142 838 3429 895; x_wconf 61' lang='lat' dir='ltr'><strong>sentcntiae</strong></span> 
     </span>
    </p>
   </div>
   <div class='ocr_carea' id='block_1_9' title="bbox 173 924 3423 1001">
    <p class='ocr_par' dir='ltr' id='par_1_9' title="bbox 173 924 3423 1001">
     <span class='ocr_line' id='line_1_9' title="bbox 173 924 3423 1001; baseline 0 -18"><span class='ocrx_word' id='word_1_93' title='bbox 173 929 459 984; x_wconf 75' lang='lat' dir='ltr'><strong>immutatus</strong></span> <span class='ocrx_word' id='word_1_94' title='bbox 488 936 597 990; x_wconf 85' lang='lat' dir='ltr'><strong>est.</strong></span> <span class='ocrx_word' id='word_1_95' title='bbox 639 927 868 998; x_wconf 73' lang='lat' dir='ltr'><strong>ideoque</strong></span> <span class='ocrx_word' id='word_1_96' title='bbox 897 926 1072 983; x_wconf 81' lang='lat' dir='ltr'><strong>lector</strong></span> <span class='ocrx_word' id='word_1_97' title='bbox 1099 925 1333 1001; x_wconf 69' lang='lat' dir='ltr'><strong>diligens</strong></span> <span class='ocrx_word' id='word_1_98' title='bbox 1372 925 1533 982; x_wconf 78' lang='lat' dir='ltr'><strong>facile</strong></span> <span class='ocrx_word' id='word_1_99' title='bbox 1565 938 1735 997; x_wconf 85' lang='lat' dir='ltr'><strong>quam</strong></span> <span class='ocrx_word' id='word_1_100' title='bbox 1833 930 1998 985; x_wconf 86' lang='lat' dir='ltr'><strong>veluti</strong></span> <span class='ocrx_word' id='word_1_101' title='bbox 2040 931 2076 983; x_wconf 92' lang='lat' dir='ltr'><strong>l.</strong></span> <span class='ocrx_word' id='word_1_102' title='bbox 2110 946 2150 994; x_wconf 88' lang='grc' dir='ltr'><strong>ι,</strong></span> <span class='ocrx_word' id='word_1_103' title='bbox 2184 946 2233 986; x_wconf 90' lang='lat' dir='ltr'><strong>c.</strong></span> <span class='ocrx_word' id='word_1_104' title='bbox 2260 929 2350 996; x_wconf 87' lang='lat' dir='ltr'><strong>5i;</strong></span> <span class='ocrx_word' id='word_1_105' title='bbox 2396 929 2430 984; x_wconf 88' lang='grc' dir='ltr'><strong>Ι.</strong></span> <span class='ocrx_word' id='word_1_106' title='bbox 2464 942 2523 995; x_wconf 90' lang='grc' dir='ltr'><strong>ιι,</strong></span> <span class='ocrx_word' id='word_1_107' title='bbox 2552 945 2601 986; x_wconf 91' lang='lat' dir='ltr'><strong>c.</strong></span> <span class='ocrx_word' id='word_1_108' title='bbox 2631 931 2719 996; x_wconf 88' lang='lat'><strong>11;</strong></span> <span class='ocrx_word' id='word_1_109' title='bbox 2760 929 2798 984; x_wconf 94' lang='lat' dir='ltr'><strong>l.</strong></span> <span class='ocrx_word' id='word_1_110' title='bbox 2828 946 2909 994; x_wconf 93' lang='grc' dir='ltr'><strong>ιιι,</strong></span> <span class='ocrx_word' id='word_1_111' title='bbox 2942 947 2991 985; x_wconf 88' lang='lat' dir='ltr'><strong>c.</strong></span> <span class='ocrx_word' id='word_1_112' title='bbox 3019 930 3112 997; x_wconf 71' lang='grc'><strong>21,</strong></span> <span class='ocrx_word' id='word_1_113' title='bbox 3146 928 3215 983; x_wconf 77' lang='lat'><strong>45</strong></span> <span class='ocrx_word' id='word_1_114' title='bbox 3249 938 3303 984; x_wconf 89' lang='lat' dir='ltr'><strong>et</strong></span> <span class='ocrx_word' id='word_1_115' title='bbox 3334 924 3423 983; x_wconf 80' lang='lat'><strong>65.</strong></span> 
     </span>
    </p>
   </div>
   <div class='ocr_carea' id='block_1_10' title="bbox 175 1019 1750 1090">
    <p class='ocr_par' dir='ltr' id='par_1_10' title="bbox 175 1019 1730 1089">
     <span class='ocr_line' id='line_1_10' title="bbox 175 1019 1730 1089; baseline -0.001 -14"><span class='ocrx_word' id='word_1_116' title='bbox 175 1021 407 1077; x_wconf 76' lang='lat' dir='ltr'><strong>violenter</strong></span> <span class='ocrx_word' id='word_1_117' title='bbox 434 1032 493 1075; x_wconf 90' lang='lat' dir='ltr'><strong>et</strong></span> <span class='ocrx_word' id='word_1_118' title='bbox 511 1020 809 1089; x_wconf 65' lang='lat' dir='ltr'><strong>incongrue</strong></span> <span class='ocrx_word' id='word_1_119' title='bbox 829 1021 933 1075; x_wconf 83' lang='lat' dir='ltr'><strong>hoc</strong></span> <span class='ocrx_word' id='word_1_120' title='bbox 954 1019 1158 1075; x_wconf 83' lang='lat' dir='ltr'><strong>factum</strong></span> <span class='ocrx_word' id='word_1_121' title='bbox 1179 1021 1274 1085; x_wconf 85' lang='lat' dir='ltr'><strong>sit,</strong></span> <span class='ocrx_word' id='word_1_122' title='bbox 1308 1019 1730 1083; x_wconf 82' lang='lat' dir='ltr'><strong>animadvertet,</strong></span> 
     </span>
    </p>
   </div>
   <div class='ocr_carea' id='block_1_11' title="bbox 1853 1019 3428 1090">
    <p class='ocr_par' dir='ltr' id='par_1_11' title="bbox 1853 1021 3428 1090">
     <span class='ocr_line' id='line_1_11' title="bbox 1853 1021 3428 1090; baseline -0.004 -11"><span class='ocrx_word' id='word_1_123' title='bbox 1853 1024 2143 1080; x_wconf 62' lang='lat' dir='ltr'><strong>Praesertim</strong></span> <span class='ocrx_word' id='word_1_124' title='bbox 2172 1037 2302 1079; x_wconf 86' lang='lat' dir='ltr'><strong>vero</strong></span> <span class='ocrx_word' id='word_1_125' title='bbox 2331 1023 2447 1079; x_wconf 68' lang='lat' dir='ltr'><strong>haec</strong></span> <span class='ocrx_word' id='word_1_126' title='bbox 2482 1021 2731 1078; x_wconf 84' lang='lat' dir='ltr'><strong>recensio</strong></span> <span class='ocrx_word' id='word_1_127' title='bbox 2767 1035 2797 1075; x_wconf 87' lang='lat' dir='ltr'><strong>a</strong></span> <span class='ocrx_word' id='word_1_128' title='bbox 2828 1021 3038 1076; x_wconf 74' lang='lat' dir='ltr'><strong>czcteris</strong></span> <span class='ocrx_word' id='word_1_129' title='bbox 3065 1021 3337 1090; x_wconf 82' lang='lat' dir='ltr'><strong>discrepat</strong></span> <span class='ocrx_word' id='word_1_130' title='bbox 3362 1032 3428 1073; x_wconf 82' lang='lat' dir='ltr'><strong>eo</strong></span> 
     </span>
    </p>
   </div>
   <div class='ocr_carea' id='block_1_12' title="bbox 173 1110 1748 1184">
    <p class='ocr_par' dir='ltr' id='par_1_12' title="bbox 173 1110 1728 1179">
     <span class='ocr_line' id='line_1_12' title="bbox 173 1110 1728 1179; baseline -0.004 -11"><span class='ocrx_word' id='word_1_131' title='bbox 173 1114 310 1169; x_wconf 78' lang='lat' dir='ltr'><strong>veluti</strong></span> <span class='ocrx_word' id='word_1_132' title='bbox 343 1114 376 1167; x_wconf 93' lang='grc' dir='ltr'><strong>Ι.</strong></span> <span class='ocrx_word' id='word_1_133' title='bbox 404 1129 466 1177; x_wconf 87' lang='grc' dir='ltr'><strong>ιι,</strong></span> <span class='ocrx_word' id='word_1_134' title='bbox 493 1112 670 1176; x_wconf 81' lang='lat' dir='ltr'><strong>c.-74;</strong></span> <span class='ocrx_word' id='word_1_135' title='bbox 701 1112 734 1165; x_wconf 91' lang='grc' dir='ltr'><strong>Ι.</strong></span> <span class='ocrx_word' id='word_1_136' title='bbox 768 1127 851 1179; x_wconf 91' lang='grc' dir='ltr'><strong>ιιι,</strong></span> <span class='ocrx_word' id='word_1_137' title='bbox 875 1127 923 1166; x_wconf 92' lang='lat' dir='ltr'><strong>c.</strong></span> <span class='ocrx_word' id='word_1_138' title='bbox 949 1111 1039 1166; x_wconf 76' lang='lat'><strong>55.</strong></span> <span class='ocrx_word' id='word_1_139' title='bbox 1072 1111 1150 1167; x_wconf 88' lang='lat' dir='ltr'><strong>lta</strong></span> <span class='ocrx_word' id='word_1_140' title='bbox 1176 1111 1341 1167; x_wconf 91' lang='lat' dir='ltr'><strong>ctiam</strong></span> <span class='ocrx_word' id='word_1_141' title='bbox 1366 1111 1571 1166; x_wconf 76' lang='lat' dir='ltr'><strong>videbit</strong></span> <span class='ocrx_word' id='word_1_142' title='bbox 1592 1110 1626 1163; x_wconf 91' lang='grc' dir='ltr'><strong>ι.</strong></span> <span class='ocrx_word' id='word_1_143' title='bbox 1646 1123 1728 1174; x_wconf 88' lang='grc' dir='ltr'><strong>ιιι,</strong></span> 
     </span>
    </p>
   </div>
   <div class='ocr_carea' id='block_1_13' title="bbox 1849 1110 3424 1184">
    <p class='ocr_par' dir='ltr' id='par_1_13' title="bbox 1849 1110 3424 1184">
     <span class='ocr_line' id='line_1_13' title="bbox 1849 1110 3424 1184; baseline -0.004 -15"><span class='ocrx_word' id='word_1_144' title='bbox 1849 1115 1985 1184; x_wconf 69' lang='lat' dir='ltr'><strong>mod</strong></span> <span class='ocrx_word' id='word_1_145' title='bbox 2014 1114 2384 1170; x_wconf 74' lang='lat' dir='ltr'><strong>narrationem</strong></span> <span class='ocrx_word' id='word_1_146' title='bbox 2426 1113 2742 1178; x_wconf 83' lang='lat' dir='ltr'><strong>abbreviat,</strong></span> <span class='ocrx_word' id='word_1_147' title='bbox 2782 1124 2835 1167; x_wconf 91' lang='lat' dir='ltr'><strong>et</strong></span> <span class='ocrx_word' id='word_1_148' title='bbox 2868 1125 2968 1181; x_wconf 91' lang='lat' dir='ltr'><strong>pro</strong></span> <span class='ocrx_word' id='word_1_149' title='bbox 2995 1121 3145 1167; x_wconf 89' lang='lat' dir='ltr'><strong>certo</strong></span> <span class='ocrx_word' id='word_1_150' title='bbox 3170 1110 3424 1174; x_wconf 83' lang='lat' dir='ltr'><strong>amrmat,</strong></span> 
     </span>
    </p>
   </div>
   <div class='ocr_carea' id='block_1_14' title="bbox 173 1200 3426 1274">
    <p class='ocr_par' dir='ltr' id='par_1_14' title="bbox 173 1200 3426 1274">
     <span class='ocr_line' id='line_1_14' title="bbox 173 1200 3426 1274; baseline -0.002 -11"><span class='ocrx_word' id='word_1_151' title='bbox 173 1223 214 1263; x_wconf 70' lang='grc' dir='ltr'><strong>ε.</strong></span> <span class='ocrx_word' id='word_1_152' title='bbox 242 1206 321 1272; x_wconf 83' lang='grc'><strong>68,</strong></span> <span class='ocrx_word' id='word_1_153' title='bbox 351 1204 610 1261; x_wconf 80' lang='lat' dir='ltr'><strong>codicis5</strong></span> <span class='ocrx_word' id='word_1_154' title='bbox 642 1204 681 1258; x_wconf 91' lang='lat' dir='ltr'><strong>l.</strong></span> <span class='ocrx_word' id='word_1_155' title='bbox 706 1220 779 1270; x_wconf 83' lang='lat' dir='ltr'><strong>tv,</strong></span> <span class='ocrx_word' id='word_1_156' title='bbox 803 1221 855 1259; x_wconf 91' lang='lat' dir='ltr'><strong>c.</strong></span> <span class='ocrx_word' id='word_1_157' title='bbox 894 1204 984 1270; x_wconf 76' lang='grc'><strong>59,</strong></span> <span class='ocrx_word' id='word_1_158' title='bbox 1019 1205 1203 1259; x_wconf 84' lang='lat' dir='ltr'><strong>statim</strong></span> <span class='ocrx_word' id='word_1_159' title='bbox 1238 1203 1399 1258; x_wconf 87' lang='lat' dir='ltr'><strong>finem</strong></span> <span class='ocrx_word' id='word_1_160' title='bbox 1428 1201 1623 1273; x_wconf 82' lang='lat' dir='ltr'><strong>capitis</strong></span> <span class='ocrx_word' id='word_1_161' title='bbox 1663 1200 1730 1255; x_wconf 80' lang='lat'><strong>37</strong></span> <span class='ocrx_word' id='word_1_162' title='bbox 1833 1205 1923 1260; x_wconf 90' lang='lat' dir='ltr'><strong>ubi</strong></span> <span class='ocrx_word' id='word_1_163' title='bbox 1971 1205 2026 1259; x_wconf 92' lang='lat' dir='ltr'><strong>in</strong></span> <span class='ocrx_word' id='word_1_164' title='bbox 2071 1204 2355 1260; x_wconf 86' lang='lat' dir='ltr'><strong>codicibus</strong></span> <span class='ocrx_word' id='word_1_165' title='bbox 2402 1203 2803 1274; x_wconf 88' lang='lat' dir='ltr'><strong>antiquioribus</strong></span> <span class='ocrx_word' id='word_1_166' title='bbox 2850 1202 2918 1256; x_wconf 90' lang='lat' dir='ltr'><strong>ad</strong></span> <span class='ocrx_word' id='word_1_167' title='bbox 2968 1202 3315 1257; x_wconf 77' lang='lat' dir='ltr'><strong>traditionem</strong></span> <span class='ocrx_word' id='word_1_168' title='bbox 3367 1216 3426 1255; x_wconf 89' lang='lat' dir='ltr'><strong>se</strong></span> 
     </span>
    </p>
   </div>
   <div class='ocr_carea' id='block_1_15' title="bbox 177 1290 3428 1364">
    <p class='ocr_par' dir='ltr' id='par_1_15' title="bbox 177 1290 3428 1364">
     <span class='ocr_line' id='line_1_15' title="bbox 177 1290 3428 1364; baseline -0.002 -13"><span class='ocrx_word' id='word_1_169' title='bbox 177 1303 395 1351; x_wconf 82' lang='lat' dir='ltr'><strong>sccutum</strong></span> <span class='ocrx_word' id='word_1_170' title='bbox 422 1309 575 1358; x_wconf 69' lang='lat' dir='ltr'><strong>esse,</strong></span> <span class='ocrx_word' id='word_1_171' title='bbox 606 1310 639 1349; x_wconf 86' lang='lat' dir='ltr'><strong>a</strong></span> <span class='ocrx_word' id='word_1_172' title='bbox 665 1309 775 1364; x_wconf 87' lang='lat' dir='ltr'><strong>quo</strong></span> <span class='ocrx_word' id='word_1_173' title='bbox 814 1308 914 1362; x_wconf 83' lang='lat' dir='ltr'><strong>per</strong></span> <span class='ocrx_word' id='word_1_174' title='bbox 938 1302 1102 1363; x_wconf 75' lang='lat' dir='ltr'><strong>caput</strong></span> <span class='ocrx_word' id='word_1_175' title='bbox 1129 1292 1201 1348; x_wconf 78' lang='lat'><strong>58</strong></span> <span class='ocrx_word' id='word_1_176' title='bbox 1232 1292 1322 1347; x_wconf 84' lang='lat' dir='ltr'><strong>hic</strong></span> <span class='ocrx_word' id='word_1_177' title='bbox 1353 1292 1623 1347; x_wconf 79' lang='lat' dir='ltr'><strong>intrusum</strong></span> <span class='ocrx_word' id='word_1_178' title='bbox 1648 1303 1737 1344; x_wconf 78' lang='lat' dir='ltr'><strong>se-</strong></span> <span class='ocrx_word' id='word_1_179' title='bbox 1837 1294 2142 1361; x_wconf 82' lang='lat' dir='ltr'><strong>referebat,</strong></span> <span class='ocrx_word' id='word_1_180' title='bbox 2175 1294 2345 1351; x_wconf 85' lang='lat' dir='ltr'><strong>veluti</strong></span> <span class='ocrx_word' id='word_1_181' title='bbox 2379 1315 2417 1348; x_wconf 91' lang='grc' dir='ltr'><strong>ι.</strong></span> <span class='ocrx_word' id='word_1_182' title='bbox 2447 1309 2519 1360; x_wconf 92' lang='grc' dir='ltr'><strong>ιι,</strong></span> <span class='ocrx_word' id='word_1_183' title='bbox 2559 1309 2610 1350; x_wconf 91' lang='lat' dir='ltr'><strong>c.</strong></span> <span class='ocrx_word' id='word_1_184' title='bbox 2639 1295 2686 1357; x_wconf 95' lang='grc'><strong>1,</strong></span> <span class='ocrx_word' id='word_1_185' title='bbox 2722 1293 2777 1360; x_wconf 83' lang='grc'><strong>5,</strong></span> <span class='ocrx_word' id='word_1_186' title='bbox 2814 1292 2903 1357; x_wconf 87' lang='grc'><strong>11,</strong></span> <span class='ocrx_word' id='word_1_187' title='bbox 2933 1291 3002 1346; x_wconf 79' lang='grc'><strong>54</strong></span> <span class='ocrx_word' id='word_1_188' title='bbox 3030 1292 3137 1358; x_wconf 76' lang='lat' dir='ltr'><strong>bis,</strong></span> <span class='ocrx_word' id='word_1_189' title='bbox 3167 1290 3250 1346; x_wconf 88' lang='lat' dir='ltr'><strong>vel</strong></span> <span class='ocrx_word' id='word_1_190' title='bbox 3281 1292 3428 1362; x_wconf 74' lang='lat' dir='ltr'><strong>ipsos</strong></span> 
     </span>
    </p>
   </div>
   <div class='ocr_carea' id='block_1_16' title="bbox 173 1381 3426 1455">
    <p class='ocr_par' dir='ltr' id='par_1_16' title="bbox 173 1381 3426 1455">
     <span class='ocr_line' id='line_1_16' title="bbox 173 1381 3426 1455; baseline -0.001 -14"><span class='ocrx_word' id='word_1_191' title='bbox 173 1392 394 1455; x_wconf 72' lang='lat' dir='ltr'><strong>paratum</strong></span> <span class='ocrx_word' id='word_1_192' title='bbox 419 1391 524 1439; x_wconf 86' lang='lat' dir='ltr'><strong>est.</strong></span> <span class='ocrx_word' id='word_1_193' title='bbox 564 1383 705 1439; x_wconf 84' lang='lat' dir='ltr'><strong>Sunt</strong></span> <span class='ocrx_word' id='word_1_194' title='bbox 734 1383 819 1438; x_wconf 74' lang='lat' dir='ltr'><strong>Vel</strong></span> <span class='ocrx_word' id='word_1_195' title='bbox 848 1383 1042 1437; x_wconf 85' lang='lat' dir='ltr'><strong>harum</strong></span> <span class='ocrx_word' id='word_1_196' title='bbox 1069 1385 1319 1438; x_wconf 78' lang='lat' dir='ltr'><strong>notarum</strong></span> <span class='ocrx_word' id='word_1_197' title='bbox 1351 1381 1731 1451; x_wconf 76' lang='lat' dir='ltr'><strong>marginalium</strong></span> <span class='ocrx_word' id='word_1_198' title='bbox 1833 1385 2011 1442; x_wconf 83' lang='lat' dir='ltr'><strong>fontes</strong></span> <span class='ocrx_word' id='word_1_199' title='bbox 2038 1388 2106 1442; x_wconf 89' lang='lat' dir='ltr'><strong>ah</strong></span> <span class='ocrx_word' id='word_1_200' title='bbox 2126 1386 2334 1442; x_wconf 80' lang='lat' dir='ltr'><strong>Adamo</strong></span> <span class='ocrx_word' id='word_1_201' title='bbox 2364 1387 2562 1442; x_wconf 86' lang='lat' dir='ltr'><strong>citatos</strong></span> <span class='ocrx_word' id='word_1_202' title='bbox 2595 1394 2755 1449; x_wconf 86' lang='lat' dir='ltr'><strong>tacet,</strong></span> <span class='ocrx_word' id='word_1_203' title='bbox 2784 1383 2950 1439; x_wconf 87' lang='lat' dir='ltr'><strong>veluti</strong></span> <span class='ocrx_word' id='word_1_204' title='bbox 2980 1383 3015 1437; x_wconf 91' lang='lat' dir='ltr'><strong>l.</strong></span> <span class='ocrx_word' id='word_1_205' title='bbox 3045 1400 3086 1449; x_wconf 92' lang='grc' dir='ltr'><strong>ι,</strong></span> <span class='ocrx_word' id='word_1_206' title='bbox 3117 1383 3275 1447; x_wconf 83' lang='lat' dir='ltr'><strong>c.51,</strong></span> <span class='ocrx_word' id='word_1_207' title='bbox 3303 1394 3426 1437; x_wconf 78' lang='lat' dir='ltr'><strong>acta</strong></span> 
     </span>
    </p>
   </div>
   <div class='ocr_carea' id='block_1_17' title="bbox 174 1470 3429 1546">
    <p class='ocr_par' dir='ltr' id='par_1_17' title="bbox 174 1470 3429 1546">
     <span class='ocr_line' id='line_1_17' title="bbox 174 1470 3429 1546; baseline -0.002 -12"><span class='ocrx_word' id='word_1_208' title='bbox 174 1475 414 1532; x_wconf 67' lang='lat' dir='ltr'><strong>nonnulla!</strong></span> <span class='ocrx_word' id='word_1_209' title='bbox 445 1489 570 1545; x_wconf 66' lang='lat' dir='ltr'><strong>qua!</strong></span> <span class='ocrx_word' id='word_1_210' title='bbox 619 1475 671 1529; x_wconf 81' lang='lat' dir='ltr'><strong>in</strong></span> <span class='ocrx_word' id='word_1_211' title='bbox 716 1474 947 1529; x_wconf 69' lang='lat' dir='ltr'><strong>diversis</strong></span> <span class='ocrx_word' id='word_1_212' title='bbox 996 1474 1283 1529; x_wconf 71' lang='lat' dir='ltr'><strong>codicibus</strong></span> <span class='ocrx_word' id='word_1_213' title='bbox 1321 1473 1555 1528; x_wconf 66' lang='lat' dir='ltr'><strong>diversis</strong></span> <span class='ocrx_word' id='word_1_214' title='bbox 1592 1470 1731 1525; x_wconf 69' lang='grc' dir='ltr'><strong>Ιοείϐ</strong></span> <span class='ocrx_word' id='word_1_215' title='bbox 1834 1479 2080 1546; x_wconf 90' lang='lat' dir='ltr'><strong>concilii;</strong></span> <span class='ocrx_word' id='word_1_216' title='bbox 2124 1479 2161 1535; x_wconf 93' lang='lat' dir='ltr'><strong>l.</strong></span> <span class='ocrx_word' id='word_1_217' title='bbox 2192 1496 2274 1546; x_wconf 86' lang='grc' dir='ltr'><strong>ιιι,</strong></span> <span class='ocrx_word' id='word_1_218' title='bbox 2313 1495 2363 1535; x_wconf 91' lang='lat' dir='ltr'><strong>c.</strong></span> <span class='ocrx_word' id='word_1_219' title='bbox 2391 1479 2480 1544; x_wconf 74' lang='lat' dir='ltr'><strong>2i,</strong></span> <span class='ocrx_word' id='word_1_220' title='bbox 2523 1479 2756 1534; x_wconf 85' lang='lat' dir='ltr'><strong>nobilem</strong></span> <span class='ocrx_word' id='word_1_221' title='bbox 2798 1476 3071 1533; x_wconf 86' lang='lat' dir='ltr'><strong>hominem</strong></span> <span class='ocrx_word' id='word_1_222' title='bbox 3109 1475 3177 1531; x_wconf 87' lang='lat' dir='ltr'><strong>de</strong></span> <span class='ocrx_word' id='word_1_223' title='bbox 3200 1474 3429 1531; x_wconf 80' lang='lat' dir='ltr'><strong>Nordal-</strong></span> 
     </span>
    </p>
   </div>
   <div class='ocr_carea' id='block_1_18' title="bbox 175 1558 2938 1640">
    <p class='ocr_par' dir='ltr' id='par_1_18' title="bbox 175 1558 2938 1640">
     <span class='ocr_line' id='line_1_18' title="bbox 175 1558 2938 1640; baseline -0.001 -19"><span class='ocrx_word' id='word_1_224' title='bbox 175 1576 326 1621; x_wconf 84' lang='lat' dir='ltr'><strong>textus</strong></span> <span class='ocrx_word' id='word_1_225' title='bbox 372 1566 589 1620; x_wconf 73' lang='lat' dir='ltr'><strong>inserta:</strong></span> <span class='ocrx_word' id='word_1_226' title='bbox 629 1575 776 1629; x_wconf 88' lang='lat' dir='ltr'><strong>sunt,</strong></span> <span class='ocrx_word' id='word_1_227' title='bbox 827 1564 974 1621; x_wconf 85' lang='lat' dir='ltr'><strong>velut</strong></span> <span class='ocrx_word' id='word_1_228' title='bbox 1004 1580 1069 1620; x_wconf 87' lang='lat' dir='ltr'><strong>ea</strong></span> <span class='ocrx_word' id='word_1_229' title='bbox 1114 1564 1245 1636; x_wconf 61' lang='lat' dir='ltr'><strong>quin:</strong></span> <span class='ocrx_word' id='word_1_230' title='bbox 1265 1563 1333 1619; x_wconf 91' lang='lat' dir='ltr'><strong>de</strong></span> <span class='ocrx_word' id='word_1_231' title='bbox 1374 1558 1734 1620; x_wconf 58' lang='lat' dir='ltr'><strong>Adam-anuis</strong></span> <span class='ocrx_word' id='word_1_232' title='bbox 1834 1569 2041 1639; x_wconf 73' lang='lat' dir='ltr'><strong>biugia,</strong></span> <span class='ocrx_word' id='word_1_233' title='bbox 2076 1560 2114 1623; x_wconf 83' lang='grc' dir='ltr'><strong>ι’,</strong></span> <span class='ocrx_word' id='word_1_234' title='bbox 2148 1585 2206 1635; x_wconf 80' lang='grc' dir='ltr'><strong>ιι,</strong></span> <span class='ocrx_word' id='word_1_235' title='bbox 2238 1584 2289 1625; x_wconf 79' lang='lat' dir='ltr'><strong>c,</strong></span> <span class='ocrx_word' id='word_1_236' title='bbox 2321 1568 2410 1635; x_wconf 78' lang='lat'><strong>56,</strong></span> <span class='ocrx_word' id='word_1_237' title='bbox 2439 1570 2705 1623; x_wconf 81' lang='lat' dir='ltr'><strong>Adaumm</strong></span> <span class='ocrx_word' id='word_1_238' title='bbox 2744 1572 2938 1640; x_wconf 83' lang='lat' dir='ltr'><strong>ipsum.</strong></span> 
     </span>
    </p>
   </div>
   <div class='ocr_carea' id='block_1_19' title="bbox 174 1653 3433 1726">
    <p class='ocr_par' dir='ltr' id='par_1_19' title="bbox 174 1653 3433 1726">
     <span class='ocr_line' id='line_1_19' title="bbox 174 1653 3433 1726; baseline 0.001 -16"><span class='ocrx_word' id='word_1_239' title='bbox 174 1653 490 1726; x_wconf 83' lang='lat' dir='ltr'><strong>prolentntur</strong></span> <span class='ocrx_word' id='word_1_240' title='bbox 513 1653 552 1707; x_wconf 92' lang='lat' dir='ltr'><strong>l.</strong></span> <span class='ocrx_word' id='word_1_241' title='bbox 590 1669 652 1720; x_wconf 92' lang='grc' dir='ltr'><strong>ιι,</strong></span> <span class='ocrx_word' id='word_1_242' title='bbox 679 1671 728 1709; x_wconf 90' lang='lat' dir='ltr'><strong>c.</strong></span> <span class='ocrx_word' id='word_1_243' title='bbox 765 1654 857 1708; x_wconf 75' lang='lat'><strong>74.</strong></span> <span class='ocrx_word' id='word_1_244' title='bbox 1883 1660 2171 1716; x_wconf 85' lang='lat' dir='ltr'><strong>&#39;Nonnulla</strong></span> <span class='ocrx_word' id='word_1_245' title='bbox 2223 1662 2275 1716; x_wconf 92' lang='lat' dir='ltr'><strong>in</strong></span> <span class='ocrx_word' id='word_1_246' title='bbox 2327 1663 2514 1717; x_wconf 74' lang='lat' dir='ltr'><strong>codice</strong></span> <span class='ocrx_word' id='word_1_247' title='bbox 2565 1661 2600 1716; x_wconf 82' lang='grc'><strong>4</strong></span> <span class='ocrx_word' id='word_1_248' title='bbox 2647 1661 2721 1714; x_wconf 91' lang='lat' dir='ltr'><strong>ita</strong></span> <span class='ocrx_word' id='word_1_249' title='bbox 2775 1659 3089 1716; x_wconf 86' lang='lat' dir='ltr'><strong>abbreviata</strong></span> <span class='ocrx_word' id='word_1_250' title='bbox 3149 1666 3316 1725; x_wconf 90' lang='lat' dir='ltr'><strong>sunt,</strong></span> <span class='ocrx_word' id='word_1_251' title='bbox 3370 1666 3433 1713; x_wconf 90' lang='grc' dir='ltr'><strong>ιιι</strong></span> 
     </span>
    </p>
   </div>
   <div class='ocr_carea' id='block_1_20' title="bbox 230 1742 3432 1823">
    <p class='ocr_par' dir='ltr' id='par_1_20' title="bbox 230 1742 3432 1823">
     <span class='ocr_line' id='line_1_20' title="bbox 230 1742 3432 1823; baseline 0 -22"><span class='ocrx_word' id='word_1_252' title='bbox 230 1745 464 1801; x_wconf 88' lang='lat' dir='ltr'><strong>Omnium</strong></span> <span class='ocrx_word' id='word_1_253' title='bbox 493 1746 994 1802; x_wconf 82' lang='lat' dir='ltr'><strong>additamentorum</strong></span> <span class='ocrx_word' id='word_1_254' title='bbox 1024 1746 1164 1801; x_wconf 83' lang='lat' dir='ltr'><strong>nulla</strong></span> <span class='ocrx_word' id='word_1_255' title='bbox 1192 1745 1304 1801; x_wconf 87' lang='lat' dir='ltr'><strong>fere</strong></span> <span class='ocrx_word' id='word_1_256' title='bbox 1324 1756 1450 1801; x_wconf 90' lang='lat' dir='ltr'><strong>sunt</strong></span> <span class='ocrx_word' id='word_1_257' title='bbox 1478 1761 1600 1817; x_wconf 79' lang='lat' dir='ltr'><strong>quae</strong></span> <span class='ocrx_word' id='word_1_258' title='bbox 1624 1754 1733 1800; x_wconf 86' lang='lat' dir='ltr'><strong>tam</strong></span> <span class='ocrx_word' id='word_1_259' title='bbox 1768 1742 2159 1807; x_wconf 80' lang='lat' dir='ltr'><strong>llomittantnr</strong></span> <span class='ocrx_word' id='word_1_260' title='bbox 2210 1767 2331 1823; x_wconf 82' lang='lat' dir='ltr'><strong>quae</strong></span> <span class='ocrx_word' id='word_1_261' title='bbox 2381 1760 2572 1806; x_wconf 79' lang='lat' dir='ltr'><strong>auctor</strong></span> <span class='ocrx_word' id='word_1_262' title='bbox 2623 1750 2841 1805; x_wconf 83' lang='lat' dir='ltr'><strong>disertis</strong></span> <span class='ocrx_word' id='word_1_263' title='bbox 2891 1749 3072 1804; x_wconf 85' lang='lat' dir='ltr'><strong>verbis</strong></span> <span class='ocrx_word' id='word_1_264' title='bbox 3125 1748 3432 1818; x_wconf 68' lang='lat' dir='ltr'><strong>exprimere</strong></span> 
     </span>
    </p>
   </div>
   <div class='ocr_carea' id='block_1_21' title="bbox 176 1837 3429 1911">
    <p class='ocr_par' dir='ltr' id='par_1_21' title="bbox 176 1837 3429 1911">
     <span class='ocr_line' id='line_1_21' title="bbox 176 1837 3429 1911; baseline -0.001 -22"><span class='ocrx_word' id='word_1_265' title='bbox 176 1838 424 1892; x_wconf 79' lang='lat' dir='ltr'><strong>evidenter</strong></span> <span class='ocrx_word' id='word_1_266' title='bbox 463 1838 664 1893; x_wconf 82' lang='lat' dir='ltr'><strong>Adami</strong></span> <span class='ocrx_word' id='word_1_267' title='bbox 700 1837 869 1907; x_wconf 83' lang='lat' dir='ltr'><strong>ipsius</strong></span> <span class='ocrx_word' id='word_1_268' title='bbox 919 1852 1138 1891; x_wconf 87' lang='lat' dir='ltr'><strong>manum</strong></span> <span class='ocrx_word' id='word_1_269' title='bbox 1182 1838 1434 1907; x_wconf 89' lang='lat' dir='ltr'><strong>prodant,</strong></span> <span class='ocrx_word' id='word_1_270' title='bbox 1463 1850 1629 1907; x_wconf 87' lang='lat' dir='ltr'><strong>quam</strong></span> <span class='ocrx_word' id='word_1_271' title='bbox 1670 1848 1734 1888; x_wconf 80' lang='lat' dir='ltr'><strong>ea</strong></span> <span class='ocrx_word' id='word_1_272' title='bbox 1840 1841 2033 1905; x_wconf 85' lang='lat' dir='ltr'><strong>voluit,</strong></span> <span class='ocrx_word' id='word_1_273' title='bbox 2067 1842 2234 1897; x_wconf 84' lang='lat' dir='ltr'><strong>veluti</strong></span> <span class='ocrx_word' id='word_1_274' title='bbox 2283 1840 2320 1895; x_wconf 89' lang='grc' dir='ltr'><strong>ι.</strong></span> <span class='ocrx_word' id='word_1_275' title='bbox 2347 1857 2410 1907; x_wconf 88' lang='grc' dir='ltr'><strong>ιι,</strong></span> <span class='ocrx_word' id='word_1_276' title='bbox 2441 1857 2492 1897; x_wconf 91' lang='lat' dir='ltr'><strong>c.</strong></span> <span class='ocrx_word' id='word_1_277' title='bbox 2517 1840 2610 1906; x_wconf 78' lang='lat'><strong>56,</strong></span> <span class='ocrx_word' id='word_1_278' title='bbox 2649 1840 2739 1896; x_wconf 90' lang='lat' dir='ltr'><strong>ubi</strong></span> <span class='ocrx_word' id='word_1_279' title='bbox 2786 1848 3014 1895; x_wconf 89' lang='lat' dir='ltr'><strong>mortem</strong></span> <span class='ocrx_word' id='word_1_280' title='bbox 3047 1840 3188 1911; x_wconf 77' lang='lat' dir='ltr'><strong>regis</strong></span> <span class='ocrx_word' id='word_1_281' title='bbox 3213 1837 3429 1893; x_wconf 60' lang='lat' dir='ltr'><strong>Hum-Eri</strong></span> 
     </span>
    </p>
   </div>
   <div class='ocr_carea' id='block_1_22' title="bbox 175 1926 3431 2001">
    <p class='ocr_par' dir='ltr' id='par_1_22' title="bbox 175 1926 3431 2001">
     <span class='ocr_line' id='line_1_22' title="bbox 175 1926 3431 2001; baseline 0.001 -19"><span class='ocrx_word' id='word_1_282' title='bbox 175 1945 273 2000; x_wconf 78' lang='lat' dir='ltr'><strong>qua:</strong></span> <span class='ocrx_word' id='word_1_283' title='bbox 296 1930 343 1983; x_wconf 94' lang='lat' dir='ltr'><strong>in</strong></span> <span class='ocrx_word' id='word_1_284' title='bbox 380 1929 484 1983; x_wconf 85' lang='lat' dir='ltr'><strong>line</strong></span> <span class='ocrx_word' id='word_1_285' title='bbox 515 1930 642 1985; x_wconf 88' lang='lat' dir='ltr'><strong>libri</strong></span> <span class='ocrx_word' id='word_1_286' title='bbox 684 1945 743 1984; x_wconf 93' lang='grc' dir='ltr'><strong>ιιι</strong></span> <span class='ocrx_word' id='word_1_287' title='bbox 775 1930 851 1999; x_wconf 94' lang='lat' dir='ltr'><strong>(in</strong></span> <span class='ocrx_word' id='word_1_288' title='bbox 898 1929 1020 1984; x_wconf 87' lang='lat' dir='ltr'><strong>cod.</strong></span> <span class='ocrx_word' id='word_1_289' title='bbox 1056 1928 1153 1984; x_wconf 81' lang='grc'><strong>51.</strong></span> <span class='ocrx_word' id='word_1_290' title='bbox 1181 1944 1255 1994; x_wconf 87' lang='lat' dir='ltr'><strong>tv,</strong></span> <span class='ocrx_word' id='word_1_291' title='bbox 1278 1944 1400 1999; x_wconf 88' lang='lat' dir='ltr'><strong>cap.</strong></span> <span class='ocrx_word' id='word_1_292' title='bbox 1425 1929 1516 1991; x_wconf 80' lang='lat'><strong>58,</strong></span> <span class='ocrx_word' id='word_1_293' title='bbox 1545 1926 1736 1999; x_wconf 81' lang='lat' dir='ltr'><strong>4l-46)</strong></span> <span class='ocrx_word' id='word_1_294' title='bbox 1837 1933 1931 1987; x_wconf 86' lang='lat' dir='ltr'><strong>diu</strong></span> <span class='ocrx_word' id='word_1_295' title='bbox 1964 1944 2199 2001; x_wconf 82' lang='lat' dir='ltr'><strong>optatam</strong></span> <span class='ocrx_word' id='word_1_296' title='bbox 2242 1931 2410 1990; x_wconf 83' lang='lat' dir='ltr'><strong>fuisse</strong></span> <span class='ocrx_word' id='word_1_297' title='bbox 2455 1933 2689 1998; x_wconf 79' lang='lat' dir='ltr'><strong>dixerat,</strong></span> <span class='ocrx_word' id='word_1_298' title='bbox 2723 1933 2890 1987; x_wconf 88' lang='lat' dir='ltr'><strong>codex</strong></span> <span class='ocrx_word' id='word_1_299' title='bbox 2929 1932 2964 1986; x_wconf 91' lang='lat'><strong>4</strong></span> <span class='ocrx_word' id='word_1_300' title='bbox 3002 1940 3181 1985; x_wconf 88' lang='lat' dir='ltr'><strong>autem</strong></span> <span class='ocrx_word' id='word_1_301' title='bbox 3227 1930 3431 1986; x_wconf 89' lang='lat' dir='ltr'><strong>solum-</strong></span> 
     </span>
    </p>
   </div>
   <div class='ocr_carea' id='block_1_23' title="bbox 176 2010 3430 2098">
    <p class='ocr_par' dir='ltr' id='par_1_23' title="bbox 176 2010 3430 2098">
     <span class='ocr_line' id='line_1_23' title="bbox 176 2010 3430 2098; baseline 0.001 -23"><span class='ocrx_word' id='word_1_302' title='bbox 176 2022 506 2091; x_wconf 86' lang='lat' dir='ltr'><strong>rcperiuntur.</strong></span> <span class='ocrx_word' id='word_1_303' title='bbox 542 2022 788 2077; x_wconf 77' lang='lat' dir='ltr'><strong>Adamus</strong></span> <span class='ocrx_word' id='word_1_304' title='bbox 835 2022 887 2076; x_wconf 88' lang='lat' dir='ltr'><strong>in</strong></span> <span class='ocrx_word' id='word_1_305' title='bbox 933 2022 1109 2092; x_wconf 89' lang='lat' dir='ltr'><strong>prima</strong></span> <span class='ocrx_word' id='word_1_306' title='bbox 1160 2022 1423 2079; x_wconf 90' lang='lat' dir='ltr'><strong>librorum</strong></span> <span class='ocrx_word' id='word_1_307' title='bbox 1463 2020 1538 2077; x_wconf 90' lang='lat' dir='ltr'><strong>De</strong></span> <span class='ocrx_word' id='word_1_308' title='bbox 1564 2020 1737 2092; x_wconf 78' lang='lat' dir='ltr'><strong>gestis</strong></span> <span class='ocrx_word' id='word_1_309' title='bbox 1839 2027 1998 2080; x_wconf 89' lang='lat' dir='ltr'><strong>modo</strong></span> <span class='ocrx_word' id='word_1_310' title='bbox 2047 2025 2255 2082; x_wconf 78' lang='lat' dir='ltr'><strong>refert:</strong></span> <span class='ocrx_word' id='word_1_311' title='bbox 2295 2024 2508 2081; x_wconf 78' lang='lat' dir='ltr'><strong>Mortuo</strong></span> <span class='ocrx_word' id='word_1_312' title='bbox 2534 2028 2795 2098; x_wconf 72' lang='lat' dir='ltr'><strong>postiam:</strong></span> <span class='ocrx_word' id='word_1_313' title='bbox 2822 2025 3033 2082; x_wconf 80' lang='lat' dir='ltr'><strong>Herico.</strong></span> <span class='ocrx_word' id='word_1_314' title='bbox 3082 2010 3233 2079; x_wconf 79' lang='lat' dir='ltr'><strong>Adde</strong></span> <span class='ocrx_word' id='word_1_315' title='bbox 3286 2024 3430 2095; x_wconf 82' lang='lat' dir='ltr'><strong>quod</strong></span> 
     </span>
    </p>
   </div>
   <div class='ocr_carea' id='block_1_24' title="bbox 177 2098 3431 2184">
    <p class='ocr_par' dir='ltr' id='par_1_24' title="bbox 177 2098 3431 2184">
     <span class='ocr_line' id='line_1_24' title="bbox 177 2098 3431 2184; baseline 0.001 -18"><span class='ocrx_word' id='word_1_316' title='bbox 177 2104 685 2184; x_wconf 74' lang='lat' dir='ltr'><strong>archiepiscoporum</strong></span> <span class='ocrx_word' id='word_1_317' title='bbox 749 2100 1368 2184; x_wconf 61' lang='lat' dir='ltr'><strong>Hanimenburgensium</strong></span> <span class='ocrx_word' id='word_1_318' title='bbox 1396 2098 1739 2168; x_wconf 49' lang='lat' dir='ltr'><strong>&#39;rcceusione</strong></span> <span class='ocrx_word' id='word_1_319' title='bbox 1837 2116 2120 2172; x_wconf 69' lang='lat' dir='ltr'><strong>sententia:</strong></span> <span class='ocrx_word' id='word_1_320' title='bbox 2156 2124 2209 2173; x_wconf 90' lang='lat' dir='ltr'><strong>el</strong></span> <span class='ocrx_word' id='word_1_321' title='bbox 2245 2116 2549 2173; x_wconf 89' lang='lat' dir='ltr'><strong>locutiones</strong></span> <span class='ocrx_word' id='word_1_322' title='bbox 2583 2117 2902 2173; x_wconf 82' lang='lat' dir='ltr'><strong>auctoribus</strong></span> <span class='ocrx_word' id='word_1_323' title='bbox 2936 2116 3181 2171; x_wconf 78' lang='lat' dir='ltr'><strong>classicis</strong></span> <span class='ocrx_word' id='word_1_324' title='bbox 3219 2115 3431 2171; x_wconf 89' lang='lat' dir='ltr'><strong>desmn-</strong></span> 
     </span>
    </p>
   </div>
   <div class='ocr_carea' id='block_1_25' title="bbox 177 2204 3432 2278">
    <p class='ocr_par' dir='ltr' id='par_1_25' title="bbox 177 2204 3432 2278">
     <span class='ocr_line' id='line_1_25' title="bbox 177 2204 3432 2278; baseline 0 -19"><span class='ocrx_word' id='word_1_325' title='bbox 177 2205 259 2259; x_wconf 83' lang='lat' dir='ltr'><strong>hos</strong></span> <span class='ocrx_word' id='word_1_326' title='bbox 282 2205 560 2275; x_wconf 71' lang='lat' dir='ltr'><strong>scriptoris</strong></span> <span class='ocrx_word' id='word_1_327' title='bbox 601 2205 963 2260; x_wconf 75' lang='lat' dir='ltr'><strong>excusatione</strong></span> <span class='ocrx_word' id='word_1_328' title='bbox 1002 2215 1059 2259; x_wconf 91' lang='lat' dir='ltr'><strong>et</strong></span> <span class='ocrx_word' id='word_1_329' title='bbox 1105 2206 1323 2260; x_wconf 76' lang='lat' dir='ltr'><strong>lectoris</strong></span> <span class='ocrx_word' id='word_1_330' title='bbox 1343 2204 1734 2268; x_wconf 74' lang='lat' dir='ltr'><strong>admmiitione,</strong></span> <span class='ocrx_word' id='word_1_331' title='bbox 1837 2214 1939 2275; x_wconf 71' lang='lat' dir='ltr'><strong>ptm</strong></span> <span class='ocrx_word' id='word_1_332' title='bbox 1990 2206 2044 2259; x_wconf 90' lang='lat' dir='ltr'><strong>in</strong></span> <span class='ocrx_word' id='word_1_333' title='bbox 2089 2205 2278 2262; x_wconf 88' lang='lat' dir='ltr'><strong>codice</strong></span> <span class='ocrx_word' id='word_1_334' title='bbox 2315 2207 2348 2260; x_wconf 90' lang='lat'><strong>4</strong></span> <span class='ocrx_word' id='word_1_335' title='bbox 2373 2221 2403 2261; x_wconf 86' lang='lat' dir='ltr'><strong>a</strong></span> <span class='ocrx_word' id='word_1_336' title='bbox 2431 2208 2700 2278; x_wconf 85' lang='lat' dir='ltr'><strong>scriptore</strong></span> <span class='ocrx_word' id='word_1_337' title='bbox 2747 2214 2807 2260; x_wconf 92' lang='lat' dir='ltr'><strong>ut</strong></span> <span class='ocrx_word' id='word_1_338' title='bbox 2847 2207 3058 2262; x_wconf 85' lang='lat' dir='ltr'><strong>videtur</strong></span> <span class='ocrx_word' id='word_1_339' title='bbox 3098 2206 3288 2277; x_wconf 81' lang='lat' dir='ltr'><strong>ignaro</strong></span> <span class='ocrx_word' id='word_1_340' title='bbox 3331 2205 3432 2259; x_wconf 86' lang='lat' dir='ltr'><strong>im-</strong></span> 
     </span>
    </p>
   </div>
   <div class='ocr_carea' id='block_1_26' title="bbox 176 2295 3430 2367">
    <p class='ocr_par' dir='ltr' id='par_1_26' title="bbox 176 2295 3430 2367">
     <span class='ocr_line' id='line_1_26' title="bbox 176 2295 3430 2367; baseline 0 -18"><span class='ocrx_word' id='word_1_341' title='bbox 176 2311 273 2365; x_wconf 77' lang='lat' dir='ltr'><strong>qute</strong></span> <span class='ocrx_word' id='word_1_342' title='bbox 295 2296 343 2350; x_wconf 92' lang='lat' dir='ltr'><strong>in</strong></span> <span class='ocrx_word' id='word_1_343' title='bbox 369 2295 559 2351; x_wconf 85' lang='lat' dir='ltr'><strong>codice</strong></span> <span class='ocrx_word' id='word_1_344' title='bbox 583 2297 619 2351; x_wconf 77' lang='grc' dir='ltr'>ὅ</span> <span class='ocrx_word' id='word_1_345' title='bbox 645 2296 681 2350; x_wconf 92' lang='lat' dir='ltr'><strong>l.</strong></span> <span class='ocrx_word' id='word_1_346' title='bbox 714 2313 791 2359; x_wconf 85' lang='lat' dir='ltr'><strong>tv,</strong></span> <span class='ocrx_word' id='word_1_347' title='bbox 818 2311 867 2352; x_wconf 90' lang='lat' dir='ltr'><strong>c.</strong></span> <span class='ocrx_word' id='word_1_348' title='bbox 898 2295 970 2351; x_wconf 81' lang='lat'><strong>40</strong></span> <span class='ocrx_word' id='word_1_349' title='bbox 999 2296 1368 2367; x_wconf 87' lang='lat' dir='ltr'><strong>reperiuntur,</strong></span> <span class='ocrx_word' id='word_1_350' title='bbox 1393 2295 1630 2351; x_wconf 82' lang='lat' dir='ltr'><strong>finierat.</strong></span> <span class='ocrx_word' id='word_1_351' title='bbox 1839 2306 2061 2352; x_wconf 75' lang='lat' dir='ltr'><strong>mutatu:</strong></span> <span class='ocrx_word' id='word_1_352' title='bbox 2100 2308 2247 2353; x_wconf 81' lang='lat' dir='ltr'><strong>sunt.</strong></span> <span class='ocrx_word' id='word_1_353' title='bbox 2293 2298 2373 2353; x_wconf 87' lang='lat' dir='ltr'><strong>lta</strong></span> <span class='ocrx_word' id='word_1_354' title='bbox 2405 2299 2441 2354; x_wconf 94' lang='lat' dir='ltr'><strong>l.</strong></span> <span class='ocrx_word' id='word_1_355' title='bbox 2468 2314 2551 2365; x_wconf 89' lang='grc' dir='ltr'><strong>ιιι,</strong></span> <span class='ocrx_word' id='word_1_356' title='bbox 2581 2315 2631 2354; x_wconf 90' lang='lat' dir='ltr'><strong>c.</strong></span> <span class='ocrx_word' id='word_1_357' title='bbox 2662 2299 2695 2354; x_wconf 83' lang='grc'>5</span> <span class='ocrx_word' id='word_1_358' title='bbox 2722 2308 2777 2354; x_wconf 91' lang='lat' dir='ltr'><strong>et</strong></span> <span class='ocrx_word' id='word_1_359' title='bbox 2797 2295 2890 2364; x_wconf 79' lang='lat'><strong>38,</strong></span> <span class='ocrx_word' id='word_1_360' title='bbox 2918 2298 3009 2353; x_wconf 92' lang='lat' dir='ltr'><strong>ubi</strong></span> <span class='ocrx_word' id='word_1_361' title='bbox 3041 2306 3230 2352; x_wconf 87' lang='lat' dir='ltr'><strong>auctor</strong></span> <span class='ocrx_word' id='word_1_362' title='bbox 3256 2295 3430 2352; x_wconf 88' lang='lat' dir='ltr'><strong>Sallu-</strong></span> 
     </span>
    </p>
   </div>
   <div class='ocr_carea' id='block_1_27' title="bbox 229 2386 3428 2461">
    <p class='ocr_par' dir='ltr' id='par_1_27' title="bbox 229 2386 3428 2461">
     <span class='ocr_line' id='line_1_27' title="bbox 229 2386 3428 2461; baseline 0 -20"><span class='ocrx_word' id='word_1_363' title='bbox 229 2386 396 2457; x_wconf 85' lang='lat' dir='ltr'><strong>Capita</strong></span> <span class='ocrx_word' id='word_1_364' title='bbox 426 2387 461 2441; x_wconf 93' lang='lat' dir='ltr'><strong>l.</strong></span> <span class='ocrx_word' id='word_1_365' title='bbox 496 2403 553 2441; x_wconf 85' lang='lat' dir='ltr'><strong>tv</strong></span> <span class='ocrx_word' id='word_1_366' title='bbox 582 2388 771 2451; x_wconf 82' lang='lat' dir='ltr'><strong>4l-4ti.</strong></span> <span class='ocrx_word' id='word_1_367' title='bbox 799 2388 1140 2444; x_wconf 76' lang='lat' dir='ltr'><strong>solummodo</strong></span> <span class='ocrx_word' id='word_1_368' title='bbox 1169 2397 1337 2460; x_wconf 80' lang='lat' dir='ltr'><strong>agunt</strong></span> <span class='ocrx_word' id='word_1_369' title='bbox 1368 2390 1432 2444; x_wconf 89' lang='lat' dir='ltr'><strong>de</strong></span> <span class='ocrx_word' id='word_1_370' title='bbox 1468 2389 1739 2460; x_wconf 81' lang='lat' dir='ltr'><strong>legatione</strong></span> <span class='ocrx_word' id='word_1_371' title='bbox 1837 2389 2002 2444; x_wconf 82' lang='lat' dir='ltr'><strong>stium</strong></span> <span class='ocrx_word' id='word_1_372' title='bbox 2039 2389 2280 2445; x_wconf 86' lang='lat' dir='ltr'><strong>imitatus</strong></span> <span class='ocrx_word' id='word_1_373' title='bbox 2309 2399 2449 2445; x_wconf 87' lang='lat' dir='ltr'><strong>erat.</strong></span> <span class='ocrx_word' id='word_1_374' title='bbox 2479 2390 2617 2458; x_wconf 86' lang='lat' dir='ltr'><strong>Quid</strong></span> <span class='ocrx_word' id='word_1_375' title='bbox 2662 2390 2804 2461; x_wconf 90' lang='lat' dir='ltr'><strong>quod</strong></span> <span class='ocrx_word' id='word_1_376' title='bbox 2835 2390 2916 2445; x_wconf 91' lang='lat' dir='ltr'><strong>vel</strong></span> <span class='ocrx_word' id='word_1_377' title='bbox 2957 2390 3070 2461; x_wconf 87' lang='lat' dir='ltr'><strong>ipsa</strong></span> <span class='ocrx_word' id='word_1_378' title='bbox 3113 2389 3278 2443; x_wconf 86' lang='lat' dir='ltr'><strong>verba</strong></span> <span class='ocrx_word' id='word_1_379' title='bbox 3306 2403 3428 2459; x_wconf 76' lang='lat' dir='ltr'><strong>qua:</strong></span> 
     </span>
    </p>
   </div>
   <div class='ocr_carea' id='block_1_28' title="bbox 175 2479 1750 2556">
    <p class='ocr_par' dir='ltr' id='par_1_28' title="bbox 175 2482 1736 2556">
     <span class='ocr_line' id='line_1_28' title="bbox 175 2482 1736 2556; baseline 0.003 -18"><span class='ocrx_word' id='word_1_380' title='bbox 175 2482 381 2538; x_wconf 70' lang='lat' dir='ltr'><strong>ecclesiae</strong></span> <span class='ocrx_word' id='word_1_381' title='bbox 412 2483 992 2554; x_wconf 74' lang='lat' dir='ltr'><strong>llammenburgiensis</strong></span> <span class='ocrx_word' id='word_1_382' title='bbox 1027 2485 1142 2539; x_wconf 86' lang='lat' dir='ltr'><strong>sive</strong></span> <span class='ocrx_word' id='word_1_383' title='bbox 1168 2487 1235 2540; x_wconf 88' lang='lat' dir='ltr'><strong>de</strong></span> <span class='ocrx_word' id='word_1_384' title='bbox 1268 2485 1512 2555; x_wconf 85' lang='lat' dir='ltr'><strong>ecclesiis</strong></span> <span class='ocrx_word' id='word_1_385' title='bbox 1539 2498 1736 2556; x_wconf 75' lang='lat' dir='ltr'><strong>praeter</strong></span> 
     </span>
    </p>
   </div>
   <div class='ocr_carea' id='block_1_29' title="bbox 1855 2479 3430 2556">
    <p class='ocr_par' dir='ltr' id='par_1_29' title="bbox 1855 2479 3430 2552">
     <span class='ocr_line' id='line_1_29' title="bbox 1855 2479 3430 2552; baseline 0.001 -18"><span class='ocrx_word' id='word_1_386' title='bbox 1855 2495 1903 2534; x_wconf 65' lang='grc' dir='ltr'><strong>ιιι</strong></span> <span class='ocrx_word' id='word_1_387' title='bbox 1949 2479 2189 2535; x_wconf 85' lang='lat' dir='ltr'><strong>lontibus</strong></span> <span class='ocrx_word' id='word_1_388' title='bbox 2231 2481 2345 2536; x_wconf 84' lang='lat' dir='ltr'><strong>suis</strong></span> <span class='ocrx_word' id='word_1_389' title='bbox 2369 2481 2611 2537; x_wconf 80' lang='lat' dir='ltr'><strong>Adamus</strong></span> <span class='ocrx_word' id='word_1_390' title='bbox 2640 2481 3075 2552; x_wconf 86' lang='lat' dir='ltr'><strong>deprompserat,</strong></span> <span class='ocrx_word' id='word_1_391' title='bbox 3117 2480 3170 2535; x_wconf 90' lang='lat' dir='ltr'><strong>in</strong></span> <span class='ocrx_word' id='word_1_392' title='bbox 3204 2480 3309 2535; x_wconf 81' lang='lat' dir='ltr'><strong>isto</strong></span> <span class='ocrx_word' id='word_1_393' title='bbox 3340 2495 3430 2535; x_wconf 83' lang='lat' dir='ltr'><strong>co-</strong></span> 
     </span>
    </p>
   </div>
   <div class='ocr_carea' id='block_1_30' title="bbox 177 2572 1752 2649">
    <p class='ocr_par' dir='ltr' id='par_1_30' title="bbox 177 2575 1737 2649">
     <span class='ocr_line' id='line_1_30' title="bbox 177 2575 1737 2649; baseline 0.006 -23"><span class='ocrx_word' id='word_1_394' title='bbox 177 2575 437 2631; x_wconf 81' lang='lat' dir='ltr'><strong>Saxonicas</strong></span> <span class='ocrx_word' id='word_1_395' title='bbox 481 2576 531 2630; x_wconf 90' lang='lat' dir='ltr'><strong>ei</strong></span> <span class='ocrx_word' id='word_1_396' title='bbox 589 2576 871 2646; x_wconf 73' lang='lat' dir='ltr'><strong>sul-jectis,</strong></span> <span class='ocrx_word' id='word_1_397' title='bbox 903 2577 954 2630; x_wconf 90' lang='lat' dir='ltr'><strong>in</strong></span> <span class='ocrx_word' id='word_1_398' title='bbox 1000 2578 1161 2632; x_wconf 86' lang='lat' dir='ltr'><strong>terris</strong></span> <span class='ocrx_word' id='word_1_399' title='bbox 1200 2592 1435 2649; x_wconf 64' lang='lat' dir='ltr'><strong>quiarum</strong></span> <span class='ocrx_word' id='word_1_400' title='bbox 1471 2579 1635 2633; x_wconf 87' lang='lat' dir='ltr'><strong>situm</strong></span> <span class='ocrx_word' id='word_1_401' title='bbox 1684 2591 1737 2636; x_wconf 88' lang='lat' dir='ltr'><strong>et</strong></span> 
     </span>
    </p>
   </div>
   <div class='ocr_carea' id='block_1_31' title="bbox 1853 2572 3428 2649">
    <p class='ocr_par' dir='ltr' id='par_1_31' title="bbox 1853 2572 3428 2643">
     <span class='ocr_line' id='line_1_31' title="bbox 1853 2572 3428 2643; baseline 0.001 -18"><span class='ocrx_word' id='word_1_402' title='bbox 1853 2572 1959 2627; x_wconf 86' lang='lat' dir='ltr'><strong>lice</strong></span> <span class='ocrx_word' id='word_1_403' title='bbox 1988 2588 2094 2626; x_wconf 87' lang='lat' dir='ltr'><strong>non</strong></span> <span class='ocrx_word' id='word_1_404' title='bbox 2119 2572 2351 2641; x_wconf 85' lang='lat' dir='ltr'><strong>amplius</strong></span> <span class='ocrx_word' id='word_1_405' title='bbox 2375 2573 2454 2627; x_wconf 85' lang='lat' dir='ltr'><strong>vel</strong></span> <span class='ocrx_word' id='word_1_406' title='bbox 2478 2573 2637 2628; x_wconf 85' lang='lat' dir='ltr'><strong>aliter</strong></span> <span class='ocrx_word' id='word_1_407' title='bbox 2666 2573 2932 2643; x_wconf 79' lang='lat' dir='ltr'><strong>legantur.</strong></span> <span class='ocrx_word' id='word_1_408' title='bbox 2967 2589 3016 2627; x_wconf 90' lang='lat' dir='ltr'><strong>v.</strong></span> <span class='ocrx_word' id='word_1_409' title='bbox 3043 2589 3093 2629; x_wconf 90' lang='lat' dir='ltr'><strong>c.</strong></span> <span class='ocrx_word' id='word_1_410' title='bbox 3122 2572 3157 2627; x_wconf 92' lang='lat' dir='ltr'><strong>l.</strong></span> <span class='ocrx_word' id='word_1_411' title='bbox 3187 2589 3230 2638; x_wconf 89' lang='grc' dir='ltr'><strong>ι,</strong></span> <span class='ocrx_word' id='word_1_412' title='bbox 3258 2588 3305 2629; x_wconf 91' lang='lat' dir='ltr'><strong>c.</strong></span> <span class='ocrx_word' id='word_1_413' title='bbox 3334 2572 3428 2637; x_wconf 82' lang='lat' dir='ltr'><strong>4i,</strong></span> 
     </span>
    </p>
   </div>
   <div class='ocr_carea' id='block_1_32' title="bbox 177 2664 1752 2743">
    <p class='ocr_par' dir='ltr' id='par_1_32' title="bbox 177 2665 1739 2743">
     <span class='ocr_line' id='line_1_32' title="bbox 177 2665 1739 2743; baseline 0.007 -26"><span class='ocrx_word' id='word_1_414' title='bbox 177 2665 347 2721; x_wconf 86' lang='lat' dir='ltr'><strong>incolas</strong></span> <span class='ocrx_word' id='word_1_415' title='bbox 379 2666 594 2722; x_wconf 85' lang='lat' dir='ltr'><strong>libellus</strong></span> <span class='ocrx_word' id='word_1_416' title='bbox 621 2667 700 2721; x_wconf 88' lang='lat' dir='ltr'><strong>De</strong></span> <span class='ocrx_word' id='word_1_417' title='bbox 724 2668 1094 2739; x_wconf 85' lang='lat' dir='ltr'><strong>descriptione</strong></span> <span class='ocrx_word' id='word_1_418' title='bbox 1128 2670 1427 2725; x_wconf 85' lang='lat' dir='ltr'><strong>insularum</strong></span> <span class='ocrx_word' id='word_1_419' title='bbox 1456 2672 1739 2743; x_wconf 84' lang='lat' dir='ltr'><strong>Aquilonis</strong></span> 
     </span>
    </p>
   </div>
   <div class='ocr_carea' id='block_1_33' title="bbox 1853 2664 3428 2743">
    <p class='ocr_par' dir='ltr' id='par_1_33' title="bbox 1853 2664 3428 2737">
     <span class='ocr_line' id='line_1_33' title="bbox 1853 2664 3428 2737; baseline 0.003 -22"><span class='ocrx_word' id='word_1_420' title='bbox 1853 2664 2001 2718; x_wconf 77' lang='lat' dir='ltr'><strong>verba</strong></span> <span class='ocrx_word' id='word_1_421' title='bbox 2046 2664 2302 2729; x_wconf 84' lang='lat' dir='ltr'><strong>Bovonis,</strong></span> <span class='ocrx_word' id='word_1_422' title='bbox 2336 2680 2382 2719; x_wconf 93' lang='lat' dir='ltr'><strong>c.</strong></span> <span class='ocrx_word' id='word_1_423' title='bbox 2410 2665 2501 2731; x_wconf 83' lang='lat'><strong>46,</strong></span> <span class='ocrx_word' id='word_1_424' title='bbox 2536 2666 2778 2728; x_wconf 85' lang='lat' dir='ltr'><strong>verbum,</strong></span> <span class='ocrx_word' id='word_1_425' title='bbox 2812 2665 2956 2735; x_wconf 90' lang='lat' dir='ltr'><strong>quod</strong></span> <span class='ocrx_word' id='word_1_426' title='bbox 2985 2665 3101 2733; x_wconf 87' lang='lat' dir='ltr'><strong>ipse</strong></span> <span class='ocrx_word' id='word_1_427' title='bbox 3146 2666 3428 2737; x_wconf 66' lang='lat' dir='ltr'><strong>praedicat,</strong></span> 
     </span>
    </p>
   </div>
   <div class='ocr_carea' id='block_1_34' title="bbox 180 2754 3433 2831">
    <p class='ocr_par' dir='ltr' id='par_1_34' title="bbox 180 2754 3433 2831">
     <span class='ocr_line' id='line_1_34' title="bbox 180 2754 3433 2831; baseline 0.006 -21"><span class='ocrx_word' id='word_1_428' title='bbox 180 2756 393 2813; x_wconf 84' lang='lat' dir='ltr'><strong>illustrat.</strong></span> <span class='ocrx_word' id='word_1_429' title='bbox 425 2758 610 2827; x_wconf 80' lang='lat' dir='ltr'><strong>Quare</strong></span> <span class='ocrx_word' id='word_1_430' title='bbox 636 2760 751 2815; x_wconf 64' lang='lat' dir='ltr'><strong>hate</strong></span> <span class='ocrx_word' id='word_1_431' title='bbox 778 2759 975 2831; x_wconf 86' lang='lat' dir='ltr'><strong>capita,</strong></span> <span class='ocrx_word' id='word_1_432' title='bbox 1005 2770 1063 2815; x_wconf 91' lang='lat' dir='ltr'><strong>ut</strong></span> <span class='ocrx_word' id='word_1_433' title='bbox 1093 2763 1248 2816; x_wconf 86' lang='lat' dir='ltr'><strong>nobis</strong></span> <span class='ocrx_word' id='word_1_434' title='bbox 1279 2763 1508 2829; x_wconf 79' lang='lat' dir='ltr'><strong>videtur,</strong></span> <span class='ocrx_word' id='word_1_435' title='bbox 1541 2767 1739 2825; x_wconf 85' lang='lat' dir='ltr'><strong>rectius</strong></span> <span class='ocrx_word' id='word_1_436' title='bbox 1842 2754 2016 2810; x_wconf 67' lang='grc' dir='ltr'>ιιοῦῖιθ</span> <span class='ocrx_word' id='word_1_437' title='bbox 2042 2755 2327 2811; x_wconf 70' lang='lat' dir='ltr'><strong>“imbcl‘li-</strong></span> <span class='ocrx_word' id='word_1_438' title='bbox 2360 2756 2422 2811; x_wconf 74' lang='lat' dir='ltr'><strong>L-</strong></span> <span class='ocrx_word' id='word_1_439' title='bbox 2451 2773 2489 2823; x_wconf 66' lang='grc'><strong>1,</strong></span> <span class='ocrx_word' id='word_1_440' title='bbox 2521 2773 2569 2812; x_wconf 76' lang='grc' dir='ltr'><strong>ε·</strong></span> <span class='ocrx_word' id='word_1_441' title='bbox 2596 2757 2686 2823; x_wconf 61' lang='grc' dir='ltr'><strong>δι’</strong></span> <span class='ocrx_word' id='word_1_442' title='bbox 2714 2774 2834 2828; x_wconf 54' lang='lat' dir='ltr'><strong>(limi</strong></span> <span class='ocrx_word' id='word_1_443' title='bbox 2860 2756 3148 2813; x_wconf 58' lang='lat' dir='ltr'><strong>“Nam”?</strong></span> <span class='ocrx_word' id='word_1_444' title='bbox 3174 2773 3241 2814; x_wconf 62' lang='grc' dir='ltr'><strong>ει</strong></span> <span class='ocrx_word' id='word_1_445' title='bbox 3266 2760 3433 2829; x_wconf 68' lang='lat' dir='ltr'><strong>8‘35‘is</strong></span> 
     </span>
    </p>
   </div>
   <div class='ocr_carea' id='block_1_35' title="bbox 182 2847 3433 2924">
    <p class='ocr_par' dir='ltr' id='par_1_35' title="bbox 182 2847 3433 2924">
     <span class='ocr_line' id='line_1_35' title="bbox 182 2847 3433 2924; baseline 0 -21"><span class='ocrx_word' id='word_1_446' title='bbox 182 2848 285 2904; x_wconf 84' lang='lat' dir='ltr'><strong>huic</strong></span> <span class='ocrx_word' id='word_1_447' title='bbox 325 2850 496 2906; x_wconf 87' lang='lat' dir='ltr'><strong>libello</strong></span> <span class='ocrx_word' id='word_1_448' title='bbox 543 2852 967 2922; x_wconf 64' lang='lat' dir='ltr'><strong>praeposuisset,</strong></span> <span class='ocrx_word' id='word_1_449' title='bbox 1026 2869 1147 2924; x_wconf 69' lang='lat' dir='ltr'><strong>qua:</strong></span> <span class='ocrx_word' id='word_1_450' title='bbox 1201 2854 1339 2909; x_wconf 80' lang='lat' dir='ltr'><strong>libro</strong></span> <span class='ocrx_word' id='word_1_451' title='bbox 1396 2859 1747 2915; x_wconf 66' lang='lat' dir='ltr'><strong>antecedeuii</strong></span> <span class='ocrx_word' id='word_1_452' title='bbox 1842 2847 2191 2903; x_wconf 81' lang='lat' dir='ltr'><strong>S.llimbcrti</strong></span> <span class='ocrx_word' id='word_1_453' title='bbox 2246 2848 2319 2903; x_wconf 86' lang='lat' dir='ltr'><strong>ita</strong></span> <span class='ocrx_word' id='word_1_454' title='bbox 2377 2849 2658 2904; x_wconf 90' lang='lat' dir='ltr'><strong>immutata</strong></span> <span class='ocrx_word' id='word_1_455' title='bbox 2711 2859 2836 2903; x_wconf 88' lang='lat' dir='ltr'><strong>sunt</strong></span> <span class='ocrx_word' id='word_1_456' title='bbox 2887 2857 2943 2904; x_wconf 87' lang='lat' dir='ltr'><strong>et</strong></span> <span class='ocrx_word' id='word_1_457' title='bbox 2989 2849 3322 2917; x_wconf 86' lang='lat' dir='ltr'><strong>adulterata,</strong></span> <span class='ocrx_word' id='word_1_458' title='bbox 3373 2858 3433 2904; x_wconf 91' lang='lat' dir='ltr'><strong>ut</strong></span> 
     </span>
    </p>
   </div>
   <div class='ocr_carea' id='block_1_36' title="bbox 181 2938 3431 3016">
    <p class='ocr_par' dir='ltr' id='par_1_36' title="bbox 181 2938 3431 3016">
     <span class='ocr_line' id='line_1_36' title="bbox 181 2938 3431 3016; baseline 0 -22"><span class='ocrx_word' id='word_1_459' title='bbox 181 2941 356 2996; x_wconf 79' lang='lat' dir='ltr'><strong>addidit</strong></span> <span class='ocrx_word' id='word_1_460' title='bbox 403 2951 457 2997; x_wconf 83' lang='lat' dir='ltr'><strong>et</strong></span> <span class='ocrx_word' id='word_1_461' title='bbox 505 2943 595 3000; x_wconf 78' lang='lat' dir='ltr'><strong>vel</strong></span> <span class='ocrx_word' id='word_1_462' title='bbox 644 2959 744 3014; x_wconf 84' lang='lat' dir='ltr'><strong>per</strong></span> <span class='ocrx_word' id='word_1_463' title='bbox 788 2945 961 3014; x_wconf 85' lang='lat' dir='ltr'><strong>ipsam</strong></span> <span class='ocrx_word' id='word_1_464' title='bbox 1010 2945 1331 3016; x_wconf 76' lang='lat' dir='ltr'><strong>particulam</strong></span> <span class='ocrx_word' id='word_1_465' title='bbox 1391 2958 1564 3002; x_wconf 65' lang='lat' dir='ltr'><strong>autem</strong></span> <span class='ocrx_word' id='word_1_466' title='bbox 1613 2966 1736 3005; x_wconf 68' lang='lat' dir='ltr'><strong>cum</strong></span> <span class='ocrx_word' id='word_1_467' title='bbox 1841 2955 1949 2994; x_wconf 91' lang='lat' dir='ltr'><strong>non</strong></span> <span class='ocrx_word' id='word_1_468' title='bbox 2004 2939 2105 3008; x_wconf 90' lang='lat' dir='ltr'><strong>ipsi</strong></span> <span class='ocrx_word' id='word_1_469' title='bbox 2152 2939 2364 2994; x_wconf 79' lang='lat' dir='ltr'><strong>auctori</strong></span> <span class='ocrx_word' id='word_1_470' title='bbox 2417 2949 2626 3003; x_wconf 91' lang='lat' dir='ltr'><strong>nostro,</strong></span> <span class='ocrx_word' id='word_1_471' title='bbox 2677 2938 2771 2993; x_wconf 90' lang='lat' dir='ltr'><strong>sed</strong></span> <span class='ocrx_word' id='word_1_472' title='bbox 2818 2938 3101 3008; x_wconf 85' lang='lat' dir='ltr'><strong>scriptoris</strong></span> <span class='ocrx_word' id='word_1_473' title='bbox 3148 2941 3431 3011; x_wconf 81' lang='lat' dir='ltr'><strong>cujusdam</strong></span> 
     </span>
    </p>
   </div>
   <div class='ocr_carea' id='block_1_37' title="bbox 181 3029 3429 3105">
    <p class='ocr_par' dir='ltr' id='par_1_37' title="bbox 181 3029 3429 3105">
     <span class='ocr_line' id='line_1_37' title="bbox 181 3029 3429 3105; baseline 0.002 -18"><span class='ocrx_word' id='word_1_474' title='bbox 181 3034 407 3102; x_wconf 76' lang='lat' dir='ltr'><strong>capitem</strong></span> <span class='ocrx_word' id='word_1_475' title='bbox 433 3034 737 3105; x_wconf 79' lang='lat' dir='ltr'><strong>conjunxit.</strong></span> <span class='ocrx_word' id='word_1_476' title='bbox 768 3035 882 3092; x_wconf 86' lang='lat' dir='ltr'><strong>Hoc</strong></span> <span class='ocrx_word' id='word_1_477' title='bbox 912 3036 984 3091; x_wconf 88' lang='lat' dir='ltr'><strong>ita</strong></span> <span class='ocrx_word' id='word_1_478' title='bbox 1017 3051 1113 3105; x_wconf 86' lang='lat' dir='ltr'><strong>per</strong></span> <span class='ocrx_word' id='word_1_479' title='bbox 1133 3038 1399 3092; x_wconf 81' lang='lat' dir='ltr'><strong>Atlamum</strong></span> <span class='ocrx_word' id='word_1_480' title='bbox 1431 3038 1734 3094; x_wconf 76' lang='lat' dir='ltr'><strong>institutum</strong></span> <span class='ocrx_word' id='word_1_481' title='bbox 1771 3092 1809 3105; x_wconf 55' lang='grc' dir='ltr'><strong>Α</strong></span> <span class='ocrx_word' id='word_1_482' title='bbox 1843 3030 2185 3100; x_wconf 74' lang='lat' dir='ltr'><strong>ineptissimo</strong></span> <span class='ocrx_word' id='word_1_483' title='bbox 2251 3029 2560 3102; x_wconf 75' lang='lat' dir='ltr'><strong>corrigendi</strong></span> <span class='ocrx_word' id='word_1_484' title='bbox 2617 3031 2852 3101; x_wconf 79' lang='lat' dir='ltr'><strong>pruritui</strong></span> <span class='ocrx_word' id='word_1_485' title='bbox 2918 3030 3156 3087; x_wconf 80' lang='lat' dir='ltr'><strong>tribuere</strong></span> <span class='ocrx_word' id='word_1_486' title='bbox 3221 3041 3429 3087; x_wconf 78' lang='lat' dir='ltr'><strong>tantum</strong></span> 
     </span>
    </p>
   </div>
   <div class='ocr_carea' id='block_1_38' title="bbox 180 3092 1755 3215">
    <p class='ocr_par' dir='ltr' id='par_1_38' title="bbox 180 3125 1735 3215">
     <span class='ocr_line' id='line_1_38' title="bbox 180 3125 1735 3215; baseline 0.006 -36"><span class='ocrx_word' id='word_1_487' title='bbox 180 3137 279 3179; x_wconf 82' lang='lat' dir='ltr'><strong>esse</strong></span> <span class='ocrx_word' id='word_1_488' title='bbox 312 3125 394 3180; x_wconf 85' lang='lat' dir='ltr'><strong>vix</strong></span> <span class='ocrx_word' id='word_1_489' title='bbox 434 3128 732 3183; x_wconf 88' lang='lat' dir='ltr'><strong>credimus.</strong></span> <span class='ocrx_word' id='word_1_490' title='bbox 775 3126 861 3183; x_wconf 83' lang='lat' dir='ltr'><strong>Ab</strong></span> <span class='ocrx_word' id='word_1_491' title='bbox 905 3129 1012 3184; x_wconf 87' lang='lat' dir='ltr'><strong>alio</strong></span> <span class='ocrx_word' id='word_1_492' title='bbox 1052 3145 1215 3200; x_wconf 90' lang='lat' dir='ltr'><strong>quam</strong></span> <span class='ocrx_word' id='word_1_493' title='bbox 1257 3131 1325 3186; x_wconf 86' lang='lat' dir='ltr'><strong>ab</strong></span> <span class='ocrx_word' id='word_1_494' title='bbox 1365 3132 1481 3215; x_wconf 80' lang='lat' dir='ltr'><strong>ipso</strong></span> <span class='ocrx_word' id='word_1_495' title='bbox 1516 3144 1735 3189; x_wconf 88' lang='lat' dir='ltr'><strong>auctore</strong></span> 
     </span>
    </p>
   </div>
   <div class='ocr_carea' id='block_1_39' title="bbox 1435 3092 3010 3215">
    <p class='ocr_par' dir='ltr' id='par_1_39' title="bbox 1435 3092 3010 3215">
     <span class='ocr_line' id='line_1_39' title="bbox 1435 3092 3010 3215; baseline 0.003 -29"><span class='ocrx_word' id='word_1_496' title='bbox 1435 3149 1481 3187; x_wconf 75' lang='grc' dir='ltr'><strong>ιο</strong></span> <span class='ocrx_word' id='word_1_497' title='bbox 1516 3144 1735 3189; x_wconf 88' lang='lat' dir='ltr'><strong>auctore</strong></span> <span class='ocrx_word' id='word_1_498' title='bbox 1765 3092 1810 3152; x_wconf 59' lang='grc' dir='ltr'>ϐ</span> <span class='ocrx_word' id='word_1_499' title='bbox 1842 3122 2036 3215; x_wconf 70' lang='lat' dir='ltr'><strong>possis.</strong></span> <span class='ocrx_word' id='word_1_500' title='bbox 2084 3213 2130 3215; x_wconf 10' lang='grc' dir='ltr'><strong>γ’</strong></span> <span class='ocrx_word' id='word_1_501' title='bbox 2190 3214 2197 3215; x_wconf 14' lang='lat'><em>7</em></span> <span class='ocrx_word' id='word_1_502' title='bbox 2482 3213 2491 3215; x_wconf 9' lang='grc' dir='ltr'><em>ᾗ</em></span> <span class='ocrx_word' id='word_1_503' title='bbox 2638 3214 2647 3215; x_wconf 16' lang='lat'><em>7</em></span> <span class='ocrx_word' id='word_1_504' title='bbox 2770 3214 2777 3215; x_wconf 11' lang='grc' dir='ltr'>ί</span> <span class='ocrx_word' id='word_1_505' title='bbox 2933 3175 2935 3178; x_wconf 59' lang='grc'>‹</span> <span class='ocrx_word' id='word_1_506' title='bbox 3006 3188 3010 3191; x_wconf 87' lang='grc'><strong>.</strong></span> 
     </span>
    </p>
   </div>
   <div class='ocr_carea' id='block_1_40' title="bbox 181 3213 1756 3291">
    <p class='ocr_par' dir='ltr' id='par_1_40' title="bbox 181 3213 1736 3291">
     <span class='ocr_line' id='line_1_40' title="bbox 181 3213 1736 3291; baseline 0.008 -25"><span class='ocrx_word' id='word_1_507' title='bbox 181 3222 272 3268; x_wconf 87' lang='grc' dir='ltr'><strong>ιιιιιι</strong></span> <span class='ocrx_word' id='word_1_508' title='bbox 299 3216 423 3283; x_wconf 77' lang='lat' dir='ltr'><strong>lucc,</strong></span> <span class='ocrx_word' id='word_1_509' title='bbox 454 3228 565 3273; x_wconf 91' lang='lat' dir='ltr'><strong>tum</strong></span> <span class='ocrx_word' id='word_1_510' title='bbox 602 3218 853 3289; x_wconf 86' lang='lat' dir='ltr'><strong>repetitio</strong></span> <span class='ocrx_word' id='word_1_511' title='bbox 881 3235 1086 3291; x_wconf 79' lang='lat' dir='ltr'><strong>magnae</strong></span> <span class='ocrx_word' id='word_1_512' title='bbox 1114 3222 1284 3291; x_wconf 87' lang='lat' dir='ltr'><strong>partis</strong></span> <span class='ocrx_word' id='word_1_513' title='bbox 1310 3221 1344 3275; x_wconf 91' lang='lat' dir='ltr'><strong>l.</strong></span> <span class='ocrx_word' id='word_1_514' title='bbox 1371 3213 1453 3289; x_wconf 78' lang='grc' dir='ltr'><strong>ιιι,</strong></span> <span class='ocrx_word' id='word_1_515' title='bbox 1483 3240 1534 3279; x_wconf 91' lang='lat' dir='ltr'><strong>c.</strong></span> <span class='ocrx_word' id='word_1_516' title='bbox 1559 3222 1648 3289; x_wconf 61' lang='lat'><strong>35,</strong></span> <span class='ocrx_word' id='word_1_517' title='bbox 1682 3227 1736 3278; x_wconf 88' lang='lat' dir='ltr'><strong>in</strong></span> 
     </span>
    </p>
   </div>
   <div class='ocr_carea' id='block_1_41' title="bbox 1854 3213 3429 3291">
    <p class='ocr_par' dir='ltr' id='par_1_41' title="bbox 1911 3213 3429 3287">
     <span class='ocr_line' id='line_1_41' title="bbox 1911 3213 3429 3287; baseline 0 -19"><span class='ocrx_word' id='word_1_518' title='bbox 1911 3213 1967 3268; x_wconf 90' lang='lat' dir='ltr'><strong>Si</strong></span> <span class='ocrx_word' id='word_1_519' title='bbox 2003 3213 2132 3283; x_wconf 90' lang='lat' dir='ltr'><strong>quid</strong></span> <span class='ocrx_word' id='word_1_520' title='bbox 2169 3214 2385 3269; x_wconf 89' lang='lat' dir='ltr'><strong>deesset</strong></span> <span class='ocrx_word' id='word_1_521' title='bbox 2427 3213 2494 3268; x_wconf 88' lang='lat' dir='ltr'><strong>ad</strong></span> <span class='ocrx_word' id='word_1_522' title='bbox 2536 3214 2875 3286; x_wconf 88' lang='lat' dir='ltr'><strong>probandum</strong></span> <span class='ocrx_word' id='word_1_523' title='bbox 2909 3215 3052 3287; x_wconf 88' lang='lat' dir='ltr'><strong>quod</strong></span> <span class='ocrx_word' id='word_1_524' title='bbox 3094 3215 3264 3271; x_wconf 86' lang='lat' dir='ltr'><strong>codex</strong></span> <span class='ocrx_word' id='word_1_525' title='bbox 3293 3215 3328 3269; x_wconf 85' lang='lat'><strong>4</strong></span> <span class='ocrx_word' id='word_1_526' title='bbox 3363 3215 3429 3269; x_wconf 76' lang='lat' dir='ltr'><strong>ab</strong></span> 
     </span>
    </p>
   </div>
   <div class='ocr_carea' id='block_1_42' title="bbox 180 3303 3433 3384">
    <p class='ocr_par' dir='ltr' id='par_1_42' title="bbox 180 3303 3433 3384">
     <span class='ocr_line' id='line_1_42' title="bbox 180 3303 3433 3384; baseline 0.006 -26"><span class='ocrx_word' id='word_1_527' title='bbox 180 3306 326 3376; x_wconf 86' lang='lat' dir='ltr'><strong>capite</strong></span> <span class='ocrx_word' id='word_1_528' title='bbox 347 3308 411 3362; x_wconf 86' lang='lat'><strong>70</strong></span> <span class='ocrx_word' id='word_1_529' title='bbox 438 3310 582 3369; x_wconf 78' lang='lat' dir='ltr'><strong>(cod.</strong></span> <span class='ocrx_word' id='word_1_530' title='bbox 610 3308 647 3363; x_wconf 78' lang='lat'><strong>3</strong></span> <span class='ocrx_word' id='word_1_531' title='bbox 674 3309 710 3362; x_wconf 92' lang='lat' dir='ltr'><strong>I.</strong></span> <span class='ocrx_word' id='word_1_532' title='bbox 740 3325 814 3376; x_wconf 84' lang='lat' dir='ltr'><strong>tv,</strong></span> <span class='ocrx_word' id='word_1_533' title='bbox 844 3325 893 3366; x_wconf 91' lang='lat' dir='ltr'><strong>c.</strong></span> <span class='ocrx_word' id='word_1_534' title='bbox 920 3310 1012 3381; x_wconf 77' lang='grc'><strong>42)</strong></span> <span class='ocrx_word' id='word_1_535' title='bbox 1037 3312 1246 3367; x_wconf 83' lang='lat' dir='ltr'><strong>facilius</strong></span> <span class='ocrx_word' id='word_1_536' title='bbox 1279 3313 1392 3367; x_wconf 79' lang='lat' dir='ltr'><strong>fieri</strong></span> <span class='ocrx_word' id='word_1_537' title='bbox 1423 3324 1735 3384; x_wconf 86' lang='lat' dir='ltr'><strong>potuerunt.</strong></span> <span class='ocrx_word' id='word_1_538' title='bbox 1837 3303 2047 3358; x_wconf 69' lang='grc' dir='ltr'><strong>Αίιίδηὶο</strong></span> <span class='ocrx_word' id='word_1_539' title='bbox 2087 3305 2205 3375; x_wconf 66' lang='lat' dir='ltr'><strong>ipso</strong></span> <span class='ocrx_word' id='word_1_540' title='bbox 2235 3303 2513 3373; x_wconf 69' lang='lat' dir='ltr'><strong>Pmrccms</strong></span> <span class='ocrx_word' id='word_1_541' title='bbox 2544 3320 2652 3359; x_wconf 77' lang='lat'><strong>“0&quot;</strong></span> <span class='ocrx_word' id='word_1_542' title='bbox 2682 3304 2773 3369; x_wconf 62' lang='grc' dir='ltr'><strong>δίει</strong></span> <span class='ocrx_word' id='word_1_543' title='bbox 2815 3304 3076 3359; x_wconf 53' lang='lat' dir='ltr'><strong>{Minime</strong></span> <span class='ocrx_word' id='word_1_544' title='bbox 3117 3305 3342 3376; x_wconf 71' lang='grc' dir='ltr'><strong>ίυιειιῖεί</strong></span> <span class='ocrx_word' id='word_1_545' title='bbox 3377 3305 3433 3359; x_wconf 55' lang='lat' dir='ltr'><strong>id</strong></span> 
     </span>
    </p>
   </div>
   <div class='ocr_carea' id='block_1_43' title="bbox 182 3395 3432 3473">
    <p class='ocr_par' dir='ltr' id='par_1_43' title="bbox 182 3395 3432 3473">
     <span class='ocr_line' id='line_1_43' title="bbox 182 3395 3432 3473; baseline 0.003 -23"><span class='ocrx_word' id='word_1_546' title='bbox 182 3396 228 3451; x_wconf 87' lang='lat' dir='ltr'><strong>Si</strong></span> <span class='ocrx_word' id='word_1_547' title='bbox 252 3412 367 3455; x_wconf 81' lang='lat' dir='ltr'><strong>vero</strong></span> <span class='ocrx_word' id='word_1_548' title='bbox 398 3402 463 3455; x_wconf 86' lang='lat' dir='ltr'><strong>ad</strong></span> <span class='ocrx_word' id='word_1_549' title='bbox 500 3402 720 3456; x_wconf 79' lang='lat' dir='ltr'><strong>dicendi</strong></span> <span class='ocrx_word' id='word_1_550' title='bbox 775 3418 945 3473; x_wconf 79' lang='lat' dir='ltr'><strong>genus</strong></span> <span class='ocrx_word' id='word_1_551' title='bbox 982 3414 1037 3458; x_wconf 84' lang='lat' dir='ltr'><strong>et</strong></span> <span class='ocrx_word' id='word_1_552' title='bbox 1071 3403 1309 3459; x_wconf 70' lang='lat' dir='ltr'><strong>Sallustii</strong></span> <span class='ocrx_word' id='word_1_553' title='bbox 1375 3406 1735 3461; x_wconf 86' lang='lat' dir='ltr'><strong>imitationem</strong></span> <span class='ocrx_word' id='word_1_554' title='bbox 1838 3402 2035 3463; x_wconf 70' lang='lat' dir='ltr'><strong>Potest.</strong></span> <span class='ocrx_word' id='word_1_555' title='bbox 2068 3395 2113 3449; x_wconf 85' lang='lat' dir='ltr'><strong>si</strong></span> <span class='ocrx_word' id='word_1_556' title='bbox 2153 3398 2472 3449; x_wconf 71' lang='lat' dir='ltr'><strong>altendutur</strong></span> <span class='ocrx_word' id='word_1_557' title='bbox 2500 3410 2665 3464; x_wconf 80' lang='lat' dir='ltr'><strong>quam</strong></span> <span class='ocrx_word' id='word_1_558' title='bbox 2698 3396 2881 3464; x_wconf 78' lang='lat' dir='ltr'><strong>inepte</strong></span> <span class='ocrx_word' id='word_1_559' title='bbox 2909 3396 3116 3451; x_wconf 84' lang='lat' dir='ltr'><strong>scholia</strong></span> <span class='ocrx_word' id='word_1_560' title='bbox 3160 3398 3432 3467; x_wconf 50' lang='lat' dir='ltr'><strong>marcium</strong></span> 
     </span>
    </p>
   </div>
   <div class='ocr_carea' id='block_1_44' title="bbox 182 3484 1757 3569">
    <p class='ocr_par' dir='ltr' id='par_1_44' title="bbox 182 3490 1735 3569">
     <span class='ocr_line' id='line_1_44' title="bbox 182 3490 1735 3569; baseline 0.008 -30"><span class='ocrx_word' id='word_1_561' title='bbox 182 3490 477 3556; x_wconf 81' lang='lat' dir='ltr'><strong>attenderis,</strong></span> <span class='ocrx_word' id='word_1_562' title='bbox 514 3494 697 3562; x_wconf 86' lang='lat' dir='ltr'><strong>capita</strong></span> <span class='ocrx_word' id='word_1_563' title='bbox 742 3493 932 3548; x_wconf 89' lang='lat' dir='ltr'><strong>ultima</strong></span> <span class='ocrx_word' id='word_1_564' title='bbox 967 3495 1088 3551; x_wconf 90' lang='lat' dir='ltr'><strong>libri</strong></span> <span class='ocrx_word' id='word_1_565' title='bbox 1133 3496 1275 3555; x_wconf 88' lang='lat' dir='ltr'><strong>tertii</strong></span> <span class='ocrx_word' id='word_1_566' title='bbox 1315 3497 1405 3551; x_wconf 81' lang='lat' dir='ltr'><strong>vix</strong></span> <span class='ocrx_word' id='word_1_567' title='bbox 1447 3497 1537 3552; x_wconf 89' lang='lat' dir='ltr'><strong>alii</strong></span> <span class='ocrx_word' id='word_1_568' title='bbox 1573 3514 1735 3569; x_wconf 88' lang='lat' dir='ltr'><strong>quam</strong></span> 
     </span>
    </p>
   </div>
   <div class='ocr_carea' id='block_1_45' title="bbox 1856 3484 3431 3569">
    <p class='ocr_par' dir='ltr' id='par_1_45' title="bbox 1862 3484 3431 3556">
     <span class='ocr_line' id='line_1_45' title="bbox 1862 3484 3431 3556; baseline 0.001 -18"><span class='ocrx_word' id='word_1_569' title='bbox 1862 3484 1908 3538; x_wconf 85' lang='lat' dir='ltr'><strong>ia</strong></span> <span class='ocrx_word' id='word_1_570' title='bbox 1952 3485 2123 3539; x_wconf 80' lang='lat' dir='ltr'><strong>textui</strong></span> <span class='ocrx_word' id='word_1_571' title='bbox 2165 3485 2277 3539; x_wconf 91' lang='lat' dir='ltr'><strong>sint</strong></span> <span class='ocrx_word' id='word_1_572' title='bbox 2317 3487 2544 3540; x_wconf 89' lang='lat' dir='ltr'><strong>inserta.</strong></span> <span class='ocrx_word' id='word_1_573' title='bbox 2588 3485 2763 3541; x_wconf 81' lang='lat' dir='ltr'><strong>Veluti</strong></span> <span class='ocrx_word' id='word_1_574' title='bbox 2811 3486 2847 3539; x_wconf 92' lang='grc' dir='ltr'><strong>Ι.</strong></span> <span class='ocrx_word' id='word_1_575' title='bbox 2881 3502 2922 3551; x_wconf 94' lang='grc' dir='ltr'><strong>ι,</strong></span> <span class='ocrx_word' id='word_1_576' title='bbox 2954 3502 3003 3540; x_wconf 92' lang='lat' dir='ltr'><strong>c.</strong></span> <span class='ocrx_word' id='word_1_577' title='bbox 3033 3485 3123 3552; x_wconf 84' lang='lat'><strong>51,</strong></span> <span class='ocrx_word' id='word_1_578' title='bbox 3156 3486 3246 3541; x_wconf 89' lang='lat' dir='ltr'><strong>ubi</strong></span> <span class='ocrx_word' id='word_1_579' title='bbox 3280 3501 3431 3556; x_wconf 86' lang='lat' dir='ltr'><strong>repe-</strong></span> 
     </span>
    </p>
   </div>
   <div class='ocr_carea' id='block_1_46' title="bbox 184 3570 3429 3653">
    <p class='ocr_par' dir='ltr' id='par_1_46' title="bbox 184 3570 3429 3653">
     <span class='ocr_line' id='line_1_46' title="bbox 184 3570 3429 3653; baseline 0.001 -24"><span class='ocrx_word' id='word_1_580' title='bbox 184 3575 264 3646; x_wconf 85' lang='lat' dir='ltr'><strong>ipsi</strong></span> <span class='ocrx_word' id='word_1_581' title='bbox 287 3581 479 3636; x_wconf 77' lang='lat' dir='ltr'><strong>Adamo</strong></span> <span class='ocrx_word' id='word_1_582' title='bbox 511 3572 794 3638; x_wconf 88' lang='lat' dir='ltr'><strong>ascribere</strong></span> <span class='ocrx_word' id='word_1_583' title='bbox 821 3585 1046 3653; x_wconf 84' lang='lat' dir='ltr'><strong>poteris.</strong></span> <span class='ocrx_word' id='word_1_584' title='bbox 1752 3570 1765 3579; x_wconf 77' lang='grc'><em>’</em></span> <span class='ocrx_word' id='word_1_585' title='bbox 1839 3578 2056 3633; x_wconf 86' lang='lat' dir='ltr'><strong>riuntur</strong></span> <span class='ocrx_word' id='word_1_586' title='bbox 2079 3593 2199 3650; x_wconf 62' lang='lat' dir='ltr'><strong>quae</strong></span> <span class='ocrx_word' id='word_1_587' title='bbox 2220 3579 2292 3635; x_wconf 87' lang='lat' dir='ltr'><strong>de</strong></span> <span class='ocrx_word' id='word_1_588' title='bbox 2311 3579 2519 3634; x_wconf 83' lang='lat' dir='ltr'><strong>Amulli</strong></span> <span class='ocrx_word' id='word_1_589' title='bbox 2546 3579 2688 3651; x_wconf 80' lang='lat' dir='ltr'><strong>regis</strong></span> <span class='ocrx_word' id='word_1_590' title='bbox 2716 3588 2890 3634; x_wconf 90' lang='lat' dir='ltr'><strong>morte</strong></span> <span class='ocrx_word' id='word_1_591' title='bbox 2924 3580 2978 3633; x_wconf 92' lang='lat' dir='ltr'><strong>in</strong></span> <span class='ocrx_word' id='word_1_592' title='bbox 3008 3578 3215 3634; x_wconf 82' lang='lat' dir='ltr'><strong>scholio</strong></span> <span class='ocrx_word' id='word_1_593' title='bbox 3240 3578 3306 3632; x_wconf 84' lang='lat'><strong>10</strong></span> <span class='ocrx_word' id='word_1_594' title='bbox 3338 3579 3429 3633; x_wconf 88' lang='lat' dir='ltr'><strong>iti-</strong></span> 
     </span>
    </p>
   </div>
   <div class='ocr_carea' id='block_1_47' title="bbox 236 3662 3437 3749">
    <p class='ocr_par' dir='ltr' id='par_1_47' title="bbox 236 3662 3437 3749">
     <span class='ocr_line' id='line_1_47' title="bbox 236 3662 3437 3749; baseline -0.002 -21"><span class='ocrx_word' id='word_1_595' title='bbox 236 3669 385 3728; x_wconf 77' lang='lat' dir='ltr'><strong>liccte</strong></span> <span class='ocrx_word' id='word_1_596' title='bbox 412 3673 579 3744; x_wconf 78' lang='lat' dir='ltr'><strong>igitur</strong></span> <span class='ocrx_word' id='word_1_597' title='bbox 606 3687 787 3743; x_wconf 80' lang='lat' dir='ltr'><strong>egisse</strong></span> <span class='ocrx_word' id='word_1_598' title='bbox 826 3677 983 3730; x_wconf 89' lang='lat' dir='ltr'><strong>nobis</strong></span> <span class='ocrx_word' id='word_1_599' title='bbox 1009 3677 1278 3745; x_wconf 85' lang='lat' dir='ltr'><strong>videmur,</strong></span> <span class='ocrx_word' id='word_1_600' title='bbox 1311 3694 1372 3733; x_wconf 89' lang='lat' dir='ltr'><strong>ea</strong></span> <span class='ocrx_word' id='word_1_601' title='bbox 1399 3695 1517 3749; x_wconf 77' lang='lat' dir='ltr'><strong>qua:</strong></span> <span class='ocrx_word' id='word_1_602' title='bbox 1544 3679 1740 3736; x_wconf 72' lang='lat' dir='ltr'><strong>desum</strong></span> <span class='ocrx_word' id='word_1_603' title='bbox 1838 3669 1958 3724; x_wconf 81' lang='lat' dir='ltr'><strong>dein</strong></span> <span class='ocrx_word' id='word_1_604' title='bbox 2002 3669 2145 3723; x_wconf 87' lang='lat' dir='ltr'><strong>dicta</strong></span> <span class='ocrx_word' id='word_1_605' title='bbox 2184 3677 2330 3725; x_wconf 85' lang='lat' dir='ltr'><strong>sunt.</strong></span> <span class='ocrx_word' id='word_1_606' title='bbox 2377 3669 2562 3724; x_wconf 86' lang='lat' dir='ltr'><strong>Schol.</strong></span> <span class='ocrx_word' id='word_1_607' title='bbox 2587 3670 2679 3735; x_wconf 78' lang='lat'><strong>44,</strong></span> <span class='ocrx_word' id='word_1_608' title='bbox 2722 3670 2891 3725; x_wconf 79' lang='lat' dir='ltr'><strong>textui</strong></span> <span class='ocrx_word' id='word_1_609' title='bbox 2937 3669 2972 3737; x_wconf 89' lang='lat' dir='ltr'><strong>l.</strong></span> <span class='ocrx_word' id='word_1_610' title='bbox 3006 3685 3060 3732; x_wconf 90' lang='grc' dir='ltr'><strong>ιι,</strong></span> <span class='ocrx_word' id='word_1_611' title='bbox 3109 3684 3160 3725; x_wconf 93' lang='lat' dir='ltr'><strong>c.</strong></span> <span class='ocrx_word' id='word_1_612' title='bbox 3189 3666 3259 3724; x_wconf 88' lang='lat'><strong>60</strong></span> <span class='ocrx_word' id='word_1_613' title='bbox 3287 3662 3437 3725; x_wconf 73' lang='lat' dir='ltr'><strong>mle</strong></span> 
     </span>
    </p>
   </div>
   <div class='ocr_carea' id='block_1_48' title="bbox 183 3760 1758 3837">
    <p class='ocr_par' dir='ltr' id='par_1_48' title="bbox 183 3760 1733 3837">
     <span class='ocr_line' id='line_1_48' title="bbox 183 3760 1733 3837; baseline 0.008 -24"><span class='ocrx_word' id='word_1_614' title='bbox 183 3761 323 3815; x_wconf 54' lang='grc' dir='ltr'><strong>ωλἱοί</strong></span> <span class='ocrx_word' id='word_1_615' title='bbox 352 3760 784 3832; x_wconf 76' lang='lat' dir='ltr'><strong>Vindoboneusi,</strong></span> <span class='ocrx_word' id='word_1_616' title='bbox 816 3767 909 3821; x_wconf 87' lang='lat' dir='ltr'><strong>sed</strong></span> <span class='ocrx_word' id='word_1_617' title='bbox 936 3782 1054 3837; x_wconf 72' lang='lat' dir='ltr'><strong>qua:</strong></span> <span class='ocrx_word' id='word_1_618' title='bbox 1088 3768 1270 3823; x_wconf 75' lang='lat' dir='ltr'><strong>caeteri</strong></span> <span class='ocrx_word' id='word_1_619' title='bbox 1303 3772 1523 3826; x_wconf 79' lang='lat' dir='ltr'><strong>codices</strong></span> <span class='ocrx_word' id='word_1_620' title='bbox 1567 3774 1733 3827; x_wconf 79' lang='lat' dir='ltr'><strong>textui</strong></span> 
     </span>
    </p>
   </div>
   <div class='ocr_carea' id='block_1_49' title="bbox 1853 3760 3428 3837">
    <p class='ocr_par' dir='ltr' id='par_1_49' title="bbox 1862 3760 3428 3832">
     <span class='ocr_line' id='line_1_49' title="bbox 1862 3760 3428 3832; baseline 0.001 -18"><span class='ocrx_word' id='word_1_621' title='bbox 1862 3770 2136 3828; x_wconf 87' lang='lat' dir='ltr'><strong>nscrtum;</strong></span> <span class='ocrx_word' id='word_1_622' title='bbox 2164 3769 2220 3817; x_wconf 88' lang='lat' dir='ltr'><strong>et</strong></span> <span class='ocrx_word' id='word_1_623' title='bbox 2249 3761 2419 3816; x_wconf 82' lang='lat' dir='ltr'><strong>schol.</strong></span> <span class='ocrx_word' id='word_1_624' title='bbox 2445 3760 2537 3827; x_wconf 64' lang='lat'><strong>5‘2,</strong></span> <span class='ocrx_word' id='word_1_625' title='bbox 2577 3761 2721 3832; x_wconf 86' lang='lat' dir='ltr'><strong>quod</strong></span> <span class='ocrx_word' id='word_1_626' title='bbox 2757 3761 2827 3816; x_wconf 89' lang='lat' dir='ltr'><strong>ad</strong></span> <span class='ocrx_word' id='word_1_627' title='bbox 2866 3762 3121 3831; x_wconf 78' lang='lat' dir='ltr'><strong>temporis</strong></span> <span class='ocrx_word' id='word_1_628' title='bbox 3162 3761 3428 3816; x_wconf 83' lang='lat' dir='ltr'><strong>rationem</strong></span> 
     </span>
    </p>
   </div>
   <div class='ocr_carea' id='block_1_50' title="bbox 182 3851 3430 3931">
    <p class='ocr_par' dir='ltr' id='par_1_50' title="bbox 182 3851 3430 3931">
     <span class='ocr_line' id='line_1_50' title="bbox 182 3851 3430 3931; baseline 0.003 -31"><span class='ocrx_word' id='word_1_629' title='bbox 182 3862 339 3906; x_wconf 85' lang='lat' dir='ltr'><strong>omnes</strong></span> <span class='ocrx_word' id='word_1_630' title='bbox 372 3853 852 3921; x_wconf 82' lang='lat' dir='ltr'><strong>intercalaverunt,</strong></span> <span class='ocrx_word' id='word_1_631' title='bbox 884 3866 940 3911; x_wconf 91' lang='lat' dir='ltr'><strong>et</strong></span> <span class='ocrx_word' id='word_1_632' title='bbox 971 3857 1071 3927; x_wconf 85' lang='lat' dir='ltr'><strong>ipsi</strong></span> <span class='ocrx_word' id='word_1_633' title='bbox 1101 3857 1273 3913; x_wconf 82' lang='lat' dir='ltr'><strong>cidem</strong></span> <span class='ocrx_word' id='word_1_634' title='bbox 1297 3860 1608 3931; x_wconf 82' lang='lat' dir='ltr'><strong>jungentes,</strong></span> <span class='ocrx_word' id='word_1_635' title='bbox 1639 3879 1735 3918; x_wconf 80' lang='lat' dir='ltr'><strong>nu-</strong></span> <span class='ocrx_word' id='word_1_636' title='bbox 1839 3853 2068 3907; x_wconf 88' lang='lat' dir='ltr'><strong>multum</strong></span> <span class='ocrx_word' id='word_1_637' title='bbox 2099 3853 2289 3917; x_wconf 83' lang='lat' dir='ltr'><strong>servit,</strong></span> <span class='ocrx_word' id='word_1_638' title='bbox 2334 3854 2598 3909; x_wconf 88' lang='lat' dir='ltr'><strong>omissum</strong></span> <span class='ocrx_word' id='word_1_639' title='bbox 2646 3861 2751 3907; x_wconf 89' lang='lat' dir='ltr'><strong>est.</strong></span> <span class='ocrx_word' id='word_1_640' title='bbox 2801 3851 3059 3908; x_wconf 86' lang='lat' dir='ltr'><strong>Scholion</strong></span> <span class='ocrx_word' id='word_1_641' title='bbox 3101 3852 3172 3908; x_wconf 79' lang='lat'><strong>54</strong></span> <span class='ocrx_word' id='word_1_642' title='bbox 3219 3853 3271 3909; x_wconf 89' lang='lat' dir='ltr'><strong>in</strong></span> <span class='ocrx_word' id='word_1_643' title='bbox 3304 3852 3341 3908; x_wconf 94' lang='lat' dir='ltr'><strong>l.</strong></span> <span class='ocrx_word' id='word_1_644' title='bbox 3367 3868 3430 3917; x_wconf 75' lang='lat' dir='ltr'><strong>tt,</strong></span> 
     </span>
    </p>
   </div>
   <div class='ocr_carea' id='block_1_51' title="bbox 182 3942 3435 4026">
    <p class='ocr_par' dir='ltr' id='par_1_51' title="bbox 182 3942 3435 4026">
     <span class='ocr_line' id='line_1_51' title="bbox 182 3942 3435 4026; baseline 0.003 -32"><span class='ocrx_word' id='word_1_645' title='bbox 182 3942 247 3996; x_wconf 86' lang='lat' dir='ltr'><strong>cis</strong></span> <span class='ocrx_word' id='word_1_646' title='bbox 280 3952 442 4001; x_wconf 85' lang='lat' dir='ltr'><strong>tamen</strong></span> <span class='ocrx_word' id='word_1_647' title='bbox 482 3949 707 4013; x_wconf 86' lang='lat' dir='ltr'><strong>additis,</strong></span> <span class='ocrx_word' id='word_1_648' title='bbox 746 3958 804 4004; x_wconf 91' lang='lat' dir='ltr'><strong>ut</strong></span> <span class='ocrx_word' id='word_1_649' title='bbox 841 3948 1051 4007; x_wconf 79' lang='lat' dir='ltr'><strong>facilius</strong></span> <span class='ocrx_word' id='word_1_650' title='bbox 1079 3952 1177 4007; x_wconf 89' lang='lat' dir='ltr'><strong>ista</strong></span> <span class='ocrx_word' id='word_1_651' title='bbox 1223 3966 1251 4007; x_wconf 88' lang='lat' dir='ltr'><strong>a</strong></span> <span class='ocrx_word' id='word_1_652' title='bbox 1284 3962 1432 4009; x_wconf 82' lang='lat' dir='ltr'><strong>textu</strong></span> <span class='ocrx_word' id='word_1_653' title='bbox 1471 3956 1740 4026; x_wconf 89' lang='lat' dir='ltr'><strong>antiquis-</strong></span> <span class='ocrx_word' id='word_1_654' title='bbox 1838 3962 1887 4001; x_wconf 76' lang='grc' dir='ltr'><strong>ο.</strong></span> <span class='ocrx_word' id='word_1_655' title='bbox 1912 3945 1979 3999; x_wconf 83' lang='grc'><strong>67</strong></span> <span class='ocrx_word' id='word_1_656' title='bbox 2021 3962 2126 4001; x_wconf 86' lang='lat' dir='ltr'><strong>non</strong></span> <span class='ocrx_word' id='word_1_657' title='bbox 2168 3956 2290 4016; x_wconf 85' lang='lat' dir='ltr'><strong>post</strong></span> <span class='ocrx_word' id='word_1_658' title='bbox 2337 3946 2710 4014; x_wconf 78' lang='lat' dir='ltr'><strong>comprehensa</strong></span> <span class='ocrx_word' id='word_1_659' title='bbox 2754 3944 3079 4010; x_wconf 86' lang='lat' dir='ltr'><strong>addendum,</strong></span> <span class='ocrx_word' id='word_1_660' title='bbox 3130 3946 3226 4001; x_wconf 86' lang='lat' dir='ltr'><strong>sed</strong></span> <span class='ocrx_word' id='word_1_661' title='bbox 3270 3944 3435 4016; x_wconf 70' lang='lat' dir='ltr'><strong>paul-1</strong></span> 
     </span>
    </p>
   </div>
   <div class='ocr_carea' id='block_1_52' title="bbox 183 4032 3434 4116">
    <p class='ocr_par' dir='ltr' id='par_1_52' title="bbox 183 4032 3434 4116">
     <span class='ocr_line' id='line_1_52' title="bbox 183 4032 3434 4116; baseline 0.005 -31"><span class='ocrx_word' id='word_1_662' title='bbox 183 4032 296 4089; x_wconf 83' lang='lat' dir='ltr'><strong>siuto</strong></span> <span class='ocrx_word' id='word_1_663' title='bbox 335 4039 754 4110; x_wconf 83' lang='lat' dir='ltr'><strong>distinguantur,</strong></span> <span class='ocrx_word' id='word_1_664' title='bbox 800 4049 857 4096; x_wconf 87' lang='lat' dir='ltr'><strong>et</strong></span> <span class='ocrx_word' id='word_1_665' title='bbox 900 4058 1064 4113; x_wconf 89' lang='lat' dir='ltr'><strong>quam</strong></span> <span class='ocrx_word' id='word_1_666' title='bbox 1119 4044 1299 4115; x_wconf 84' lang='lat' dir='ltr'><strong>inepte</strong></span> <span class='ocrx_word' id='word_1_667' title='bbox 1351 4039 1732 4116; x_wconf 80' lang='lat' dir='ltr'><strong>nonnunquam</strong></span> <span class='ocrx_word' id='word_1_668' title='bbox 1839 4045 1962 4106; x_wconf 67' lang='lat' dir='ltr'><strong>P051</strong></span> <span class='ocrx_word' id='word_1_669' title='bbox 2008 4037 2151 4111; x_wconf 64' lang='grc' dir='ltr'><strong>ίηιει*</strong></span> <span class='ocrx_word' id='word_1_670' title='bbox 2173 4037 2337 4091; x_wconf 63' lang='lat' dir='ltr'><strong>verba</strong></span> <span class='ocrx_word' id='word_1_671' title='bbox 2365 4053 2378 4090; x_wconf 75' lang='grc' dir='ltr'>ε</span> <span class='ocrx_word' id='word_1_672' title='bbox 2407 4037 2667 4090; x_wconf 49' lang='lat' dir='ltr'><strong>dicerem&quot;</strong></span> <span class='ocrx_word' id='word_1_673' title='bbox 2698 4036 2907 4090; x_wconf 69' lang='grc' dir='ltr'><strong>υενδκηι</strong></span> <span class='ocrx_word' id='word_1_674' title='bbox 2948 4045 3004 4091; x_wconf 77' lang='grc' dir='ltr'><strong>θι</strong></span> <span class='ocrx_word' id='word_1_675' title='bbox 3032 4035 3171 4089; x_wconf 66' lang='lat' dir='ltr'><strong>Nam</strong></span> <span class='ocrx_word' id='word_1_676' title='bbox 3201 4048 3248 4090; x_wconf 76' lang='grc' dir='ltr'><strong>ει</strong></span> <span class='ocrx_word' id='word_1_677' title='bbox 3282 4036 3434 4090; x_wconf 56' lang='lat' dir='ltr'><strong>Cum“</strong></span> 
     </span>
    </p>
   </div>
   <div class='ocr_carea' id='block_1_53' title="bbox 180 4118 3435 4193">
    <p class='ocr_par' dir='ltr' id='par_1_53' title="bbox 180 4118 3435 4193">
     <span class='ocr_line' id='line_1_53' title="bbox 180 4118 3435 4193; baseline 0.001 -13"><span class='ocrx_word' id='word_1_678' title='bbox 180 4118 298 4177; x_wconf 70' lang='lat' dir='ltr'><strong>facta</strong></span> <span class='ocrx_word' id='word_1_679' title='bbox 334 4128 399 4180; x_wconf 91' lang='lat' dir='ltr'><strong>sit</strong></span> <span class='ocrx_word' id='word_1_680' title='bbox 426 4130 654 4185; x_wconf 81' lang='lat' dir='ltr'><strong>insertio</strong></span> <span class='ocrx_word' id='word_1_681' title='bbox 698 4129 856 4185; x_wconf 79' lang='lat' dir='ltr'><strong>facile</strong></span> <span class='ocrx_word' id='word_1_682' title='bbox 897 4134 1380 4191; x_wconf 61' lang='lat' dir='ltr'><strong>animadvertatur,</strong></span> <span class='ocrx_word' id='word_1_683' title='bbox 1428 4136 1528 4193; x_wconf 76' lang='lat' dir='ltr'><strong>Ubi</strong></span> <span class='ocrx_word' id='word_1_684' title='bbox 1571 4138 1734 4193; x_wconf 53' lang='lat' dir='ltr'><strong>inter.</strong></span> <span class='ocrx_word' id='word_1_685' title='bbox 1836 4136 2003 4180; x_wconf 70' lang='lat' dir='ltr'><strong>atrum</strong></span> <span class='ocrx_word' id='word_1_686' title='bbox 2034 4127 2379 4181; x_wconf 86' lang='lat' dir='ltr'><strong>inserendum</strong></span> <span class='ocrx_word' id='word_1_687' title='bbox 2407 4135 2545 4181; x_wconf 89' lang='lat' dir='ltr'><strong>erat.</strong></span> <span class='ocrx_word' id='word_1_688' title='bbox 2581 4125 2838 4181; x_wconf 84' lang='lat' dir='ltr'><strong>Scholion</strong></span> <span class='ocrx_word' id='word_1_689' title='bbox 2867 4126 2938 4181; x_wconf 76' lang='lat'><strong>82</strong></span> <span class='ocrx_word' id='word_1_690' title='bbox 2963 4126 3029 4181; x_wconf 89' lang='lat' dir='ltr'><strong>de</strong></span> <span class='ocrx_word' id='word_1_691' title='bbox 3059 4126 3435 4182; x_wconf 84' lang='lat' dir='ltr'><strong>destructione</strong></span> 
     </span>
    </p>
   </div>
   <div class='ocr_carea' id='block_1_54' title="bbox 182 4211 3434 4295">
    <p class='ocr_par' dir='ltr' id='par_1_54' title="bbox 182 4211 3434 4295">
     <span class='ocr_line' id='line_1_54' title="bbox 182 4211 3434 4295; baseline -0.001 -23"><span class='ocrx_word' id='word_1_692' title='bbox 182 4213 441 4274; x_wconf 78' lang='lat' dir='ltr'><strong>calationes</strong></span> <span class='ocrx_word' id='word_1_693' title='bbox 499 4222 553 4275; x_wconf 90' lang='lat' dir='ltr'><strong>in</strong></span> <span class='ocrx_word' id='word_1_694' title='bbox 604 4222 888 4279; x_wconf 81' lang='lat' dir='ltr'><strong>codicibus</strong></span> <span class='ocrx_word' id='word_1_695' title='bbox 935 4225 1165 4282; x_wconf 62' lang='lat' dir='ltr'><strong>diversis</strong></span> <span class='ocrx_word' id='word_1_696' title='bbox 1206 4227 1337 4283; x_wconf 77' lang='lat' dir='ltr'><strong>iocis</strong></span> <span class='ocrx_word' id='word_1_697' title='bbox 1380 4228 1535 4284; x_wconf 62' lang='lat' dir='ltr'><strong>facim</strong></span> <span class='ocrx_word' id='word_1_698' title='bbox 1583 4240 1731 4295; x_wconf 57' lang='lat' dir='ltr'><strong>sum,</strong></span> <span class='ocrx_word' id='word_1_699' title='bbox 1838 4216 2076 4271; x_wconf 84' lang='lat' dir='ltr'><strong>civitatis</strong></span> <span class='ocrx_word' id='word_1_700' title='bbox 2106 4216 2331 4272; x_wconf 83' lang='lat' dir='ltr'><strong>Slcswic</strong></span> <span class='ocrx_word' id='word_1_701' title='bbox 2365 4219 2414 4271; x_wconf 91' lang='lat' dir='ltr'><strong>in</strong></span> <span class='ocrx_word' id='word_1_702' title='bbox 2444 4217 2478 4272; x_wconf 92' lang='lat' dir='ltr'><strong>l.</strong></span> <span class='ocrx_word' id='word_1_703' title='bbox 2513 4234 2595 4281; x_wconf 91' lang='grc' dir='ltr'><strong>ιιι,</strong></span> <span class='ocrx_word' id='word_1_704' title='bbox 2622 4233 2672 4273; x_wconf 92' lang='lat' dir='ltr'><strong>c.</strong></span> <span class='ocrx_word' id='word_1_705' title='bbox 2700 4217 2768 4270; x_wconf 79' lang='lat'><strong>50</strong></span> <span class='ocrx_word' id='word_1_706' title='bbox 2799 4211 3023 4271; x_wconf 78' lang='lat' dir='ltr'><strong>minime</strong></span> <span class='ocrx_word' id='word_1_707' title='bbox 3054 4225 3184 4270; x_wconf 90' lang='lat' dir='ltr'><strong>ante</strong></span> <span class='ocrx_word' id='word_1_708' title='bbox 3211 4230 3275 4270; x_wconf 89' lang='lat' dir='ltr'><strong>ea</strong></span> <span class='ocrx_word' id='word_1_709' title='bbox 3309 4231 3434 4285; x_wconf 62' lang='lat' dir='ltr'><strong>quae</strong></span> 
     </span>
    </p>
   </div>
   <div class='ocr_carea' id='block_1_55' title="bbox 182 4305 3430 4386">
    <p class='ocr_par' dir='ltr' id='par_1_55' title="bbox 182 4305 3430 4386">
     <span class='ocr_line' id='line_1_55' title="bbox 182 4305 3430 4386; baseline 0 -23"><span class='ocrx_word' id='word_1_710' title='bbox 182 4308 387 4363; x_wconf 80' lang='lat' dir='ltr'><strong>codicem</strong></span> <span class='ocrx_word' id='word_1_711' title='bbox 414 4313 902 4386; x_wconf 78' lang='lat' dir='ltr'><strong>Gnelterbytanum</strong></span> <span class='ocrx_word' id='word_1_712' title='bbox 934 4320 1103 4374; x_wconf 65' lang='lat' dir='ltr'><strong>secuti</strong></span> <span class='ocrx_word' id='word_1_713' title='bbox 1132 4330 1340 4376; x_wconf 63' lang='lat' dir='ltr'><strong>sumus,</strong></span> <span class='ocrx_word' id='word_1_714' title='bbox 1838 4309 1906 4364; x_wconf 90' lang='lat' dir='ltr'><strong>de</strong></span> <span class='ocrx_word' id='word_1_715' title='bbox 1949 4308 2320 4365; x_wconf 85' lang='lat' dir='ltr'><strong>destructione</strong></span> <span class='ocrx_word' id='word_1_716' title='bbox 2370 4308 2520 4364; x_wconf 87' lang='lat' dir='ltr'><strong>urbis</strong></span> <span class='ocrx_word' id='word_1_717' title='bbox 2564 4305 2996 4379; x_wconf 71' lang='lat' dir='ltr'><strong>Hammetnburg</strong></span> <span class='ocrx_word' id='word_1_718' title='bbox 3031 4306 3231 4363; x_wconf 84' lang='lat' dir='ltr'><strong>ibidem</strong></span> <span class='ocrx_word' id='word_1_719' title='bbox 3280 4306 3430 4363; x_wconf 76' lang='lat' dir='ltr'><strong>dicta</strong></span> 
     </span>
    </p>
   </div>
   <div class='ocr_carea' id='block_1_56' title="bbox 218 4396 3437 4486">
    <p class='ocr_par' dir='ltr' id='par_1_56' title="bbox 218 4396 3437 4486">
     <span class='ocr_line' id='line_1_56' title="bbox 218 4396 3437 4486; baseline 0 -34"><span class='ocrx_word' id='word_1_720' title='bbox 218 4397 464 4459; x_wconf 79' lang='lat' dir='ltr'><strong>Pluribus</strong></span> <span class='ocrx_word' id='word_1_721' title='bbox 510 4421 644 4461; x_wconf 86' lang='lat' dir='ltr'><strong>vero</strong></span> <span class='ocrx_word' id='word_1_722' title='bbox 690 4408 781 4462; x_wconf 87' lang='lat' dir='ltr'><strong>hic</strong></span> <span class='ocrx_word' id='word_1_723' title='bbox 841 4409 1108 4481; x_wconf 84' lang='lat' dir='ltr'><strong>agendum</strong></span> <span class='ocrx_word' id='word_1_724' title='bbox 1156 4412 1370 4466; x_wconf 84' lang='lat' dir='ltr'><strong>videtur</strong></span> <span class='ocrx_word' id='word_1_725' title='bbox 1419 4413 1486 4469; x_wconf 90' lang='lat' dir='ltr'><strong>de</strong></span> <span class='ocrx_word' id='word_1_726' title='bbox 1544 4413 1731 4469; x_wconf 87' lang='lat' dir='ltr'><strong>codice</strong></span> <span class='ocrx_word' id='word_1_727' title='bbox 1764 4446 1811 4486; x_wconf 38' lang='grc' dir='ltr'><strong>τι</strong></span> <span class='ocrx_word' id='word_1_728' title='bbox 1839 4414 1995 4465; x_wconf 84' lang='lat' dir='ltr'><strong>sunt,</strong></span> <span class='ocrx_word' id='word_1_729' title='bbox 2027 4400 2484 4472; x_wconf 88' lang='lat' dir='ltr'><strong>interponendum</strong></span> <span class='ocrx_word' id='word_1_730' title='bbox 2527 4408 2667 4453; x_wconf 84' lang='lat' dir='ltr'><strong>erat.</strong></span> <span class='ocrx_word' id='word_1_731' title='bbox 2712 4398 2943 4466; x_wconf 76' lang='lat' dir='ltr'><strong>insignis</strong></span> <span class='ocrx_word' id='word_1_732' title='bbox 2971 4412 3187 4468; x_wconf 87' lang='lat' dir='ltr'><strong>quoque</strong></span> <span class='ocrx_word' id='word_1_733' title='bbox 3214 4396 3437 4453; x_wconf 82' lang='lat' dir='ltr'><strong>videtur</strong></span> 
     </span>
    </p>
   </div>
   <div class='ocr_carea' id='block_1_57' title="bbox 182 4463 1757 4572">
    <p class='ocr_par' dir='ltr' id='par_1_57' title="bbox 182 4463 1728 4572">
     <span class='ocr_line' id='line_1_57' title="bbox 182 4463 1728 4572; baseline 0.01 -29"><span class='ocrx_word' id='word_1_734' title='bbox 182 4485 442 4551; x_wconf 80' lang='lat' dir='ltr'><strong>llavnicnsi</strong></span> <span class='ocrx_word' id='word_1_735' title='bbox 480 4498 579 4571; x_wconf 80' lang='grc'><strong>(4),</strong></span> <span class='ocrx_word' id='word_1_736' title='bbox 629 4508 744 4553; x_wconf 82' lang='lat' dir='ltr'><strong>tum</strong></span> <span class='ocrx_word' id='word_1_737' title='bbox 774 4463 905 4569; x_wconf 67' lang='lat' dir='ltr'><strong>qui;</strong></span> <span class='ocrx_word' id='word_1_738' title='bbox 950 4501 1004 4555; x_wconf 91' lang='lat' dir='ltr'><strong>in</strong></span> <span class='ocrx_word' id='word_1_739' title='bbox 1049 4500 1140 4567; x_wconf 88' lang='lat' dir='ltr'><strong>illo</strong></span> <span class='ocrx_word' id='word_1_740' title='bbox 1181 4502 1479 4572; x_wconf 85' lang='lat' dir='ltr'><strong>reperimus</strong></span> <span class='ocrx_word' id='word_1_741' title='bbox 1523 4513 1728 4559; x_wconf 83' lang='lat' dir='ltr'><strong>textum</strong></span> 
     </span>
    </p>
   </div>
   <div class='ocr_carea' id='block_1_58' title="bbox 1861 4463 3436 4572">
    <p class='ocr_par' dir='ltr' id='par_1_58' title="bbox 1862 4463 3436 4563">
     <span class='ocr_line' id='line_1_58' title="bbox 1862 4463 3436 4563; baseline 0.003 -19"><span class='ocrx_word' id='word_1_742' title='bbox 1862 4463 2041 4561; x_wconf 88' lang='lat' dir='ltr'><strong>neptia</strong></span> <span class='ocrx_word' id='word_1_743' title='bbox 2084 4463 2191 4563; x_wconf 73' lang='lat' dir='ltr'><strong>qua</strong></span> <span class='ocrx_word' id='word_1_744' title='bbox 2226 4491 2264 4545; x_wconf 92' lang='lat' dir='ltr'><strong>l.</strong></span> <span class='ocrx_word' id='word_1_745' title='bbox 2297 4507 2355 4556; x_wconf 91' lang='grc' dir='ltr'><strong>ιι,</strong></span> <span class='ocrx_word' id='word_1_746' title='bbox 2402 4506 2451 4546; x_wconf 92' lang='lat' dir='ltr'><strong>c.</strong></span> <span class='ocrx_word' id='word_1_747' title='bbox 2499 4491 2571 4545; x_wconf 77' lang='grc'><strong>42</strong></span> <span class='ocrx_word' id='word_1_748' title='bbox 2618 4463 2849 4546; x_wconf 74' lang='lat' dir='ltr'><strong>codici4</strong></span> <span class='ocrx_word' id='word_1_749' title='bbox 2880 4463 3262 4547; x_wconf 37' lang='lat' dir='ltr'><strong>inserta&#39;sunt</strong></span> <span class='ocrx_word' id='word_1_750' title='bbox 3310 4501 3436 4562; x_wconf 78' lang='lat' dir='ltr'><strong>qtta:</strong></span> 
     </span>
    </p>
   </div>
   <div class='ocr_carea' id='block_1_59' title="bbox 182 4573 3433 4664">
    <p class='ocr_par' dir='ltr' id='par_1_59' title="bbox 182 4573 3433 4664">
     <span class='ocr_line' id='line_1_59' title="bbox 182 4573 3433 4664; baseline 0.003 -29"><span class='ocrx_word' id='word_1_751' title='bbox 182 4583 256 4650; x_wconf 88' lang='lat' dir='ltr'><strong>qui</strong></span> <span class='ocrx_word' id='word_1_752' title='bbox 292 4601 351 4639; x_wconf 84' lang='lat' dir='ltr'><strong>ex</strong></span> <span class='ocrx_word' id='word_1_753' title='bbox 390 4586 774 4662; x_wconf 77' lang='lat' dir='ltr'><strong>Lindenbrogil</strong></span> <span class='ocrx_word' id='word_1_754' title='bbox 818 4591 1054 4647; x_wconf 75' lang='lat' dir='ltr'><strong>editione</strong></span> <span class='ocrx_word' id='word_1_755' title='bbox 1092 4581 1206 4648; x_wconf 76' lang='lat' dir='ltr'><strong>fere</strong></span> <span class='ocrx_word' id='word_1_756' title='bbox 1241 4593 1388 4649; x_wconf 85' lang='lat' dir='ltr'><strong>solus</strong></span> <span class='ocrx_word' id='word_1_757' title='bbox 1428 4604 1587 4650; x_wconf 87' lang='lat' dir='ltr'><strong>notus</strong></span> <span class='ocrx_word' id='word_1_758' title='bbox 1624 4606 1734 4664; x_wconf 78' lang='lat' dir='ltr'><strong>est,</strong></span> <span class='ocrx_word' id='word_1_759' title='bbox 1836 4587 2053 4643; x_wconf 84' lang='lat' dir='ltr'><strong>codices</strong></span> <span class='ocrx_word' id='word_1_760' title='bbox 2090 4573 2345 4643; x_wconf 76' lang='lat' dir='ltr'><strong>meliores</strong></span> <span class='ocrx_word' id='word_1_761' title='bbox 2388 4587 2617 4659; x_wconf 78' lang='lat' dir='ltr'><strong>margini</strong></span> <span class='ocrx_word' id='word_1_762' title='bbox 2663 4587 3082 4653; x_wconf 83' lang='lat' dir='ltr'><strong>adnotaverunt,</strong></span> <span class='ocrx_word' id='word_1_763' title='bbox 3117 4586 3209 4644; x_wconf 92' lang='lat' dir='ltr'><strong>ubi</strong></span> <span class='ocrx_word' id='word_1_764' title='bbox 3240 4589 3433 4659; x_wconf 76' lang='lat' dir='ltr'><strong>deop-</strong></span> 
     </span>
    </p>
   </div>
   <div class='ocr_carea' id='block_1_60' title="bbox 184 4668 3433 4754">
    <p class='ocr_par' dir='ltr' id='par_1_60' title="bbox 184 4668 3433 4754">
     <span class='ocr_line' id='line_1_60' title="bbox 184 4668 3433 4754; baseline 0.003 -28"><span class='ocrx_word' id='word_1_765' title='bbox 184 4683 274 4728; x_wconf 85' lang='lat' dir='ltr'><strong>tum</strong></span> <span class='ocrx_word' id='word_1_766' title='bbox 296 4679 412 4748; x_wconf 83' lang='lat' dir='ltr'><strong>quia</strong></span> <span class='ocrx_word' id='word_1_767' title='bbox 444 4683 672 4752; x_wconf 65' lang='lat' dir='ltr'><strong>quaastio</strong></span> <span class='ocrx_word' id='word_1_768' title='bbox 698 4691 782 4738; x_wconf 86' lang='lat' dir='ltr'><strong>est</strong></span> <span class='ocrx_word' id='word_1_769' title='bbox 809 4668 1084 4754; x_wconf 71' lang='lat' dir='ltr'><strong>proposita</strong></span> <span class='ocrx_word' id='word_1_770' title='bbox 1111 4694 1289 4738; x_wconf 87' lang='lat' dir='ltr'><strong>utrum</strong></span> <span class='ocrx_word' id='word_1_771' title='bbox 1323 4694 1502 4740; x_wconf 77' lang='lat' dir='ltr'><strong>textus</strong></span> <span class='ocrx_word' id='word_1_772' title='bbox 1532 4687 1738 4742; x_wconf 73' lang='lat' dir='ltr'><strong>codicis</strong></span> <span class='ocrx_word' id='word_1_773' title='bbox 1838 4680 2119 4753; x_wconf 87' lang='lat' dir='ltr'><strong>pressione</strong></span> <span class='ocrx_word' id='word_1_774' title='bbox 2173 4679 2489 4735; x_wconf 81' lang='lat' dir='ltr'><strong>Sclavorum</strong></span> <span class='ocrx_word' id='word_1_775' title='bbox 2557 4695 2653 4752; x_wconf 89' lang='lat' dir='ltr'><strong>per</strong></span> <span class='ocrx_word' id='word_1_776' title='bbox 2700 4680 3069 4737; x_wconf 87' lang='lat' dir='ltr'><strong>Bernhardum</strong></span> <span class='ocrx_word' id='word_1_777' title='bbox 3123 4680 3319 4737; x_wconf 89' lang='lat' dir='ltr'><strong>ducem</strong></span> <span class='ocrx_word' id='word_1_778' title='bbox 3372 4682 3433 4737; x_wconf 90' lang='lat' dir='ltr'><strong>lit</strong></span> 
     </span>
    </p>
   </div>
   <div class='ocr_carea' id='block_1_61' title="bbox 182 4766 3435 4848">
    <p class='ocr_par' dir='ltr' id='par_1_61' title="bbox 182 4766 3435 4848">
     <span class='ocr_line' id='line_1_61' title="bbox 182 4766 3435 4848; baseline 0.003 -29"><span class='ocrx_word' id='word_1_779' title='bbox 182 4766 391 4825; x_wconf 62' lang='lat' dir='ltr'><strong>indutui</strong></span> <span class='ocrx_word' id='word_1_780' title='bbox 418 4773 589 4841; x_wconf 78' lang='lat' dir='ltr'><strong>ipsius</strong></span> <span class='ocrx_word' id='word_1_781' title='bbox 605 4774 865 4831; x_wconf 74' lang='lat' dir='ltr'><strong>secundis</strong></span> <span class='ocrx_word' id='word_1_782' title='bbox 883 4776 1035 4831; x_wconf 68' lang='lat' dir='ltr'><strong>curis</strong></span> <span class='ocrx_word' id='word_1_783' title='bbox 1052 4777 1335 4843; x_wconf 64' lang='lat' dir='ltr'><strong>debeatur,</strong></span> <span class='ocrx_word' id='word_1_784' title='bbox 1367 4787 1419 4832; x_wconf 82' lang='lat' dir='ltr'><strong>et</strong></span> <span class='ocrx_word' id='word_1_785' title='bbox 1444 4776 1734 4848; x_wconf 58' lang='lat' dir='ltr'><strong>ipsejmta</strong></span> <span class='ocrx_word' id='word_1_786' title='bbox 1840 4784 2041 4827; x_wconf 91' lang='lat' dir='ltr'><strong>sermo.</strong></span> <span class='ocrx_word' id='word_1_787' title='bbox 2085 4770 2193 4828; x_wconf 79' lang='lat' dir='ltr'><strong>Res</strong></span> <span class='ocrx_word' id='word_1_788' title='bbox 2224 4784 2394 4843; x_wconf 77' lang='lat' dir='ltr'><strong>gestae</strong></span> <span class='ocrx_word' id='word_1_789' title='bbox 2429 4789 2697 4830; x_wconf 86' lang='lat' dir='ltr'><strong>annorum</strong></span> <span class='ocrx_word' id='word_1_790' title='bbox 2733 4774 3098 4831; x_wconf 66' lang='lat' dir='ltr'><strong>976-983hic</strong></span> <span class='ocrx_word' id='word_1_791' title='bbox 3136 4777 3204 4831; x_wconf 87' lang='lat' dir='ltr'><strong>ad</strong></span> <span class='ocrx_word' id='word_1_792' title='bbox 3230 4790 3435 4831; x_wconf 78' lang='lat' dir='ltr'><strong>annuat</strong></span> 
     </span>
    </p>
   </div>
   <div class='ocr_carea' id='block_1_62' title="bbox 183 4863 3437 4938">
    <p class='ocr_par' dir='ltr' id='par_1_62' title="bbox 183 4863 3437 4938">
     <span class='ocr_line' id='line_1_62' title="bbox 183 4863 3437 4938; baseline 0.001 -26"><span class='ocrx_word' id='word_1_793' title='bbox 183 4864 629 4921; x_wconf 67' lang='lat' dir='ltr'><strong>textumcodieisl</strong></span> <span class='ocrx_word' id='word_1_794' title='bbox 669 4867 820 4938; x_wconf 87' lang='lat' dir='ltr'><strong>prelo</strong></span> <span class='ocrx_word' id='word_1_795' title='bbox 849 4868 1358 4938; x_wconf 79' lang='lat' dir='ltr'><strong>subjiciemlus-sit?</strong></span> <span class='ocrx_word' id='word_1_796' title='bbox 1846 4863 1984 4918; x_wconf 87' lang='lat'><strong>1000</strong></span> <span class='ocrx_word' id='word_1_797' title='bbox 2014 4864 2100 4921; x_wconf 88' lang='lat' dir='ltr'><strong>vel</strong></span> <span class='ocrx_word' id='word_1_798' title='bbox 2142 4865 2210 4920; x_wconf 85' lang='lat' dir='ltr'><strong>ad</strong></span> <span class='ocrx_word' id='word_1_799' title='bbox 2247 4865 2420 4936; x_wconf 90' lang='lat' dir='ltr'><strong>ipsum</strong></span> <span class='ocrx_word' id='word_1_800' title='bbox 2453 4881 2653 4921; x_wconf 90' lang='lat' dir='ltr'><strong>annum</strong></span> <span class='ocrx_word' id='word_1_801' title='bbox 2683 4865 2823 4921; x_wconf 88' lang='lat'><strong>1010</strong></span> <span class='ocrx_word' id='word_1_802' title='bbox 2864 4865 3198 4930; x_wconf 81' lang='lat' dir='ltr'><strong>referuntur,</strong></span> <span class='ocrx_word' id='word_1_803' title='bbox 3227 4874 3285 4920; x_wconf 87' lang='lat' dir='ltr'><strong>et</strong></span> <span class='ocrx_word' id='word_1_804' title='bbox 3318 4878 3437 4916; x_wconf 86' lang='lat' dir='ltr'><strong>ma-</strong></span> 
     </span>
    </p>
   </div>
   <div class='ocr_carea' id='block_1_63' title="bbox 240 4952 3432 5036">
    <p class='ocr_par' dir='ltr' id='par_1_63' title="bbox 240 4952 3432 5036">
     <span class='ocr_line' id='line_1_63' title="bbox 240 4952 3432 5036; baseline -0 -29"><span class='ocrx_word' id='word_1_805' title='bbox 240 4952 427 5013; x_wconf 78' lang='lat' dir='ltr'><strong>Nemini</strong></span> <span class='ocrx_word' id='word_1_806' title='bbox 455 4960 678 5017; x_wconf 80' lang='lat' dir='ltr'><strong>dubium</strong></span> <span class='ocrx_word' id='word_1_807' title='bbox 707 4971 792 5016; x_wconf 71' lang='lat' dir='ltr'><strong>est</strong></span> <span class='ocrx_word' id='word_1_808' title='bbox 818 4970 1020 5019; x_wconf 68' lang='grc' dir='ltr'><strong>ιθιιυιη</strong></span> <span class='ocrx_word' id='word_1_809' title='bbox 1050 4964 1254 5020; x_wconf 63' lang='lat' dir='ltr'><strong>codicis</strong></span> <span class='ocrx_word' id='word_1_810' title='bbox 1275 4965 1387 5020; x_wconf 59' lang='lat' dir='ltr'><strong>2e;</strong></span> <span class='ocrx_word' id='word_1_811' title='bbox 1412 4965 1465 5032; x_wconf 57' lang='grc' dir='ltr'><strong>δ,</strong></span> <span class='ocrx_word' id='word_1_812' title='bbox 1490 4964 1583 5036; x_wconf 72' lang='lat' dir='ltr'><strong>qui</strong></span> <span class='ocrx_word' id='word_1_813' title='bbox 1611 4981 1733 5021; x_wconf 70' lang='grc' dir='ltr'><strong>ειη.</strong></span> <span class='ocrx_word' id='word_1_814' title='bbox 1840 4954 1985 5009; x_wconf 81' lang='lat' dir='ltr'><strong>xima</strong></span> <span class='ocrx_word' id='word_1_815' title='bbox 2019 4956 2145 5013; x_wconf 89' lang='lat' dir='ltr'><strong>inde</strong></span> <span class='ocrx_word' id='word_1_816' title='bbox 2173 4958 2315 5029; x_wconf 89' lang='lat' dir='ltr'><strong>apud</strong></span> <span class='ocrx_word' id='word_1_817' title='bbox 2345 4958 2636 5015; x_wconf 79' lang='lat' dir='ltr'><strong>historicos</strong></span> <span class='ocrx_word' id='word_1_818' title='bbox 2673 4959 3008 5016; x_wconf 73' lang='lat' dir='ltr'><strong>recentiores</strong></span> <span class='ocrx_word' id='word_1_819' title='bbox 3042 4954 3291 5012; x_wconf 82' lang='lat' dir='ltr'><strong>confusio</strong></span> <span class='ocrx_word' id='word_1_820' title='bbox 3313 4963 3432 5008; x_wconf 79' lang='lat' dir='ltr'><strong>orta</strong></span> 
     </span>
    </p>
   </div>
   <div class='ocr_carea' id='block_1_64' title="bbox 184 5045 1946 5127">
    <p class='ocr_par' dir='ltr' id='par_1_64' title="bbox 184 5045 1946 5127">
     <span class='ocr_line' id='line_1_64' title="bbox 184 5045 1946 5127; baseline 0.01 -30"><span class='ocrx_word' id='word_1_821' title='bbox 184 5045 426 5105; x_wconf 76' lang='lat' dir='ltr'><strong>codicibus</strong></span> <span class='ocrx_word' id='word_1_822' title='bbox 459 5054 479 5106; x_wconf 88' lang='lat'><strong>1</strong></span> <span class='ocrx_word' id='word_1_823' title='bbox 517 5061 573 5107; x_wconf 91' lang='lat' dir='ltr'><strong>et</strong></span> <span class='ocrx_word' id='word_1_824' title='bbox 601 5054 639 5109; x_wconf 80' lang='lat'><strong><em>6</em></strong></span> <span class='ocrx_word' id='word_1_825' title='bbox 676 5047 847 5123; x_wconf 82' lang='lat' dir='ltr'><strong>magis</strong></span> <span class='ocrx_word' id='word_1_826' title='bbox 885 5054 1164 5120; x_wconf 85' lang='lat' dir='ltr'><strong>convenit,</strong></span> <span class='ocrx_word' id='word_1_827' title='bbox 1210 5058 1572 5127; x_wconf 82' lang='lat' dir='ltr'><strong>antiquiorem</strong></span> <span class='ocrx_word' id='word_1_828' title='bbox 1617 5072 1740 5113; x_wconf 83' lang='lat' dir='ltr'><strong>esse</strong></span> <span class='ocrx_word' id='word_1_829' title='bbox 1841 5054 1946 5104; x_wconf 70' lang='lat' dir='ltr'><strong>65l-</strong></span> 
     </span>
    </p>
   </div>
   <div class='ocr_carea' id='block_1_65' title="bbox 186 5132 3440 5218">
    <p class='ocr_par' dir='ltr' id='par_1_65' title="bbox 186 5132 3440 5218">
     <span class='ocr_line' id='line_1_65' title="bbox 186 5132 3440 5218; baseline 0.001 -30"><span class='ocrx_word' id='word_1_830' title='bbox 186 5132 261 5188; x_wconf 81' lang='lat' dir='ltr'><strong>illo</strong></span> <span class='ocrx_word' id='word_1_831' title='bbox 290 5141 479 5198; x_wconf 81' lang='lat' dir='ltr'><strong>codicis</strong></span> <span class='ocrx_word' id='word_1_832' title='bbox 505 5143 561 5197; x_wconf 80' lang='lat'><strong>4.</strong></span> <span class='ocrx_word' id='word_1_833' title='bbox 589 5144 669 5200; x_wconf 91' lang='lat' dir='ltr'><strong>llli</strong></span> <span class='ocrx_word' id='word_1_834' title='bbox 703 5146 922 5203; x_wconf 88' lang='lat' dir='ltr'><strong>codices</strong></span> <span class='ocrx_word' id='word_1_835' title='bbox 950 5146 1135 5203; x_wconf 72' lang='lat' dir='ltr'><strong>omnia</strong></span> <span class='ocrx_word' id='word_1_836' title='bbox 1163 5144 1277 5215; x_wconf 86' lang='lat' dir='ltr'><strong>jam</strong></span> <span class='ocrx_word' id='word_1_837' title='bbox 1305 5147 1508 5203; x_wconf 89' lang='lat' dir='ltr'><strong>habent</strong></span> <span class='ocrx_word' id='word_1_838' title='bbox 1536 5163 1657 5218; x_wconf 69' lang='lat' dir='ltr'><strong>quae</strong></span> <span class='ocrx_word' id='word_1_839' title='bbox 1685 5149 1738 5202; x_wconf 88' lang='lat' dir='ltr'><strong>in</strong></span> <span class='ocrx_word' id='word_1_840' title='bbox 1911 5140 2084 5201; x_wconf 82' lang='lat' dir='ltr'><strong>Error</strong></span> <span class='ocrx_word' id='word_1_841' title='bbox 2111 5142 2276 5210; x_wconf 85' lang='lat' dir='ltr'><strong>alius,</strong></span> <span class='ocrx_word' id='word_1_842' title='bbox 2304 5145 2513 5202; x_wconf 80' lang='lat' dir='ltr'><strong>Adamo</strong></span> <span class='ocrx_word' id='word_1_843' title='bbox 2545 5144 2774 5201; x_wconf 77' lang='lat' dir='ltr'><strong>minime</strong></span> <span class='ocrx_word' id='word_1_844' title='bbox 2813 5139 3193 5215; x_wconf 86' lang='lat' dir='ltr'><strong>imputandus,</strong></span> <span class='ocrx_word' id='word_1_845' title='bbox 3231 5136 3440 5207; x_wconf 83' lang='lat' dir='ltr'><strong>reperi-</strong></span> 
     </span>
    </p>
   </div>
   <div class='ocr_carea' id='block_1_66' title="bbox 187 5227 3437 5309">
    <p class='ocr_par' dir='ltr' id='par_1_66' title="bbox 187 5227 3437 5309">
     <span class='ocr_line' id='line_1_66' title="bbox 187 5227 3437 5309; baseline 0.001 -32"><span class='ocrx_word' id='word_1_846' title='bbox 187 5227 344 5283; x_wconf 84' lang='lat' dir='ltr'><strong>codice</strong></span> <span class='ocrx_word' id='word_1_847' title='bbox 384 5231 416 5284; x_wconf 87' lang='lat'><strong>4</strong></span> <span class='ocrx_word' id='word_1_848' title='bbox 458 5231 645 5288; x_wconf 83' lang='lat' dir='ltr'><strong>lectori</strong></span> <span class='ocrx_word' id='word_1_849' title='bbox 695 5236 1001 5304; x_wconf 87' lang='lat' dir='ltr'><strong>traduntur,</strong></span> <span class='ocrx_word' id='word_1_850' title='bbox 1047 5237 1092 5292; x_wconf 90' lang='lat' dir='ltr'><strong>si</strong></span> <span class='ocrx_word' id='word_1_851' title='bbox 1129 5237 1371 5308; x_wconf 82' lang='lat' dir='ltr'><strong>excipias</strong></span> <span class='ocrx_word' id='word_1_852' title='bbox 1410 5239 1446 5293; x_wconf 92' lang='lat' dir='ltr'><strong>l.</strong></span> <span class='ocrx_word' id='word_1_853' title='bbox 1478 5254 1542 5305; x_wconf 91' lang='grc' dir='ltr'><strong>ιι,</strong></span> <span class='ocrx_word' id='word_1_854' title='bbox 1569 5252 1621 5292; x_wconf 92' lang='lat' dir='ltr'><strong>c.</strong></span> <span class='ocrx_word' id='word_1_855' title='bbox 1645 5234 1739 5303; x_wconf 78' lang='lat' dir='ltr'><strong>4i,</strong></span> <span class='ocrx_word' id='word_1_856' title='bbox 1844 5246 1932 5291; x_wconf 86' lang='lat' dir='ltr'><strong>tur</strong></span> <span class='ocrx_word' id='word_1_857' title='bbox 1967 5237 2023 5293; x_wconf 92' lang='lat' dir='ltr'><strong>in</strong></span> <span class='ocrx_word' id='word_1_858' title='bbox 2064 5240 2252 5297; x_wconf 89' lang='lat' dir='ltr'><strong>codice</strong></span> <span class='ocrx_word' id='word_1_859' title='bbox 2274 5238 2328 5304; x_wconf 88' lang='lat'><strong>4,</strong></span> <span class='ocrx_word' id='word_1_860' title='bbox 2368 5241 2420 5299; x_wconf 87' lang='lat' dir='ltr'><strong>in</strong></span> <span class='ocrx_word' id='word_1_861' title='bbox 2464 5238 2674 5297; x_wconf 90' lang='lat' dir='ltr'><strong>scholio</strong></span> <span class='ocrx_word' id='word_1_862' title='bbox 2708 5237 2800 5305; x_wconf 83' lang='lat'><strong>61,</strong></span> <span class='ocrx_word' id='word_1_863' title='bbox 2827 5234 2971 5309; x_wconf 86' lang='lat' dir='ltr'><strong>quod</strong></span> <span class='ocrx_word' id='word_1_864' title='bbox 3005 5246 3075 5285; x_wconf 82' lang='lat' dir='ltr'><strong>ex</strong></span> <span class='ocrx_word' id='word_1_865' title='bbox 3109 5229 3281 5299; x_wconf 85' lang='lat' dir='ltr'><strong>ipsius</strong></span> <span class='ocrx_word' id='word_1_866' title='bbox 3305 5242 3437 5282; x_wconf 75' lang='lat' dir='ltr'><strong>nar-</strong></span> 
     </span>
    </p>
   </div>
   <div class='ocr_carea' id='block_1_67' title="bbox 189 5314 249 5336">
    <p class='ocr_par' dir='ltr' id='par_1_67' title="bbox 189 5314 249 5336">
     <span class='ocr_line' id='line_1_67' title="bbox 189 5314 249 5336; baseline 0 0"><span class='ocrx_word' id='word_1_867' title='bbox 189 5314 227 5336; x_wconf 71' lang='lat' dir='ltr'><strong>.I‘.</strong></span> <span class='ocrx_word' id='word_1_868' title='bbox 244 5334 249 5336; x_wconf 96' lang='lat'>_</span> 
     </span>
    </p>
   </div>
  </div>
