3988 5336
436 269 533 330 451

1500 271 1715 329 ADAMI
1752 270 2071 330 CANONICI
2112 267 2501 326 BREME‘NSIS

3593 269 3700 324 433
3733 267 3736 269 “

438 383 706 453 ferbytam
743 391 924 438 textus
961 382 1194 439 similem
1232 397 1474 438 error-cm
1516 383 1710 448 habet,
1747 385 1846 438 hoc
1877 399 1941 438 eo
1969 385 2027 438 [it
2057 392 2104 445 Α
2135 382 2170 436 l.
2203 398 2262 447 ιι,
2297 398 2346 437 c.
2371 383 2457 444 12.
2491 383 2559 438 ab
2583 379 2865 436 llelmoldo
2897 394 3006 436 non
3033 380 3208 437 solum
3239 384 3430 438 eodem
3473 381 3610 438 falso
3641 400 3731 438 or-

437 475 582 543 quod
624 474 740 528 h.‘cc
778 489 994 544 quoque
1038 474 1284 530 recensio
1309 475 1519 528 Adamn
1563 475 1882 530 ascrihenda
1923 491 2028 530 non

443 575 550 622 ert.

514 652 819 708 Notandum
861 654 1026 708 etiam
1072 664 1156 709 est
1204 654 1409 709 nullum
1459 655 1640 711 aﬂerri
1679 672 1836 727 pnsse
1871 671 2033 728 argu-

444 754 686 798 mentum
729 759 836 812 quo
869 743 1128 813 probetur
1160 756 1366 800 textum
1412 745 1560 800 illum
1603 747 1805 801 codicis
1827 747 1859 800 4
1886 748 2032 801 curis

445 834 700 889 secundis
731 835 953 903 politum
1009 837 1093 890 vel
1148 837 1346 892 seculo
1392 837 1712 892 duodecimo
1758 837 2031 906 cognitum

445 924 634 979 fuisse.
683 923 867 995 Neque
891 927 1175 982 Annalista
1207 927 1375 992 Saxo,
1421 944 1596 998 neque
1630 929 1944 984 llelmoldus
1973 943 2039 983 eo

447 1017 531 1072 usi
561 1025 706 1080 sunt,
737 1020 987 1086 quamvis
1017 1020 1226 1075 scholia
1262 1021 1493 1090 plurima
1532 1023 1598 1074 ad
1620 1023 1887 1075 Adamum
1914 1037 2042 1090 ope-

446 1109 598 1164 ribus
627 1112 739 1165 suis
783 1112 913 1181 ipsis
942 1112 1054 1168 fere
1083 1113 1265 1168 verbis
1304 1115 1390 1168 vix
1425 1114 1648 1168 mutatis
1686 1115 2036 1168 iusernerint.

448 1199 683 1271 Ohjiciat
721 1203 851 1256 mihi
895 1202 1077 1260 forsan
1110 1203 1305 1274 aliquis
1343 1221 1430 1260 res
1461 1214 1641 1275 gestas
1679 1205 1731 1258 iu
1764 1205 1954 1259 codice
1987 1205 2042 1267 1,

452 1391 1004 1412 ’μισῇ-ιι*

1376 1567 1916 1706 MAG.

2139 473 2267 528 dine
2315 472 2700 543 chronologico
2751 473 2916 539 tradi,
2962 473 3056 528 sed
3103 473 3270 527 etiam
3316 472 3385 526 ab
3417 489 3485 528 eo
3515 476 3727 529 narrari

2139 564 2304 618 lilium
2350 565 2504 620 ducis
2544 564 2883 619 Winuloruin
2939 581 2969 618 a
3020 564 3330 620 Saxonibus
3358 563 3558 619 Canem
3605 580 3724 619 esse

2138 656 2487 727 appellatum.
2521 656 2628 711 Sed
2669 657 2899 726 scriptor
2931 657 3134 712 colicis
3157 655 3192 709 4
3226 671 3380 726 reque
3411 666 3579 724 atque
3606 655 3728 710 Hel-

2141 749 2355 804 moldus
2386 748 2526 803 hanc
2562 749 2847 804 leCtioncm
2881 749 2935 802 in
2963 748 3200 819 antiquis
3231 747 3421 800 Adami
3455 747 3735 800 codicibus

2141 840 2386 895 invenire
2415 841 2610 910 potuit.
2646 841 2755 895 Nec
2800 840 2958 909 plane
2993 838 3306 894 incredibile
3336 837 3495 893 nobis
3524 837 3736 890 videtur

2141 930 2395 998 scriptori
2464 931 2669 985 codicis
2713 930 2746 984 4
2800 930 3063 985 llelmoldi
3111 928 3403 983 Ilistoriam
3457 927 3730 996 cognitam

2144 1023 2335 1090 fuisse,
2383 1039 2506 1079 cum
2553 1025 2620 1080 de
2665 1023 2927 1079 vocabulo
2969 1021 3130 1078 Canis
3176 1022 3348 1077 fusius
3395 1019 3621 1075 omnino
3651 1018 3739 1074 hic

2146 1125 2294 1184 agat.

2072 1563 2788 1702 ADAMI

1868 1848 2327 1964 GESTA

808 2097 1879 2263 HAMMABURGENSIS
1952 2101 2524 2260 .EGGLESIIE
2635 2094 3389 2274 PONTIEIGUM,

1216 2391 1624 2470 EDENTE
1684 2393 1775 2471 V.
1823 2391 1977 2468 CL.
2019 2386 2306 2464 JOAN.
2361 2379 3018 2463 LAPPENBERG

1416 2589 1810 2631 BEIPUBLICE
1867 2583 2358 2630 BAMBURGENSIS
2419 2583 2806 2628 τΑιιυιΑιιιο.

1147 2732 1516 2788 ίΜοηιηηεηια
1541 2731 1842 2787 Germania:
1867 2732 2053 2786 Itistori

2176 2729 2380 2800 Script.
2417 2741 2550 2784 tom.
2586 2727 2700 2793 VII,
2733 2742 2858 2799 pag.
2886 2724 3039 2795 280.)

1460 3061 2012 3144 INCIPIUNT
2074 3060 2598 3141 CAPITULA
2651 3075 2702 3136 '.

511 3269 564 3324 1.
609 3265 908 3337 Descriptio
939 3264 1211 3322 Sax0nize.
1248 3261 1578 3334 Ilystortam.

507 3361 564 3414 2.
609 3359 683 3414 Dc
710 3357 885 3413 ﬂuviis
913 3355 1183 3412 Saxoniae.
1219 3351 1569 3407 Nobilissimi.

504 3448 560 3508 3.
603 3451 704 3520 Qui
740 3449 993 3505 mortales
1021 3447 1180 3520 primi
1212 3444 1551 3500 incoluerunt
1582 3441 1896 3498 Saxoniam.
1922 3440 2063 3506 Qneo

548 3547 798 3600 rentibus.

510 3637 566 3692 4.
608 3638 738 3692 Item
767 3638 832 3691 de
860 3650 1058 3707 genere
1090 3633 1388 3688 Saxonum.
1419 3628 1714 3684 Saxonum.

511 3729 564 3785 5.
605 3729 680 3784 De
720 3728 930 3799 legibus
959 3735 1014 3780 et
1045 3724 1287 3778 moribus
1316 3720 1614 3774 Saxonum.
1647 3714 1882 3770 Generis.

513 3820 567 3875 6.
607 3819 888 3887 Quomodo
935 3830 1067 3885 gens
1092 3813 1367 3869 Saxonum
1414 3811 1572 3866 [idem
1613 3806 1870 3877 suscepit.
1921 3803 2066 3871 Qua-

550 3912 687 3964 liter.

512 4000 570 4054 7.
611 3998 911 4053 Martirium
949 3996 1120 4052 sancti
1147 3992 1420 4050 Bonel‘acii
1450 3992 1512 4046 1n
1539 3990 1749 4045 Fresia.
1782 3986 2017 4042 Primus.

515 4093 570 4148 8..
612 4091 902 4146 Bonel'acio
933 4088 1269 4145 Willehadus
1300 4085 1562 4142 succedit.
1596 4080 1724 4137 Post
1748 4081 2064 4150 passionem.

516 4184 569 4235 ε).
614 4182 812 4236 Divisio
841 4180 1076 4235 Saxonie
1108 4180 1159 4232 in
1187 4179 1552 4248 episcopatus.
1589 4172 1654 4226 In
1683 4173 1909 4226 nomine.

485 4272 569 4328 l0.
612 4274 758 4330 Obiit
786 4282 1008 4328 sanctus
1034 4269 1393 4324 Willehadus.
1427 4267 1577 4322 Sedit
1614 4265 1794 4335 igitur.

485 4365 571 4419 11.
615 4363 924 4418 Willehado
948 4361 1260 4417 Willericus
1297 4355 1558 4413 succedit.
1594 4354 1926 4408 Proximum.

486 4456 572 4509 12.
615 4455 909 4525 Ansgarius
935 4455 1101 4508 Danis
1127 4467 1191 4507 ac
1218 4449 1526 4505 Sueonibus
1553 4445 1833 4517 prcdicarc
1858 4443 2069 4513 incipit.

556 4543 854 4598 Ludwicus.

491 4639 578 4694 l5.
622 4638 918 4708 Ansgurius
963 4637 1016 4692 in
1054 4635 1331 4704 liamburg
1381 4634 1588 4704 primus
1635 4631 2073 4702 archiepiscopus
2102 4629 2145 4687 (ἶ

560 4731 866 4784 ordinatur.
900 4726 1042 4782 Tunc
1069 4730 1373 4797 imperator.

491 4821 582 4878 11.
626 4821 924 4890 Ansgarius
967 4835 1111 4874 nunc
1141 4818 1304 4874 Danis
1335 4833 1477 4872 nunc
1501 4816 1900 4871 Transalbianis
1951 4832 2074 4884 pre—

561 4912 728 4967 dicat.
757 4909 1062 4966 Sueonibus
1091 4910 1404 4980 episcOpum
1439 4907 1624 4961 mittit.
1655 4905 1967 4976 Ansgarins.

451 5056 460 5066 _
493 5001 582 5060 l5.
625 5001 954 5068 Willericus,
983 4999 1295 5056 Bremensis
1342 5000 1651 5069 episcopus,
1683 4998 1930 5052 moritur.
1982 4995 2079 5048 In-

563 5107 723 5153 terea.

2099 3259 2146 3320 B
2178 3257 2263 3312 l8.
2306 3255 2596 3312 Ludwicus
2641 3255 2935 3323 imperator
2960 3253 3095 3318 obit,
3127 3262 3178 3308 et
3211 3267 3431 3323 regnum
3477 3251 3757 3306 dividitur.

2249 3351 2417 3404 Anno.

2177 3441 2260 3496 l9.
2302 3437 2919 3506 Ansgarinscenobium
2946 3435 3196 3498 exstruit,
3228 3433 3390 3488 Danis
3438 3452 3502 3490 ac
3532 3435 3764 3490 Sueoni-

2243 3529 2344 3583 bus
2369 3527 2734 3598 predicatores
2765 3526 2948 3589 mittit.
2976 3523 3166 3582 Brema
3197 3525 3436 3594 pell.tur.
3465 3525 3762 3596 EpiscOpus

2245 3623 2437 3679 Brcmc
2469 3622 2716 3678 moritur.
2749 3620 2945 3676 Atille.

2173 3737 2262 3793 20.
2305 3737 2600 3809 Ansgarius
2663 3735 3011 3793 Bremensem
3075 3736 3445 3807 episcopatum
3505 3738 3764 3807 suscepit.

2251 3829 2397 3883 Tunc
2422 3827 2717 3883 Ludwicus.

2175 3931 2267 3985 21.
2310 3927 2912 4000 Ansgariuslloricum,
2939 3941 3124 3997 regem
3173 3925 3445 3980 Danorum
3503 3925 3765 3996 baptizat.

2251 4021 2476 4078 Sanctus
2509 4023 2701 4092 itaque.

2176 4115 2269 4170 22.
2311 4117 2611 4184 Ansgarius
2651 4114 2961 4169 Sueonibus
2997 4115 3279 4184 predicare
3306 4114 3472 4168 vadit.
3508 4111 3733 4180 Quibus.

2177 4204 2270 4258 23.
2314 4203 2591 4275 llamhurg
2621 4214 2674 4259 ct
2705 4203 2895 4258 Brema
2929 4219 3069 4258 unus
3096 4205 3442 4272 episcopatus
3471 4202 3632 4256 ﬁunt.
3683 4200 3775 4255 ln-

2251 4307 2412 4348 terea.

2179 4385 2270 4439 21.
2310 4384 2612 4454 Ansgarius
2663 4399 2846 4450 regem
2891 4384 3161 4438 Danorum
3207 4381 3538 4438 christianos
3593 4395 3779 4452 perse-

2252 4485 2504 4546 quentem
2536 4475 2905 4546 predicatioue
2935 4475 3134 4544 placat.
3178 4472 3304 4528 Post
3338 4475 3450 4526 liec.

2182 4587 2272 4642 25.
2313 4586 2614 4657 Ansgarius
2666 4599 2864 4656 corpus
2917 4585 3088 4640 sancti
3133 4583 3432 4656 .Willebadi
3487 4583 3772 4637 transfert.

2249 4681 2275 4735 l
2281 4697 2388 4751 pse.

2175 4773 2264 4828 26.
2310 4771 2517 4826 Mencio
2563 4773 2828 4826 honorum
2874 4785 3099 4839 operum
3143 4767 3414 4836 Ansgarii.
3467 4764 3704 4819 Interea.

2177 4866 2266 4918 27.
2308 4863 2607 4933 Ansgarius
2633 4864 2766 4918 obit.
2810 4860 3121 4917 Rimhertus
3146 4859 3402 4915 succedit.
3448 4855 3774 4926 Supervixit.

2178 4975 2267 5029 28.
2308 4974 2656 5029 Consecratio
2686 4972 2974 5026 Rimberti.
3015 4973 3242 5026 Sanctus
3277 4971 3602 5023 Rimbertns.

2184 5066 2272 5122 29.
2315 5065 2625 5120 ltimbcrtus
2650 5063 2874 5134 paganis
2902 5063 3162 5130 predicat.
3205 5059 3474 5114 Preterea.

495 5189 584 5245 16.
623 5187 901 5244 Willerico
925 5185 1254 5242 Leudericus
1279 5183 1471 5237 ordine
1509 5181 1710 5234 tercius
1738 5179 1996 5241 succedit.
2026 5184 2080 5232 et
2185 5176 2274 5230 30.
2315 5173 2502 5245 Legati
2540 5187 2745 5228 cesarts
2788 5181 2842 5226 et
2889 5170 3160 5227 Danorum
3191 5169 3256 5224 ad
3286 5168 3556 5240 Egdoram
3588 5180 3780 5236 pacem

2501 5263 2604 5290 n..:
2640 5280 2781 5290 ...υ-ι--
