3988 5336
496 247 603 305 159

1651 251 1861 310 ΛΟΑΜΙ
1890 252 2210 312 CANONICI
2251 253 2638 312 BREMENSIS

3672 245 3778 311 ι(ιο

498 362 977 421 sanetissimornm
1009 362 1256 429 Patrum,
1284 376 1382 433 per
1427 378 1565 433 quos
1592 365 1820 421 ecclesia
1849 366 2087 421 exaltata
2116 374 2164 443 Α
2191 379 2400 441 omnes,
2445 364 2589 435 quod
2638 378 2738 420 nec
2775 362 2981 419 laudari
3014 366 3173 435 cupio
3205 374 3264 421 ut
3305 368 3623 436 historicus,
3680 386 3778 428 nec

496 465 552 511 et
585 456 956 522 clxristipnitas
985 457 1036 510 in
1063 456 1328 526 egentibus
1374 456 1600 511 dilatata
1641 465 1747 521 est,
1796 467 1948 527 gesta
2002 473 2090 512 re-

502 549 660 603 volvo
686 548 763 601 ’⁵.
794 548 874 601 Ad
898 547 1040 615 quod
1068 547 1324 619 nimirum
1356 546 1514 601 valde
1540 547 1771 601 arduum
1803 556 1858 602 et
1884 547 2114 617 viribus.

410 694 417 701 ,
503 638 643 692 meis
671 637 716 668 "
743 638 918 703 impar
938 650 1076 689 onus
1116 636 1160 666 "
1184 675 1200 701 ,
1243 650 1310 690 eo
1340 635 1600 703 majorem
1647 636 1831 707 flagito
1856 637 2089 701 veniam,

504 729 757 799 quoniam
787 728 831 758 "
865 726 975 781 fere
1010 726 1210 780 nullius
1246 726 1291 757 "
1325 726 1416 795 qui
1443 741 1529 780 me
1557 725 1895 793 prmeesserit
1925 725 1969 756 ³⁰
2002 740 2092 780 ve-

510 818 668 886 stigia
701 830 957 885 sequens,
974 815 1225 885 ignotum
1258 814 1383 879 iter,
1422 814 1576 882 quasi
1608 813 1831 883 palpans
1857 814 1898 844 ³²
1928 813 1979 867 in
2013 821 2113 887 te-_

501 908 709 981 nebris,
758 905 1141 976 carpere,(86)
1196 921 1303 959 non
1357 904 1538 969 timui,
1591 904 1799 974 eligens
1849 903 1901 958 in
1934 904 2109 977 vinea

502 996 714 1051 Domini
756 996 967 1065 pondus
1016 996 1122 1050 diei
1172 996 1312 1050 ferre
1342 996 1385 1027 "
1414 1005 1469 1048 et
1505 1004 1692 1059 :estus,
1739 1010 1902 1063 quam
1932 1005 2087 1051 extra

503 1087 719 1141 vineam
747 1086 960 1140 ociosus
983 1094 1128 1138 stare
1164 1083 1381 1155 (Matth.
1410 1101 1500 1147 xx,
1531 1085 1586 1148 5,
1619 1084 1729 1154 l2).
1761 1085 1877 1139 Tuo
1902 1085 2082 1156 igitur,

502 1174 840 1237 sanctissime
866 1173 1083 1242 praesul,
1108 1173 1343 1227 examini
1385 1174 1646 1228 audacter
1686 1173 1897 1243 incepta
1928 1189 2081 1227 com.

502 1264 659 1317 mitto
690 1278 705 1317 :
755 1272 805 1317 te
832 1264 875 1295 ³³
895 1250 1133 1333 judicem
1168 1263 1433 1333 simulque
1456 1264 1797 1318 defensorem
1832 1264 2081 1333 imploro,

501 1355 680 1410 sciens
713 1355 809 1410 tibi
840 1372 938 1425 pro
986 1356 1252 1426 sapientia
1300 1365 1387 1409 tua
1418 1356 1603 1417 nichil
1654 1356 1873 1425 dignum
1926 1371 2085 1425 posse

501 1448 699 1505 deferri
725 1467 738 1501 :
771 1449 861 1517 qui
896 1449 1124 1502 decurso
1157 1449 1449 1519 mumlanre
1480 1448 1781 1515 prudentiae
1810 1447 1985 1512 stadio
2014 1447 2082 1512 “,

500 1538 569 1591 ad
604 1537 836 1591 studium
859 1537 1056 1611 divinae
1089 1537 1443 1605 philosophia:
1480 1535 1681 1604 majore
1725 1537 1897 1606 gloria
1938 1550 2083 1591 nunc

500 1629 788 1685 ascendisti
819 1628 864 1661 ³⁸
891 1669 906 1694 ,
952 1639 1167 1706 terrena
1214 1624 1537 1696 despiciens,
1585 1635 1640 1680 et
1668 1626 1782 1680 sola
1812 1627 2079 1689 meditans

2138 469 2150 477 ’
2193 454 2485 524 improbari
2530 463 2713 509 metuo
2761 463 2820 531 u_t
2868 453 3143 512 falsidicus
3170 456 3252 524 “';
3304 462 3396 514 sed
3444 462 3592 531 quod
3643 462 3779 519 bene

2192 557 2295 612 ego
2350 560 2457 597 non
2508 543 2678 612 potui,
2726 526 2919 598 melius
2948 545 3219 623 scribendi
3265 526 3478 603 ceteris
3497 551 3778 606 materiam

2191 630 2407 701 reliqui.
2432 630 2515 686 Ab
2568 631 2791 684 introitu
2850 632 3013 703 igitur
3060 633 3106 665 "
3150 637 3323 691 sancti
3381 637 3675 693 Willehadi
3728 640 3776 671 ⁸⁸

2190 735 2312 773 cum
2344 719 2582 774 Saxonia
2614 729 2721 774 tota
2769 729 2825 776 et
2868 710 3037 777 armis
3077 725 3299 781 subacta
3348 722 3685 783 Francorum
3726 740 3781 786 et

2188 810 2370 865 divino
2416 811 2583 866 cultui
2628 812 2934 883 mancipata
2982 824 3086 879 est,
3127 817 3367 882 ordiens,
3420 820 3474 873 in
3516 829 3611 875 tuo
3638 820 3782 876 saluo

2190 899 2293 952 tari
2326 899 2566 986 ingressu
2604 916 2745 970 pono
2787 912 2983 957 metam
3036 904 3280 971 libellnli,
3320 908 3488 992 §imul
3530 912 3780 981 omnipo-

2187 988 2470 1043 tentis'Dei
2501 989 2887 1047 misericordia:
2935 994 3264 1064 supplicans.
3314 988 3393 1062 ut,
3426 1000 3528 1068 qui
3578 1011 3635 1054 te
3678 1017 3778 1071 po-

2185 1081 2308 1150 pulo
2338 1095 2435 1135 suo
2459 1080 2546 1135 diu
2577 1082 2783 1136 erranti
2826 1091 2881 1137 et
2918 1083 3115 1141 alllicto
3163 1096 3438 1155 pastorem
3467 1091 3776 1159 constituit,

2185 1180 2387 1225 annuat
2406 1172 2574 1225 etiam
2598 1181 2686 1226 tua
2714 1187 2880 1241 opera
2905 1175 3118 1244 tuisque
3146 1175 3340 1233 diebus
3374 1195 3438 1234 ea
3483 1197 3608 1252 qnze
3638 1182 3781 1238 inter

2185 1275 2283 1316 nos
2310 1277 2475 1330 prava
2507 1271 2633 1315 sunt
2675 1263 2719 1293 “
2750 1264 2946 1334 corrigi
2990 1273 3045 1320 et
3085 1279 3328 1323 correcta
3361 1282 3627 1342 perpetuo
3652 1291 3781 1331 cono

2184 1354 2407 1406 servari.
2463 1354 2543 1407 Ad
2592 1354 2690 1409 hcc
2737 1355 2781 1386 δ’
2814 1371 2939 1425 quae
2986 1357 3039 1410 in
3074 1358 3312 1426 gentium
3348 1364 3708 1420 conversione
3746 1382 3779 1422 a

2182 1444 2560 1498 dccessoribus
2590 1445 2640 1476 ⁸³
2674 1446 2777 1500 tuis
2814 1455 3071 1502 strennue
3095 1449 3295 1503 dudum
3328 1451 3539 1521 incepta
3574 1464 3724 1523 sunt,
3746 1471 3777 1511 a

2185 1543 2254 1595 te,
2285 1534 2375 1604 qui
2407 1533 2793 1588 hereditariam
2824 1536 3137 1605 predicandi
3165 1538 3488 1609 legationem
3532 1546 3780 1611 possides

2185 1626 2236 1679 in
2276 1634 2437 1679 lotam
2466 1626 2848 1695 septentrionis
2881 1627 3218 1683 latitudinem
3243 1630 3377 1700 (87),
3407 1642 3625 1689 mature
3646 1652 3765 1706 per-

499 1719 719 1774 celestia
750 1718 817 1772 “.
868 1702 1116 1786 Cumque
1158 1716 1404 1792 doctrina
1452 1724 1513 1769 et
1558 1716 1806 1776 veritate,
1854 1716 1955 1770 hoc
2000 1724 2084 1770 est
2115 1702 2157 1759 Β
2188 1715 2273 1769 lici
2311 1717 2573 1771 concedat
2600 1716 2759 1771 .Iesus
2802 1716 3053 1773 Christus
3090 1719 3341 1774 dominus
3384 1732 3592 1788 uoster,
3625 1702 3779 1795 cujus

497 1812 665 1865 verbo
702 1819 757 1865 et
783 1809 1028 1877 exemplo
1060 1807 1340 1881 pastorali,
1386 1806 1543 1861 facile
1583 1808 1625 1838 ⁸⁷
1670 1806 1866 1861 multos
1902 1807 2080 1862 excel-

448 1922 453 1929 ’
499 1900 598 1961 las,
624 1900 913 1975 praecipua
935 1908 1018 1954 est
1048 1899 1121 1971 in
1148 1898 1437 1953 virtutibus
1479 1898 1585 1951 tuis
1632 1898 1929 1963 humilitas,
1962 1914 2082 1967 qua:

498 1991 749 2045 omnibus
775 1999 825 2044 te
850 2004 1189 2045 communem
1219 1987 1443 2054 faciens,
1493 1988 1656 2043 michi
1698 2003 1914 2057 quoque
1947 1988 2080 2041 fidu-

499 2083 638 2139 ciam
662 2072 829 2146 dedit,
860 2080 1304 2151 quabalbuciens
1326 2081 1555 2136 audeam
1598 2095 1719 2135 cum
1759 2080 2097 2151 philosopho

497 2174 664 2243 loqui,
702 2183 757 2228 et
783 2172 909 2228 Saul
940 2174 1082 2227 inter
1127 2173 1421 2243 prophetas
1454 2171 1505 2242 (l
1532 2170 1661 2240 Reg.
1711 2187 1765 2238 κ,
1813 2172 1915 2236 l2;
1964 2187 2076 2234 xu,

497 2265 589 2336 24)
624 2265 960 2321 videri.‘Scir
1004 2275 1181 2341 tamen
1228 2264 1459 2332 aliquos,
1498 2273 1556 2317 ut
1602 2264 1653 2317 in
1700 2263 2011 2318 novissimis
2035 2263 2081 2295 ³⁸

498 2359 659 2413 rebus
701 2357 814 2411 ﬁeri
857 2366 1176 2412 consuetum
1227 2365 1331 2419 est,
1375 2355 1720 2409 adversarios
1758 2356 1919 2409 michi
1974 2371 2079 2409 non

498 2450 795 2513 defuturos,
823 2450 915 2519 qui
941 2450 1126 2503 dicant
1163 2449 1279 2503 haec
1310 2448 1431 2503 [icta
1461 2460 1517 2502 et
1550 2448 1682 2501 falsa
1723 2447 1885 2502 veluti
1931 2462 2080 2501 som-

496 2539 588 2597 nia
638 2538 911 2607 Scipionis
956 2554 985 2591 a
1030 2537 1208 2592 Tullio
1263 2538 1558 2602 meditata;
1604 2538 1787 2593 dicant
1820 2538 1982 2590 etiam
2034 2536 2080 2591 si

496 2628 683 2682 volunt
744 2643 841 2698 per
897 2629 1191 2687 eburneam
1257 2637 1471 2696 portam
1556 2627 1798 2682 Maronis
1852 2642 2077 2697 egressa

500 2718 741 2787 (/Eneid.
773 2734 847 2781 γι,
890 2718 1009 2779 898,
1044 2720 1207 2787 seq.).
1248 2718 1430 2775 Nobis
1474 2719 1811 2788 propositum
1848 2728 1931 2773 est
1970 2736 2077 2774 non

498 2810 750 2864 omnibus
781 2808 1013 2888 placere,
1055 2808 1147 2861 sed
1190 2808 1307 2871 tibi,
1356 2818 1631 2878 pater,,et
1663 2809 2074 2877 ecclesiae-true;

498 2897 871 2953 difﬁcillimum
901 2908 983 2953 est
1005 2899 1147 2953 enim
1183 2900 1379 2953 invidis
1408 2900 1641 2968 placere.
1673 2901 2009 2973 thuoniam
2031 2902 2097 2955 ³⁹.

498 2988 580 3041 sic
610 2988 912 3041 emulorum
947 2989 1095 3059 cogit
1122 2989 1464 3058 improbitas,
1501 2990 1675 3048 fateor
1716 2993 1810 3046 tibi
1854 2994 1931 3058 ‘°,
1961 2993 2078 3062 qui-

494 3078 598 3134 bus
626 3094 689 3134 ex
720 3079 887 3151 pratis
912 3077 1161 3135 deﬂoravi
1190 3082 1294 3135 hoc
1318 3074 1575 3153 sertum,
1600 3097 1669 3138 ne
1696 3083 1850 3138 dicar
1874 3083 1917 3115 “
1944 3098 2069 3153 spe-

496 3170 580 3224 cie
608 3170 719 3225 veri
765 3180 1011 3238 captasse
1054 3170 1392 3225 mendacium
1424 3189 1436 3224 :
1477 3172 1659 3241 itaque
1695 3172 1760 3227 de
1805 3172 1910 3227 hiis
1949 3186 2069 3242 quae

495 3261 699 3325 scribo,
762 3261 936 3331 aliqua
992 3274 1088 3330 per
1145 3261 1393 3316 scedulas
1435 3262 1481 3293 "
1532 3262 1775 3330 dispersa
1841 3261 2069 3332 collegi,

497 3353 666 3407 multa
691 3367 820 3408 vero
867 3353 1108 3407 mutuari
1165 3353 1231 3407 de
1280 3353 1538 3424 hysteriis
1583 3352 1629 3384 “
1677 3362 1733 3408 et
1777 3353 2072 3424 privilegiis

493 3439 885 3505 Romanorum,
934 3440 1194 3511 pleraque
1238 3442 1420 3497 omnia
1468 3441 1514 3473 “
1548 3437 1844 3507 seniorum,
1877 3443 2071 3510 quibus

493 3544 582 3584 res
611 3539 736 3591 nota
783 3539 887 3596 est,
933 3530 1223 3587 traditione
1258 3530 1441 3595 didici,
1475 3538 1663 3585 testem
1696 3530 1899 3586 habens
1930 3532 2071 3587 veri-

495 3630 681 3689 tatem,
728 3621 892 3679 nichil
941 3622 1008 3676 de
1054 3636 1176 3677 meo
1218 3622 1407 3677 corde’
1435 3621 1746 3692 prophetari
1791 3619 1862 3687 ",
1903 3623 2073 3679 nichil

495 3723 697 3769 temere
725 3713 937 3768 deliniri
965 3730 979 3778 ;
1010 3706 1103 3768 scd
1133 3708 1314 3767 omnia
1346 3728 1468 3782 qua:
1504 3714 1781 3782 positurus
1803 3728 1922 3768 sum
1956 3729 2066 3770 cer-

497 3804 564 3860 tis
605 3803 871 3857 roborabo
902 3803 947 3835 “
982 3804 1328 3866 testimoniis,
1364 3811 1425 3856 ut
1468 3803 1513 3857 si
1551 3805 1715 3860 michi
1759 3820 1864 3859 non
1896 3807 2072 3862 credi-

496 3902 602 3958 t'ur,
650 3893 838 3947 saltem
895 3892 1200 3947 auctoritati
1241 3893 1374 3947 fides
1423 3893 1468 3925 "
1532 3894 1821 3949 tribuatur.
1868 3895 1927 3949 in
1963 3878 2089 3965 quoi

496 3998 658 4054 opere
719 3982 1021 4053 talibusque
1086 3981 1233 4037 ausis
1283 3981 1522 4052 (zEneid.
1582 3998 1647 4047 ιι,
1711 3983 1836 4055 555)
1897 3986 2071 4041 sciant

2185 1806 2334 1876 regni
2402 1822 2507 1860 non
2558 1815 2642 1861 cst
2686 1805 2810 1863 linis
2856 1812 2954 1878 per
3002 1808 3184 1863 onmia
3214 1810 3397 1865 secula
3437 1814 3771 1872 seculorum.

2181 1897 2353 1951 Amen
2382 1897 2447 1950 ”.
2904 1940 2912 1946 .
3176 1906 3179 1907 '
3402 1920 3407 1925 ·

2252 1989 2304 2043 1.
2346 1990 2365 2059 (
2379 1987 2479 2060 [1.]
2505 1987 2637 2059 Cap.
2672 1987 2749 2057 1.)
2788 1988 3082 2045 Historiam
3112 1990 3636 2061 llammaburgensis
3677 2009 3771 2051 ec-

2183 2076 2359 2132 clesia:
2381 2079 2636 2148 scripturi
2678 2079 2751 2143 ⁸⁸,
2780 2080 3037 2149 quoniam
3078 2079 3445 2153 Hammaburg
3476 2084 3524 2116 ⁸⁸
3551 2085 3777 2141 nobilis-

2182 2168 2319 2223 sima
2359 2170 2631 2237 quondam
2670 2171 2713 2202 ⁸⁷
2764 2171 3040 2225 Saxonum
3083 2173 3273 2228 civitas
3298 2185 3444 2239 erat,
3475 2191 3582 2229 non
3610 2176 3660 2207 ”
3688 2177 3775 2230 in—

2181 2258 2378 2313 decens
2424 2269 2520 2312 aut
2569 2275 2795 2314 vacuum
2846 2259 2961 2314 fore
2987 2262 3030 2295 "
3086 2272 3362 2331 putamus,
3409 2266 3453 2318 si
3501 2266 3658 2335 prius
3705 2266 3777 2320 de

2180 2362 2339 2420 gente
2368 2352 2643 2405 Saxonum
2674 2361 2730 2405 et
2768 2362 2961 2406 natura
2991 2351 3234 2420 ejusdem
3275 2356 3566 2421 provintia:
3612 2370 3774 2425 pone-

2180 2457 2300 2496 mus
2327 2456 2389 2496 ea
2431 2457 2551 2510 quae
2572 2442 2916 2497 doctissimus
2965 2444 3098 2497 vir“
3147 2444 3455 2501 Eiuhardus
3479 2445 3524 2477 ‘°
3570 2447 3773 2515 aliique

2182 2547 2294 2587 non
2356 2533 2573 2587 obscuri
2643 2543 2893 2589 auctores
2947 2535 2992 2573 σι
3052 2535 3388 2605 reliquerunt
3441 2537 3495 2590 in
3551 2537 3773 2606 scriptis

2179 2624 2291 2677 suis
2318 2622 2384 2677 θ’.
2421 2623 2679 2689 Saxonia,
2708 2625 2983 2695 inquiunt,
3014 2642 3137 2696 pars
3169 2642 3270 2679 non
3296 2626 3505 2679 modica
3532 2637 3611 2681 est
3636 2624 3769 2680 Ger-

2177 2715 2390 2780 maniw,
2426 2723 2473 2767 et
2503 2715 2617 2784 ejus
2662 2731 2778 2784 qua:
2808 2734 2839 2768 a
2890 2715 3115 2769 Francis
3156 2716 3405 2770 incolitur
3449 2717 3673 2787 duplum
3711 2718 3767 2773 in

2178 2804 2285 2881 lato
2328 2816 2545 2874 putatur
2577 2806 2785 2869 habere,
2830 2823 2947 2859 cum
2986 2808 3035 2860 ei
3078 2807 3405 2876 longitudine
3448 2809 3616 2877 possit
3657 2824 3766 2862 esse

2178 2894 2461 2948 consimilis
2496 2895 2629 2964 (88).
2663 2894 2864 2949 Positio
2905 2894 3021 2962 ejus
3071 2908 3218 2950 reete
3262 2896 3620 2950 metientibus
3670 2897 3767 2949 tri-

2180 3000 2318 3063 gona
2364 2987 2611 3052 videtur;
2668 2986 2741 3042 ita
2783 2995 2844 3041 ut
2895 2986 3099 3055 primus
3138 2987 3365 3057 angulus
3409 2988 3463 3041 in
3519 2996 3764 3042 austrum

2177 3061 2490 3148 porrigatur
2526 3093 2698 3148 usque
2734 3079 2803 3133 ad
2854 3077 3062 3133 Renum
3112 3077 3156 3108 °'
3212 3076 3435 3142 ﬂumen,
3489 3079 3762 3132 secundus

2178 3184 2309 3245 vero
2336 3170 2597 3226 inchoans
2626 3170 2672 3203 “
2710 3186 2740 3224 a
2768 3172 3058 3226 maritimis
3098 3169 3372 3225 Hadelohc
3416 3170 3462 3201 “
3505 3171 3768 3241 regionis,

2176 3262 2336 3332 longo
2374 3278 2534 3318 secus
2560 3262 2774 3318 Albiam
2822 3262 2993 3316 limite
3021 3262 3365 3333 protenditur
3398 3262 3451 3339 in
3494 3261 3764 3315 orientem

2178 3367 2351 3422 usque
2379 3353 2447 3406 ad
2492 3351 2676 3407 Salam
2715 3352 2960 3406 ﬂuvium.
3008 3352 3083 3407 lbi
3132 3360 3216 3407 est
3268 3351 3497 3421 angulus
3542 3351 3764 3406 tercius.

2174 3442 2365 3512 Itaque
2411 3444 2480 3497 ab
2515 3443 2709 3514 angulo
2754 3444 2807 3498 in
2841 3444 2886 3474 “
2912 3443 3168 3513 angulum
3209 3443 3376 3499 habes
3414 3443 3459 3475 ⁸⁷
3492 3444 3600 3498 iter
3639 3451 3764 3496 octo

2178 3533 2410 3598 dierum,
2439 3543 2636 3604 praeter
2674 3548 2797 3588 eam
2852 3543 3061 3604 partem
3113 3533 3381 3596 Saxonis},
3437 3548 3561 3604 qua:
3614 3540 3761 3586 trans

2140 3698 2147 3705 ‘
2176 3622 2388 3680 Albiam
2419 3640 2585 3694 supra
2618 3625 2871 3681 incolitur
2899 3642 2929 3680 a
2967 3624 3192 3680 Sorabis
3233 3625 3369 3693 (89),
3408 3622 3549 3678 infra
3579 3632 3760 3676 autem

2177 3728 2206 3767 a
2251 3714 2652 3787 Nordalbingis.
2706 3710 2949 3772 Saxonia
2994 3715 3142 3781 viris,
3193 3716 3365 3770 armis
3406 3725 3463 3769 et
3513 3714 3763 3785 frugibus

2175 3805 2363 3861 inclita
2391 3808 2521 3878 (90).
2554 3810 2798 3880 Excepto
2826 3809 2969 3879 quod
2998 3810 3136 3863 raris
3166 3809 3476 3863 intumescit
3511 3806 3760 3872 coll.bus,

2178 3882 2285 3952 tota
2315 3898 2429 3954 fere
2452 3899 2497 3930 ³⁸
2533 3900 2756 3955 declivis
2801 3900 2853 3955 in
2884 3900 3164 3977 planitiem
3208 3899 3593 3956 consideratur
3625 3898 3760 3968 (9i).

2174 3986 2300 4044 Sola
2331 3998 2483 4045 caret
2508 3989 2616 4045 vini
2640 3990 2686 4022 ⁸⁸
2706 3989 3021 4047 dulcedine'
3055 3990 3161 4046 alia
3182 3990 3362 4046 omnia
3378 3987 3482 4045 fert
3515 3989 3641 4044 usui
3666 4002 3761 4041 ne-

1975 4096 2265 4156 SCHOLIA
2280 4140 2292 4155 .

567 4174 797 4264 *Scltol.
831 4168 1220 4276 lqunbardus‘
1238 4218 1307 4259 ex
1328 4203 1623 4282 capellanis
1648 4202 1835 4263 Karoli
1861 4207 2227 4279 imperatoris.
2256 4210 2434 4268 Vitam
2458 4208 2580 4281 ejus
2599 4209 2885 4282 descripsit
2905 4218 2961 4266 et
2992 4207 3131 4266 bella
3158 4176 3432 4264 Saxonum
3454 4206 3525 4260 ".
3569 4204 3677 4277 (ει.
3697 4205 3755 4284 ι)

1755 4314 1987 4372 γΑΒιΑς
2024 4317 2428 4376 LECTIONES.

494 4436 542 4468 "
572 4426 852 4519 revolvero
874 4429 1168 4519 Lindl2da.
1195 4430 1319 4519 edit.
1429 4429 1565 4519 meis
1586 4429 1724 4519 deest
1755 4429 1809 4519 1..
1844 4432 1896 4519 ξ
1917 4448 2052 4519 opus
2071 4434 2242 4519 26.33
2269 4448 2378 4519 qu_o
2398 4433 2451 4489 2.
2480 4432 2618 4519 _5..4.
2662 4431 2919 4519 "mullos-
3070 4431 3116 4463 '°

1167 4500 1304 4580 udus
1333 4500 1552 4581 aliquod
1592 4499 1736 4554 ferre
1764 4498 1821 4554 d.
1844 4502 1907 4555 2n
1928 4498 2108 4574 potius
2136 4498 2351 4588 aliquod
2377 4521 2430 4575 p.
2462 4505 2527 4586 (1.⁸
2544 4503 2688 4586 ferre
2703 4505 2774 4587 3..
2832 4502 2878 4535 ³⁸
2902 4512 2963 4556 ut
2998 4502 3050 4583 1..
3130 4498 3181 4541 ³⁸η
3196 4501 3381 4581 studio
3403 4500 3461 4554 5.
3538 4498 3587 4531 ³³
3613 4512 3754 4553 nunc

1167 4568 1636 4643 stta‘medttans}.
1714 4570 1973 4643 a[facere
1994 4575 2047 4628 2.
2152 4576 2197 4608 ³⁸
2225 4586 2297 4629 ιτα
2321 4578 2369 4629 1.
2404 4591 2559 4630 novrs
2590 4574 2793 4643 reliqui.
2822 4642 2827 4643 γ
2872 4572 3034 4643 "qui
3062 4571 3148 4627 2O.
3224 4569 3269 4602 “
3310 4578 3475 4643 etiam
3503 4584 3649 4643 corr.
3676 4576 3754 4620 ta-

491 4520 626 4576 pans
650 4505 790 4576 deest
820 4503 868 4576 l_.
897 4570 910 4576 _
945 4501 1068 4576 ’f_d.

492 4568 605 4629 asc.
636 4572 803 4640 gloria
830 4570 911 4623 4.‘
962 4570 1007 4600 ⁸⁸
1031 4568 1636 4640 εθιεειίίξωθόίι-ιιηεᾼι.
1714 4570 1758 4602 ³⁷
1790 4568 1973 4629 facer'e
1994 4575 2047 4628 2.

493 4657 616 4698 men
641 4637 740 4693 ἐι.
840 4640 894 4683 οδ¹
926 4640 1070 4694 dieat
1106 4639 1155 4691 1.
1232 4637 1275 4669 δ’
1304 4638 1523 4692 cedulas
1548 4638 1634 4692 2a.

492 4715 539 4745 "
561 4709 828 4782 propalari
852 4709 907 4763 5.
1012 4707 1058 4738 “
1087 4707 1415 4782 roborata}.
1441 4710 1685 4782 narrabo
1696 4711 1749 4782 _l.

1746 4640 1793 4672 ’⁵³
1814 4642 1881 4696 de
1908 4644 1961 4695 lt.
2001 4647 2238 4699 mutuari
2263 4645 2316 4699 4.
2346 4654 2621 4699 mutuatus
2650 4640 2703 4699 5.

1850 4710 1895 4782 δῖ
1924 4711 2058 4766 fides
2079 4713 2217 4767 deest
2247 4714 2300 4766 5.
2377 4715 2422 4746 “'
2448 4714 2765 4782 falsiloquus
2790 4712 2843 4767 5.
2870 4714 2873 4717 ’

3176 4428 3414 4485 necessit
3441 4426 3495 4482 4’.
3577 4428 3623 4461 ³⁸
3647 4426 3756 4497 pal.

3157 4500 3376 4555 *studio
3403 4500 3461 4554 5.
3538 4498 3587 4531 ³³
3613 4512 3754 4553 nunc

2818 4642 2862 4674 ιι
2892 4637 3149 4713 pléraque
3188 4641 3341 4713 quasi
3377 4637 3563 4713 911ιηὶέὲ
3596 4638 3682 4713 gf:

2940 4712 2984 4743 ⁸⁸
3017 4707 3431 4781 igitur—deest}.
3510 4708 3558 4740 ‘°
3596 4707 3752 4781 Vilio-

494 4776 617 4837 lta'tli
648 4776 702 4833 5.
777 4779 820 4852 ’ξ
852 4789 975 4852 sunt
1003 4792 1170 4852 prava
1198 4776 1254 4852 Il.
1329 4776 1376 4852 '_'
1402 4777 1589 4852 inec}.
1634 4847 1647 4852 _
1666 4779 1713 4810 ⁸³
1741 4779 2229 4852 praedecessoribus
2249 4783 2303 4836 4.
2378 4784 2424 4815 ⁸³
2450 4786 2622 4839 Amen
2646 4776 2792 4837 'deest
2815 4784 2865 4838 l.
2903 4784 2959 4837 2.
2993 4776 3228 4852 Eiplicit
3254 4778 3510 4852 prologue
3540 4776 3747 4852 qdd._2.

1000 4846 1046 4878 ⁸⁸
1075 4846 1382 4919 ῌᾳηώιιτεὴ
1412 4846 1773 4919 ετλιιειιηδιινε
1804 4849 1857 4903 3-
1906 4918 1934 4919 η
1967 4851 2011 4882 ﬂ

493 4854 539 4885 ,Ι
571 4850 817 4885 εηνῖηιηιοῖ

927 4916 962 4970 ε
1000 4849 1046 4878 ⁵·
1075 4849 1781 4985 ειθετευξτξιιτξίεξξεέτεετξι
1804 4849 1851 4953 δτ

493 4922 547 4976 5.
624 4920 666 4951 ⁶¹
683 4916 904 4974 ὶιειοισρς
927 4916 980 4970 2.

2042 4852 2312 4919 quondam
2347 4854 2486 4906 deest
2514 4856 2566 4910 5.
2644 4853 2691 4888 ⁸⁸
2717 4868 2785 4905 an
2818 4854 2868 4906 1.

1896 4918 1940 4949 ⁸⁸
1968 4918 2213 4993 [tirenum
2235 4923 2291 4976 2.
2315 4925 2382 4986 _5.
2407 4922 2461 4976 4.
2487 4940 2705 4993 semper.

2947 4852 2993 4884 ⁸⁹
3037 4847 3180 4905 forte
3202 4847 3296 4904 2.7
3334 4848 3378 4880 ⁶⁰
3403 4847 3749 4917 Eginhardus

2805 4921 2851 4953 “
2881 4924 3104 4977 incoans
3126 4921 3181 4974 5.
3285 4917 3329 4949 ⁸⁸
3355 4916 3593 4972 Hadeloe
3625 4927 3677 4970 4.

494 4990 539 5022 ⁸⁸
561 4992 625 5043 ad
651 4990 703 5043 5.
730 5060 739 5061 7
778 4988 821 5019 "’
847 4982 1079 5042 habet?»
1111 4986 1313 5061 habens
1339 4985 1429 5061 5.__
1468 4982 1667 5061 “vero
1690 4986 1744 5061 2.
1781 4988 1834 5042 5.
1865 4988 1918 5041 4.
1996 4989 2041 5020 ⁶⁹
2066 4991 2166 5061 viri
2196 4982 2375 5061 (manu
2398 5010 2499 5046 sec.
2526 4982 2654 5055 vini)
2682 4993 2732 5047 1.
2760 4990 2763 4991 ⁷
2800 4992 2845 5025 ⁷ο
2860 4992 2929 5047 In
2951 4993 3035 5046 28.
3062 4990 3160 5044 hoc
3188 4986 3497 5043 scholionita
3528 4987 3750 5057 legitur:

492 5060 810 5132 Eynbardus
866 5072 1004 5112 unus
1037 5071 1102 5111 ex
1149 5071 1199 5111 c.
1251 5053 1431 5110 Caroli
1475 5056 1652 5125 magni
1692 5056 1856 5110 vitam
1893 5072 1942 5110 e.
1984 5067 2041 5112 et
2098 5053 2238 5132 bella
2264 5072 2453 5117 contra
2484 5053 2726 5118 Saxones
2752 5063 2807 5116 d.

2006 5165 2237 5225 NOTE.

506 5308 511 5315 ·
563 5286 675 5336 (εεεὶ
716 5284 826 5336 Iter
853 5297 1069 5336 carpere
1087 5280 1273 5333 Horat.
1299 5278 1476 5333 Serm.
1506 5276 1543 5330 l.
1568 5293 1604 5336 ι.
1634 5278 1688 5336 5.
1716 5291 1769 5330 γ.
1792 5274 1884 5329 95.

2038 5322 2041 5325 ρ
2095 5292 2144 5336 n
2167 5282 2356 5336 Adami
2382 5297 2538 5336 error
2567 5290 2669 5336 est.
2708 5280 2769 5334 V.
2807 5280 3096 5336 Ealnbardi
3127 5281 3271 5336 Ann.
3300 5294 3352 5336 a.
3382 5280 3531 5336 782..
