  <div class='ocr_page' id='page_1' title='image "/cluster/home/n/w/nwhite01/storage/ocr_20150623/146/hvd.32044015471832/237.png"; bbox 0 0 3988 5336; ppageno 0'>
   <div class='ocr_carea' id='block_1_1' title="bbox 516 322 623 378">
    <p class='ocr_par' dir='ltr' id='par_1_1' title="bbox 516 322 623 378">
     <span class='ocr_line' id='line_1_1' title="bbox 516 322 623 378; baseline -0.009 0"><span class='ocrx_word' id='word_1_1' title='bbox 516 322 623 378; x_wconf 69' lang='grc'><strong>«163</strong></span> 
     </span>
    </p>
   </div>
   <div class='ocr_carea' id='block_1_2' title="bbox 1626 321 2617 383">
    <p class='ocr_par' dir='ltr' id='par_1_2' title="bbox 1626 321 2617 383">
     <span class='ocr_line' id='line_1_2' title="bbox 1626 321 2617 383; baseline -0.005 -1"><span class='ocrx_word' id='word_1_2' title='bbox 1626 326 1838 383; x_wconf 67' lang='grc' dir='ltr'><strong>ΔΒΑΜΙ</strong></span> <span class='ocrx_word' id='word_1_3' title='bbox 1877 321 2188 383; x_wconf 73' lang='lat' dir='ltr'><strong>CANONICI</strong></span> <span class='ocrx_word' id='word_1_4' title='bbox 2228 321 2617 379; x_wconf 68' lang='lat' dir='ltr'><strong>BREMENSKS</strong></span> 
     </span>
    </p>
   </div>
   <div class='ocr_carea' id='block_1_3' title="bbox 3674 322 3776 378">
    <p class='ocr_par' dir='ltr' id='par_1_3' title="bbox 3674 322 3776 378">
     <span class='ocr_line' id='line_1_3' title="bbox 3674 322 3776 378; baseline 0 -1"><span class='ocrx_word' id='word_1_5' title='bbox 3674 322 3776 378; x_wconf 66' lang='grc'><strong>661</strong></span> 
     </span>
    </p>
   </div>
   <div class='ocr_carea' id='block_1_4' title="bbox 519 434 3777 530">
    <p class='ocr_par' dir='ltr' id='par_1_4' title="bbox 519 434 3777 530">
     <span class='ocr_line' id='line_1_4' title="bbox 519 434 3777 530; baseline -0.003 -30"><span class='ocrx_word' id='word_1_6' title='bbox 519 443 619 500; x_wconf 87' lang='lat' dir='ltr'><strong>leis</strong></span> <span class='ocrx_word' id='word_1_7' title='bbox 652 440 903 530; x_wconf 68' lang='lat' dir='ltr'><strong>occupari</strong></span> <span class='ocrx_word' id='word_1_8' title='bbox 933 456 1035 496; x_wconf 92' lang='lat' dir='ltr'><strong>non</strong></span> <span class='ocrx_word' id='word_1_9' title='bbox 1063 440 1254 510; x_wconf 90' lang='lat' dir='ltr'><strong>potuit,</strong></span> <span class='ocrx_word' id='word_1_10' title='bbox 1279 449 1488 510; x_wconf 84' lang='lat' dir='ltr'><strong>partem</strong></span> <span class='ocrx_word' id='word_1_11' title='bbox 1521 439 1685 505; x_wconf 89' lang='lat' dir='ltr'><strong>illius,</strong></span> <span class='ocrx_word' id='word_1_12' title='bbox 1727 456 1846 496; x_wconf 87' lang='lat' dir='ltr'><strong>eam</strong></span> <span class='ocrx_word' id='word_1_13' title='bbox 1876 438 2110 493; x_wconf 77' lang='lat' dir='ltr'><strong>maxime</strong></span> <span class='ocrx_word' id='word_1_14' title='bbox 2138 438 2190 497; x_wconf 78' lang='grc' dir='ltr'>Α</span> <span class='ocrx_word' id='word_1_15' title='bbox 2218 437 2450 492; x_wconf 75' lang='lat' dir='ltr'><strong>maxime</strong></span> <span class='ocrx_word' id='word_1_16' title='bbox 2472 435 2853 491; x_wconf 72' lang='lat' dir='ltr'><strong>observabant.</strong></span> <span class='ocrx_word' id='word_1_17' title='bbox 2897 434 3136 491; x_wconf 86' lang='lat' dir='ltr'><strong>Sortium</strong></span> <span class='ocrx_word' id='word_1_18' title='bbox 3178 438 3513 494; x_wconf 79' lang='lat' dir='ltr'><strong>consuetudo</strong></span> <span class='ocrx_word' id='word_1_19' title='bbox 3542 436 3777 507; x_wconf 79' lang='lat' dir='ltr'><strong>simplex</strong></span> 
     </span>
    </p>
   </div>
   <div class='ocr_carea' id='block_1_5' title="bbox 526 530 2098 601">
    <p class='ocr_par' dir='ltr' id='par_1_5' title="bbox 526 530 2098 601">
     <span class='ocr_line' id='line_1_5' title="bbox 526 530 2098 601; baseline -0.001 -17"><span class='ocrx_word' id='word_1_20' title='bbox 526 546 649 599; x_wconf 74' lang='lat' dir='ltr'><strong>qua:</strong></span> <span class='ocrx_word' id='word_1_21' title='bbox 695 531 919 600; x_wconf 84' lang='lat' dir='ltr'><strong>respicit</strong></span> <span class='ocrx_word' id='word_1_22' title='bbox 981 530 1269 593; x_wconf 90' lang='lat' dir='ltr'><strong>orientem,</strong></span> <span class='ocrx_word' id='word_1_23' title='bbox 1324 530 1530 585; x_wconf 88' lang='lat' dir='ltr'><strong>colonis</strong></span> <span class='ocrx_word' id='word_1_24' title='bbox 1575 531 1863 585; x_wconf 88' lang='lat' dir='ltr'><strong>tradebant</strong></span> <span class='ocrx_word' id='word_1_25' title='bbox 1908 530 2098 601; x_wconf 85' lang='lat' dir='ltr'><strong>singu-</strong></span> 
     </span>
    </p>
   </div>
   <div class='ocr_carea' id='block_1_6' title="bbox 526 620 2097 695">
    <p class='ocr_par' dir='ltr' id='par_1_6' title="bbox 526 620 2097 695">
     <span class='ocr_line' id='line_1_6' title="bbox 526 620 2097 695; baseline 0.002 -22"><span class='ocrx_word' id='word_1_26' title='bbox 526 620 596 676; x_wconf 96' lang='lat' dir='ltr'><strong>lis</strong></span> <span class='ocrx_word' id='word_1_27' title='bbox 628 621 723 695; x_wconf 72' lang='lat' dir='ltr'><strong>m,</strong></span> <span class='ocrx_word' id='word_1_28' title='bbox 760 635 859 691; x_wconf 91' lang='lat' dir='ltr'><strong>pro</strong></span> <span class='ocrx_word' id='word_1_29' title='bbox 907 634 1003 674; x_wconf 87' lang='lat' dir='ltr'><strong>sua</strong></span> <span class='ocrx_word' id='word_1_30' title='bbox 1052 628 1200 676; x_wconf 80' lang='lat' dir='ltr'><strong>sorte</strong></span> <span class='ocrx_word' id='word_1_31' title='bbox 1241 620 1340 675; x_wconf 86' lang='lat' dir='ltr'><strong>sub</strong></span> <span class='ocrx_word' id='word_1_32' title='bbox 1368 620 1569 676; x_wconf 89' lang='lat' dir='ltr'><strong>tributo</strong></span> <span class='ocrx_word' id='word_1_33' title='bbox 1597 621 1663 660; x_wconf 68' lang='grc'>⁸⁸⁸</span> <span class='ocrx_word' id='word_1_34' title='bbox 1694 621 2048 677; x_wconf 84' lang='lat' dir='ltr'><strong>exercendam</strong></span> <span class='ocrx_word' id='word_1_35' title='bbox 2083 640 2097 687; x_wconf 86' lang='lat'><strong>;</strong></span> 
     </span>
    </p>
   </div>
   <div class='ocr_carea' id='block_1_7' title="bbox 521 707 1645 783">
    <p class='ocr_par' dir='ltr' id='par_1_7' title="bbox 521 707 1645 783">
     <span class='ocr_line' id='line_1_7' title="bbox 521 707 1645 783; baseline -0.003 -16"><span class='ocrx_word' id='word_1_36' title='bbox 521 720 720 767; x_wconf 64' lang='lat' dir='ltr'><strong>cetera</strong></span> <span class='ocrx_word' id='word_1_37' title='bbox 740 724 869 765; x_wconf 83' lang='lat' dir='ltr'><strong>vero</strong></span> <span class='ocrx_word' id='word_1_38' title='bbox 908 707 1025 763; x_wconf 88' lang='lat' dir='ltr'><strong>loca</strong></span> <span class='ocrx_word' id='word_1_39' title='bbox 1054 708 1152 778; x_wconf 85' lang='lat' dir='ltr'><strong>ipsi</strong></span> <span class='ocrx_word' id='word_1_40' title='bbox 1184 710 1562 779; x_wconf 90' lang='lat' dir='ltr'><strong>possederunt.</strong></span> <span class='ocrx_word' id='word_1_41' title='bbox 1642 780 1645 783; x_wconf 94' lang='lat'><em>_</em></span> 
     </span>
    </p>
   </div>
   <div class='ocr_carea' id='block_1_8' title="bbox 604 798 2097 873">
    <p class='ocr_par' dir='ltr' id='par_1_8' title="bbox 604 798 2097 873">
     <span class='ocr_line' id='line_1_8' title="bbox 604 798 2097 873; baseline 0.001 -17"><span class='ocrx_word' id='word_1_42' title='bbox 604 801 658 856; x_wconf 86' lang='lat'><strong>5.</strong></span> <span class='ocrx_word' id='word_1_43' title='bbox 714 802 759 855; x_wconf 83' lang='grc' dir='ltr'><strong>Α</strong></span> <span class='ocrx_word' id='word_1_44' title='bbox 786 799 1012 855; x_wconf 85' lang='lat' dir='ltr'><strong>meridie</strong></span> <span class='ocrx_word' id='word_1_45' title='bbox 1041 799 1259 870; x_wconf 83' lang='lat' dir='ltr'><strong>quidem</strong></span> <span class='ocrx_word' id='word_1_46' title='bbox 1290 798 1531 856; x_wconf 85' lang='lat' dir='ltr'><strong>Francos</strong></span> <span class='ocrx_word' id='word_1_47' title='bbox 1593 802 1853 857; x_wconf 76' lang='lat' dir='ltr'><strong>habentes</strong></span> <span class='ocrx_word' id='word_1_48' title='bbox 1888 811 1943 858; x_wconf 90' lang='lat' dir='ltr'><strong>et</strong></span> <span class='ocrx_word' id='word_1_49' title='bbox 1970 818 2097 873; x_wconf 88' lang='lat' dir='ltr'><strong>par-</strong></span> 
     </span>
    </p>
   </div>
   <div class='ocr_carea' id='block_1_9' title="bbox 527 889 2097 960">
    <p class='ocr_par' dir='ltr' id='par_1_9' title="bbox 527 889 2097 960">
     <span class='ocr_line' id='line_1_9' title="bbox 527 889 2097 960; baseline 0.003 -15"><span class='ocrx_word' id='word_1_50' title='bbox 527 898 637 945; x_wconf 91' lang='lat' dir='ltr'><strong>tem</strong></span> <span class='ocrx_word' id='word_1_51' title='bbox 676 889 1102 959; x_wconf 81' lang='lat' dir='ltr'><strong>Tburiugorum,</strong></span> <span class='ocrx_word' id='word_1_52' title='bbox 1143 904 1278 958; x_wconf 91' lang='lat' dir='ltr'><strong>quos</strong></span> <span class='ocrx_word' id='word_1_53' title='bbox 1319 892 1633 960; x_wconf 75' lang='lat' dir='ltr'><strong>praecedens</strong></span> <span class='ocrx_word' id='word_1_54' title='bbox 1678 893 1892 950; x_wconf 82' lang='lat' dir='ltr'><strong>hostilis</strong></span> <span class='ocrx_word' id='word_1_55' title='bbox 1943 895 2097 949; x_wconf 89' lang='lat' dir='ltr'><strong>turbo</strong></span> 
     </span>
    </p>
   </div>
   <div class='ocr_carea' id='block_1_10' title="bbox 2204 525 3775 597">
    <p class='ocr_par' dir='ltr' id='par_1_10' title="bbox 2204 525 3775 597">
     <span class='ocr_line' id='line_1_10' title="bbox 2204 525 3775 597; baseline -0.003 -12"><span class='ocrx_word' id='word_1_56' title='bbox 2204 538 2343 585; x_wconf 91' lang='lat' dir='ltr'><strong>erat.</strong></span> <span class='ocrx_word' id='word_1_57' title='bbox 2403 528 2619 597; x_wconf 82' lang='lat' dir='ltr'><strong>Virgam</strong></span> <span class='ocrx_word' id='word_1_58' title='bbox 2657 526 2726 558; x_wconf 81' lang='grc'><strong>³⁵³</strong></span> <span class='ocrx_word' id='word_1_59' title='bbox 2758 525 3034 597; x_wconf 74' lang='lat' dir='ltr'><strong>frugiferae</strong></span> <span class='ocrx_word' id='word_1_60' title='bbox 3083 527 3152 559; x_wconf 70' lang='lat'><strong>““</strong></span> <span class='ocrx_word' id='word_1_61' title='bbox 3199 528 3379 584; x_wconf 88' lang='lat' dir='ltr'><strong>arbori</strong></span> <span class='ocrx_word' id='word_1_62' title='bbox 3432 528 3697 592; x_wconf 87' lang='lat' dir='ltr'><strong>decisam,</strong></span> <span class='ocrx_word' id='word_1_63' title='bbox 3723 528 3775 581; x_wconf 89' lang='lat' dir='ltr'><strong>in</strong></span> 
     </span>
    </p>
   </div>
   <div class='ocr_carea' id='block_1_11' title="bbox 2201 616 3770 688">
    <p class='ocr_par' dir='ltr' id='par_1_11' title="bbox 2201 616 3770 688">
     <span class='ocr_line' id='line_1_11' title="bbox 2201 616 3770 688; baseline -0.002 -13"><span class='ocrx_word' id='word_1_64' title='bbox 2201 617 2449 675; x_wconf 85' lang='lat' dir='ltr'><strong>surculos</strong></span> <span class='ocrx_word' id='word_1_65' title='bbox 2517 616 2889 688; x_wconf 87' lang='lat' dir='ltr'><strong>amputabant,</strong></span> <span class='ocrx_word' id='word_1_66' title='bbox 2964 631 3165 687; x_wconf 91' lang='lat' dir='ltr'><strong>eosque</strong></span> <span class='ocrx_word' id='word_1_67' title='bbox 3227 619 3370 673; x_wconf 86' lang='lat' dir='ltr'><strong>netis</strong></span> <span class='ocrx_word' id='word_1_68' title='bbox 3433 618 3770 688; x_wconf 82' lang='lat' dir='ltr'><strong>quibusdam</strong></span> 
     </span>
    </p>
   </div>
   <div class='ocr_carea' id='block_1_12' title="bbox 2201 709 3775 780">
    <p class='ocr_par' dir='ltr' id='par_1_12' title="bbox 2201 709 3775 780">
     <span class='ocr_line' id='line_1_12' title="bbox 2201 709 3775 780; baseline -0.001 -15"><span class='ocrx_word' id='word_1_69' title='bbox 2201 711 2466 765; x_wconf 89' lang='lat' dir='ltr'><strong>discretos</strong></span> <span class='ocrx_word' id='word_1_70' title='bbox 2518 724 2681 780; x_wconf 87' lang='lat' dir='ltr'><strong>super</strong></span> <span class='ocrx_word' id='word_1_71' title='bbox 2731 709 3017 765; x_wconf 77' lang='lat' dir='ltr'><strong>candidam</strong></span> <span class='ocrx_word' id='word_1_72' title='bbox 3083 718 3291 764; x_wconf 89' lang='lat' dir='ltr'><strong>vestem</strong></span> <span class='ocrx_word' id='word_1_73' title='bbox 3337 719 3548 764; x_wconf 75' lang='lat' dir='ltr'><strong>temere</strong></span> <span class='ocrx_word' id='word_1_74' title='bbox 3590 709 3664 741; x_wconf 74' lang='grc' dir='ltr'><strong>η’</strong></span> <span class='ocrx_word' id='word_1_75' title='bbox 3716 723 3775 763; x_wconf 82' lang='lat' dir='ltr'><strong>ac</strong></span> 
     </span>
    </p>
   </div>
   <div class='ocr_carea' id='block_1_13' title="bbox 2201 799 3741 872">
    <p class='ocr_par' dir='ltr' id='par_1_13' title="bbox 2201 799 3741 872">
     <span class='ocr_line' id='line_1_13' title="bbox 2201 799 3741 872; baseline 0 -16"><span class='ocrx_word' id='word_1_76' title='bbox 2201 802 2425 856; x_wconf 90' lang='lat' dir='ltr'><strong>fortuito</strong></span> <span class='ocrx_word' id='word_1_77' title='bbox 2450 801 2519 834; x_wconf 85' lang='grc'><strong>¹⁸⁶</strong></span> <span class='ocrx_word' id='word_1_78' title='bbox 2543 801 2907 872; x_wconf 84' lang='lat' dir='ltr'><strong>spargebant;</strong></span> <span class='ocrx_word' id='word_1_79' title='bbox 2959 816 3082 855; x_wconf 81' lang='lat' dir='ltr'><strong>mox</strong></span> <span class='ocrx_word' id='word_1_80' title='bbox 3108 801 3153 856; x_wconf 83' lang='lat' dir='ltr'><strong>si</strong></span> <span class='ocrx_word' id='word_1_81' title='bbox 3176 799 3388 869; x_wconf 88' lang='lat' dir='ltr'><strong>publica</strong></span> <span class='ocrx_word' id='word_1_82' title='bbox 3442 802 3741 856; x_wconf 85' lang='lat' dir='ltr'><strong>consultati</strong></span> 
     </span>
    </p>
   </div>
   <div class='ocr_carea' id='block_1_14' title="bbox 2199 892 3776 963">
    <p class='ocr_par' dir='ltr' id='par_1_14' title="bbox 2199 892 3776 963">
     <span class='ocr_line' id='line_1_14' title="bbox 2199 892 3776 963; baseline 0.001 -16"><span class='ocrx_word' id='word_1_83' title='bbox 2199 893 2320 958; x_wconf 87' lang='lat' dir='ltr'><strong>fuit,</strong></span> <span class='ocrx_word' id='word_1_84' title='bbox 2351 893 2602 948; x_wconf 88' lang='lat' dir='ltr'><strong>sacerdos</strong></span> <span class='ocrx_word' id='word_1_85' title='bbox 2648 892 2850 962; x_wconf 87' lang='lat' dir='ltr'><strong>populi,</strong></span> <span class='ocrx_word' id='word_1_86' title='bbox 2881 892 2927 948; x_wconf 89' lang='lat' dir='ltr'><strong>si</strong></span> <span class='ocrx_word' id='word_1_87' title='bbox 2972 893 3202 962; x_wconf 86' lang='lat' dir='ltr'><strong>privata,</strong></span> <span class='ocrx_word' id='word_1_88' title='bbox 3232 893 3344 963; x_wconf 86' lang='lat' dir='ltr'><strong>ipse</strong></span> <span class='ocrx_word' id='word_1_89' title='bbox 3382 893 3776 962; x_wconf 72' lang='lat' dir='ltr'><strong>paterfamilias</strong></span> 
     </span>
    </p>
   </div>
   <div class='ocr_carea' id='block_1_15' title="bbox 523 977 3768 1054">
    <p class='ocr_par' dir='ltr' id='par_1_15' title="bbox 523 977 3768 1054">
     <span class='ocr_line' id='line_1_15' title="bbox 523 977 3768 1054; baseline 0.002 -21"><span class='ocrx_word' id='word_1_90' title='bbox 523 995 631 1033; x_wconf 85' lang='lat' dir='ltr'><strong>non</strong></span> <span class='ocrx_word' id='word_1_91' title='bbox 655 978 833 1049; x_wconf 79' lang='lat' dir='ltr'><strong>tetigit</strong></span> <span class='ocrx_word' id='word_1_92' title='bbox 865 978 956 1043; x_wconf 76' lang='grc'><strong>⁸³³,</strong></span> <span class='ocrx_word' id='word_1_93' title='bbox 988 977 1250 1048; x_wconf 85' lang='lat' dir='ltr'><strong>alveoque</strong></span> <span class='ocrx_word' id='word_1_94' title='bbox 1292 977 1529 1035; x_wconf 89' lang='lat' dir='ltr'><strong>fluminis</strong></span> <span class='ocrx_word' id='word_1_95' title='bbox 1558 980 1816 1038; x_wconf 84' lang='lat' dir='ltr'><strong>llustrote</strong></span> <span class='ocrx_word' id='word_1_96' title='bbox 1837 984 2099 1037; x_wconf 90' lang='lat' dir='ltr'><strong>dirimun-</strong></span> <span class='ocrx_word' id='word_1_97' title='bbox 2196 993 2451 1052; x_wconf 88' lang='lat' dir='ltr'><strong>precatus</strong></span> <span class='ocrx_word' id='word_1_98' title='bbox 2480 984 2638 1047; x_wconf 88' lang='lat' dir='ltr'><strong>Deos,</strong></span> <span class='ocrx_word' id='word_1_99' title='bbox 2678 982 2962 1052; x_wconf 82' lang='lat' dir='ltr'><strong>celumque</strong></span> <span class='ocrx_word' id='word_1_100' title='bbox 2990 982 3291 1051; x_wconf 81' lang='lat' dir='ltr'><strong>su5picieus</strong></span> <span class='ocrx_word' id='word_1_101' title='bbox 3325 993 3407 1036; x_wconf 90' lang='lat' dir='ltr'><strong>tcr</strong></span> <span class='ocrx_word' id='word_1_102' title='bbox 3436 982 3507 1015; x_wconf 79' lang='lat'><strong>&quot;&#39;</strong></span> <span class='ocrx_word' id='word_1_103' title='bbox 3529 984 3768 1054; x_wconf 71' lang='lat' dir='ltr'><strong>singulos</strong></span> 
     </span>
    </p>
   </div>
   <div class='ocr_carea' id='block_1_16' title="bbox 522 1067 2096 1143">
    <p class='ocr_par' dir='ltr' id='par_1_16' title="bbox 522 1067 2096 1143">
     <span class='ocr_line' id='line_1_16' title="bbox 522 1067 2096 1143; baseline 0.004 -22"><span class='ocrx_word' id='word_1_104' title='bbox 522 1075 648 1133; x_wconf 87' lang='lat' dir='ltr'><strong>tur;</strong></span> <span class='ocrx_word' id='word_1_105' title='bbox 680 1083 707 1119; x_wconf 92' lang='lat' dir='ltr'><strong>a</strong></span> <span class='ocrx_word' id='word_1_106' title='bbox 738 1067 1107 1136; x_wconf 84' lang='lat' dir='ltr'><strong>septentrione</strong></span> <span class='ocrx_word' id='word_1_107' title='bbox 1136 1082 1267 1122; x_wconf 90' lang='lat' dir='ltr'><strong>vero</strong></span> <span class='ocrx_word' id='word_1_108' title='bbox 1295 1068 1692 1135; x_wconf 85' lang='lat' dir='ltr'><strong>Nordmannos,</strong></span> <span class='ocrx_word' id='word_1_109' title='bbox 1715 1082 1906 1143; x_wconf 88' lang='lat' dir='ltr'><strong>gentes</strong></span> <span class='ocrx_word' id='word_1_110' title='bbox 1951 1073 2096 1127; x_wconf 84' lang='lat' dir='ltr'><strong>fero-</strong></span> 
     </span>
    </p>
   </div>
   <div class='ocr_carea' id='block_1_17' title="bbox 519 1161 2093 1231">
    <p class='ocr_par' dir='ltr' id='par_1_17' title="bbox 519 1161 2093 1231">
     <span class='ocr_line' id='line_1_17' title="bbox 519 1161 2093 1231; baseline 0.004 -15"><span class='ocrx_word' id='word_1_111' title='bbox 519 1161 806 1225; x_wconf 84' lang='lat' dir='ltr'><strong>cissimas;</strong></span> <span class='ocrx_word' id='word_1_112' title='bbox 850 1163 919 1219; x_wconf 89' lang='lat' dir='ltr'><strong>ab</strong></span> <span class='ocrx_word' id='word_1_113' title='bbox 971 1172 1097 1219; x_wconf 91' lang='lat' dir='ltr'><strong>ortu</strong></span> <span class='ocrx_word' id='word_1_114' title='bbox 1145 1164 1278 1221; x_wconf 89' lang='lat' dir='ltr'><strong>solis</strong></span> <span class='ocrx_word' id='word_1_115' title='bbox 1329 1165 1755 1231; x_wconf 71' lang='lat' dir='ltr'><strong>Obodritos‘&quot;;</strong></span> <span class='ocrx_word' id='word_1_116' title='bbox 1811 1177 1867 1222; x_wconf 89' lang='lat' dir='ltr'><strong>et</strong></span> <span class='ocrx_word' id='word_1_117' title='bbox 1907 1166 1975 1199; x_wconf 62' lang='grc'><strong>¹³⁵</strong></span> <span class='ocrx_word' id='word_1_118' title='bbox 2025 1168 2093 1222; x_wconf 91' lang='lat' dir='ltr'><strong>ab</strong></span> 
     </span>
    </p>
   </div>
   <div class='ocr_carea' id='block_1_18' title="bbox 514 1251 2092 1324">
    <p class='ocr_par' dir='ltr' id='par_1_18' title="bbox 514 1251 2092 1324">
     <span class='ocr_line' id='line_1_18' title="bbox 514 1251 2092 1324; baseline 0.002 -16"><span class='ocrx_word' id='word_1_119' title='bbox 514 1267 713 1308; x_wconf 90' lang='lat' dir='ltr'><strong>occasu</strong></span> <span class='ocrx_word' id='word_1_120' title='bbox 766 1251 978 1319; x_wconf 91' lang='lat' dir='ltr'><strong>Frisos,</strong></span> <span class='ocrx_word' id='word_1_121' title='bbox 1038 1270 1069 1309; x_wconf 91' lang='lat' dir='ltr'><strong>a</strong></span> <span class='ocrx_word' id='word_1_122' title='bbox 1118 1254 1318 1324; x_wconf 88' lang='lat' dir='ltr'><strong>quibus</strong></span> <span class='ocrx_word' id='word_1_123' title='bbox 1376 1256 1493 1310; x_wconf 88' lang='lat' dir='ltr'><strong>sine</strong></span> <span class='ocrx_word' id='word_1_124' title='bbox 1544 1255 1946 1313; x_wconf 89' lang='lat' dir='ltr'><strong>intermissione</strong></span> <span class='ocrx_word' id='word_1_125' title='bbox 2008 1258 2092 1313; x_wconf 80' lang='lat' dir='ltr'><strong>vel</strong></span> 
     </span>
    </p>
   </div>
   <div class='ocr_carea' id='block_1_19' title="bbox 514 1341 2090 1404">
    <p class='ocr_par' dir='ltr' id='par_1_19' title="bbox 514 1341 2090 1404">
     <span class='ocr_line' id='line_1_19' title="bbox 514 1341 2090 1404; baseline 0.005 -8"><span class='ocrx_word' id='word_1_126' title='bbox 514 1341 699 1398; x_wconf 90' lang='lat' dir='ltr'><strong>federe</strong></span> <span class='ocrx_word' id='word_1_127' title='bbox 723 1342 804 1397; x_wconf 86' lang='lat' dir='ltr'><strong>vel</strong></span> <span class='ocrx_word' id='word_1_128' title='bbox 832 1346 1248 1401; x_wconf 89' lang='lat' dir='ltr'><strong>concertacione</strong></span> <span class='ocrx_word' id='word_1_129' title='bbox 1278 1347 1584 1402; x_wconf 88' lang='lat' dir='ltr'><strong>necessaria</strong></span> <span class='ocrx_word' id='word_1_130' title='bbox 1636 1346 1823 1403; x_wconf 87' lang='lat' dir='ltr'><strong>finium</strong></span> <span class='ocrx_word' id='word_1_131' title='bbox 1869 1364 2090 1404; x_wconf 89' lang='lat' dir='ltr'><strong>suorum</strong></span> 
     </span>
    </p>
   </div>
   <div class='ocr_carea' id='block_1_20' title="bbox 514 1433 2090 1507">
    <p class='ocr_par' dir='ltr' id='par_1_20' title="bbox 514 1433 2090 1507">
     <span class='ocr_line' id='line_1_20' title="bbox 514 1433 2090 1507; baseline 0.006 -22"><span class='ocrx_word' id='word_1_132' title='bbox 514 1433 697 1501; x_wconf 89' lang='lat' dir='ltr'><strong>spacia</strong></span> <span class='ocrx_word' id='word_1_133' title='bbox 735 1433 806 1465; x_wconf 82' lang='grc'><strong>¹³⁸</strong></span> <span class='ocrx_word' id='word_1_134' title='bbox 835 1434 1140 1488; x_wconf 89' lang='lat' dir='ltr'><strong>tuebantur.</strong></span> <span class='ocrx_word' id='word_1_135' title='bbox 1183 1434 1355 1490; x_wconf 84' lang='lat' dir='ltr'><strong>Erant</strong></span> <span class='ocrx_word' id='word_1_136' title='bbox 1394 1437 1539 1492; x_wconf 91' lang='lat' dir='ltr'><strong>enim</strong></span> <span class='ocrx_word' id='word_1_137' title='bbox 1582 1437 1807 1507; x_wconf 88' lang='lat' dir='ltr'><strong>inquieti</strong></span> <span class='ocrx_word' id='word_1_138' title='bbox 1850 1439 2010 1494; x_wconf 88' lang='lat' dir='ltr'><strong>nimis</strong></span> <span class='ocrx_word' id='word_1_139' title='bbox 2036 1448 2090 1494; x_wconf 92' lang='lat' dir='ltr'><strong>ct</strong></span> 
     </span>
    </p>
   </div>
   <div class='ocr_carea' id='block_1_21' title="bbox 514 1508 2087 1601">
    <p class='ocr_par' dir='ltr' id='par_1_21' title="bbox 514 1508 2087 1601">
     <span class='ocr_line' id='line_1_21' title="bbox 514 1508 2087 1601; baseline 0.004 -22"><span class='ocrx_word' id='word_1_140' title='bbox 514 1526 872 1581; x_wconf 88' lang='lat' dir='ltr'><strong>finitimorum</strong></span> <span class='ocrx_word' id='word_1_141' title='bbox 918 1525 1137 1581; x_wconf 86' lang='lat' dir='ltr'><strong>sedibus</strong></span> <span class='ocrx_word' id='word_1_142' title='bbox 1182 1525 1366 1583; x_wconf 80' lang='lat' dir='ltr'><strong>infesti</strong></span> <span class='ocrx_word' id='word_1_143' title='bbox 1396 1528 1488 1595; x_wconf 72' lang='lat' dir='ltr'><strong>m,</strong></span> <span class='ocrx_word' id='word_1_144' title='bbox 1533 1508 1681 1601; x_wconf 67' lang='lat' dir='ltr'><strong>domi</strong></span> <span class='ocrx_word' id='word_1_145' title='bbox 1733 1544 1863 1586; x_wconf 88' lang='lat' dir='ltr'><strong>vero</strong></span> <span class='ocrx_word' id='word_1_146' title='bbox 1909 1532 2087 1601; x_wconf 89' lang='lat' dir='ltr'><strong>pacati</strong></span> 
     </span>
    </p>
   </div>
   <div class='ocr_carea' id='block_1_22' title="bbox 519 1615 2086 1692">
    <p class='ocr_par' dir='ltr' id='par_1_22' title="bbox 519 1615 2086 1692">
     <span class='ocr_line' id='line_1_22' title="bbox 519 1615 2086 1692; baseline 0.005 -21"><span class='ocrx_word' id='word_1_147' title='bbox 519 1625 577 1671; x_wconf 89' lang='lat' dir='ltr'><strong>et</strong></span> <span class='ocrx_word' id='word_1_148' title='bbox 613 1617 813 1673; x_wconf 86' lang='lat' dir='ltr'><strong>civium</strong></span> <span class='ocrx_word' id='word_1_149' title='bbox 867 1615 1192 1673; x_wconf 89' lang='lat' dir='ltr'><strong>utilitatibus</strong></span> <span class='ocrx_word' id='word_1_150' title='bbox 1243 1619 1455 1688; x_wconf 86' lang='lat' dir='ltr'><strong>placida</strong></span> <span class='ocrx_word' id='word_1_151' title='bbox 1512 1620 1850 1692; x_wconf 84' lang='lat' dir='ltr'><strong>benignitate</strong></span> <span class='ocrx_word' id='word_1_152' title='bbox 1891 1636 2086 1679; x_wconf 83' lang='lat' dir='ltr'><strong>consu-</strong></span> 
     </span>
    </p>
   </div>
   <div class='ocr_carea' id='block_1_23' title="bbox 515 1706 707 1763">
    <p class='ocr_par' dir='ltr' id='par_1_23' title="bbox 515 1706 707 1763">
     <span class='ocr_line' id='line_1_23' title="bbox 515 1706 707 1763; baseline 0.005 -3"><span class='ocrx_word' id='word_1_153' title='bbox 515 1706 707 1763; x_wconf 90' lang='lat' dir='ltr'><strong>lentes.</strong></span> 
     </span>
    </p>
   </div>
   <div class='ocr_carea' id='block_1_24' title="bbox 611 1797 2087 1874">
    <p class='ocr_par' dir='ltr' id='par_1_24' title="bbox 611 1797 2087 1874">
     <span class='ocr_line' id='line_1_24' title="bbox 611 1797 2087 1874; baseline 0.005 -21"><span class='ocrx_word' id='word_1_154' title='bbox 611 1799 665 1853; x_wconf 86' lang='lat'><strong>6.</strong></span> <span class='ocrx_word' id='word_1_155' title='bbox 690 1798 710 1865; x_wconf 86' lang='lat'><strong><em>(</em></strong></span> <span class='ocrx_word' id='word_1_156' title='bbox 735 1797 835 1872; x_wconf 87' lang='lat'><strong>[5.]</strong></span> <span class='ocrx_word' id='word_1_157' title='bbox 871 1800 1002 1872; x_wconf 90' lang='lat' dir='ltr'><strong>Cap.</strong></span> <span class='ocrx_word' id='word_1_158' title='bbox 1029 1802 1108 1874; x_wconf 87' lang='lat'><strong>5.)</strong></span> <span class='ocrx_word' id='word_1_159' title='bbox 1140 1820 1159 1854; x_wconf 76' lang='grc' dir='ltr'>ι</span> <span class='ocrx_word' id='word_1_160' title='bbox 1189 1801 1418 1859; x_wconf 87' lang='lat' dir='ltr'><strong>Generis</strong></span> <span class='ocrx_word' id='word_1_161' title='bbox 1464 1816 1680 1873; x_wconf 89' lang='lat' dir='ltr'><strong>quoque</strong></span> <span class='ocrx_word' id='word_1_162' title='bbox 1701 1819 1766 1861; x_wconf 89' lang='lat' dir='ltr'><strong>ac</strong></span> <span class='ocrx_word' id='word_1_163' title='bbox 1791 1804 2087 1861; x_wconf 89' lang='lat' dir='ltr'><strong>nobilitatis</strong></span> 
     </span>
    </p>
   </div>
   <div class='ocr_carea' id='block_1_25' title="bbox 488 1890 2087 1961">
    <p class='ocr_par' dir='ltr' id='par_1_25' title="bbox 488 1890 2087 1961">
     <span class='ocr_line' id='line_1_25' title="bbox 488 1890 2087 1961; baseline 0.004 -16"><span class='ocrx_word' id='word_1_164' title='bbox 488 1902 622 1945; x_wconf 85' lang='lat' dir='ltr'><strong>.suae</strong></span> <span class='ocrx_word' id='word_1_165' title='bbox 668 1890 1101 1959; x_wconf 88' lang='lat' dir='ltr'><strong>providissimam</strong></span> <span class='ocrx_word' id='word_1_166' title='bbox 1166 1908 1352 1948; x_wconf 91' lang='lat' dir='ltr'><strong>curam</strong></span> <span class='ocrx_word' id='word_1_167' title='bbox 1422 1893 1729 1961; x_wconf 86' lang='lat' dir='ltr'><strong>habentes,</strong></span> <span class='ocrx_word' id='word_1_168' title='bbox 1776 1910 1878 1952; x_wconf 90' lang='lat' dir='ltr'><strong>nec</strong></span> <span class='ocrx_word' id='word_1_169' title='bbox 1929 1895 2087 1953; x_wconf 83' lang='lat' dir='ltr'><strong>facile</strong></span> 
     </span>
    </p>
   </div>
   <div class='ocr_carea' id='block_1_26' title="bbox 512 1975 2088 2048">
    <p class='ocr_par' dir='ltr' id='par_1_26' title="bbox 512 1975 2088 2048">
     <span class='ocr_line' id='line_1_26' title="bbox 512 1975 2088 2048; baseline 0.01 -19"><span class='ocrx_word' id='word_1_170' title='bbox 512 1975 636 2032; x_wconf 89' lang='lat' dir='ltr'><strong>ullis</strong></span> <span class='ocrx_word' id='word_1_171' title='bbox 660 1976 889 2033; x_wconf 88' lang='lat' dir='ltr'><strong>aliarum</strong></span> <span class='ocrx_word' id='word_1_172' title='bbox 913 1978 1156 2048; x_wconf 89' lang='lat' dir='ltr'><strong>gentium</strong></span> <span class='ocrx_word' id='word_1_173' title='bbox 1188 1980 1274 2036; x_wconf 90' lang='lat' dir='ltr'><strong>vel</strong></span> <span class='ocrx_word' id='word_1_174' title='bbox 1327 1981 1431 2039; x_wconf 90' lang='lat' dir='ltr'><strong>sibi</strong></span> <span class='ocrx_word' id='word_1_175' title='bbox 1485 1983 1806 2041; x_wconf 90' lang='lat' dir='ltr'><strong>inferiorum</strong></span> <span class='ocrx_word' id='word_1_176' title='bbox 1840 1987 2088 2044; x_wconf 87' lang='lat' dir='ltr'><strong>conubiis</strong></span> 
     </span>
    </p>
   </div>
   <div class='ocr_carea' id='block_1_27' title="bbox 510 2067 2085 2149">
    <p class='ocr_par' dir='ltr' id='par_1_27' title="bbox 510 2067 2085 2149">
     <span class='ocr_line' id='line_1_27' title="bbox 510 2067 2085 2149; baseline 0.009 -28"><span class='ocrx_word' id='word_1_177' title='bbox 510 2067 720 2133; x_wconf 84' lang='lat' dir='ltr'><strong>infecti,</strong></span> <span class='ocrx_word' id='word_1_178' title='bbox 776 2070 1051 2140; x_wconf 86' lang='lat' dir='ltr'><strong>propriam</strong></span> <span class='ocrx_word' id='word_1_179' title='bbox 1095 2080 1152 2126; x_wconf 90' lang='lat' dir='ltr'><strong>et</strong></span> <span class='ocrx_word' id='word_1_180' title='bbox 1182 2073 1474 2142; x_wconf 89' lang='lat' dir='ltr'><strong>sinceram,</strong></span> <span class='ocrx_word' id='word_1_181' title='bbox 1527 2084 1845 2149; x_wconf 89' lang='lat' dir='ltr'><strong>tantumque</strong></span> <span class='ocrx_word' id='word_1_182' title='bbox 1887 2080 1971 2135; x_wconf 87' lang='lat' dir='ltr'><strong>sui</strong></span> <span class='ocrx_word' id='word_1_183' title='bbox 2017 2079 2085 2112; x_wconf 80' lang='grc'><strong>¹³⁷</strong></span> 
     </span>
    </p>
   </div>
   <div class='ocr_carea' id='block_1_28' title="bbox 511 2156 2087 2229">
    <p class='ocr_par' dir='ltr' id='par_1_28' title="bbox 511 2156 2087 2229">
     <span class='ocr_line' id='line_1_28' title="bbox 511 2156 2087 2229; baseline 0.01 -18"><span class='ocrx_word' id='word_1_184' title='bbox 511 2156 744 2212; x_wconf 87' lang='lat' dir='ltr'><strong>similem</strong></span> <span class='ocrx_word' id='word_1_185' title='bbox 794 2167 1010 2229; x_wconf 79' lang='lat' dir='ltr'><strong>gentem</strong></span> <span class='ocrx_word' id='word_1_186' title='bbox 1060 2160 1243 2215; x_wconf 89' lang='lat' dir='ltr'><strong>facere</strong></span> <span class='ocrx_word' id='word_1_187' title='bbox 1272 2165 1453 2219; x_wconf 92' lang='lat' dir='ltr'><strong>conati</strong></span> <span class='ocrx_word' id='word_1_188' title='bbox 1503 2174 1649 2221; x_wconf 88' lang='lat' dir='ltr'><strong>sunt.</strong></span> <span class='ocrx_word' id='word_1_189' title='bbox 1684 2166 1839 2224; x_wconf 89' lang='lat' dir='ltr'><strong>Unde</strong></span> <span class='ocrx_word' id='word_1_190' title='bbox 1869 2170 2087 2228; x_wconf 89' lang='lat' dir='ltr'><strong>habitus</strong></span> 
     </span>
    </p>
   </div>
   <div class='ocr_carea' id='block_1_29' title="bbox 512 2250 2082 2330">
    <p class='ocr_par' dir='ltr' id='par_1_29' title="bbox 512 2250 2082 2330">
     <span class='ocr_line' id='line_1_29' title="bbox 512 2250 2082 2330; baseline 0.01 -29"><span class='ocrx_word' id='word_1_191' title='bbox 512 2262 727 2318; x_wconf 91' lang='lat' dir='ltr'><strong>quoque</strong></span> <span class='ocrx_word' id='word_1_192' title='bbox 749 2264 812 2303; x_wconf 87' lang='lat' dir='ltr'><strong>ac</strong></span> <span class='ocrx_word' id='word_1_193' title='bbox 841 2250 1158 2322; x_wconf 85' lang='lat' dir='ltr'><strong>magnitudo</strong></span> <span class='ocrx_word' id='word_1_194' title='bbox 1176 2267 1462 2323; x_wconf 91' lang='lat' dir='ltr'><strong>corporum</strong></span> <span class='ocrx_word' id='word_1_195' title='bbox 1493 2270 1881 2330; x_wconf 91' lang='lat' dir='ltr'><strong>comarumqne</strong></span> <span class='ocrx_word' id='word_1_196' title='bbox 1911 2262 2082 2329; x_wconf 89' lang='lat' dir='ltr'><strong>color,</strong></span> 
     </span>
    </p>
   </div>
   <div class='ocr_carea' id='block_1_30' title="bbox 509 2337 2085 2423">
    <p class='ocr_par' dir='ltr' id='par_1_30' title="bbox 509 2337 2085 2423">
     <span class='ocr_line' id='line_1_30' title="bbox 509 2337 2085 2423; baseline 0.012 -32"><span class='ocrx_word' id='word_1_197' title='bbox 509 2337 654 2392; x_wconf 86' lang='lat' dir='ltr'><strong>sicut</strong></span> <span class='ocrx_word' id='word_1_198' title='bbox 686 2337 755 2369; x_wconf 81' lang='grc'><strong>¹³⁸</strong></span> <span class='ocrx_word' id='word_1_199' title='bbox 782 2338 837 2393; x_wconf 91' lang='lat' dir='ltr'><strong>in</strong></span> <span class='ocrx_word' id='word_1_200' title='bbox 873 2349 1022 2395; x_wconf 87' lang='lat' dir='ltr'><strong>tanto</strong></span> <span class='ocrx_word' id='word_1_201' title='bbox 1050 2357 1278 2399; x_wconf 90' lang='lat' dir='ltr'><strong>numero</strong></span> <span class='ocrx_word' id='word_1_202' title='bbox 1330 2344 1632 2414; x_wconf 84' lang='lat' dir='ltr'><strong>hominum,</strong></span> <span class='ocrx_word' id='word_1_203' title='bbox 1668 2349 1811 2405; x_wconf 82' lang='lat' dir='ltr'><strong>idem</strong></span> <span class='ocrx_word' id='word_1_204' title='bbox 1857 2352 1924 2385; x_wconf 83' lang='grc'><strong>¹³⁰</strong></span> <span class='ocrx_word' id='word_1_205' title='bbox 1946 2369 2085 2423; x_wconf 86' lang='lat' dir='ltr'><strong>pene</strong></span> 
     </span>
    </p>
   </div>
   <div class='ocr_carea' id='block_1_31' title="bbox 502 2431 2083 2511">
    <p class='ocr_par' dir='ltr' id='par_1_31' title="bbox 502 2431 2083 2511">
     <span class='ocr_line' id='line_1_31' title="bbox 502 2431 2083 2511; baseline 0.011 -28"><span class='ocrx_word' id='word_1_206' title='bbox 502 2431 774 2486; x_wconf 90' lang='lat' dir='ltr'><strong>omnibus.</strong></span> <span class='ocrx_word' id='word_1_207' title='bbox 811 2431 1057 2499; x_wconf 84' lang='lat' dir='ltr'><strong>Quatuor</strong></span> <span class='ocrx_word' id='word_1_208' title='bbox 1100 2434 1268 2505; x_wconf 84' lang='lat' dir='ltr'><strong>igitur</strong></span> <span class='ocrx_word' id='word_1_209' title='bbox 1308 2436 1627 2495; x_wconf 72' lang='lat' dir='ltr'><strong>differentiis</strong></span> <span class='ocrx_word' id='word_1_210' title='bbox 1672 2455 1803 2511; x_wconf 89' lang='lat' dir='ltr'><strong>gens</strong></span> <span class='ocrx_word' id='word_1_211' title='bbox 1832 2443 1924 2499; x_wconf 89' lang='lat' dir='ltr'><strong>illa</strong></span> <span class='ocrx_word' id='word_1_212' title='bbox 1947 2461 2083 2501; x_wconf 91' lang='lat' dir='ltr'><strong>con-</strong></span> 
     </span>
    </p>
   </div>
   <div class='ocr_carea' id='block_1_32' title="bbox 504 2518 2075 2593">
    <p class='ocr_par' dir='ltr' id='par_1_32' title="bbox 504 2518 2075 2593">
     <span class='ocr_line' id='line_1_32' title="bbox 504 2518 2075 2593; baseline 0.008 -18"><span class='ocrx_word' id='word_1_213' title='bbox 504 2518 667 2585; x_wconf 85' lang='lat' dir='ltr'><strong>sistit,</strong></span> <span class='ocrx_word' id='word_1_214' title='bbox 699 2519 958 2577; x_wconf 88' lang='lat' dir='ltr'><strong>nobilium</strong></span> <span class='ocrx_word' id='word_1_215' title='bbox 989 2522 1198 2579; x_wconf 87' lang='lat' dir='ltr'><strong>scilicet</strong></span> <span class='ocrx_word' id='word_1_216' title='bbox 1220 2534 1276 2579; x_wconf 88' lang='lat' dir='ltr'><strong>et</strong></span> <span class='ocrx_word' id='word_1_217' title='bbox 1304 2524 1625 2593; x_wconf 88' lang='lat' dir='ltr'><strong>liberorum,</strong></span> <span class='ocrx_word' id='word_1_218' title='bbox 1657 2528 1976 2587; x_wconf 88' lang='lat' dir='ltr'><strong>libertorum</strong></span> <span class='ocrx_word' id='word_1_219' title='bbox 2008 2535 2075 2567; x_wconf 65' lang='lat' dir='ltr'><strong>m</strong></span> 
     </span>
    </p>
   </div>
   <div class='ocr_carea' id='block_1_33' title="bbox 451 2610 2076 2687">
    <p class='ocr_par' dir='ltr' id='par_1_33' title="bbox 451 2610 2076 2687">
     <span class='ocr_line' id='line_1_33' title="bbox 451 2610 2076 2687; baseline 0.008 -21"><span class='ocrx_word' id='word_1_220' title='bbox 451 2616 456 2621; x_wconf 83' lang='grc'><em>’</em></span> <span class='ocrx_word' id='word_1_221' title='bbox 502 2610 663 2681; x_wconf 82' lang='lat' dir='ltr'><strong>atque</strong></span> <span class='ocrx_word' id='word_1_222' title='bbox 684 2612 992 2669; x_wconf 62' lang='lat' dir='ltr'><strong>Servorum.</strong></span> <span class='ocrx_word' id='word_1_223' title='bbox 1021 2614 1087 2670; x_wconf 85' lang='lat' dir='ltr'><strong>Et</strong></span> <span class='ocrx_word' id='word_1_224' title='bbox 1113 2615 1165 2671; x_wconf 89' lang='lat' dir='ltr'><strong>id</strong></span> <span class='ocrx_word' id='word_1_225' title='bbox 1185 2615 1397 2687; x_wconf 81' lang='lat' dir='ltr'><strong>legibus</strong></span> <span class='ocrx_word' id='word_1_226' title='bbox 1419 2618 1713 2685; x_wconf 88' lang='lat' dir='ltr'><strong>firmatum,</strong></span> <span class='ocrx_word' id='word_1_227' title='bbox 1744 2633 1799 2677; x_wconf 91' lang='lat' dir='ltr'><strong>ut</strong></span> <span class='ocrx_word' id='word_1_228' title='bbox 1824 2625 1968 2680; x_wconf 88' lang='lat' dir='ltr'><strong>nulla</strong></span> <span class='ocrx_word' id='word_1_229' title='bbox 2012 2627 2076 2660; x_wconf 60' lang='grc' dir='ltr'><strong>ιιι</strong></span> 
     </span>
    </p>
   </div>
   <div class='ocr_carea' id='block_1_34' title="bbox 500 2704 2085 2781">
    <p class='ocr_par' dir='ltr' id='par_1_34' title="bbox 500 2704 2085 2781">
     <span class='ocr_line' id='line_1_34' title="bbox 500 2704 2085 2781; baseline 0.011 -24"><span class='ocrx_word' id='word_1_230' title='bbox 500 2720 628 2774; x_wconf 87' lang='lat' dir='ltr'><strong>pars</strong></span> <span class='ocrx_word' id='word_1_231' title='bbox 671 2704 722 2758; x_wconf 95' lang='lat' dir='ltr'><strong>in</strong></span> <span class='ocrx_word' id='word_1_232' title='bbox 781 2705 1105 2778; x_wconf 84' lang='lat' dir='ltr'><strong>cepulandis</strong></span> <span class='ocrx_word' id='word_1_233' title='bbox 1141 2710 1404 2781; x_wconf 88' lang='lat' dir='ltr'><strong>conjugiis</strong></span> <span class='ocrx_word' id='word_1_234' title='bbox 1429 2713 1659 2781; x_wconf 75' lang='lat' dir='ltr'><strong>propria:</strong></span> <span class='ocrx_word' id='word_1_235' title='bbox 1699 2717 1864 2772; x_wconf 90' lang='lat' dir='ltr'><strong>sortis</strong></span> <span class='ocrx_word' id='word_1_236' title='bbox 1898 2720 2085 2774; x_wconf 90' lang='lat' dir='ltr'><strong>termi-</strong></span> 
     </span>
    </p>
   </div>
   <div class='ocr_carea' id='block_1_35' title="bbox 502 2794 2080 2865">
    <p class='ocr_par' dir='ltr' id='par_1_35' title="bbox 502 2794 2080 2865">
     <span class='ocr_line' id='line_1_35' title="bbox 502 2794 2080 2865; baseline 0.011 -17"><span class='ocrx_word' id='word_1_237' title='bbox 502 2809 602 2849; x_wconf 90' lang='lat' dir='ltr'><strong>nos</strong></span> <span class='ocrx_word' id='word_1_238' title='bbox 635 2794 972 2861; x_wconf 86' lang='lat' dir='ltr'><strong>transferat;</strong></span> <span class='ocrx_word' id='word_1_239' title='bbox 1017 2798 1110 2852; x_wconf 87' lang='lat' dir='ltr'><strong>sed</strong></span> <span class='ocrx_word' id='word_1_240' title='bbox 1156 2799 1354 2854; x_wconf 86' lang='lat' dir='ltr'><strong>nobilis</strong></span> <span class='ocrx_word' id='word_1_241' title='bbox 1402 2802 1636 2856; x_wconf 87' lang='lat' dir='ltr'><strong>nobilem</strong></span> <span class='ocrx_word' id='word_1_242' title='bbox 1665 2804 1828 2861; x_wconf 88' lang='lat' dir='ltr'><strong>ducat</strong></span> <span class='ocrx_word' id='word_1_243' title='bbox 1857 2824 2080 2865; x_wconf 81' lang='lat' dir='ltr'><strong>uxorem</strong></span> 
     </span>
    </p>
   </div>
   <div class='ocr_carea' id='block_1_36' title="bbox 503 2882 2082 2963">
    <p class='ocr_par' dir='ltr' id='par_1_36' title="bbox 503 2882 2082 2963">
     <span class='ocr_line' id='line_1_36' title="bbox 503 2882 2082 2963; baseline 0.011 -26"><span class='ocrx_word' id='word_1_244' title='bbox 503 2892 559 2939; x_wconf 88' lang='lat' dir='ltr'><strong>et</strong></span> <span class='ocrx_word' id='word_1_245' title='bbox 591 2882 730 2939; x_wconf 93' lang='lat' dir='ltr'><strong>liber</strong></span> <span class='ocrx_word' id='word_1_246' title='bbox 773 2883 1020 2952; x_wconf 89' lang='lat' dir='ltr'><strong>liberam,</strong></span> <span class='ocrx_word' id='word_1_247' title='bbox 1078 2885 1304 2943; x_wconf 90' lang='lat' dir='ltr'><strong>libertus</strong></span> <span class='ocrx_word' id='word_1_248' title='bbox 1357 2890 1719 2963; x_wconf 86' lang='lat' dir='ltr'><strong>conjungatur</strong></span> <span class='ocrx_word' id='word_1_249' title='bbox 1772 2896 1839 2928; x_wconf 73' lang='grc'><strong>³⁸³</strong></span> <span class='ocrx_word' id='word_1_250' title='bbox 1874 2896 2082 2956; x_wconf 68' lang='lat' dir='ltr'><strong>liberta:</strong></span> 
     </span>
    </p>
   </div>
   <div class='ocr_carea' id='block_1_37' title="bbox 502 2971 2079 3051">
    <p class='ocr_par' dir='ltr' id='par_1_37' title="bbox 502 2971 2079 3051">
     <span class='ocr_line' id='line_1_37' title="bbox 502 2971 2079 3051; baseline 0.011 -24"><span class='ocrx_word' id='word_1_251' title='bbox 502 2982 558 3027; x_wconf 91' lang='lat' dir='ltr'><strong>ct</strong></span> <span class='ocrx_word' id='word_1_252' title='bbox 586 2988 777 3030; x_wconf 87' lang='lat' dir='ltr'><strong>servus</strong></span> <span class='ocrx_word' id='word_1_253' title='bbox 804 2971 1033 3030; x_wconf 65' lang='lat' dir='ltr'><strong>ancillae.</strong></span> <span class='ocrx_word' id='word_1_254' title='bbox 1062 2974 1118 3031; x_wconf 90' lang='lat' dir='ltr'><strong>Si</strong></span> <span class='ocrx_word' id='word_1_255' title='bbox 1146 2991 1275 3032; x_wconf 85' lang='lat' dir='ltr'><strong>vero</strong></span> <span class='ocrx_word' id='word_1_256' title='bbox 1297 2978 1564 3051; x_wconf 88' lang='lat' dir='ltr'><strong>quispiam</strong></span> <span class='ocrx_word' id='word_1_257' title='bbox 1611 2982 1806 3040; x_wconf 89' lang='lat' dir='ltr'><strong>horum</strong></span> <span class='ocrx_word' id='word_1_258' title='bbox 1841 2987 1943 3042; x_wconf 88' lang='lat' dir='ltr'><strong>sibi</strong></span> <span class='ocrx_word' id='word_1_259' title='bbox 1973 3004 2079 3044; x_wconf 89' lang='lat' dir='ltr'><strong>non</strong></span> 
     </span>
    </p>
   </div>
   <div class='ocr_carea' id='block_1_38' title="bbox 500 3066 2081 3141">
    <p class='ocr_par' dir='ltr' id='par_1_38' title="bbox 500 3066 2081 3141">
     <span class='ocr_line' id='line_1_38' title="bbox 500 3066 2081 3141; baseline 0.013 -25"><span class='ocrx_word' id='word_1_260' title='bbox 500 3073 892 3134; x_wconf 88' lang='lat' dir='ltr'><strong>congruentem</strong></span> <span class='ocrx_word' id='word_1_261' title='bbox 930 3066 999 3099; x_wconf 61' lang='lat'><strong>“3</strong></span> <span class='ocrx_word' id='word_1_262' title='bbox 1024 3075 1078 3121; x_wconf 91' lang='lat' dir='ltr'><strong>et</strong></span> <span class='ocrx_word' id='word_1_263' title='bbox 1103 3084 1300 3139; x_wconf 82' lang='lat' dir='ltr'><strong>genere</strong></span> <span class='ocrx_word' id='word_1_264' title='bbox 1350 3076 1783 3141; x_wconf 63' lang='lat' dir='ltr'><strong>praestantiorem</strong></span> <span class='ocrx_word' id='word_1_265' title='bbox 1809 3074 1878 3111; x_wconf 70' lang='lat'><strong>‘“</strong></span> <span class='ocrx_word' id='word_1_266' title='bbox 1906 3082 2081 3137; x_wconf 80' lang='lat' dir='ltr'><strong>duxe-</strong></span> 
     </span>
    </p>
   </div>
   <div class='ocr_carea' id='block_1_39' title="bbox 500 3154 2077 3243">
    <p class='ocr_par' dir='ltr' id='par_1_39' title="bbox 500 3154 2077 3243">
     <span class='ocr_line' id='line_1_39' title="bbox 500 3154 2077 3243; baseline 0.014 -37"><span class='ocrx_word' id='word_1_267' title='bbox 500 3154 572 3208; x_wconf 87' lang='lat' dir='ltr'><strong>rit</strong></span> <span class='ocrx_word' id='word_1_268' title='bbox 597 3170 843 3223; x_wconf 82' lang='lat' dir='ltr'><strong>uxorem,</strong></span> <span class='ocrx_word' id='word_1_269' title='bbox 875 3172 999 3212; x_wconf 90' lang='lat' dir='ltr'><strong>cum</strong></span> <span class='ocrx_word' id='word_1_270' title='bbox 1024 3158 1150 3214; x_wconf 78' lang='lat' dir='ltr'><strong>vitae</strong></span> <span class='ocrx_word' id='word_1_271' title='bbox 1171 3175 1282 3216; x_wconf 61' lang='lat' dir='ltr'><strong>sua:</strong></span> <span class='ocrx_word' id='word_1_272' title='bbox 1310 3161 1547 3233; x_wconf 87' lang='lat' dir='ltr'><strong>dampno</strong></span> <span class='ocrx_word' id='word_1_273' title='bbox 1585 3177 1895 3239; x_wconf 88' lang='lat' dir='ltr'><strong>componat.</strong></span> <span class='ocrx_word' id='word_1_274' title='bbox 1923 3172 2077 3243; x_wconf 84' lang='lat' dir='ltr'><strong>Legi-</strong></span> 
     </span>
    </p>
   </div>
   <div class='ocr_carea' id='block_1_40' title="bbox 497 3245 2078 3334">
    <p class='ocr_par' dir='ltr' id='par_1_40' title="bbox 497 3245 2078 3334">
     <span class='ocr_line' id='line_1_40' title="bbox 497 3245 2078 3334; baseline 0.014 -35"><span class='ocrx_word' id='word_1_275' title='bbox 497 3245 600 3334; x_wconf 81' lang='lat' dir='ltr'><strong>bus</strong></span> <span class='ocrx_word' id='word_1_276' title='bbox 666 3247 833 3302; x_wconf 91' lang='lat' dir='ltr'><strong>etiam</strong></span> <span class='ocrx_word' id='word_1_277' title='bbox 885 3249 954 3304; x_wconf 90' lang='lat' dir='ltr'><strong>ad</strong></span> <span class='ocrx_word' id='word_1_278' title='bbox 1012 3251 1308 3307; x_wconf 82' lang='lat' dir='ltr'><strong>vindictam</strong></span> <span class='ocrx_word' id='word_1_279' title='bbox 1377 3256 1790 3316; x_wconf 87' lang='lat' dir='ltr'><strong>malefactorum</strong></span> <span class='ocrx_word' id='word_1_280' title='bbox 1861 3265 2078 3334; x_wconf 88' lang='lat' dir='ltr'><strong>optimis</strong></span> 
     </span>
    </p>
   </div>
   <div class='ocr_carea' id='block_1_41' title="bbox 498 3332 2076 3420">
    <p class='ocr_par' dir='ltr' id='par_1_41' title="bbox 498 3332 2076 3420">
     <span class='ocr_line' id='line_1_41' title="bbox 498 3332 2076 3420; baseline 0.016 -33"><span class='ocrx_word' id='word_1_281' title='bbox 498 3332 861 3392; x_wconf 86' lang='lat' dir='ltr'><strong>abutebantur</strong></span> <span class='ocrx_word' id='word_1_282' title='bbox 883 3336 974 3392; x_wconf 69' lang='lat' dir='ltr'><strong>m.</strong></span> <span class='ocrx_word' id='word_1_283' title='bbox 998 3336 1065 3395; x_wconf 87' lang='lat' dir='ltr'><strong>Et</strong></span> <span class='ocrx_word' id='word_1_284' title='bbox 1096 3340 1268 3397; x_wconf 88' lang='lat' dir='ltr'><strong>multa</strong></span> <span class='ocrx_word' id='word_1_285' title='bbox 1290 3343 1445 3400; x_wconf 90' lang='lat' dir='ltr'><strong>utilia</strong></span> <span class='ocrx_word' id='word_1_286' title='bbox 1479 3346 1545 3378; x_wconf 67' lang='grc'><strong>*³⁸</strong></span> <span class='ocrx_word' id='word_1_287' title='bbox 1586 3357 1751 3420; x_wconf 88' lang='lat' dir='ltr'><strong>atque</strong></span> <span class='ocrx_word' id='word_1_288' title='bbox 1781 3332 2076 3412; x_wconf 80' lang='lat' dir='ltr'><strong>secundum</strong></span> 
     </span>
    </p>
   </div>
   <div class='ocr_carea' id='block_1_42' title="bbox 497 3424 2078 3509">
    <p class='ocr_par' dir='ltr' id='par_1_42' title="bbox 497 3424 2078 3509">
     <span class='ocr_line' id='line_1_42' title="bbox 497 3424 2078 3509; baseline 0.016 -30"><span class='ocrx_word' id='word_1_289' title='bbox 497 3424 673 3497; x_wconf 83' lang='lat' dir='ltr'><strong>legem</strong></span> <span class='ocrx_word' id='word_1_290' title='bbox 705 3437 911 3484; x_wconf 71' lang='lat' dir='ltr'><strong>natura:</strong></span> <span class='ocrx_word' id='word_1_291' title='bbox 934 3429 1183 3499; x_wconf 89' lang='lat' dir='ltr'><strong>honesta,</strong></span> <span class='ocrx_word' id='word_1_292' title='bbox 1214 3433 1268 3488; x_wconf 93' lang='lat' dir='ltr'><strong>in</strong></span> <span class='ocrx_word' id='word_1_293' title='bbox 1297 3450 1511 3491; x_wconf 89' lang='lat' dir='ltr'><strong>morum</strong></span> <span class='ocrx_word' id='word_1_294' title='bbox 1556 3440 1828 3509; x_wconf 88' lang='lat' dir='ltr'><strong>probitate</strong></span> <span class='ocrx_word' id='word_1_295' title='bbox 1854 3447 2078 3502; x_wconf 87' lang='lat' dir='ltr'><strong>studue-</strong></span> 
     </span>
    </p>
   </div>
   <div class='ocr_carea' id='block_1_43' title="bbox 496 3517 2078 3607">
    <p class='ocr_par' dir='ltr' id='par_1_43' title="bbox 496 3517 2078 3607">
     <span class='ocr_line' id='line_1_43' title="bbox 496 3517 2078 3607; baseline 0.015 -38"><span class='ocrx_word' id='word_1_296' title='bbox 496 3524 626 3571; x_wconf 87' lang='lat' dir='ltr'><strong>runt</strong></span> <span class='ocrx_word' id='word_1_297' title='bbox 651 3517 854 3574; x_wconf 87' lang='lat' dir='ltr'><strong>habere</strong></span> <span class='ocrx_word' id='word_1_298' title='bbox 886 3537 901 3586; x_wconf 91' lang='lat'><strong>;</strong></span> <span class='ocrx_word' id='word_1_299' title='bbox 932 3536 1055 3590; x_wconf 61' lang='lat' dir='ltr'><strong>quae</strong></span> <span class='ocrx_word' id='word_1_300' title='bbox 1080 3523 1161 3578; x_wconf 89' lang='lat' dir='ltr'><strong>eis</strong></span> <span class='ocrx_word' id='word_1_301' title='bbox 1191 3524 1258 3578; x_wconf 89' lang='lat' dir='ltr'><strong>ad</strong></span> <span class='ocrx_word' id='word_1_302' title='bbox 1298 3540 1484 3581; x_wconf 82' lang='lat' dir='ltr'><strong>veram</strong></span> <span class='ocrx_word' id='word_1_303' title='bbox 1528 3529 1919 3589; x_wconf 90' lang='lat' dir='ltr'><strong>beatitudinem</strong></span> <span class='ocrx_word' id='word_1_304' title='bbox 1954 3552 2078 3607; x_wconf 82' lang='lat' dir='ltr'><strong>pro-</strong></span> 
     </span>
    </p>
   </div>
   <div class='ocr_carea' id='block_1_44' title="bbox 454 3607 2076 3692">
    <p class='ocr_par' dir='ltr' id='par_1_44' title="bbox 454 3607 2076 3692">
     <span class='ocr_line' id='line_1_44' title="bbox 454 3607 2076 3692; baseline 0.015 -34"><span class='ocrx_word' id='word_1_305' title='bbox 454 3671 458 3674; x_wconf 1' lang='lat' dir='ltr'><strong>Q</strong></span> <span class='ocrx_word' id='word_1_306' title='bbox 495 3607 807 3661; x_wconf 90' lang='lat' dir='ltr'><strong>merendam</strong></span> <span class='ocrx_word' id='word_1_307' title='bbox 856 3609 1122 3678; x_wconf 84' lang='lat' dir='ltr'><strong>prolicere</strong></span> <span class='ocrx_word' id='word_1_308' title='bbox 1166 3610 1234 3646; x_wconf 68' lang='grc'><strong>⁸³⁷</strong></span> <span class='ocrx_word' id='word_1_309' title='bbox 1277 3616 1603 3684; x_wconf 88' lang='lat' dir='ltr'><strong>potuissent,</strong></span> <span class='ocrx_word' id='word_1_310' title='bbox 1635 3621 1680 3674; x_wconf 91' lang='lat' dir='ltr'><strong>si</strong></span> <span class='ocrx_word' id='word_1_311' title='bbox 1711 3621 2076 3692; x_wconf 85' lang='lat' dir='ltr'><strong>ignorantiam</strong></span> 
     </span>
    </p>
   </div>
   <div class='ocr_carea' id='block_1_45' title="bbox 492 3696 2076 3773">
    <p class='ocr_par' dir='ltr' id='par_1_45' title="bbox 492 3696 2076 3773">
     <span class='ocr_line' id='line_1_45' title="bbox 492 3696 2076 3773; baseline 0.016 -25"><span class='ocrx_word' id='word_1_312' title='bbox 492 3696 757 3753; x_wconf 90' lang='lat' dir='ltr'><strong>creatoris</strong></span> <span class='ocrx_word' id='word_1_313' title='bbox 806 3699 891 3756; x_wconf 89' lang='lat' dir='ltr'><strong>sui</strong></span> <span class='ocrx_word' id='word_1_314' title='bbox 936 3716 1046 3755; x_wconf 90' lang='lat' dir='ltr'><strong>non</strong></span> <span class='ocrx_word' id='word_1_315' title='bbox 1087 3699 1353 3758; x_wconf 89' lang='lat' dir='ltr'><strong>haberent</strong></span> <span class='ocrx_word' id='word_1_316' title='bbox 1397 3714 1454 3761; x_wconf 87' lang='lat' dir='ltr'><strong>et</strong></span> <span class='ocrx_word' id='word_1_317' title='bbox 1497 3723 1528 3761; x_wconf 91' lang='lat' dir='ltr'><strong>a</strong></span> <span class='ocrx_word' id='word_1_318' title='bbox 1570 3711 1804 3768; x_wconf 88' lang='lat' dir='ltr'><strong>veritate</strong></span> <span class='ocrx_word' id='word_1_319' title='bbox 1845 3715 2076 3773; x_wconf 86' lang='lat' dir='ltr'><strong>culturae</strong></span> 
     </span>
    </p>
   </div>
   <div class='ocr_carea' id='block_1_46' title="bbox 492 3784 1192 3845">
    <p class='ocr_par' dir='ltr' id='par_1_46' title="bbox 492 3784 1192 3845">
     <span class='ocr_line' id='line_1_46' title="bbox 492 3784 1192 3845; baseline 0.009 -6"><span class='ocrx_word' id='word_1_320' title='bbox 492 3784 640 3842; x_wconf 87' lang='lat' dir='ltr'><strong>illius</strong></span> <span class='ocrx_word' id='word_1_321' title='bbox 662 3803 774 3842; x_wconf 77' lang='lat' dir='ltr'><strong>non</strong></span> <span class='ocrx_word' id='word_1_322' title='bbox 801 3800 985 3844; x_wconf 89' lang='lat' dir='ltr'><strong>essent</strong></span> <span class='ocrx_word' id='word_1_323' title='bbox 1005 3790 1192 3845; x_wconf 89' lang='lat' dir='ltr'><strong>alieni.</strong></span> 
     </span>
    </p>
   </div>
   <div class='ocr_carea' id='block_1_47' title="bbox 564 3873 2075 3957">
    <p class='ocr_par' dir='ltr' id='par_1_47' title="bbox 564 3873 2075 3957">
     <span class='ocr_line' id='line_1_47' title="bbox 564 3873 2075 3957; baseline 0.016 -30"><span class='ocrx_word' id='word_1_324' title='bbox 564 3874 618 3927; x_wconf 87' lang='lat'><strong>7.</strong></span> <span class='ocrx_word' id='word_1_325' title='bbox 644 3873 749 3947; x_wconf 87' lang='lat'><strong>[6.]</strong></span> <span class='ocrx_word' id='word_1_326' title='bbox 772 3894 790 3926; x_wconf 85' lang='grc'>‹</span> <span class='ocrx_word' id='word_1_327' title='bbox 811 3876 1103 3933; x_wconf 88' lang='lat' dir='ltr'><strong>Coluerunt</strong></span> <span class='ocrx_word' id='word_1_328' title='bbox 1129 3879 1200 3912; x_wconf 78' lang='grc'><strong>⁸⁸⁸</strong></span> <span class='ocrx_word' id='word_1_329' title='bbox 1216 3880 1359 3938; x_wconf 89' lang='lat' dir='ltr'><strong>enim</strong></span> <span class='ocrx_word' id='word_1_330' title='bbox 1386 3900 1479 3941; x_wconf 88' lang='lat' dir='ltr'><strong>eos</strong></span> <span class='ocrx_word' id='word_1_331' title='bbox 1494 3888 1585 3957; x_wconf 90' lang='lat' dir='ltr'><strong>qui</strong></span> <span class='ocrx_word' id='word_1_332' title='bbox 1598 3900 1786 3945; x_wconf 88' lang='lat' dir='ltr'><strong>natura</strong></span> <span class='ocrx_word' id='word_1_333' title='bbox 1802 3908 1906 3948; x_wconf 90' lang='lat' dir='ltr'><strong>non</strong></span> <span class='ocrx_word' id='word_1_334' title='bbox 1919 3906 2075 3952; x_wconf 92' lang='lat' dir='ltr'><strong>erant</strong></span> 
     </span>
    </p>
   </div>
   <div class='ocr_carea' id='block_1_48' title="bbox 491 3960 2071 4052">
    <p class='ocr_par' dir='ltr' id='par_1_48' title="bbox 491 3960 2071 4052">
     <span class='ocr_line' id='line_1_48' title="bbox 491 3960 2071 4052; baseline 0.018 -38"><span class='ocrx_word' id='word_1_335' title='bbox 491 3960 590 4052; x_wconf 88' lang='lat' dir='ltr'><strong>dii,</strong></span> <span class='ocrx_word' id='word_1_336' title='bbox 618 3962 758 4017; x_wconf 91' lang='lat' dir='ltr'><strong>inter</strong></span> <span class='ocrx_word' id='word_1_337' title='bbox 783 3978 918 4032; x_wconf 90' lang='lat' dir='ltr'><strong>quos</strong></span> <span class='ocrx_word' id='word_1_338' title='bbox 967 3966 1237 4037; x_wconf 69' lang='lat' dir='ltr'><strong>praecipue</strong></span> <span class='ocrx_word' id='word_1_339' title='bbox 1277 3970 1606 4031; x_wconf 84' lang='lat' dir='ltr'><strong>Mercurium</strong></span> <span class='ocrx_word' id='word_1_340' title='bbox 1648 3983 2071 4052; x_wconf 88' lang='lat' dir='ltr'><strong>venerabantur,</strong></span> 
     </span>
    </p>
   </div>
   <div class='ocr_carea' id='block_1_49' title="bbox 491 4051 2074 4135">
    <p class='ocr_par' dir='ltr' id='par_1_49' title="bbox 491 4051 2074 4135">
     <span class='ocr_line' id='line_1_49' title="bbox 491 4051 2074 4135; baseline 0.016 -29"><span class='ocrx_word' id='word_1_341' title='bbox 491 4051 577 4106; x_wconf 91' lang='lat' dir='ltr'><strong>cui</strong></span> <span class='ocrx_word' id='word_1_342' title='bbox 626 4053 793 4107; x_wconf 87' lang='lat' dir='ltr'><strong>certis</strong></span> <span class='ocrx_word' id='word_1_343' title='bbox 835 4054 1024 4111; x_wconf 90' lang='lat' dir='ltr'><strong>diebus</strong></span> <span class='ocrx_word' id='word_1_344' title='bbox 1072 4056 1328 4116; x_wconf 88' lang='lat' dir='ltr'><strong>humanis</strong></span> <span class='ocrx_word' id='word_1_345' title='bbox 1395 4080 1614 4135; x_wconf 84' lang='lat' dir='ltr'><strong>quoque</strong></span> <span class='ocrx_word' id='word_1_346' title='bbox 1676 4069 1871 4126; x_wconf 87' lang='lat' dir='ltr'><strong>hostiis</strong></span> <span class='ocrx_word' id='word_1_347' title='bbox 1915 4051 2074 4132; x_wconf 85' lang='lat' dir='ltr'><strong>litare</strong></span> 
     </span>
    </p>
   </div>
   <div class='ocr_carea' id='block_1_50' title="bbox 492 4148 2069 4235">
    <p class='ocr_par' dir='ltr' id='par_1_50' title="bbox 492 4148 2069 4235">
     <span class='ocr_line' id='line_1_50' title="bbox 492 4148 2069 4235; baseline 0.016 -38"><span class='ocrx_word' id='word_1_348' title='bbox 492 4154 907 4199; x_wconf 83' lang='lat' dir='ltr'><strong>consueverant.</strong></span> <span class='ocrx_word' id='word_1_349' title='bbox 934 4148 1074 4202; x_wconf 86' lang='lat' dir='ltr'><strong>Deos</strong></span> <span class='ocrx_word' id='word_1_350' title='bbox 1093 4164 1221 4205; x_wconf 91' lang='lat' dir='ltr'><strong>suos</strong></span> <span class='ocrx_word' id='word_1_351' title='bbox 1243 4166 1419 4223; x_wconf 87' lang='lat' dir='ltr'><strong>neque</strong></span> <span class='ocrx_word' id='word_1_352' title='bbox 1442 4156 1509 4190; x_wconf 67' lang='grc' dir='ltr'><strong>ιδ’</strong></span> <span class='ocrx_word' id='word_1_353' title='bbox 1536 4161 1747 4230; x_wconf 90' lang='lat' dir='ltr'><strong>templis</strong></span> <span class='ocrx_word' id='word_1_354' title='bbox 1772 4164 2069 4235; x_wconf 84' lang='lat' dir='ltr'><strong>includere,</strong></span> 
     </span>
    </p>
   </div>
   <div class='ocr_carea' id='block_1_51' title="bbox 488 4234 2071 4321">
    <p class='ocr_par' dir='ltr' id='par_1_51' title="bbox 488 4234 2071 4321">
     <span class='ocr_line' id='line_1_51' title="bbox 488 4234 2071 4321; baseline 0.015 -33"><span class='ocrx_word' id='word_1_355' title='bbox 488 4249 667 4306; x_wconf 88' lang='lat' dir='ltr'><strong>neque</strong></span> <span class='ocrx_word' id='word_1_356' title='bbox 716 4234 823 4321; x_wconf 87' lang='lat' dir='ltr'><strong>ulla</strong></span> <span class='ocrx_word' id='word_1_357' title='bbox 874 4236 1095 4294; x_wconf 90' lang='lat' dir='ltr'><strong>humani</strong></span> <span class='ocrx_word' id='word_1_358' title='bbox 1144 4242 1266 4297; x_wconf 87' lang='lat' dir='ltr'><strong>oris</strong></span> <span class='ocrx_word' id='word_1_359' title='bbox 1316 4244 1385 4277; x_wconf 82' lang='lat'><strong>&quot;°</strong></span> <span class='ocrx_word' id='word_1_360' title='bbox 1425 4248 1606 4315; x_wconf 89' lang='lat' dir='ltr'><strong>specie</strong></span> <span class='ocrx_word' id='word_1_361' title='bbox 1647 4253 1972 4321; x_wconf 88' lang='lat' dir='ltr'><strong>assimilare,</strong></span> <span class='ocrx_word' id='word_1_362' title='bbox 2004 4272 2071 4313; x_wconf 81' lang='lat' dir='ltr'><strong>ex</strong></span> 
     </span>
    </p>
   </div>
   <div class='ocr_carea' id='block_1_52' title="bbox 488 4325 2067 4409">
    <p class='ocr_par' dir='ltr' id='par_1_52' title="bbox 488 4325 2067 4409">
     <span class='ocr_line' id='line_1_52' title="bbox 488 4325 2067 4409; baseline 0.016 -32"><span class='ocrx_word' id='word_1_363' title='bbox 488 4325 860 4409; x_wconf 87' lang='lat' dir='ltr'><strong>magnitudine</strong></span> <span class='ocrx_word' id='word_1_364' title='bbox 880 4334 935 4382; x_wconf 91' lang='lat' dir='ltr'><strong>et</strong></span> <span class='ocrx_word' id='word_1_365' title='bbox 962 4328 1226 4400; x_wconf 86' lang='lat' dir='ltr'><strong>dignitate</strong></span> <span class='ocrx_word' id='word_1_366' title='bbox 1270 4335 1582 4394; x_wconf 83' lang='lat' dir='ltr'><strong>caelestium</strong></span> <span class='ocrx_word' id='word_1_367' title='bbox 1635 4342 1883 4398; x_wconf 90' lang='lat' dir='ltr'><strong>arbitrati</strong></span> <span class='ocrx_word' id='word_1_368' title='bbox 1919 4356 2067 4402; x_wconf 89' lang='lat' dir='ltr'><strong>sunt.</strong></span> 
     </span>
    </p>
   </div>
   <div class='ocr_carea' id='block_1_53' title="bbox 2197 1072 3774 1142">
    <p class='ocr_par' dir='ltr' id='par_1_53' title="bbox 2197 1072 3774 1142">
     <span class='ocr_line' id='line_1_53' title="bbox 2197 1072 3774 1142; baseline 0.001 -14"><span class='ocrx_word' id='word_1_369' title='bbox 2197 1074 2338 1138; x_wconf 89' lang='lat' dir='ltr'><strong>tulit,</strong></span> <span class='ocrx_word' id='word_1_370' title='bbox 2367 1072 2606 1129; x_wconf 89' lang='lat' dir='ltr'><strong>sublatos</strong></span> <span class='ocrx_word' id='word_1_371' title='bbox 2634 1072 2704 1106; x_wconf 79' lang='grc'><strong>³⁸⁸</strong></span> <span class='ocrx_word' id='word_1_372' title='bbox 2727 1072 3022 1127; x_wconf 89' lang='lat' dir='ltr'><strong>secundum</strong></span> <span class='ocrx_word' id='word_1_373' title='bbox 3076 1073 3389 1142; x_wconf 85' lang='lat' dir='ltr'><strong>impressam</strong></span> <span class='ocrx_word' id='word_1_374' title='bbox 3433 1082 3561 1129; x_wconf 87' lang='lat' dir='ltr'><strong>ante</strong></span> <span class='ocrx_word' id='word_1_375' title='bbox 3590 1085 3774 1130; x_wconf 82' lang='lat' dir='ltr'><strong>notam</strong></span> 
     </span>
    </p>
   </div>
   <div class='ocr_carea' id='block_1_54' title="bbox 2196 1159 3772 1232">
    <p class='ocr_par' dir='ltr' id='par_1_54' title="bbox 2196 1159 3772 1232">
     <span class='ocr_line' id='line_1_54' title="bbox 2196 1159 3772 1232; baseline 0.002 -17"><span class='ocrx_word' id='word_1_376' title='bbox 2196 1160 2579 1232; x_wconf 85' lang='lat' dir='ltr'><strong>interpretatus</strong></span> <span class='ocrx_word' id='word_1_377' title='bbox 2616 1169 2717 1215; x_wconf 90' lang='lat' dir='ltr'><strong>est.</strong></span> <span class='ocrx_word' id='word_1_378' title='bbox 2742 1159 2798 1214; x_wconf 91' lang='lat' dir='ltr'><strong>Si</strong></span> <span class='ocrx_word' id='word_1_379' title='bbox 2830 1160 3245 1230; x_wconf 87' lang='lat' dir='ltr'><strong>prohibuerunt,</strong></span> <span class='ocrx_word' id='word_1_380' title='bbox 3292 1162 3437 1218; x_wconf 89' lang='lat' dir='ltr'><strong>nulla</strong></span> <span class='ocrx_word' id='word_1_381' title='bbox 3485 1165 3552 1219; x_wconf 90' lang='lat' dir='ltr'><strong>de</strong></span> <span class='ocrx_word' id='word_1_382' title='bbox 3580 1164 3772 1218; x_wconf 86' lang='lat' dir='ltr'><strong>eadem</strong></span> 
     </span>
    </p>
   </div>
   <div class='ocr_carea' id='block_1_55' title="bbox 2193 1255 3772 1327">
    <p class='ocr_par' dir='ltr' id='par_1_55' title="bbox 2193 1255 3772 1327">
     <span class='ocr_line' id='line_1_55' title="bbox 2193 1255 3772 1327; baseline 0 -16"><span class='ocrx_word' id='word_1_383' title='bbox 2193 1271 2252 1311; x_wconf 90' lang='lat' dir='ltr'><strong>re</strong></span> <span class='ocrx_word' id='word_1_384' title='bbox 2278 1257 2390 1327; x_wconf 87' lang='lat' dir='ltr'><strong>ipsa</strong></span> <span class='ocrx_word' id='word_1_385' title='bbox 2413 1258 2500 1311; x_wconf 89' lang='lat' dir='ltr'><strong>die</strong></span> <span class='ocrx_word' id='word_1_386' title='bbox 2522 1255 2848 1311; x_wconf 88' lang='lat' dir='ltr'><strong>consultatio</strong></span> <span class='ocrx_word' id='word_1_387' title='bbox 2877 1272 2891 1323; x_wconf 91' lang='lat'>;</span> <span class='ocrx_word' id='word_1_388' title='bbox 2921 1257 2965 1311; x_wconf 91' lang='lat' dir='ltr'><strong>si</strong></span> <span class='ocrx_word' id='word_1_389' title='bbox 2994 1255 3315 1326; x_wconf 87' lang='lat' dir='ltr'><strong>permissum</strong></span> <span class='ocrx_word' id='word_1_390' title='bbox 3338 1264 3445 1323; x_wconf 89' lang='lat' dir='ltr'><strong>est,</strong></span> <span class='ocrx_word' id='word_1_391' title='bbox 3473 1266 3772 1312; x_wconf 88' lang='lat' dir='ltr'><strong>eventuum</strong></span> 
     </span>
    </p>
   </div>
   <div class='ocr_carea' id='block_1_56' title="bbox 2193 1345 2886 1416">
    <p class='ocr_par' dir='ltr' id='par_1_56' title="bbox 2193 1345 2886 1416">
     <span class='ocr_line' id='line_1_56' title="bbox 2193 1345 2886 1416; baseline -0.001 -14"><span class='ocrx_word' id='word_1_392' title='bbox 2193 1348 2371 1403; x_wconf 90' lang='lat' dir='ltr'><strong>adhuc</strong></span> <span class='ocrx_word' id='word_1_393' title='bbox 2400 1346 2537 1401; x_wconf 87' lang='lat' dir='ltr'><strong>fides</strong></span> <span class='ocrx_word' id='word_1_394' title='bbox 2567 1345 2886 1416; x_wconf 78' lang='lat' dir='ltr'><strong>exigebatur</strong></span> 
     </span>
    </p>
   </div>
   <div class='ocr_carea' id='block_1_57' title="bbox 2285 1436 3770 1509">
    <p class='ocr_par' dir='ltr' id='par_1_57' title="bbox 2285 1436 3770 1509">
     <span class='ocr_line' id='line_1_57' title="bbox 2285 1436 3770 1509; baseline -0.003 -14"><span class='ocrx_word' id='word_1_395' title='bbox 2285 1439 2340 1495; x_wconf 92' lang='lat'><strong>8.</strong></span> <span class='ocrx_word' id='word_1_396' title='bbox 2369 1458 2386 1489; x_wconf 79' lang='grc' dir='ltr'>ι</span> <span class='ocrx_word' id='word_1_397' title='bbox 2420 1438 2613 1492; x_wconf 83' lang='lat' dir='ltr'><strong>Avium</strong></span> <span class='ocrx_word' id='word_1_398' title='bbox 2644 1453 2802 1493; x_wconf 76' lang='lat' dir='ltr'><strong>voces</strong></span> <span class='ocrx_word' id='word_1_399' title='bbox 2830 1447 2885 1493; x_wconf 86' lang='lat' dir='ltr'><strong>et</strong></span> <span class='ocrx_word' id='word_1_400' title='bbox 2902 1436 3113 1493; x_wconf 88' lang='lat' dir='ltr'><strong>volatus</strong></span> <span class='ocrx_word' id='word_1_401' title='bbox 3136 1436 3471 1508; x_wconf 87' lang='lat' dir='ltr'><strong>interrogare</strong></span> <span class='ocrx_word' id='word_1_402' title='bbox 3491 1440 3770 1509; x_wconf 85' lang='lat' dir='ltr'><strong>preprium</strong></span> 
     </span>
    </p>
   </div>
   <div class='ocr_carea' id='block_1_58' title="bbox 2189 1526 3770 1599">
    <p class='ocr_par' dir='ltr' id='par_1_58' title="bbox 2189 1526 3770 1599">
     <span class='ocr_line' id='line_1_58' title="bbox 2189 1526 3770 1599; baseline -0.001 -15"><span class='ocrx_word' id='word_1_403' title='bbox 2189 1536 2310 1585; x_wconf 89' lang='lat' dir='ltr'><strong>erat</strong></span> <span class='ocrx_word' id='word_1_404' title='bbox 2338 1526 2480 1582; x_wconf 89' lang='lat' dir='ltr'><strong>illius</strong></span> <span class='ocrx_word' id='word_1_405' title='bbox 2501 1529 2698 1599; x_wconf 87' lang='lat' dir='ltr'><strong>gentis.</strong></span> <span class='ocrx_word' id='word_1_406' title='bbox 2727 1527 2998 1598; x_wconf 84' lang='lat' dir='ltr'><strong>Equorum</strong></span> <span class='ocrx_word' id='word_1_407' title='bbox 3040 1543 3255 1598; x_wconf 90' lang='lat' dir='ltr'><strong>quoque</strong></span> <span class='ocrx_word' id='word_1_408' title='bbox 3280 1529 3524 1597; x_wconf 87' lang='lat' dir='ltr'><strong>presagia</strong></span> <span class='ocrx_word' id='word_1_409' title='bbox 3558 1543 3622 1583; x_wconf 90' lang='lat' dir='ltr'><strong>ac</strong></span> <span class='ocrx_word' id='word_1_410' title='bbox 3651 1543 3770 1583; x_wconf 81' lang='lat' dir='ltr'><strong>mo-</strong></span> 
     </span>
    </p>
   </div>
   <div class='ocr_carea' id='block_1_59' title="bbox 2192 1616 3768 1689">
    <p class='ocr_par' dir='ltr' id='par_1_59' title="bbox 2192 1616 3768 1689">
     <span class='ocr_line' id='line_1_59' title="bbox 2192 1616 3768 1689; baseline -0.002 -14"><span class='ocrx_word' id='word_1_411' title='bbox 2192 1628 2278 1675; x_wconf 90' lang='lat' dir='ltr'><strong>tus</strong></span> <span class='ocrx_word' id='word_1_412' title='bbox 2314 1619 2383 1652; x_wconf 80' lang='grc'><strong>¹⁵⁹</strong></span> <span class='ocrx_word' id='word_1_413' title='bbox 2412 1618 2668 1689; x_wconf 80' lang='lat' dir='ltr'><strong>experiri,</strong></span> <span class='ocrx_word' id='word_1_414' title='bbox 2706 1619 3057 1686; x_wconf 82' lang='lat' dir='ltr'><strong>hinnitusque</strong></span> <span class='ocrx_word' id='word_1_415' title='bbox 3094 1633 3159 1672; x_wconf 88' lang='lat' dir='ltr'><strong>ac</strong></span> <span class='ocrx_word' id='word_1_416' title='bbox 3179 1616 3425 1673; x_wconf 82' lang='lat' dir='ltr'><strong>fremitus</strong></span> <span class='ocrx_word' id='word_1_417' title='bbox 3449 1620 3768 1673; x_wconf 83' lang='lat' dir='ltr'><strong>observare.</strong></span> 
     </span>
    </p>
   </div>
   <div class='ocr_carea' id='block_1_60' title="bbox 2190 1706 3773 1777">
    <p class='ocr_par' dir='ltr' id='par_1_60' title="bbox 2190 1706 3773 1777">
     <span class='ocr_line' id='line_1_60' title="bbox 2190 1706 3773 1777; baseline -0.001 -15"><span class='ocrx_word' id='word_1_418' title='bbox 2190 1707 2300 1765; x_wconf 85' lang='lat' dir='ltr'><strong>Nec</strong></span> <span class='ocrx_word' id='word_1_419' title='bbox 2321 1707 2412 1763; x_wconf 93' lang='lat' dir='ltr'><strong>ulli</strong></span> <span class='ocrx_word' id='word_1_420' title='bbox 2445 1708 2690 1776; x_wconf 84' lang='lat' dir='ltr'><strong>auspicio</strong></span> <span class='ocrx_word' id='word_1_421' title='bbox 2715 1706 2890 1776; x_wconf 85' lang='lat' dir='ltr'><strong>major</strong></span> <span class='ocrx_word' id='word_1_422' title='bbox 2925 1707 3079 1771; x_wconf 86' lang='lat' dir='ltr'><strong>fides,</strong></span> <span class='ocrx_word' id='word_1_423' title='bbox 3107 1722 3212 1762; x_wconf 90' lang='lat' dir='ltr'><strong>non</strong></span> <span class='ocrx_word' id='word_1_424' title='bbox 3256 1721 3430 1761; x_wconf 72' lang='lat' dir='ltr'><strong>scium</strong></span> <span class='ocrx_word' id='word_1_425' title='bbox 3482 1709 3627 1777; x_wconf 87' lang='lat' dir='ltr'><strong>apud</strong></span> <span class='ocrx_word' id='word_1_426' title='bbox 3658 1708 3773 1776; x_wconf 87' lang='lat' dir='ltr'><strong>ple-</strong></span> 
     </span>
    </p>
   </div>
   <div class='ocr_carea' id='block_1_61' title="bbox 2120 1780 3773 1868">
    <p class='ocr_par' dir='ltr' id='par_1_61' title="bbox 2120 1780 3773 1868">
     <span class='ocr_line' id='line_1_61' title="bbox 2120 1780 3773 1868; baseline -0.002 -14"><span class='ocrx_word' id='word_1_427' title='bbox 2120 1780 2161 1837; x_wconf 70' lang='grc' dir='ltr'><strong>Β</strong></span> <span class='ocrx_word' id='word_1_428' title='bbox 2191 1799 2334 1864; x_wconf 89' lang='lat' dir='ltr'><strong>bem,</strong></span> <span class='ocrx_word' id='word_1_429' title='bbox 2359 1798 2453 1854; x_wconf 89' lang='lat' dir='ltr'><strong>sed</strong></span> <span class='ocrx_word' id='word_1_430' title='bbox 2483 1799 2647 1853; x_wconf 89' lang='lat' dir='ltr'><strong>etiam</strong></span> <span class='ocrx_word' id='word_1_431' title='bbox 2701 1798 2840 1868; x_wconf 89' lang='lat' dir='ltr'><strong>apud</strong></span> <span class='ocrx_word' id='word_1_432' title='bbox 2865 1812 3119 1867; x_wconf 89' lang='lat' dir='ltr'><strong>proceres</strong></span> <span class='ocrx_word' id='word_1_433' title='bbox 3166 1796 3485 1851; x_wconf 88' lang='lat' dir='ltr'><strong>habebatur.</strong></span> <span class='ocrx_word' id='word_1_434' title='bbox 3539 1797 3671 1851; x_wconf 86' lang='lat' dir='ltr'><strong>Erat</strong></span> <span class='ocrx_word' id='word_1_435' title='bbox 3717 1805 3773 1851; x_wconf 86' lang='lat' dir='ltr'><strong>et</strong></span> 
     </span>
    </p>
   </div>
   <div class='ocr_carea' id='block_1_62' title="bbox 2189 1888 3765 1960">
    <p class='ocr_par' dir='ltr' id='par_1_62' title="bbox 2189 1888 3765 1960">
     <span class='ocr_line' id='line_1_62' title="bbox 2189 1888 3765 1960; baseline 0 -16"><span class='ocrx_word' id='word_1_436' title='bbox 2189 1889 2292 1944; x_wconf 88' lang='lat' dir='ltr'><strong>alia</strong></span> <span class='ocrx_word' id='word_1_437' title='bbox 2342 1888 2650 1945; x_wconf 80' lang='lat' dir='ltr'><strong>observatio</strong></span> <span class='ocrx_word' id='word_1_438' title='bbox 2704 1889 3091 1960; x_wconf 90' lang='lat' dir='ltr'><strong>auspiciorum,</strong></span> <span class='ocrx_word' id='word_1_439' title='bbox 3142 1904 3246 1959; x_wconf 88' lang='lat' dir='ltr'><strong>qua</strong></span> <span class='ocrx_word' id='word_1_440' title='bbox 3279 1888 3536 1960; x_wconf 83' lang='lat' dir='ltr'><strong>gravium</strong></span> <span class='ocrx_word' id='word_1_441' title='bbox 3587 1889 3765 1944; x_wconf 56' lang='lat' dir='ltr'><strong>bellm</strong></span> 
     </span>
    </p>
   </div>
   <div class='ocr_carea' id='block_1_63' title="bbox 2192 1976 3770 2049">
    <p class='ocr_par' dir='ltr' id='par_1_63' title="bbox 2192 1976 3770 2049">
     <span class='ocr_line' id='line_1_63' title="bbox 2192 1976 3770 2049; baseline 0.001 -17"><span class='ocrx_word' id='word_1_442' title='bbox 2192 1993 2309 2032; x_wconf 89' lang='lat' dir='ltr'><strong>rum</strong></span> <span class='ocrx_word' id='word_1_443' title='bbox 2338 1985 2562 2033; x_wconf 84' lang='lat' dir='ltr'><strong>eventus</strong></span> <span class='ocrx_word' id='word_1_444' title='bbox 2582 1976 2865 2049; x_wconf 82' lang='lat' dir='ltr'><strong>explorare</strong></span> <span class='ocrx_word' id='word_1_445' title='bbox 2892 1976 3157 2032; x_wconf 86' lang='lat' dir='ltr'><strong>solebant.</strong></span> <span class='ocrx_word' id='word_1_446' title='bbox 3186 1977 3315 2047; x_wconf 83' lang='lat' dir='ltr'><strong>Ejus</strong></span> <span class='ocrx_word' id='word_1_447' title='bbox 3365 1980 3564 2049; x_wconf 86' lang='lat' dir='ltr'><strong>quippe</strong></span> <span class='ocrx_word' id='word_1_448' title='bbox 3592 1979 3770 2046; x_wconf 82' lang='lat' dir='ltr'><strong>gentis</strong></span> 
     </span>
    </p>
   </div>
   <div class='ocr_carea' id='block_1_64' title="bbox 2189 2067 3768 2139">
    <p class='ocr_par' dir='ltr' id='par_1_64' title="bbox 2189 2067 3768 2139">
     <span class='ocr_line' id='line_1_64' title="bbox 2189 2067 3768 2139; baseline -0.001 -16"><span class='ocrx_word' id='word_1_449' title='bbox 2189 2084 2311 2123; x_wconf 91' lang='lat' dir='ltr'><strong>cum</strong></span> <span class='ocrx_word' id='word_1_450' title='bbox 2357 2082 2463 2139; x_wconf 89' lang='lat' dir='ltr'><strong>qua</strong></span> <span class='ocrx_word' id='word_1_451' title='bbox 2508 2067 2815 2123; x_wconf 86' lang='lat' dir='ltr'><strong>bellandum</strong></span> <span class='ocrx_word' id='word_1_452' title='bbox 2875 2067 2995 2133; x_wconf 91' lang='lat' dir='ltr'><strong>fuit,</strong></span> <span class='ocrx_word' id='word_1_453' title='bbox 3038 2070 3307 2139; x_wconf 89' lang='lat' dir='ltr'><strong>captivum</strong></span> <span class='ocrx_word' id='word_1_454' title='bbox 3360 2084 3577 2139; x_wconf 91' lang='lat' dir='ltr'><strong>quoquo</strong></span> <span class='ocrx_word' id='word_1_455' title='bbox 3608 2071 3768 2125; x_wconf 86' lang='lat' dir='ltr'><strong>modo</strong></span> 
     </span>
    </p>
   </div>
   <div class='ocr_carea' id='block_1_65' title="bbox 2188 2158 3765 2229">
    <p class='ocr_par' dir='ltr' id='par_1_65' title="bbox 2188 2158 3765 2229">
     <span class='ocr_line' id='line_1_65' title="bbox 2188 2158 3765 2229; baseline -0.001 -15"><span class='ocrx_word' id='word_1_456' title='bbox 2188 2159 2570 2228; x_wconf 85' lang='lat' dir='ltr'><strong>interceptum,</strong></span> <span class='ocrx_word' id='word_1_457' title='bbox 2614 2173 2735 2211; x_wconf 88' lang='lat' dir='ltr'><strong>cum</strong></span> <span class='ocrx_word' id='word_1_458' title='bbox 2784 2158 2958 2212; x_wconf 90' lang='lat' dir='ltr'><strong>electo</strong></span> <span class='ocrx_word' id='word_1_459' title='bbox 3006 2158 3074 2190; x_wconf 82' lang='grc'><strong>¹⁶⁸</strong></span> <span class='ocrx_word' id='word_1_460' title='bbox 3122 2158 3461 2229; x_wconf 84' lang='lat' dir='ltr'><strong>popularium</strong></span> <span class='ocrx_word' id='word_1_461' title='bbox 3518 2174 3765 2224; x_wconf 87' lang='lat' dir='ltr'><strong>suorum,</strong></span> 
     </span>
    </p>
   </div>
   <div class='ocr_carea' id='block_1_66' title="bbox 2187 2248 3764 2319">
    <p class='ocr_par' dir='ltr' id='par_1_66' title="bbox 2187 2248 3764 2319">
     <span class='ocr_line' id='line_1_66' title="bbox 2187 2248 3764 2319; baseline -0.001 -16"><span class='ocrx_word' id='word_1_462' title='bbox 2187 2250 2380 2319; x_wconf 86' lang='lat' dir='ltr'><strong>patriis</strong></span> <span class='ocrx_word' id='word_1_463' title='bbox 2423 2262 2695 2318; x_wconf 79' lang='lat' dir='ltr'><strong>quemque</strong></span> <span class='ocrx_word' id='word_1_464' title='bbox 2752 2248 2922 2302; x_wconf 86' lang='lat' dir='ltr'><strong>armis</strong></span> <span class='ocrx_word' id='word_1_465' title='bbox 2973 2248 3315 2304; x_wconf 90' lang='lat' dir='ltr'><strong>committere</strong></span> <span class='ocrx_word' id='word_1_466' title='bbox 3366 2257 3422 2302; x_wconf 92' lang='lat' dir='ltr'><strong>et</strong></span> <span class='ocrx_word' id='word_1_467' title='bbox 3473 2249 3764 2302; x_wconf 81' lang='lat' dir='ltr'><strong>victoriam</strong></span> 
     </span>
    </p>
   </div>
   <div class='ocr_carea' id='block_1_67' title="bbox 2188 2341 3766 2411">
    <p class='ocr_par' dir='ltr' id='par_1_67' title="bbox 2188 2341 3766 2411">
     <span class='ocr_line' id='line_1_67' title="bbox 2188 2341 3766 2411; baseline 0 -13"><span class='ocrx_word' id='word_1_468' title='bbox 2188 2343 2345 2411; x_wconf 89' lang='lat' dir='ltr'><strong>hujus</strong></span> <span class='ocrx_word' id='word_1_469' title='bbox 2380 2343 2461 2396; x_wconf 87' lang='lat' dir='ltr'><strong>vel</strong></span> <span class='ocrx_word' id='word_1_470' title='bbox 2486 2341 2626 2396; x_wconf 90' lang='lat' dir='ltr'><strong>illius</strong></span> <span class='ocrx_word' id='word_1_471' title='bbox 2663 2341 2984 2410; x_wconf 86' lang='lat' dir='ltr'><strong>projudicio</strong></span> <span class='ocrx_word' id='word_1_472' title='bbox 3029 2341 3245 2398; x_wconf 82' lang='lat' dir='ltr'><strong>habere.</strong></span> <span class='ocrx_word' id='word_1_473' title='bbox 3284 2342 3563 2410; x_wconf 82' lang='lat' dir='ltr'><strong>Quomodo</strong></span> <span class='ocrx_word' id='word_1_474' title='bbox 3584 2353 3766 2398; x_wconf 65' lang='lat' dir='ltr'><strong>autem</strong></span> 
     </span>
    </p>
   </div>
   <div class='ocr_carea' id='block_1_68' title="bbox 2185 2430 3764 2494">
    <p class='ocr_par' dir='ltr' id='par_1_68' title="bbox 2185 2430 3764 2494">
     <span class='ocr_line' id='line_1_68' title="bbox 2185 2430 3764 2494; baseline -0.002 -8"><span class='ocrx_word' id='word_1_475' title='bbox 2185 2431 2349 2486; x_wconf 89' lang='lat' dir='ltr'><strong>certis</strong></span> <span class='ocrx_word' id='word_1_476' title='bbox 2378 2431 2589 2494; x_wconf 92' lang='lat' dir='ltr'><strong>diebus,</strong></span> <span class='ocrx_word' id='word_1_477' title='bbox 2637 2445 2760 2485; x_wconf 86' lang='lat' dir='ltr'><strong>cum</strong></span> <span class='ocrx_word' id='word_1_478' title='bbox 2807 2438 2901 2484; x_wconf 89' lang='lat' dir='ltr'><strong>aut</strong></span> <span class='ocrx_word' id='word_1_479' title='bbox 2955 2430 3019 2462; x_wconf 80' lang='grc'><strong>¹⁶¹</strong></span> <span class='ocrx_word' id='word_1_480' title='bbox 3078 2430 3364 2485; x_wconf 89' lang='lat' dir='ltr'><strong>inchoatur</strong></span> <span class='ocrx_word' id='word_1_481' title='bbox 3407 2430 3529 2485; x_wconf 86' lang='lat' dir='ltr'><strong>luna</strong></span> <span class='ocrx_word' id='word_1_482' title='bbox 3570 2440 3664 2485; x_wconf 88' lang='lat' dir='ltr'><strong>aut</strong></span> <span class='ocrx_word' id='word_1_483' title='bbox 3696 2432 3764 2461; x_wconf 80' lang='lat'><strong>&quot;&#39;</strong></span> 
     </span>
    </p>
   </div>
   <div class='ocr_carea' id='block_1_69' title="bbox 2187 2519 3761 2592">
    <p class='ocr_par' dir='ltr' id='par_1_69' title="bbox 2187 2519 3761 2592">
     <span class='ocr_line' id='line_1_69' title="bbox 2187 2519 3761 2592; baseline 0 -17"><span class='ocrx_word' id='word_1_484' title='bbox 2187 2521 2459 2592; x_wconf 89' lang='lat' dir='ltr'><strong>impletur,</strong></span> <span class='ocrx_word' id='word_1_485' title='bbox 2523 2520 2743 2592; x_wconf 85' lang='lat' dir='ltr'><strong>agendis</strong></span> <span class='ocrx_word' id='word_1_486' title='bbox 2800 2519 2961 2585; x_wconf 81' lang='lat' dir='ltr'><strong>rebus</strong></span> <span class='ocrx_word' id='word_1_487' title='bbox 3011 2520 3079 2553; x_wconf 72' lang='grc'><strong>³⁸³</strong></span> <span class='ocrx_word' id='word_1_488' title='bbox 3137 2520 3636 2591; x_wconf 83' lang='lat' dir='ltr'><strong>auspicatissimum</strong></span> <span class='ocrx_word' id='word_1_489' title='bbox 3690 2521 3761 2552; x_wconf 76' lang='lat'><strong>‘“</strong></span> 
     </span>
    </p>
   </div>
   <div class='ocr_carea' id='block_1_70' title="bbox 2186 2610 3765 2682">
    <p class='ocr_par' dir='ltr' id='par_1_70' title="bbox 2186 2610 3765 2682">
     <span class='ocr_line' id='line_1_70' title="bbox 2186 2610 3765 2682; baseline -0.002 -15"><span class='ocrx_word' id='word_1_490' title='bbox 2186 2613 2401 2668; x_wconf 89' lang='lat' dir='ltr'><strong>initium</strong></span> <span class='ocrx_word' id='word_1_491' title='bbox 2425 2611 2774 2674; x_wconf 86' lang='lat' dir='ltr'><strong>crediderint,</strong></span> <span class='ocrx_word' id='word_1_492' title='bbox 2810 2611 3025 2682; x_wconf 88' lang='lat' dir='ltr'><strong>aliaque</strong></span> <span class='ocrx_word' id='word_1_493' title='bbox 3052 2611 3469 2666; x_wconf 87' lang='lat' dir='ltr'><strong>innumerabilia</strong></span> <span class='ocrx_word' id='word_1_494' title='bbox 3499 2610 3568 2643; x_wconf 69' lang='grc'><strong>³⁸³</strong></span> <span class='ocrx_word' id='word_1_495' title='bbox 3596 2625 3765 2664; x_wconf 79' lang='lat' dir='ltr'><strong>vana-</strong></span> 
     </span>
    </p>
   </div>
   <div class='ocr_carea' id='block_1_71' title="bbox 2186 2693 3762 2774">
    <p class='ocr_par' dir='ltr' id='par_1_71' title="bbox 2186 2693 3762 2774">
     <span class='ocr_line' id='line_1_71' title="bbox 2186 2693 3762 2774; baseline -0.003 -14"><span class='ocrx_word' id='word_1_496' title='bbox 2186 2721 2306 2760; x_wconf 88' lang='lat' dir='ltr'><strong>rum</strong></span> <span class='ocrx_word' id='word_1_497' title='bbox 2362 2693 2820 2773; x_wconf 84' lang='lat' dir='ltr'><strong>supersticiouuin</strong></span> <span class='ocrx_word' id='word_1_498' title='bbox 2878 2716 3099 2774; x_wconf 90' lang='lat' dir='ltr'><strong>genera,</strong></span> <span class='ocrx_word' id='word_1_499' title='bbox 3149 2703 3349 2773; x_wconf 87' lang='lat' dir='ltr'><strong>quibus</strong></span> <span class='ocrx_word' id='word_1_500' title='bbox 3400 2702 3661 2772; x_wconf 83' lang='lat' dir='ltr'><strong>implicati</strong></span> <span class='ocrx_word' id='word_1_501' title='bbox 3692 2702 3762 2734; x_wconf 70' lang='grc'><strong>⁵⁸⁸</strong></span> 
     </span>
    </p>
   </div>
   <div class='ocr_carea' id='block_1_72' title="bbox 2184 2792 3761 2864">
    <p class='ocr_par' dir='ltr' id='par_1_72' title="bbox 2184 2792 3761 2864">
     <span class='ocr_line' id='line_1_72' title="bbox 2184 2792 3761 2864; baseline -0.003 -14"><span class='ocrx_word' id='word_1_502' title='bbox 2184 2805 2334 2861; x_wconf 86' lang='lat' dir='ltr'><strong>sunt,</strong></span> <span class='ocrx_word' id='word_1_503' title='bbox 2406 2794 2837 2860; x_wconf 84' lang='lat' dir='ltr'><strong>observaveriut,</strong></span> <span class='ocrx_word' id='word_1_504' title='bbox 2910 2802 3194 2864; x_wconf 62' lang='lat' dir='ltr'><strong>praetereo.</strong></span> <span class='ocrx_word' id='word_1_505' title='bbox 3258 2792 3381 2846; x_wconf 70' lang='lat' dir='ltr'><strong>llaec</strong></span> <span class='ocrx_word' id='word_1_506' title='bbox 3441 2807 3577 2845; x_wconf 88' lang='lat' dir='ltr'><strong>vero</strong></span> <span class='ocrx_word' id='word_1_507' title='bbox 3641 2792 3761 2847; x_wconf 88' lang='lat' dir='ltr'><strong>ideo</strong></span> 
     </span>
    </p>
   </div>
   <div class='ocr_carea' id='block_1_73' title="bbox 2185 2882 3759 2955">
    <p class='ocr_par' dir='ltr' id='par_1_73' title="bbox 2185 2882 3759 2955">
     <span class='ocr_line' id='line_1_73' title="bbox 2185 2882 3759 2955; baseline -0.004 -13"><span class='ocrx_word' id='word_1_508' title='bbox 2185 2885 2624 2949; x_wconf 86' lang='lat' dir='ltr'><strong>commemoravi,</strong></span> <span class='ocrx_word' id='word_1_509' title='bbox 2697 2900 2805 2954; x_wconf 91' lang='lat' dir='ltr'><strong>quo</strong></span> <span class='ocrx_word' id='word_1_510' title='bbox 2869 2883 3105 2955; x_wconf 86' lang='lat' dir='ltr'><strong>prudens</strong></span> <span class='ocrx_word' id='word_1_511' title='bbox 3154 2882 3327 2937; x_wconf 85' lang='lat' dir='ltr'><strong>lector</strong></span> <span class='ocrx_word' id='word_1_512' title='bbox 3392 2893 3675 2953; x_wconf 82' lang='lat' dir='ltr'><strong>agnoscat,</strong></span> <span class='ocrx_word' id='word_1_513' title='bbox 3729 2897 3759 2935; x_wconf 86' lang='lat' dir='ltr'><strong>a</strong></span> 
     </span>
    </p>
   </div>
   <div class='ocr_carea' id='block_1_74' title="bbox 2185 2974 3762 3049">
    <p class='ocr_par' dir='ltr' id='par_1_74' title="bbox 2185 2974 3762 3049">
     <span class='ocr_line' id='line_1_74' title="bbox 2185 2974 3762 3049; baseline -0.003 -17"><span class='ocrx_word' id='word_1_514' title='bbox 2185 2979 2401 3049; x_wconf 85' lang='lat' dir='ltr'><strong>quantis</strong></span> <span class='ocrx_word' id='word_1_515' title='bbox 2422 2993 2667 3032; x_wconf 85' lang='lat' dir='ltr'><strong>errorum</strong></span> <span class='ocrx_word' id='word_1_516' title='bbox 2697 2976 2933 3031; x_wconf 85' lang='lat' dir='ltr'><strong>tenebris</strong></span> <span class='ocrx_word' id='word_1_517' title='bbox 2959 2991 3056 3045; x_wconf 83' lang='lat' dir='ltr'><strong>per</strong></span> <span class='ocrx_word' id='word_1_518' title='bbox 3084 2974 3177 3029; x_wconf 89' lang='lat' dir='ltr'><strong>Dei</strong></span> <span class='ocrx_word' id='word_1_519' title='bbox 3201 2974 3430 3045; x_wconf 84' lang='lat' dir='ltr'><strong>gratiam</strong></span> <span class='ocrx_word' id='word_1_520' title='bbox 3463 2982 3519 3029; x_wconf 87' lang='lat' dir='ltr'><strong>et</strong></span> <span class='ocrx_word' id='word_1_521' title='bbox 3545 2975 3762 3028; x_wconf 84' lang='lat' dir='ltr'><strong>miscri-</strong></span> 
     </span>
    </p>
   </div>
   <div class='ocr_carea' id='block_1_75' title="bbox 2184 3063 3759 3134">
    <p class='ocr_par' dir='ltr' id='par_1_75' title="bbox 2184 3063 3759 3134">
     <span class='ocr_line' id='line_1_75' title="bbox 2184 3063 3759 3134; baseline -0.005 -9"><span class='ocrx_word' id='word_1_522' title='bbox 2184 3069 2421 3125; x_wconf 91' lang='lat' dir='ltr'><strong>cordiam</strong></span> <span class='ocrx_word' id='word_1_523' title='bbox 2478 3068 2585 3122; x_wconf 90' lang='lat' dir='ltr'><strong>sint</strong></span> <span class='ocrx_word' id='word_1_524' title='bbox 2638 3064 2876 3130; x_wconf 88' lang='lat' dir='ltr'><strong>liberati,</strong></span> <span class='ocrx_word' id='word_1_525' title='bbox 2924 3063 3141 3134; x_wconf 85' lang='lat' dir='ltr'><strong>quando</strong></span> <span class='ocrx_word' id='word_1_526' title='bbox 3163 3078 3256 3117; x_wconf 91' lang='lat' dir='ltr'><strong>eos</strong></span> <span class='ocrx_word' id='word_1_527' title='bbox 3285 3063 3352 3117; x_wconf 89' lang='lat' dir='ltr'><strong>ad</strong></span> <span class='ocrx_word' id='word_1_528' title='bbox 3389 3064 3759 3131; x_wconf 85' lang='lat' dir='ltr'><strong>cognitionem</strong></span> 
     </span>
    </p>
   </div>
   <div class='ocr_carea' id='block_1_76' title="bbox 2182 3155 3761 3225">
    <p class='ocr_par' dir='ltr' id='par_1_76' title="bbox 2182 3155 3761 3225">
     <span class='ocr_line' id='line_1_76' title="bbox 2182 3155 3761 3225; baseline -0.004 -9"><span class='ocrx_word' id='word_1_529' title='bbox 2182 3161 2265 3216; x_wconf 88' lang='lat' dir='ltr'><strong>sui</strong></span> <span class='ocrx_word' id='word_1_530' title='bbox 2296 3159 2529 3215; x_wconf 89' lang='lat' dir='ltr'><strong>nominis</strong></span> <span class='ocrx_word' id='word_1_531' title='bbox 2568 3159 2772 3213; x_wconf 90' lang='lat' dir='ltr'><strong>lumine</strong></span> <span class='ocrx_word' id='word_1_532' title='bbox 2821 3171 2962 3212; x_wconf 68' lang='lat' dir='ltr'><strong>vera:</strong></span> <span class='ocrx_word' id='word_1_533' title='bbox 3025 3155 3146 3211; x_wconf 86' lang='lat' dir='ltr'><strong>fidei</strong></span> <span class='ocrx_word' id='word_1_534' title='bbox 3184 3157 3481 3225; x_wconf 88' lang='lat' dir='ltr'><strong>perducere</strong></span> <span class='ocrx_word' id='word_1_535' title='bbox 3504 3156 3761 3225; x_wconf 81' lang='lat' dir='ltr'><strong>dignatus</strong></span> 
     </span>
    </p>
   </div>
   <div class='ocr_carea' id='block_1_77' title="bbox 2183 3172 3761 3314">
    <p class='ocr_par' dir='ltr' id='par_1_77' title="bbox 2183 3172 3761 3314">
     <span class='ocr_line' id='line_1_77' title="bbox 2183 3172 3761 3225; baseline -0.004 -9"><span class='ocrx_word' id='word_1_536' title='bbox 2183 3172 2265 3216; x_wconf 84' lang='lat' dir='ltr'><strong>sui</strong></span> <span class='ocrx_word' id='word_1_537' title='bbox 2296 3172 2529 3215; x_wconf 83' lang='lat' dir='ltr'><strong>nominis</strong></span> <span class='ocrx_word' id='word_1_538' title='bbox 2568 3172 2772 3213; x_wconf 80' lang='lat' dir='ltr'><strong>lumine</strong></span> <span class='ocrx_word' id='word_1_539' title='bbox 2821 3172 2962 3212; x_wconf 66' lang='lat' dir='ltr'><strong>verae</strong></span> <span class='ocrx_word' id='word_1_540' title='bbox 3025 3172 3146 3211; x_wconf 85' lang='lat' dir='ltr'><strong>nuei</strong></span> <span class='ocrx_word' id='word_1_541' title='bbox 3184 3172 3481 3225; x_wconf 79' lang='lat' dir='ltr'><strong>perducere</strong></span> <span class='ocrx_word' id='word_1_542' title='bbox 3504 3172 3558 3209; x_wconf 87' lang='grc' dir='ltr'><strong>αι</strong></span> <span class='ocrx_word' id='word_1_543' title='bbox 3603 3172 3761 3210; x_wconf 85' lang='lat' dir='ltr'><strong>natus</strong></span> 
     </span>
     <span class='ocr_line' id='line_1_78' title="bbox 2183 3172 3761 3314; baseline -0.004 -7"><span class='ocrx_word' id='word_1_544' title='bbox 2183 3262 2288 3308; x_wconf 90' lang='lat' dir='ltr'><strong>est.</strong></span> <span class='ocrx_word' id='word_1_545' title='bbox 2317 3251 2489 3307; x_wconf 87' lang='lat' dir='ltr'><strong>Erant</strong></span> <span class='ocrx_word' id='word_1_546' title='bbox 2546 3250 2713 3314; x_wconf 88' lang='lat' dir='ltr'><strong>enim,</strong></span> <span class='ocrx_word' id='word_1_547' title='bbox 2762 3248 2904 3303; x_wconf 91' lang='lat' dir='ltr'><strong>sicut</strong></span> <span class='ocrx_word' id='word_1_548' title='bbox 2951 3262 3140 3302; x_wconf 90' lang='lat' dir='ltr'><strong>omnes</strong></span> <span class='ocrx_word' id='word_1_549' title='bbox 3164 3246 3232 3278; x_wconf 77' lang='grc'><strong>⁸⁵⁷</strong></span> <span class='ocrx_word' id='word_1_550' title='bbox 3265 3246 3377 3301; x_wconf 89' lang='lat' dir='ltr'><strong>fere</strong></span> <span class='ocrx_word' id='word_1_551' title='bbox 3406 3172 3761 3301; x_wconf 42' lang='lat' dir='ltr'><strong>Gerrﬁiniam</strong></span> 
     </span>
    </p>
   </div>
   <div class='ocr_carea' id='block_1_78' title="bbox 2181 3335 3759 3405">
    <p class='ocr_par' dir='ltr' id='par_1_78' title="bbox 2181 3335 3759 3405">
     <span class='ocr_line' id='line_1_79' title="bbox 2181 3335 3759 3405; baseline -0.004 -8"><span class='ocrx_word' id='word_1_552' title='bbox 2181 3342 2499 3405; x_wconf 88' lang='lat' dir='ltr'><strong>incolentes,</strong></span> <span class='ocrx_word' id='word_1_553' title='bbox 2539 3347 2594 3395; x_wconf 92' lang='lat' dir='ltr'><strong>et</strong></span> <span class='ocrx_word' id='word_1_554' title='bbox 2662 3347 2851 3393; x_wconf 87' lang='lat' dir='ltr'><strong>natura</strong></span> <span class='ocrx_word' id='word_1_555' title='bbox 2886 3338 3094 3392; x_wconf 89' lang='lat' dir='ltr'><strong>feroces</strong></span> <span class='ocrx_word' id='word_1_556' title='bbox 3146 3344 3202 3391; x_wconf 91' lang='lat' dir='ltr'><strong>et</strong></span> <span class='ocrx_word' id='word_1_557' title='bbox 3242 3335 3414 3391; x_wconf 91' lang='lat' dir='ltr'><strong>cultui</strong></span> <span class='ocrx_word' id='word_1_558' title='bbox 3466 3335 3759 3390; x_wconf 83' lang='lat' dir='ltr'><strong>demonum</strong></span> 
     </span>
    </p>
   </div>
   <div class='ocr_carea' id='block_1_79' title="bbox 2180 3426 3758 3499">
    <p class='ocr_par' dir='ltr' id='par_1_79' title="bbox 2180 3426 3758 3499">
     <span class='ocr_line' id='line_1_80' title="bbox 2180 3426 3758 3499; baseline -0.006 -11"><span class='ocrx_word' id='word_1_559' title='bbox 2180 3431 2371 3497; x_wconf 85' lang='lat' dir='ltr'><strong>dediti,</strong></span> <span class='ocrx_word' id='word_1_560' title='bbox 2416 3442 2662 3499; x_wconf 85' lang='lat' dir='ltr'><strong>veraeque</strong></span> <span class='ocrx_word' id='word_1_561' title='bbox 2712 3427 2959 3499; x_wconf 88' lang='lat' dir='ltr'><strong>religioni</strong></span> <span class='ocrx_word' id='word_1_562' title='bbox 3010 3426 3291 3491; x_wconf 88' lang='lat' dir='ltr'><strong>contrarii,</strong></span> <span class='ocrx_word' id='word_1_563' title='bbox 3349 3439 3527 3495; x_wconf 86' lang='lat' dir='ltr'><strong>neque</strong></span> <span class='ocrx_word' id='word_1_564' title='bbox 3578 3427 3758 3481; x_wconf 83' lang='lat' dir='ltr'><strong>divina</strong></span> 
     </span>
    </p>
   </div>
   <div class='ocr_carea' id='block_1_80' title="bbox 2179 3517 3757 3592">
    <p class='ocr_par' dir='ltr' id='par_1_80' title="bbox 2179 3517 3757 3592">
     <span class='ocr_line' id='line_1_81' title="bbox 2179 3517 3757 3592; baseline -0.004 -15"><span class='ocrx_word' id='word_1_565' title='bbox 2179 3537 2356 3592; x_wconf 87' lang='lat' dir='ltr'><strong>neque</strong></span> <span class='ocrx_word' id='word_1_566' title='bbox 2401 3521 2635 3579; x_wconf 81' lang='lat' dir='ltr'><strong>humana</strong></span> <span class='ocrx_word' id='word_1_567' title='bbox 2673 3520 2797 3591; x_wconf 89' lang='lat' dir='ltr'><strong>jura</strong></span> <span class='ocrx_word' id='word_1_568' title='bbox 2838 3519 2920 3574; x_wconf 89' lang='lat' dir='ltr'><strong>vel</strong></span> <span class='ocrx_word' id='word_1_569' title='bbox 2948 3518 3017 3552; x_wconf 78' lang='grc'><strong>¹⁶⁸</strong></span> <span class='ocrx_word' id='word_1_570' title='bbox 3050 3518 3293 3588; x_wconf 90' lang='lat' dir='ltr'><strong>polluere</strong></span> <span class='ocrx_word' id='word_1_571' title='bbox 3320 3518 3422 3583; x_wconf 72' lang='lat' dir='ltr'><strong>vel,</strong></span> <span class='ocrx_word' id='word_1_572' title='bbox 3448 3517 3757 3588; x_wconf 67' lang='lat' dir='ltr'><strong>transgredi</strong></span> 
     </span>
    </p>
   </div>
   <div class='ocr_carea' id='block_1_81' title="bbox 2179 3608 3757 3669">
    <p class='ocr_par' dir='ltr' id='par_1_81' title="bbox 2179 3608 3757 3669">
     <span class='ocr_line' id='line_1_82' title="bbox 2179 3608 3757 3669; baseline -0.003 -1"><span class='ocrx_word' id='word_1_573' title='bbox 2179 3614 2523 3669; x_wconf 89' lang='lat' dir='ltr'><strong>inhonestum</strong></span> <span class='ocrx_word' id='word_1_574' title='bbox 2580 3611 2647 3645; x_wconf 85' lang='grc'><strong>¹⁶⁹</strong></span> <span class='ocrx_word' id='word_1_575' title='bbox 2698 3611 3120 3666; x_wconf 85' lang='lat' dir='ltr'><strong>arbitrabantur.</strong></span> <span class='ocrx_word' id='word_1_576' title='bbox 3191 3610 3326 3665; x_wconf 88' lang='lat' dir='ltr'><strong>Nam</strong></span> <span class='ocrx_word' id='word_1_577' title='bbox 3381 3620 3437 3664; x_wconf 88' lang='lat' dir='ltr'><strong>et</strong></span> <span class='ocrx_word' id='word_1_578' title='bbox 3482 3608 3757 3664; x_wconf 79' lang='lat' dir='ltr'><strong>frondosis</strong></span> 
     </span>
    </p>
   </div>
   <div class='ocr_carea' id='block_1_82' title="bbox 2177 3700 3756 3774">
    <p class='ocr_par' dir='ltr' id='par_1_82' title="bbox 2177 3700 3756 3774">
     <span class='ocr_line' id='line_1_83' title="bbox 2177 3700 3756 3774; baseline -0.004 -16"><span class='ocrx_word' id='word_1_579' title='bbox 2177 3705 2461 3760; x_wconf 85' lang='lat' dir='ltr'><strong>arboribus</strong></span> <span class='ocrx_word' id='word_1_580' title='bbox 2507 3703 2852 3774; x_wconf 89' lang='lat' dir='ltr'><strong>fontibusque</strong></span> <span class='ocrx_word' id='word_1_581' title='bbox 2879 3704 2947 3735; x_wconf 85' lang='grc'><strong>¹⁷⁰</strong></span> <span class='ocrx_word' id='word_1_582' title='bbox 2972 3702 3370 3757; x_wconf 86' lang='lat' dir='ltr'><strong>venerationem</strong></span> <span class='ocrx_word' id='word_1_583' title='bbox 3397 3700 3756 3755; x_wconf 77' lang='lat' dir='ltr'><strong>exhibebant.</strong></span> 
     </span>
    </p>
   </div>
   <div class='ocr_carea' id='block_1_83' title="bbox 2177 3792 3754 3866">
    <p class='ocr_par' dir='ltr' id='par_1_83' title="bbox 2177 3792 3754 3866">
     <span class='ocr_line' id='line_1_84' title="bbox 2177 3792 3754 3866; baseline -0.002 -17"><span class='ocrx_word' id='word_1_584' title='bbox 2177 3794 2454 3851; x_wconf 87' lang='lat' dir='ltr'><strong>Truncum</strong></span> <span class='ocrx_word' id='word_1_585' title='bbox 2487 3809 2697 3865; x_wconf 85' lang='lat' dir='ltr'><strong>quoque</strong></span> <span class='ocrx_word' id='word_1_586' title='bbox 2742 3794 2871 3866; x_wconf 86' lang='lat' dir='ltr'><strong>ligni</strong></span> <span class='ocrx_word' id='word_1_587' title='bbox 2913 3809 3019 3848; x_wconf 90' lang='lat' dir='ltr'><strong>non</strong></span> <span class='ocrx_word' id='word_1_588' title='bbox 3073 3807 3254 3863; x_wconf 65' lang='lat' dir='ltr'><strong>parva:</strong></span> <span class='ocrx_word' id='word_1_589' title='bbox 3282 3792 3676 3862; x_wconf 81' lang='lat' dir='ltr'><strong>magnitudinis</strong></span> <span class='ocrx_word' id='word_1_590' title='bbox 3704 3793 3754 3846; x_wconf 90' lang='lat' dir='ltr'><strong>in</strong></span> 
     </span>
    </p>
   </div>
   <div class='ocr_carea' id='block_1_84' title="bbox 2177 3884 3755 3954">
    <p class='ocr_par' dir='ltr' id='par_1_84' title="bbox 2177 3884 3755 3954">
     <span class='ocr_line' id='line_1_85' title="bbox 2177 3884 3755 3954; baseline -0.004 -9"><span class='ocrx_word' id='word_1_591' title='bbox 2177 3890 2346 3945; x_wconf 91' lang='lat' dir='ltr'><strong>altum</strong></span> <span class='ocrx_word' id='word_1_592' title='bbox 2401 3897 2639 3945; x_wconf 90' lang='lat' dir='ltr'><strong>erectum</strong></span> <span class='ocrx_word' id='word_1_593' title='bbox 2699 3887 2801 3944; x_wconf 89' lang='lat' dir='ltr'><strong>sub</strong></span> <span class='ocrx_word' id='word_1_594' title='bbox 2839 3888 2964 3941; x_wconf 86' lang='lat' dir='ltr'><strong>divo</strong></span> <span class='ocrx_word' id='word_1_595' title='bbox 2997 3887 3061 3918; x_wconf 83' lang='grc'><strong>¹⁷¹</strong></span> <span class='ocrx_word' id='word_1_596' title='bbox 3089 3885 3361 3949; x_wconf 89' lang='lat' dir='ltr'><strong>colebant,</strong></span> <span class='ocrx_word' id='word_1_597' title='bbox 3411 3884 3591 3954; x_wconf 86' lang='lat' dir='ltr'><strong>patria</strong></span> <span class='ocrx_word' id='word_1_598' title='bbox 3633 3900 3755 3942; x_wconf 85' lang='lat' dir='ltr'><strong>eum</strong></span> 
     </span>
    </p>
   </div>
   <div class='ocr_carea' id='block_1_85' title="bbox 2177 3975 3756 4054">
    <p class='ocr_par' dir='ltr' id='par_1_85' title="bbox 2177 3975 3756 4054">
     <span class='ocr_line' id='line_1_86' title="bbox 2177 3975 3756 4054; baseline -0.004 -18"><span class='ocrx_word' id='word_1_599' title='bbox 2177 3983 2355 4054; x_wconf 78' lang='lat' dir='ltr'><strong>.iugua</strong></span> <span class='ocrx_word' id='word_1_600' title='bbox 2390 3980 2641 4035; x_wconf 87' lang='lat' dir='ltr'><strong>lriuinsul</strong></span> <span class='ocrx_word' id='word_1_601' title='bbox 2676 3978 2744 4021; x_wconf 78' lang='grc' dir='ltr'><strong>¹τ¹</strong></span> <span class='ocrx_word' id='word_1_602' title='bbox 2776 3977 3135 4048; x_wconf 87' lang='lat' dir='ltr'><strong>appellantes,</strong></span> <span class='ocrx_word' id='word_1_603' title='bbox 3167 3977 3311 4045; x_wconf 86' lang='lat' dir='ltr'><strong>quod</strong></span> <span class='ocrx_word' id='word_1_604' title='bbox 3335 3975 3530 4031; x_wconf 90' lang='lat' dir='ltr'><strong>Latine</strong></span> <span class='ocrx_word' id='word_1_605' title='bbox 3553 3977 3756 4031; x_wconf 87' lang='lat' dir='ltr'><strong>dicitur</strong></span> 
     </span>
    </p>
   </div>
   <div class='ocr_carea' id='block_1_86' title="bbox 2174 4069 3747 4141">
    <p class='ocr_par' dir='ltr' id='par_1_86' title="bbox 2174 4069 3747 4141">
     <span class='ocr_line' id='line_1_87' title="bbox 2174 4069 3747 4141; baseline -0.006 -11"><span class='ocrx_word' id='word_1_606' title='bbox 2174 4074 2496 4130; x_wconf 88' lang='lat' dir='ltr'><strong>universalis</strong></span> <span class='ocrx_word' id='word_1_607' title='bbox 2545 4073 2855 4141; x_wconf 88' lang='lat' dir='ltr'><strong>columpna,</strong></span> <span class='ocrx_word' id='word_1_608' title='bbox 2930 4070 3083 4141; x_wconf 90' lang='lat' dir='ltr'><strong>quasi</strong></span> <span class='ocrx_word' id='word_1_609' title='bbox 3146 4069 3424 4124; x_wconf 89' lang='lat' dir='ltr'><strong>sustinens</strong></span> <span class='ocrx_word' id='word_1_610' title='bbox 3487 4069 3747 4122; x_wconf 65' lang='lat' dir='ltr'><strong>omnia.»</strong></span> 
     </span>
    </p>
   </div>
   <div class='ocr_carea' id='block_1_87' title="bbox 2174 4157 3752 4232">
    <p class='ocr_par' dir='ltr' id='par_1_87' title="bbox 2174 4157 3752 4232">
     <span class='ocr_line' id='line_1_88' title="bbox 2174 4157 3752 4232; baseline -0.005 -13"><span class='ocrx_word' id='word_1_611' title='bbox 2174 4162 2299 4219; x_wconf 69' lang='lat' dir='ltr'><strong>lliec</strong></span> <span class='ocrx_word' id='word_1_612' title='bbox 2344 4163 2561 4218; x_wconf 86' lang='lat' dir='ltr'><strong>tulimus</strong></span> <span class='ocrx_word' id='word_1_613' title='bbox 2607 4170 2861 4232; x_wconf 77' lang='lat' dir='ltr'><strong>excerpta</strong></span> <span class='ocrx_word' id='word_1_614' title='bbox 2913 4175 2981 4215; x_wconf 83' lang='lat' dir='ltr'><strong>ex</strong></span> <span class='ocrx_word' id='word_1_615' title='bbox 3039 4159 3257 4229; x_wconf 79' lang='lat' dir='ltr'><strong>scriptis</strong></span> <span class='ocrx_word' id='word_1_616' title='bbox 3304 4157 3570 4213; x_wconf 88' lang='lat' dir='ltr'><strong>Eiuhardi</strong></span> <span class='ocrx_word' id='word_1_617' title='bbox 3598 4158 3665 4191; x_wconf 78' lang='grc'><strong>⁸⁷⁸</strong></span> <span class='ocrx_word' id='word_1_618' title='bbox 3687 4158 3752 4212; x_wconf 91' lang='lat' dir='ltr'><strong>de</strong></span> 
     </span>
    </p>
   </div>
   <div class='ocr_carea' id='block_1_88' title="bbox 2174 4248 3750 4321">
    <p class='ocr_par' dir='ltr' id='par_1_88' title="bbox 2174 4248 3750 4321">
     <span class='ocr_line' id='line_1_89' title="bbox 2174 4248 3750 4321; baseline -0.004 -12"><span class='ocrx_word' id='word_1_619' title='bbox 2174 4256 2430 4318; x_wconf 87' lang='lat' dir='ltr'><strong>adventu,</strong></span> <span class='ocrx_word' id='word_1_620' title='bbox 2461 4252 2704 4308; x_wconf 84' lang='lat' dir='ltr'><strong>moribus</strong></span> <span class='ocrx_word' id='word_1_621' title='bbox 2725 4260 2780 4307; x_wconf 91' lang='lat' dir='ltr'><strong>et</strong></span> <span class='ocrx_word' id='word_1_622' title='bbox 2808 4249 3196 4321; x_wconf 88' lang='lat' dir='ltr'><strong>superstitione</strong></span> <span class='ocrx_word' id='word_1_623' title='bbox 3249 4248 3529 4305; x_wconf 83' lang='lat' dir='ltr'><strong>Saxonum</strong></span> <span class='ocrx_word' id='word_1_624' title='bbox 3586 4265 3750 4319; x_wconf 83' lang='lat' dir='ltr'><strong>quam</strong></span> 
     </span>
    </p>
   </div>
   <div class='ocr_carea' id='block_1_89' title="bbox 2173 4340 3750 4412">
    <p class='ocr_par' dir='ltr' id='par_1_89' title="bbox 2173 4340 3750 4412">
     <span class='ocr_line' id='line_1_90' title="bbox 2173 4340 3750 4412; baseline -0.003 -11"><span class='ocrx_word' id='word_1_625' title='bbox 2173 4348 2348 4401; x_wconf 87' lang='lat' dir='ltr'><strong>adhuc</strong></span> <span class='ocrx_word' id='word_1_626' title='bbox 2405 4344 2584 4400; x_wconf 89' lang='lat' dir='ltr'><strong>Sclavi</strong></span> <span class='ocrx_word' id='word_1_627' title='bbox 2634 4352 2689 4401; x_wconf 88' lang='lat' dir='ltr'><strong>et</strong></span> <span class='ocrx_word' id='word_1_628' title='bbox 2742 4342 2985 4399; x_wconf 90' lang='lat' dir='ltr'><strong>Sueones</strong></span> <span class='ocrx_word' id='word_1_629' title='bbox 3029 4341 3137 4397; x_wconf 91' lang='lat' dir='ltr'><strong>ritu</strong></span> <span class='ocrx_word' id='word_1_630' title='bbox 3202 4340 3465 4412; x_wconf 89' lang='lat' dir='ltr'><strong>paganico</strong></span> <span class='ocrx_word' id='word_1_631' title='bbox 3530 4355 3750 4397; x_wconf 81' lang='lat' dir='ltr'><strong>scrvare</strong></span> 
     </span>
    </p>
   </div>
   <div class='ocr_carea' id='block_1_90' title="bbox 484 4415 2449 4520">
    <p class='ocr_par' dir='ltr' id='par_1_90' title="bbox 484 4415 2449 4520">
     <span class='ocr_line' id='line_1_91' title="bbox 484 4415 2449 4520; baseline 0.009 -50"><span class='ocrx_word' id='word_1_632' title='bbox 484 4415 662 4472; x_wconf 81' lang='lat' dir='ltr'><strong>Lucos</strong></span> <span class='ocrx_word' id='word_1_633' title='bbox 719 4433 784 4473; x_wconf 88' lang='lat' dir='ltr'><strong>ac</strong></span> <span class='ocrx_word' id='word_1_634' title='bbox 851 4419 915 4451; x_wconf 78' lang='grc'>¹⁸¹</span> <span class='ocrx_word' id='word_1_635' title='bbox 980 4436 1206 4477; x_wconf 89' lang='lat' dir='ltr'><strong>nemora</strong></span> <span class='ocrx_word' id='word_1_636' title='bbox 1275 4440 1673 4487; x_wconf 88' lang='lat' dir='ltr'><strong>consecrautes.</strong></span> <span class='ocrx_word' id='word_1_637' title='bbox 1738 4435 2449 4520; x_wconf 77' lang='lat' dir='ltr'><strong>deorumqueDvideutur.</strong></span> 
     </span>
    </p>
   </div>
   <div class='ocr_carea' id='block_1_91' title="bbox 488 4508 2065 4587">
    <p class='ocr_par' dir='ltr' id='par_1_91' title="bbox 488 4508 2065 4587">
     <span class='ocr_line' id='line_1_92' title="bbox 488 4508 2065 4587; baseline 0.016 -26"><span class='ocrx_word' id='word_1_638' title='bbox 488 4510 796 4566; x_wconf 88' lang='lat' dir='ltr'><strong>nominibus</strong></span> <span class='ocrx_word' id='word_1_639' title='bbox 826 4508 1177 4582; x_wconf 84' lang='lat' dir='ltr'><strong>appellantes,</strong></span> <span class='ocrx_word' id='word_1_640' title='bbox 1204 4527 1478 4575; x_wconf 89' lang='lat' dir='ltr'><strong>secretum</strong></span> <span class='ocrx_word' id='word_1_641' title='bbox 1520 4522 1650 4578; x_wconf 81' lang='lat' dir='ltr'><strong>illud</strong></span> <span class='ocrx_word' id='word_1_642' title='bbox 1677 4528 1788 4582; x_wconf 87' lang='lat' dir='ltr'><strong>sola</strong></span> <span class='ocrx_word' id='word_1_643' title='bbox 1816 4544 2065 4587; x_wconf 80' lang='lat' dir='ltr'><strong>reveren-</strong></span> 
     </span>
    </p>
   </div>
   <div class='ocr_carea' id='block_1_92' title="bbox 488 4599 2062 4691">
    <p class='ocr_par' dir='ltr' id='par_1_92' title="bbox 488 4599 2062 4691">
     <span class='ocr_line' id='line_1_93' title="bbox 488 4599 2062 4691; baseline 0.015 -39"><span class='ocrx_word' id='word_1_644' title='bbox 488 4599 564 4655; x_wconf 89' lang='lat' dir='ltr'><strong>tia</strong></span> <span class='ocrx_word' id='word_1_645' title='bbox 610 4602 1115 4671; x_wconf 87' lang='lat' dir='ltr'><strong>contemplabautur</strong></span> <span class='ocrx_word' id='word_1_646' title='bbox 1148 4606 1234 4661; x_wconf 79' lang='lat'><strong>&quot;’.</strong></span> <span class='ocrx_word' id='word_1_647' title='bbox 1287 4607 1543 4681; x_wconf 77' lang='lat' dir='ltr'><strong>Auspicia</strong></span> <span class='ocrx_word' id='word_1_648' title='bbox 1597 4623 1650 4670; x_wconf 91' lang='lat' dir='ltr'><strong>ct</strong></span> <span class='ocrx_word' id='word_1_649' title='bbox 1678 4628 1857 4674; x_wconf 87' lang='lat' dir='ltr'><strong>sortes</strong></span> <span class='ocrx_word' id='word_1_650' title='bbox 1901 4637 2062 4691; x_wconf 86' lang='lat' dir='ltr'><strong>quam</strong></span> 
     </span>
    </p>
   </div>
   <div class='ocr_carea' id='block_1_93' title="bbox 2243 4519 3750 4600">
    <p class='ocr_par' dir='ltr' id='par_1_93' title="bbox 2243 4519 3750 4600">
     <span class='ocr_line' id='line_1_94' title="bbox 2243 4519 3750 4600; baseline -0.004 -19"><span class='ocrx_word' id='word_1_651' title='bbox 2243 4527 2296 4581; x_wconf 84' lang='lat'><strong>9.</strong></span> <span class='ocrx_word' id='word_1_652' title='bbox 2328 4524 2454 4600; x_wconf 61' lang='lat'><strong>([1]</strong></span> <span class='ocrx_word' id='word_1_653' title='bbox 2482 4522 2614 4594; x_wconf 90' lang='lat' dir='ltr'><strong>Cap.</strong></span> <span class='ocrx_word' id='word_1_654' title='bbox 2663 4522 2744 4594; x_wconf 90' lang='lat'><strong>6.)</strong></span> <span class='ocrx_word' id='word_1_655' title='bbox 2771 4520 3012 4590; x_wconf 85' lang='lat' dir='ltr'><strong>Qualiter</strong></span> <span class='ocrx_word' id='word_1_656' title='bbox 3038 4530 3219 4577; x_wconf 87' lang='lat' dir='ltr'><strong>autem</strong></span> <span class='ocrx_word' id='word_1_657' title='bbox 3247 4535 3380 4591; x_wconf 89' lang='lat' dir='ltr'><strong>gens</strong></span> <span class='ocrx_word' id='word_1_658' title='bbox 3407 4519 3542 4573; x_wconf 88' lang='lat' dir='ltr'><strong>dura</strong></span> <span class='ocrx_word' id='word_1_659' title='bbox 3581 4522 3750 4575; x_wconf 70' lang='lat' dir='ltr'><strong>Saxo-</strong></span> 
     </span>
    </p>
   </div>
   <div class='ocr_carea' id='block_1_94' title="bbox 2172 4611 3750 4689">
    <p class='ocr_par' dir='ltr' id='par_1_94' title="bbox 2172 4611 3750 4689">
     <span class='ocr_line' id='line_1_95' title="bbox 2172 4611 3750 4689; baseline -0.003 -17"><span class='ocrx_word' id='word_1_660' title='bbox 2172 4635 2297 4673; x_wconf 91' lang='lat' dir='ltr'><strong>num</strong></span> <span class='ocrx_word' id='word_1_661' title='bbox 2325 4616 2468 4689; x_wconf 76' lang='grc'><strong>(105)</strong></span> <span class='ocrx_word' id='word_1_662' title='bbox 2487 4616 2791 4687; x_wconf 81' lang='lat' dir='ltr'><strong>pervenerit</strong></span> <span class='ocrx_word' id='word_1_663' title='bbox 2816 4616 2883 4670; x_wconf 91' lang='lat' dir='ltr'><strong>ad</strong></span> <span class='ocrx_word' id='word_1_664' title='bbox 2905 4614 3270 4680; x_wconf 68' lang='lat' dir='ltr'><strong>cognitionem</strong></span> <span class='ocrx_word' id='word_1_665' title='bbox 3295 4611 3461 4667; x_wconf 90' lang='lat' dir='ltr'><strong>divini</strong></span> <span class='ocrx_word' id='word_1_666' title='bbox 3491 4614 3750 4678; x_wconf 88' lang='lat' dir='ltr'><strong>nominis,</strong></span> 
     </span>
    </p>
   </div>
   <div class='ocr_carea' id='block_1_95' title="bbox 1768 4708 2439 4767">
    <p class='ocr_par' dir='ltr' id='par_1_95' title="bbox 1768 4708 2439 4767">
     <span class='ocr_line' id='line_1_96' title="bbox 1768 4708 2439 4767; baseline -0.003 -3"><span class='ocrx_word' id='word_1_667' title='bbox 1768 4710 1998 4766; x_wconf 69' lang='grc' dir='ltr'><strong>νΑιιιλΕ</strong></span> <span class='ocrx_word' id='word_1_668' title='bbox 2037 4708 2439 4767; x_wconf 77' lang='lat' dir='ltr'><strong>LECTIONES.</strong></span> 
     </span>
    </p>
   </div>
   <div class='ocr_carea' id='block_1_96' title="bbox 564 4783 1938 4858">
    <p class='ocr_par' dir='ltr' id='par_1_96' title="bbox 564 4783 1938 4858">
     <span class='ocr_line' id='line_1_97' title="bbox 564 4783 1938 4858; baseline 0.033 -46"><span class='ocrx_word' id='word_1_669' title='bbox 564 4783 633 4815; x_wconf 77' lang='grc' dir='ltr'><strong>ιιο</strong></span> <span class='ocrx_word' id='word_1_670' title='bbox 664 4854 676 4858; x_wconf 59' lang='lat'>_</span> <span class='ocrx_word' id='word_1_671' title='bbox 699 4783 895 4858; x_wconf 49' lang='lat' dir='ltr'><strong>singuli</strong></span> <span class='ocrx_word' id='word_1_672' title='bbox 933 4784 1147 4858; x_wconf 53' lang='lat' dir='ltr'><strong>Transi.</strong></span> <span class='ocrx_word' id='word_1_673' title='bbox 1213 4786 1291 4858; x_wconf 17' lang='grc' dir='ltr'><strong>ν¹³¹</strong></span> <span class='ocrx_word' id='word_1_674' title='bbox 1323 4793 1560 4851; x_wconf 84' lang='lat' dir='ltr'><strong>redactis</strong></span> <span class='ocrx_word' id='word_1_675' title='bbox 1595 4800 1740 4853; x_wconf 81' lang='lat' dir='ltr'><strong>addit</strong></span> <span class='ocrx_word' id='word_1_676' title='bbox 1771 4801 1827 4855; x_wconf 71' lang='lat'><strong>2.</strong></span> <span class='ocrx_word' id='word_1_677' title='bbox 1851 4803 1938 4858; x_wconf 66' lang='lat'><strong>28.</strong></span> 
     </span>
    </p>
   </div>
   <div class='ocr_carea' id='block_1_97' title="bbox 486 4854 1645 4923">
    <p class='ocr_par' dir='ltr' id='par_1_97' title="bbox 486 4854 1645 4923">
     <span class='ocr_line' id='line_1_98' title="bbox 486 4854 1645 4923; baseline 0.014 -17"><span class='ocrx_word' id='word_1_678' title='bbox 486 4854 625 4923; x_wconf 73' lang='lat' dir='ltr'><strong>deest</strong></span> <span class='ocrx_word' id='word_1_679' title='bbox 652 4854 705 4908; x_wconf 73' lang='lat' dir='ltr'><strong>t.</strong></span> <span class='ocrx_word' id='word_1_680' title='bbox 768 4854 837 4887; x_wconf 73' lang='grc' dir='ltr'>ιια</span> <span class='ocrx_word' id='word_1_681' title='bbox 868 4854 1126 4910; x_wconf 74' lang='lat' dir='ltr'><strong>infensis.</strong></span> <span class='ocrx_word' id='word_1_682' title='bbox 1206 4857 1273 4890; x_wconf 74' lang='grc' dir='ltr'><strong>υτ</strong></span> <span class='ocrx_word' id='word_1_683' title='bbox 1297 4861 1398 4916; x_wconf 90' lang='lat' dir='ltr'><strong>sibi</strong></span> <span class='ocrx_word' id='word_1_684' title='bbox 1435 4865 1487 4918; x_wconf 71' lang='lat'><strong>2.</strong></span> <span class='ocrx_word' id='word_1_685' title='bbox 1509 4867 1561 4920; x_wconf 71' lang='grc' dir='ltr'><strong>δ.</strong></span> <span class='ocrx_word' id='word_1_686' title='bbox 1592 4867 1645 4923; x_wconf 77' lang='lat' dir='ltr'><strong>t.</strong></span> 
     </span>
    </p>
   </div>
   <div class='ocr_carea' id='block_1_98' title="bbox 487 4922 1511 4995">
    <p class='ocr_par' dir='ltr' id='par_1_98' title="bbox 487 4922 1511 4995">
     <span class='ocr_line' id='line_1_99' title="bbox 487 4922 1511 4995; baseline 0.012 -20"><span class='ocrx_word' id='word_1_687' title='bbox 487 4922 911 4995; x_wconf 62' lang='lat' dir='ltr'><strong>libertorumque</strong></span> <span class='ocrx_word' id='word_1_688' title='bbox 935 4924 988 4977; x_wconf 77' lang='grc'><strong>5.</strong></span> <span class='ocrx_word' id='word_1_689' title='bbox 1018 4925 1071 4995; x_wconf 87' lang='grc'><strong>5.</strong></span> <span class='ocrx_word' id='word_1_690' title='bbox 1102 4925 1214 4995; x_wconf 32' lang='lat' dir='ltr'><strong>ﬁl“</strong></span> <span class='ocrx_word' id='word_1_691' title='bbox 1240 4943 1308 4983; x_wconf 86' lang='lat' dir='ltr'><strong>ue</strong></span> <span class='ocrx_word' id='word_1_692' title='bbox 1330 4931 1434 4987; x_wconf 90' lang='lat' dir='ltr'><strong>ulla</strong></span> <span class='ocrx_word' id='word_1_693' title='bbox 1459 4935 1511 4989; x_wconf 82' lang='lat'><strong>5.</strong></span> 
     </span>
    </p>
   </div>
   <div class='ocr_carea' id='block_1_99' title="bbox 487 4992 1662 5063">
    <p class='ocr_par' dir='ltr' id='par_1_99' title="bbox 487 4992 1662 5063">
     <span class='ocr_line' id='line_1_100' title="bbox 487 4992 1662 5063; baseline 0.012 -17"><span class='ocrx_word' id='word_1_694' title='bbox 487 4992 541 5045; x_wconf 80' lang='grc'><strong>5.</strong></span> <span class='ocrx_word' id='word_1_695' title='bbox 618 4993 688 5027; x_wconf 73' lang='grc'>¹⁸⁸</span> <span class='ocrx_word' id='word_1_696' title='bbox 715 4992 1012 5051; x_wconf 81' lang='lat' dir='ltr'><strong>utebantur</strong></span> <span class='ocrx_word' id='word_1_697' title='bbox 1036 4994 1070 5049; x_wconf 83' lang='grc'>5</span> <span class='ocrx_word' id='word_1_698' title='bbox 1096 4994 1303 5051; x_wconf 72' lang='lat' dir='ltr'><strong>Transi.</strong></span> <span class='ocrx_word' id='word_1_699' title='bbox 1383 5002 1451 5042; x_wconf 72' lang='grc' dir='ltr'><strong>¹δ⁶</strong></span> <span class='ocrx_word' id='word_1_700' title='bbox 1481 5006 1585 5058; x_wconf 91' lang='lat' dir='ltr'><strong>alia</strong></span> <span class='ocrx_word' id='word_1_701' title='bbox 1608 5009 1662 5063; x_wconf 80' lang='lat'><strong>3.</strong></span> 
     </span>
    </p>
   </div>
   <div class='ocr_carea' id='block_1_100' title="bbox 487 5063 1421 5124">
    <p class='ocr_par' dir='ltr' id='par_1_100' title="bbox 487 5063 1421 5124">
     <span class='ocr_line' id='line_1_101' title="bbox 487 5063 1421 5124; baseline 0.007 -7"><span class='ocrx_word' id='word_1_702' title='bbox 487 5063 554 5096; x_wconf 83' lang='grc'><strong>¹⁸⁰</strong></span> <span class='ocrx_word' id='word_1_703' title='bbox 584 5064 733 5118; x_wconf 88' lang='lat' dir='ltr'><strong>horis</strong></span> <span class='ocrx_word' id='word_1_704' title='bbox 761 5065 814 5117; x_wconf 74' lang='grc'><strong>2.</strong></span> <span class='ocrx_word' id='word_1_705' title='bbox 925 5064 990 5096; x_wconf 80' lang='grc'><strong>¹³⁸</strong></span> <span class='ocrx_word' id='word_1_706' title='bbox 1022 5074 1077 5120; x_wconf 90' lang='lat' dir='ltr'><strong>et</strong></span> <span class='ocrx_word' id='word_1_707' title='bbox 1104 5066 1150 5118; x_wconf 88' lang='lat' dir='ltr'><strong>l.</strong></span> <span class='ocrx_word' id='word_1_708' title='bbox 1185 5066 1238 5119; x_wconf 86' lang='lat'><strong>5.</strong></span> <span class='ocrx_word' id='word_1_709' title='bbox 1266 5068 1421 5124; x_wconf 86' lang='lat' dir='ltr'><strong>male.</strong></span> 
     </span>
    </p>
   </div>
   <div class='ocr_carea' id='block_1_101' title="bbox 484 5132 1025 5190">
    <p class='ocr_par' dir='ltr' id='par_1_101' title="bbox 484 5132 1025 5190">
     <span class='ocr_line' id='line_1_102' title="bbox 484 5132 1025 5190; baseline 0.002 -3"><span class='ocrx_word' id='word_1_710' title='bbox 484 5134 535 5187; x_wconf 95' lang='grc'><strong>1.</strong></span> <span class='ocrx_word' id='word_1_711' title='bbox 637 5133 705 5166; x_wconf 70' lang='grc'><strong>³⁸⁸</strong></span> <span class='ocrx_word' id='word_1_712' title='bbox 725 5133 950 5190; x_wconf 88' lang='lat' dir='ltr'><strong>fortuitu</strong></span> <span class='ocrx_word' id='word_1_713' title='bbox 972 5132 1025 5188; x_wconf 72' lang='grc'><strong>4.</strong></span> 
     </span>
    </p>
   </div>
   <div class='ocr_carea' id='block_1_102' title="bbox 485 5202 1660 5268">
    <p class='ocr_par' dir='ltr' id='par_1_102' title="bbox 485 5202 1660 5268">
     <span class='ocr_line' id='line_1_103' title="bbox 485 5202 1660 5268; baseline 0.013 -14"><span class='ocrx_word' id='word_1_714' title='bbox 485 5202 696 5258; x_wconf 73' lang='lat' dir='ltr'><strong>Transi.</strong></span> <span class='ocrx_word' id='word_1_715' title='bbox 807 5204 875 5237; x_wconf 71' lang='grc' dir='ltr'><strong>ια’</strong></span> <span class='ocrx_word' id='word_1_716' title='bbox 904 5218 1030 5258; x_wconf 92' lang='lat' dir='ltr'><strong>cum</strong></span> <span class='ocrx_word' id='word_1_717' title='bbox 1058 5203 1233 5259; x_wconf 92' lang='lat' dir='ltr'><strong>electo</strong></span> <span class='ocrx_word' id='word_1_718' title='bbox 1255 5205 1396 5260; x_wconf 78' lang='lat' dir='ltr'><strong>deest</strong></span> <span class='ocrx_word' id='word_1_719' title='bbox 1421 5210 1473 5264; x_wconf 87' lang='grc'><strong>1.</strong></span> <span class='ocrx_word' id='word_1_720' title='bbox 1504 5202 1660 5268; x_wconf 71' lang='lat' dir='ltr'><strong>male.</strong></span> 
     </span>
    </p>
   </div>
   <div class='ocr_carea' id='block_1_103' title="bbox 2015 4798 2921 4873">
    <p class='ocr_par' dir='ltr' id='par_1_103' title="bbox 2015 4798 2921 4873">
     <span class='ocr_line' id='line_1_104' title="bbox 2015 4798 2921 4873; baseline -0.001 -16"><span class='ocrx_word' id='word_1_721' title='bbox 2015 4804 2083 4836; x_wconf 66' lang='grc' dir='ltr'><strong>’θ’</strong></span> <span class='ocrx_word' id='word_1_722' title='bbox 2107 4804 2307 4873; x_wconf 83' lang='lat' dir='ltr'><strong>detegit</strong></span> <span class='ocrx_word' id='word_1_723' title='bbox 2328 4801 2411 4873; x_wconf 11' lang='lat'><strong>2.;</strong></span> <span class='ocrx_word' id='word_1_724' title='bbox 2463 4801 2531 4832; x_wconf 79' lang='grc'><strong>¹³⁸</strong></span> <span class='ocrx_word' id='word_1_725' title='bbox 2558 4798 2844 4873; x_wconf 75' lang='lat' dir='ltr'><strong>Ohodittos</strong></span> <span class='ocrx_word' id='word_1_726' title='bbox 2863 4798 2921 4873; x_wconf 61' lang='grc'><strong>1.</strong></span> 
     </span>
    </p>
   </div>
   <div class='ocr_carea' id='block_1_104' title="bbox 1725 4867 3747 4941">
    <p class='ocr_par' dir='ltr' id='par_1_104' title="bbox 1725 4867 3747 4941">
     <span class='ocr_line' id='line_1_105' title="bbox 1725 4867 3747 4941; baseline -0.001 -17"><span class='ocrx_word' id='word_1_727' title='bbox 1725 4870 2059 4941; x_wconf 25' lang='grc' dir='ltr'><strong>¹³⁸Αιιιιιίιυτιιη</strong></span> <span class='ocrx_word' id='word_1_728' title='bbox 2087 4867 2293 4928; x_wconf 68' lang='grc' dir='ltr'><strong>Τναηέι.</strong></span> <span class='ocrx_word' id='word_1_729' title='bbox 2373 4871 2439 4906; x_wconf 78' lang='grc'><strong>¹³⁹</strong></span> <span class='ocrx_word' id='word_1_730' title='bbox 2460 4867 2916 4941; x_wconf 72' lang='lat' dir='ltr'><strong>cstadrlunt_2._5.</strong></span> <span class='ocrx_word' id='word_1_731' title='bbox 2996 4867 3063 4899; x_wconf 74' lang='lat'><strong>“°</strong></span> <span class='ocrx_word' id='word_1_732' title='bbox 3094 4867 3466 4941; x_wconf 79' lang='lat' dir='ltr'><strong>libertinorum</strong></span> <span class='ocrx_word' id='word_1_733' title='bbox 3499 4868 3551 4921; x_wconf 98' lang='grc'><strong>1.</strong></span> <span class='ocrx_word' id='word_1_734' title='bbox 3579 4868 3747 4941; x_wconf 67' lang='lat' dir='ltr'><strong>male;</strong></span> 
     </span>
    </p>
   </div>
   <div class='ocr_carea' id='block_1_105' title="bbox 1595 4938 2667 5011">
    <p class='ocr_par' dir='ltr' id='par_1_105' title="bbox 1595 4938 2667 5011">
     <span class='ocr_line' id='line_1_106' title="bbox 1595 4938 2667 5011; baseline -0.002 -17"><span class='ocrx_word' id='word_1_735' title='bbox 1595 4938 1661 5011; x_wconf 60' lang='grc' dir='ltr'><strong>’ζ’</strong></span> <span class='ocrx_word' id='word_1_736' title='bbox 1689 4938 2011 5009; x_wconf 64' lang='grc' dir='ltr'><strong>οοηῇιιεζίιὶιιτ</strong></span> <span class='ocrx_word' id='word_1_737' title='bbox 2035 4944 2084 4997; x_wconf 82' lang='grc'><strong>1.</strong></span> <span class='ocrx_word' id='word_1_738' title='bbox 2163 4942 2231 4975; x_wconf 71' lang='grc'><strong>⁸⁸⁸</strong></span> <span class='ocrx_word' id='word_1_739' title='bbox 2259 4949 2590 5011; x_wconf 83' lang='lat' dir='ltr'><strong>congruente</strong></span> <span class='ocrx_word' id='word_1_740' title='bbox 2622 4943 2667 4992; x_wconf 83' lang='grc' dir='ltr'><strong>Ι.</strong></span> 
     </span>
    </p>
   </div>
   <div class='ocr_carea' id='block_1_106' title="bbox 1768 5011 2199 5068">
    <p class='ocr_par' dir='ltr' id='par_1_106' title="bbox 1768 5011 2199 5068">
     <span class='ocr_line' id='line_1_107' title="bbox 1768 5011 2199 5068; baseline 0.007 -3"><span class='ocrx_word' id='word_1_741' title='bbox 1768 5011 1837 5046; x_wconf 68' lang='grc' dir='ltr'><strong>’δ’</strong></span> <span class='ocrx_word' id='word_1_742' title='bbox 1864 5011 2113 5067; x_wconf 78' lang='lat' dir='ltr'><strong>sufﬁcere</strong></span> <span class='ocrx_word' id='word_1_743' title='bbox 2144 5014 2199 5068; x_wconf 79' lang='grc'><strong>5.</strong></span> 
     </span>
    </p>
   </div>
   <div class='ocr_carea' id='block_1_107' title="bbox 1538 5076 2323 5150">
    <p class='ocr_par' dir='ltr' id='par_1_107' title="bbox 1538 5076 2323 5150">
     <span class='ocr_line' id='line_1_108' title="bbox 1538 5076 2323 5150; baseline -0.004 -14"><span class='ocrx_word' id='word_1_744' title='bbox 1538 5076 1604 5150; x_wconf 77' lang='lat'><strong>&quot;_&#39;</strong></span> <span class='ocrx_word' id='word_1_745' title='bbox 1627 5082 2059 5150; x_wconf 85' lang='lat' dir='ltr'><strong>contemplantur</strong></span> <span class='ocrx_word' id='word_1_746' title='bbox 2084 5084 2135 5136; x_wconf 88' lang='grc'><strong>1.</strong></span> <span class='ocrx_word' id='word_1_747' title='bbox 2165 5082 2323 5135; x_wconf 85' lang='lat' dir='ltr'><strong>male.</strong></span> 
     </span>
    </p>
   </div>
   <div class='ocr_carea' id='block_1_108' title="bbox 1141 5134 2509 5220">
    <p class='ocr_par' dir='ltr' id='par_1_108' title="bbox 1141 5134 2509 5220">
     <span class='ocr_line' id='line_1_109' title="bbox 1141 5134 2509 5220; baseline 0.009 -32"><span class='ocrx_word' id='word_1_748' title='bbox 1141 5135 1207 5220; x_wconf 27' lang='lat' dir='ltr'><strong>‘A‘A&quot;</strong></span> <span class='ocrx_word' id='word_1_749' title='bbox 1231 5134 1457 5220; x_wconf 52' lang='lat' dir='ltr'><strong>ltleml:</strong></span> <span class='ocrx_word' id='word_1_750' title='bbox 1483 5145 1641 5220; x_wconf 73' lang='lat' dir='ltr'><strong>male,</strong></span> <span class='ocrx_word' id='word_1_751' title='bbox 1670 5149 1758 5201; x_wconf 84' lang='lat' dir='ltr'><strong>ubi</strong></span> <span class='ocrx_word' id='word_1_752' title='bbox 1777 5134 1997 5220; x_wconf 54' lang='lat' dir='ltr'><strong>initium</strong></span> <span class='ocrx_word' id='word_1_753' title='bbox 2018 5134 2137 5220; x_wconf 62' lang='lat' dir='ltr'><strong>cap.</strong></span> <span class='ocrx_word' id='word_1_754' title='bbox 2170 5134 2243 5218; x_wconf 10' lang='lat'><strong>778,</strong></span> <span class='ocrx_word' id='word_1_755' title='bbox 2274 5161 2321 5204; x_wconf 85' lang='lat' dir='ltr'><strong>et</strong></span> <span class='ocrx_word' id='word_1_756' title='bbox 2353 5149 2509 5204; x_wconf 82' lang='lat' dir='ltr'><strong>male.</strong></span> 
     </span>
    </p>
   </div>
   <div class='ocr_carea' id='block_1_109' title="bbox 1772 5218 2194 5268">
    <p class='ocr_par' dir='ltr' id='par_1_109' title="bbox 1772 5218 2194 5268">
     <span class='ocr_line' id='line_1_110' title="bbox 1772 5218 2194 5268; baseline 0.021 -5"><span class='ocrx_word' id='word_1_757' title='bbox 1772 5218 1836 5249; x_wconf 75' lang='grc'><strong>³⁸⁸</strong></span> <span class='ocrx_word' id='word_1_758' title='bbox 1859 5229 1953 5268; x_wconf 69' lang='lat' dir='ltr'><strong>aut.</strong></span> <span class='ocrx_word' id='word_1_759' title='bbox 1975 5218 2117 5268; x_wconf 66' lang='lat' dir='ltr'><strong>deest</strong></span> <span class='ocrx_word' id='word_1_760' title='bbox 2142 5222 2194 5268; x_wconf 65' lang='lat' dir='ltr'><strong>1’s.</strong></span> 
     </span>
    </p>
   </div>
   <div class='ocr_carea' id='block_1_110' title="bbox 3002 4797 3746 4866">
    <p class='ocr_par' dir='ltr' id='par_1_110' title="bbox 3002 4797 3746 4866">
     <span class='ocr_line' id='line_1_111' title="bbox 3002 4797 3746 4866; baseline 0 -14"><span class='ocrx_word' id='word_1_761' title='bbox 3002 4798 3069 4832; x_wconf 67' lang='grc'><strong>³⁸⁸</strong></span> <span class='ocrx_word' id='word_1_762' title='bbox 3093 4808 3148 4853; x_wconf 92' lang='lat' dir='ltr'><strong>et</strong></span> <span class='ocrx_word' id='word_1_763' title='bbox 3175 4798 3311 4852; x_wconf 75' lang='lat' dir='ltr'><strong>deest</strong></span> <span class='ocrx_word' id='word_1_764' title='bbox 3335 4798 3388 4852; x_wconf 81' lang='grc'><strong>5.</strong></span> <span class='ocrx_word' id='word_1_765' title='bbox 3466 4797 3538 4829; x_wconf 80' lang='grc'><strong>⁸³⁸</strong></span> <span class='ocrx_word' id='word_1_766' title='bbox 3564 4798 3746 4866; x_wconf 81' lang='lat' dir='ltr'><strong>spacia</strong></span> 
     </span>
    </p>
   </div>
   <div class='ocr_carea' id='block_1_111' title="bbox 2746 4937 3743 5006">
    <p class='ocr_par' dir='ltr' id='par_1_111' title="bbox 2746 4937 3743 5006">
     <span class='ocr_line' id='line_1_112' title="bbox 2746 4937 3743 5006; baseline 0.002 -18"><span class='ocrx_word' id='word_1_767' title='bbox 2746 4938 2813 4970; x_wconf 57' lang='grc' dir='ltr'><strong>ιιι</strong></span> <span class='ocrx_word' id='word_1_768' title='bbox 2836 4937 3533 5006; x_wconf 71' lang='lat' dir='ltr'><strong>borum-pnestantiorem</strong></span> <span class='ocrx_word' id='word_1_769' title='bbox 3557 4938 3743 4990; x_wconf 79' lang='lat' dir='ltr'><strong>desunt</strong></span> 
     </span>
    </p>
   </div>
   <div class='ocr_carea' id='block_1_112' title="bbox 2586 5096 3745 5215">
    <p class='ocr_par' dir='ltr' id='par_1_112' title="bbox 2586 5096 3745 5215">
     <span class='ocr_line' id='line_1_113' title="bbox 2586 5096 3743 5148; baseline -0.001 -17"><span class='ocrx_word' id='word_1_770' title='bbox 2586 5096 2650 5148; x_wconf 72' lang='lat'><strong>88</strong></span> <span class='ocrx_word' id='word_1_771' title='bbox 2695 5096 2746 5134; x_wconf 78' lang='grc' dir='ltr'><strong>1ο</strong></span> <span class='ocrx_word' id='word_1_772' title='bbox 2824 5096 2891 5109; x_wconf 69' lang='grc'><strong>⁸⁷⁷</strong></span> <span class='ocrx_word' id='word_1_773' title='bbox 2919 5096 3210 5130; x_wconf 68' lang='grc' dir='ltr'><strong>ιτυοιιιθηιε</strong></span> <span class='ocrx_word' id='word_1_774' title='bbox 3238 5096 3292 5129; x_wconf 67' lang='grc' dir='ltr'><strong>ζ.</strong></span> <span class='ocrx_word' id='word_1_775' title='bbox 3320 5096 3374 5130; x_wconf 73' lang='grc' dir='ltr'><strong>ο.</strong></span> <span class='ocrx_word' id='word_1_776' title='bbox 3454 5096 3522 5108; x_wconf 73' lang='grc'><strong>⁵⁷*</strong></span> <span class='ocrx_word' id='word_1_777' title='bbox 3556 5096 3743 5130; x_wconf 69' lang='lat' dir='ltr'><strong>ument:</strong></span> 
     </span>
     <span class='ocr_line' id='line_1_114' title="bbox 2623 5144 3745 5215; baseline -0.005 -11"><span class='ocrx_word' id='word_1_778' title='bbox 2623 5148 2690 5180; x_wconf 76' lang='grc'><strong>¹⁸⁸</strong></span> <span class='ocrx_word' id='word_1_779' title='bbox 2717 5145 3050 5215; x_wconf 76' lang='lat' dir='ltr'><strong>sublatisque</strong></span> <span class='ocrx_word' id='word_1_780' title='bbox 3088 5144 3315 5215; x_wconf 79' lang='lat' dir='ltr'><strong>Trensl.</strong></span> <span class='ocrx_word' id='word_1_781' title='bbox 3403 5144 3472 5176; x_wconf 82' lang='grc'><strong>¹⁸⁹</strong></span> <span class='ocrx_word' id='word_1_782' title='bbox 3506 5147 3745 5201; x_wconf 85' lang='lat' dir='ltr'><strong>monitus</strong></span> 
     </span>
    </p>
   </div>
   <div class='ocr_carea' id='block_1_113' title="bbox 2309 5214 3738 5268">
    <p class='ocr_par' dir='ltr' id='par_1_113' title="bbox 2309 5214 3738 5268">
     <span class='ocr_line' id='line_1_115' title="bbox 2309 5214 3738 5268; baseline -0.001 -1"><span class='ocrx_word' id='word_1_783' title='bbox 2309 5220 2374 5251; x_wconf 72' lang='lat' dir='ltr'><strong>m</strong></span> <span class='ocrx_word' id='word_1_784' title='bbox 2403 5222 2485 5268; x_wconf 78' lang='lat' dir='ltr'><strong>vel</strong></span> <span class='ocrx_word' id='word_1_785' title='bbox 2515 5218 2570 5268; x_wconf 82' lang='grc'><strong>5.</strong></span> <span class='ocrx_word' id='word_1_786' title='bbox 2596 5217 2652 5268; x_wconf 69' lang='grc'><strong>4.</strong></span> <span class='ocrx_word' id='word_1_787' title='bbox 2778 5215 2845 5250; x_wconf 73' lang='lat' dir='ltr'><strong>ua</strong></span> <span class='ocrx_word' id='word_1_788' title='bbox 2874 5229 2996 5268; x_wconf 85' lang='lat' dir='ltr'><strong>cum</strong></span> <span class='ocrx_word' id='word_1_789' title='bbox 3028 5223 3119 5268; x_wconf 89' lang='lat' dir='ltr'><strong>aut</strong></span> <span class='ocrx_word' id='word_1_790' title='bbox 3148 5243 3220 5255; x_wconf 84' lang='lat'><strong>--</strong></span> <span class='ocrx_word' id='word_1_791' title='bbox 3245 5214 3407 5268; x_wconf 85' lang='lat' dir='ltr'><strong>rebus</strong></span> <span class='ocrx_word' id='word_1_792' title='bbox 3462 5215 3653 5268; x_wconf 76' lang='lat' dir='ltr'><strong>desunt</strong></span> <span class='ocrx_word' id='word_1_793' title='bbox 3689 5215 3738 5267; x_wconf 83' lang='lat' dir='ltr'><strong>l.</strong></span> 
     </span>
    </p>
   </div>
  </div>
