3988 5336
219 333 319 391 465

996 337 1217 393 GESTA
1257 338 1673 396 PONTlFlCUM
1715 337 2351 396 HAMMABURGENSIS
2389 337 2760 400 ECCLESI/E.

3370 341 3476 398 466

219 455 308 500 aut
337 445 540 514 quibus
567 445 1004 515 praedicatoribus
1033 448 1099 499 ad
1146 448 1457 504 christiana:
1511 449 1789 520 religionis
1819 460 1865 516 Α
1894 449 2006 504 suis
2061 448 2283 518 legitur,
2347 448 2653 519 apostolicae
2703 447 2848 503 sedis
2897 447 3223 504 auctoritate
3281 449 3475 515 fultus,

218 552 468 591 normam
512 536 659 606 (104)
708 537 988 606 pertigcrit
1054 537 1144 602 ⁸⁷⁸,
1211 538 1483 606 explicare
1531 538 1681 594 locus
1728 539 1795 598 ⁸7⁸

216 627 428 697 ηυωτίι,
451 627 497 682 si
522 627 669 697 prius
697 627 763 680 de
791 626 929 681 bello
957 627 1030 681 Ka
1041 628 1156 693 roli,
1179 630 1321 698 quod
1343 646 1467 685 cum
1492 630 1796 687 Saxonibus

219 715 375 785 longo
405 727 650 786 tempore
675 716 1014 786 profligatum
1044 729 1149 782 est,
1193 720 1527 776 mentionem
1569 720 1797 777 facimus

217 814 269 858 et
297 805 424 858 belli
456 821 650 861 causas
676 807 834 862 simul
863 811 1256 866 connectimus.
1296 809 1557 884 Thuringi
1582 813 1665 868 vel
1695 813 1796 869 Sa-

217 910 409 960 xones,
439 896 680 967 itemque
708 906 922 953 czeterae
951 915 1072 968 quae
1100 901 1247 955 circa
1305 902 1370 932 ³⁷⁸
1419 903 1630 959 Renum
1673 914 1798 960 sunt

217 985 486 1049 nationes,
550 1002 612 1040 ex
664 990 884 1058 antiquo
931 990 1160 1046 Francis
1208 992 1504 1048 tributaria:
1548 994 1798 1066 leguntur

218 1073 382 1142 (105).
420 1074 627 1142 Quibus
666 1078 857 1133 deinde
902 1097 932 1134 ιι
982 1096 1147 1150 regno
1191 1097 1380 1137 eorum
1424 1083 1798 1141 deficientibus

218 1161 498 1233 Pippinus,
523 1167 738 1237 genitor
761 1169 964 1236 Karoli,
991 1171 1186 1226 bellum
1215 1173 1416 1235 intulit,
1444 1175 1587 1243 quod
1611 1183 1794 1230 tamen

218 1251 356 1307 ﬁlius
408 1255 474 1285 ³⁷⁷
531 1258 740 1329 peregit
801 1259 1004 1329 majore
1079 1262 1144 1292 ¹⁷⁸
1207 1261 1506 1328 felicitate;
1573 1265 1640 1318 de
1691 1280 1799 1335 quo

223 1343 366 1396 idem
423 1347 666 1415 scriptor
713 1347 1054 1405 lleinhardus
1092 1351 1158 1381 ‘7’
1187 1351 1338 1405 brevi
1368 1353 1577 1425 epilogo
1609 1357 1799 1411 memi-

217 1435 293 1488 nit
315 1434 524 1500 dicens,
559 1438 736 1509 (l06):
775 1460 791 1490 ι
822 1440 1140 1512 Susceptum
1171 1452 1254 1496 est
1279 1443 1444 1514 igitur
1491 1445 1524 1499 b
1563 1445 1672 1499 lum
1703 1447 1798 1501 ad-

217 1537 432 1577 versum
457 1525 722 1593 Saxones,
751 1530 889 1597 quod
914 1547 1105 1601 magna
1130 1528 1404 1602 urinaque
1434 1534 1795 1600 animositate,

217 1625 396 1668 tamen
428 1615 631 1684 majore
663 1620 932 1673 Saxonum
965 1638 1125 1690 quam
1161 1622 1495 1678 Francorum
1544 1625 1794 1696 dampno,

217 1721 308 1775 per
348 1710 640 1764 continuos
690 1712 907 1783 triginta
969 1722 1079 1768 tres
1151 1718 1220 1748 ¹⁸⁰
1255 1733 1426 1773 annos
1462 1720 1792 1787 gerebatur:

1894 540 2214 610 legationem
2271 542 2338 595 ad
2379 549 2565 611 gentes
2627 541 2884 608 suscepit,
2944 538 3358 611 Teutonumque
3414 544 3479 574 "'

1897 628 2142 699 pepulos,
2165 631 2304 699 apud
2337 644 2473 699 quos
2496 645 2636 685 nunc
2664 640 2718 685 ct
2743 645 2951 686 summa
2993 630 3204 700 imperii
3242 631 3478 686 Romani

1897 718 2044 790 (107)
2093 731 2146 774 et
2189 719 2354 774 divini
2403 720 2580 775 cultus
2636 722 2937 776 reverentia
2996 722 3139 793 viget
3190 737 3255 777 ac
3297 722 3481 785 floret,

1894 811 2140 866 ecclesiis
2200 811 2299 876 ‘9’,
2371 812 2617 866 doctrina
2687 813 3084 883 virtutibusque
3161 813 3472 869 illustravit.

1898 897 2136 965 Quorum
2191 899 2258 930 ηδ
2279 900 2440 954 etiam
2490 900 2797 970 provincias
2826 901 2879 954 in
2919 901 3261 972 episcOpatus
3291 903 3477 956 distri-

1897 989 2090 1055 buens,
2160 1005 2406 1046 seorsum
2471 991 2539 1022 ³⁹⁸
2604 990 2846 1046 Francos
2912 992 2992 1046 eis
3067 992 3134 1024 ¹⁹⁶
3203 993 3471 1057 Rhenum,

1899 1077 2168 1134 llessones
2217 1080 2282 1113 ¹⁹⁷
2326 1094 2391 1135 ac
2439 1079 2763 1150 Thuringos,
2793 1080 2885 1149 qui
2921 1081 3197 1135 Saxonum
3233 1081 3476 1138 conﬁnes

1902 1177 2030 1224 sunt
2075 1170 2245 1236 ([08),
2296 1171 2572 1239 primitivo
2616 1170 2850 1240 quodam
2911 1172 3109 1228 laboris
3159 1172 3239 1227 sui
3298 1173 3474 1227 fructu

1901 1259 2123 1316 Christo
2160 1269 2215 1315 et
2268 1261 2512 1316 ecclesiae
2554 1262 2845 1332 copulavit.
2888 1261 3239 1333 Tandemque
3275 1279 3304 1316 a
3345 1262 3472 1318 Fre-

1900 1352 2144 1415 sonibus,
2172 1367 2306 1420 quos
2324 1351 2437 1421 jam
2468 1363 2593 1408 ante
2615 1353 2682 1408 ad
2714 1351 2872 1409 fidem
2893 1362 3254 1419 converterat,
3280 1353 3478 1409 illustri

1903 1443 2168 1512 martyrio
2210 1451 2503 1498 coronatus
2539 1454 2641 1498 est.
2685 1443 2851 1500 Gesta
2882 1444 2998 1514 ejus
3035 1443 3274 1514 plenaria
3328 1443 3476 1514 (l09)

1901 1549 2062 1587 manu
2096 1534 2428 1603 adiscipulis
2472 1535 2616 1590 edita
2649 1544 2797 1602 sunt,
2875 1536 2965 1605 qui
3009 1534 3075 1566 ⁸³³⁸
3118 1549 3241 1589 eum
3293 1533 3474 1588 ferunt

1901 1624 2220 1694 agonizasse
2250 1639 2372 1679 cum
2400 1626 2521 1679 aliis
2563 1625 2954 1696 quinquaginta
2981 1633 3034 1680 et
3062 1624 3293 1695 amplius
3335 1638 3477 1677 com-

1902 1715 2234 1771 militiznibus
2271 1716 2402 1780 suis,
2439 1731 2581 1771 anno
2629 1716 2987 1771 ordinationis
3032 1731 3145 1770 suae
3192 1715 3279 1769 57.
3318 1717 3334 1734 ‘
3360 1713 3479 1784 ipse

217 1809 428 1869 poterat
456 1803 725 1872 siquidem
757 1805 913 1859 citius
961 1806 1127 1874 finiri,
1163 1809 1207 1864 si
1238 1808 1513 1866 Saxonum
1541 1813 1643 1869 hoc
1663 1829 1788 1887 per-

1902 1813 1977 1858 est
2001 1819 2174 1858 annus
2199 1805 2490 1862 Dominicze
2513 1805 2904 1860 incarnationis
2951 1805 3075 1873 755,
3125 1805 3334 1876 Pippini
3379 1803 3466 1873 ju-

219 1890 339 1944 fidia
363 1900 665 1961 pateretur.

288 1983 371 2036 l0.
405 2002 423 2034 ‹
457 1983 724 2041 Omnibus
754 1987 914 2060 igitur
948 1991 1037 2060 qui
1067 1991 1323 2049 resistere
1374 1994 1620 2051 solebant
1673 2013 1798 2067 pro-

219 2073 416 2141 ﬂigalis
453 2085 508 2129 et
541 2077 593 2132 in
645 2094 796 2133 suam
825 2091 1146 2150 potestatem
1186 2086 1436 2152 redactis,
1464 2103 1528 2142 ea
1559 2090 1796 2145 conditio

220 2179 245 2216 a
273 2181 394 2235 rege
423 2169 722 2235 proposita,
750 2180 804 2224 et
843 2172 910 2225 ab
939 2173 1043 2228 illis
1069 2186 1316 2246 suscepta
1363 2187 1468 2239 est,
1502 2187 1558 2233 ul
1588 2179 1798 2250 abjecto

220 2249 703 2331 demimum'cultu,
733 2264 1042 2334 relictisque
1069 2268 1258 2336 patriis
1283 2269 1620 2334 cerimoniis,
1651 2249 1797 2326 chri-

220 2348 404 2402 stiana:
436 2349 557 2404 ﬁdei
587 2362 924 2406 sacramenta
963 2355 1319 2424 susciperent,
1343 2365 1396 2410 et
1419 2355 1644 2412 Francis
1667 2359 1797 2412 adu-

220 2438 350 2500 nati,
376 2454 517 2494 unus
544 2455 666 2494 cum
695 2441 776 2496 eis
800 2442 1028 2512 populus
1076 2443 1426 2500 eﬂieerentur
1480 2447 1566 2500 ¹⁸¹.
1624 2467 1643 2499 ι
1671 2447 1800 2502 Tra-

221 2537 476 2597 ctumque
512 2544 612 2598 per
641 2538 716 2584 tot
741 2547 911 2587 annos
943 2533 1162 2599 bellum,
1191 2535 1262 2589 ita
1293 2545 1506 2592 constat
1529 2551 1646 2593 esse
1679 2537 1798 2591 lini-

228 2627 360 2671 tum.
398 2618 555 2674 Nunc
611 2631 790 2676 autem
842 2622 1114 2694 spiritales
1154 2625 1218 2656 ¹⁸²
1253 2626 1554 2681 animarum
1605 2628 1796 2682 trium-

222 2708 353 2774 phos
410 2708 476 2762 ad
525 2710 864 2766 scribendum
909 2714 1188 2778 succincti,
1220 2716 1684 2784 pradicatoribus,
1732 2717 1801 2772 de

225 2799 304 2854 his
343 2800 414 2831 ³⁸³
450 2801 542 2870 qui
585 2801 946 2859 ferocissimos
974 2805 1277 2860 Germania:
1320 2807 1543 2875 populos
1573 2809 1638 2863 ad
1665 2808 1802 2862 divi-

228 2906 349 2944 nam
423 2892 739 2962 religionem
793 2896 1143 2965 perduxerint
1189 2897 1289 2963 ηδ,
1365 2898 1471 2953 tale
1544 2914 1802 2954 sumanus

224 2984 528 3037 exordium.

291 3076 378 3128 ll.
430 3075 558 3148 ((8.]
605 3075 737 3147 Cap.
771 3077 848 3149 7.)
873 3078 1088 3135 Primus
1111 3082 1351 3135 omnium
1393 3082 1487 3152 qui
1530 3082 1800 3137 australes

1901 1894 2071 1949 nioris
2103 1895 2177 1926 ¹⁹⁹
2216 1894 2300 1949 14.

1973 1984 2059 2038 l2.
2093 1983 2220 2057 ((9.]
2245 1985 2376 2054 Cap.
2401 1984 2480 2058 8.)
2510 1985 2639 2040 Post
2664 1985 2972 2056 passionem
3007 1985 3178 2040 sancti
3207 1985 3477 2041 Bonifaeti

1899 2073 2241 2129 Willeliadus
2268 2076 2315 2146 (l
2332 2075 2439 2147 l0),
2464 2083 2518 2131 et
2557 2076 2672 2146 ipse
2692 2076 3015 2149 Angligena,
3054 2075 3267 2132 fervens
3293 2091 3479 2132 amore

1901 2167 2169 2236 martyrii,
2206 2169 2517 2238 properavit
2555 2168 2609 2224 in
2639 2167 2906 2233 Fresiam,
2955 2167 3043 2223 ubi
3074 2171 3378 2226 consistens
3411 2170 3478 2224 ad

1900 2259 2208 2329 sepulcrum
2244 2258 2383 2313 beati
2411 2257 2688 2331 martyris,
2732 2273 2971 2328 paganos
3001 2257 3126 2314 facti
3175 2262 3480 2330 penitentcs

1901 2349 2157 2418 suscepit,
2173 2357 2227 2403 et
2252 2349 2586 2404 credentium
2602 2349 2767 2402 multa
2786 2347 2932 2402 milia
2947 2347 3253 2417 baptizavit.
3277 2348 3478 2404 Deinde

1899 2453 2152 2496 Cunctam
2180 2440 2230 2494 in
2263 2438 2492 2494 circuitu
2531 2438 2863 2509 provinciam
2893 2453 3019 2493 cum
3051 2438 3328 2507 discipulis
3353 2453 3476 2507 per-

1901 2529 2159 2592 lustrans,
2190 2528 2350 2600 ydola
2381 2527 2711 2597 confregisse
2735 2527 3063 2598 populosque
3101 2527 3169 2581 ad
3210 2525 3473 2580 culturam

1902 2618 2014 2672 veri
2044 2618 2135 2671 Dei
2164 2616 2568 2688 evangelizasse
2629 2617 2724 2682 ’°°,
2781 2626 2908 2671 tunc
2953 2625 3008 2670 et
3051 2615 3327 2685 gentilium
3359 2613 3472 2668 zelo

1903 2707 2133 2764 fustibus
2163 2724 2455 2779 percussus
2492 2717 2546 2762 et
2574 2708 2751 2780 gladio
2778 2708 2976 2778 legitur
3017 2709 3084 2762 ad
3121 2707 3474 2778 iugulandum

1901 2800 2238 2869 proscriptus
2287 2799 2355 2830 ὀί
2409 2799 2576 2870 (111).
2619 2799 2770 2854 Licet
2819 2799 2991 2870 gratia
3043 2799 3138 2854 Dei
3186 2798 3477 2866 majoribus

1901 2905 2022 2943 eum
2062 2888 2456 2959 predestinaret
2485 2888 2673 2953 titulis,
2722 2903 2834 2944 suae
2879 2897 3056 2944 tamen
3098 2887 3359 2942 voluntati
3404 2886 3473 2917 ⁸⁰²

1903 2989 1958 3034 et
2000 2979 2178 3034 studio
2228 2979 2611 3034 nichilominus
2646 2979 2717 3011 ²⁰³
2741 2987 2861 3034 erat
2904 2978 2973 3033 ad
3016 2978 3332 3048 martyrium
3378 2977 3470 3030 ὀδ.

1903 3071 2032 3127 Post
2083 3073 2196 3126 hrec
2228 3087 2426 3126 missus
2464 3077 2518 3126 in
2553 3071 2846 3126 Saxoniam
2874 3086 2903 3124 a
2933 3069 3130 3125 Karolo
3169 3083 3313 3140 rege,
3359 3069 3472 3136 pri-

225 3163 528 3220 Cel‘maniat
557 3176 762 3236 parleS,
788 3167 1066 3238 ydolorum
1099 3170 1262 3224 Cultui
1290 3171 1523 3236 deditas,
1596 3173 1664 3226 ad
1707 3187 1795 3225 eo-
1823 3178 1871 3241 ο
1902 3179 2021 3218 mus
2041 3164 2280 3217 omnium
2316 3163 2596 3218 doctorum
2619 3164 2918 3218 maritimas
2947 3169 3001 3217 et
3022 3161 3267 3217 boreales
3298 3159 3470 3215 Saxo-

225 3254 522 3321 gnitionem
545 3255 740 3310 divinae
763 3272 827 3310 ac
856 3258 1166 3315 christiana:
1218 3261 1497 3330 religionis
1544 3263 1786 3330 adduxit,

229 3347 548 3404 Winifridus
567 3360 683 3405 erat
714 3352 932 3407 natione
971 3354 1194 3425 Anglus,
1236 3371 1394 3412 verus
1436 3357 1636 3412 Christi
1680 3358 1797 3426 phi—

227 3436 500 3508 losophus.
530 3441 616 3495 cui
649 3451 833 3511 postea
883 3453 1294 3513 cognomentum
1334 3460 1402 3500 ex
1436 3446 1636 3499 virtute
1684 3455 1798 3500 erat

229 3525 545 3582 Bonefacius
613 3530 701 3584 ¹⁸⁵.
744 3531 811 3585 Et
873 3533 1122 3601 quamvis
1192 3534 1283 3588 alii
1340 3535 1667 3604 scriptorum
1715 3535 1799 3588 vel

227 3616 437 3673 Gallum
497 3621 549 3673 in
596 3621 910 3676 Alemannia
968 3623 1035 3654 ¹⁸⁶
1082 3624 1162 3678 vel
1229 3623 1682 3679 ilemmerannum
1732 3627 1794 3657 ’⁸⁷

229 3705 279 3758 in
324 3706 569 3775 Baioaria
629 3710 698 3742 ¹⁸⁸
739 3711 852 3766 sive
880 3711 1162 3783 Kyliannm
1203 3713 1256 3767 in
1305 3713 1530 3768 Francia
1584 3714 1647 3746 ¹⁸⁹
1702 3730 1794 3769 seu

229 3808 370 3852 certe
397 3799 815 3856 Willebrordum
870 3803 937 3837 ¹¹⁰
986 3804 1039 3858 in
1094 3805 1274 3860 Fresia
1321 3807 1528 3875 priores
1569 3807 1794 3860 verbum

231 3889 318 3943 Dei
352 3901 601 3946 asserant
624 3894 964 3962 pmdieasse,
994 3895 1082 3950 hic
1114 3905 1289 3950 tamen
1318 3913 1506 3951 omnes
1529 3896 1683 3962 alios,
1714 3898 1792 3952 uti

232 3977 427 4034 Paulus
445 3982 739 4052 apostolus,
766 3983 944 4037 studio
965 3999 1028 4038 ac
1051 3983 1446 4054 przedicationis
1498 3986 1563 4016 ¹⁹¹
1613 3985 1796 4040 labore

235 4068 281 4136 (1
313 4069 434 4125 Cor.
483 4087 575 4137 xv,
627 4073 716 4144 10)
764 4073 1054 4128 antevenit.
1095 4074 1213 4144 Ipse
1250 4075 1414 4141 enim,
1458 4076 1598 4131 utin
1629 4077 1795 4147 gestis

1898 3255 2000 3309 nia:
2040 3264 2219 3323 partes
2243 3269 2304 3308 ae
2331 3254 2752 3309 Transalbianos
2775 3252 2999 3324 p0pulos
3024 3252 3091 3306 ad
3118 3250 3471 3306 Christianam

1899 3346 2056 3400 fidem
2102 3346 2436 3417 provocavit.
2491 3345 2708 3415 Septem
2755 3359 2926 3399 annos
2961 3343 3107 3415 (U2)
3155 3341 3478 3410 praedicasse

1899 3437 2100 3491 dicitur
2147 3437 2374 3490 eandem
2431 3437 2502 3467 ¹⁰⁵
2547 3436 2820 3505 regionem
2849 3434 2938 3498 ²⁰⁶,
2982 3448 3151 3502 usque
3174 3431 3239 3485 ad
3271 3447 3474 3485 annum

1903 3527 2212 3582 rebellionis
2244 3527 2520 3581 Saxonum
2558 3525 2954 3588 duodecimum,
2987 3539 3108 3578 cum
3163 3520 3475 3576 Willichind

1903 3620 1970 3651 ²⁰⁷
2024 3619 2455 3690 persecutionem
2503 3633 2722 3672 movens
2751 3617 2804 3670 in
2833 3609 3179 3680 christianos,
3231 3613 3470 3668 Franco-

1904 3726 2022 3765 rum
2057 3711 2316 3765 terminos
2349 3725 2518 3780 usque
2551 3710 2618 3762 ad
2665 3709 2872 3764 Renum
2904 3709 3153 3762 vastabat
3200 3705 3369 3776 (H5).
3412 3703 3470 3760 In

1902 3819 2006 3873 qua
2031 3802 2407 3872 persecutione
2437 3801 2682 3871 discipuli
2712 3799 2883 3856 sancti
2927 3798 3215 3854 Willehadi
3255 3797 3473 3866 quidam

1903 3893 2130 3960 Bremaz,
2167 3892 2317 3947 multi
2360 3893 2430 3924 ²⁰⁸
2455 3908 2552 3963 per
2582 3890 2847 3954 Fresiam,
2875 3887 3041 3942 ceteri
3070 3896 3219 3941 trans
3261 3885 3468 3939 Albiam

1903 3984 2048 4055 passi
2087 3984 2362 4055 leguntur.
2395 3985 2547 4042 Unde
2577 3983 2858 4038 confessor
2905 3979 3024 4046 Dei,
3077 3978 3250 4050 majus
3301 3977 3475 4032 adhuc

1902 4075 2110 4129 lucrum
2135 4085 2428 4145 expectans
2455 4075 2521 4131 de
2550 4073 2904 4130 conversione
2928 4070 3306 4143 plurimorum,
3335 4065 3474 4121 dici-

1705 4188 2016 4245 SCHOLIA.
2101 4253 2105 4256 λ

299 4279 316 4294 ’
339 4272 516 4329 Schol.
548 4274 602 4328 2.
634 4274 866 4331 Sedente
898 4283 1021 4330 tunc
1044 4273 1210 4329 Paulo
1237 4289 1377 4344 papa
1407 4274 1444 4331 I.
1475 4277 1575 4348 (5.)

1486 4366 1720 4422 VARUE
1759 4367 2163 4424 LECTIONES.

299 4457 364 4487 ’⁷⁸
388 4457 729 4525 pertinxerit.
809 4456 873 4489 "5
927 4455 1197 4525 Ιιις-ιιξᾸς

233 4525 285 4578 9..
317 4526 369 4578 4.
392 4523 738 4592 Eginhardus
757 4527 811 4578 5.
890 4525 953 4556 ¹³⁰
983 4523 1148 4577 XXX.
1177 4523 1230 4579 5.

238 4605 425 4648 xerunt
451 4595 504 4648 5.
620 4595 686 4626 ‘"
713 4594 1021 4648 Bonifacius
1044 4594 1096 4649 5.
1132 4593 1185 4647 4.
1288 4594 1355 4626 ⁸⁸⁸
1378 4595 1714 4650 Allemannia
1737 4597 1790 4649 2.

236 4681 374 4718 mum
405 4683 494 4718 seu
519 4663 978 4718 Heimeramimtm
1010 4663 1064 4717 4.

235 4736 366 4801 pius.
443 4735 509 4765 ¹⁹⁸
543 4743 598 4787 et
625 4733 808 4803 labore
834 4733 1234 4803 prmdicationis
1272 4734 1324 4786 9..
1358 4736 1409 4787 5.
1438 4734 1491 4786 4.

235 4804 299 4834 ¹⁹⁸
321 4805 546 4857 seorsim
569 4806 625 4858 5.
740 4802 810 4833 ¹⁹⁶
837 4802 920 4857 eis
958 4804 1010 4856 1.
1119 4803 1184 4835 ¹⁹⁷
1219 4803 1488 4857 llassones
1516 4803 1569 4858 5.
1601 4805 1842 4861 Saxones
1868 4807 1918 4860 1.

233 4873 430 4946 ᾳᾴάλ.
461 4874 514 4927 5.
666 4942 686 4946 Α
705 4873 770 4946 ὀξ
795 4873 992 4946 Auctor
1011 4874 1236 4946 [minare
1259 4875 1481 4946 scribere
1496 4874 1660 4946 yoluit
1695 4895 1708 4929 :
1740 4885 2074 4946 persecutus.

236 4943 301 4972 ³³⁵
325 4945 475 5014 piger
496 4944 625 4997 add.
660 4942 714 4996 2.
742 4943 795 4997 4.
823 4941 1050 5013 impiger
1246 4943 1328 5014 ff“
1348 4957 1467 5014 eam
1493 4943 1543 4995 ὅ.
1571 4953 1625 4998 4.
1656 4947 1708 4999 in
1736 4941 1800 5002 ea
1824 4951 1879 5000 2.
1912 4949 2000 5001 2|.

234 5011 400 5068 ώτειᾶ
423 5014 476 5068 2.
506 5014 560 5067 4.
645 5011 909 5069 V'iduerad
936 5014 988 5066 5.
1069 5011 1140 5043 ὀε
1168 5012 1385 5079 quidam

333 5193 439 5202 Ἀ’-
490 5193 522 5202 Α
563 5193 594 5202 ι.
640 5193 652 5202 ο
728 5194 738 5202 η
1110 5187 1190 5202 σν..
1263 5187 1296 5202 n
1354 5190 1476 5202 --ο-ΙΙ
1516 5194 1529 5202 ι

1487 4535 1739 4580 liceretur
1769 4535 1822 4582 5.
1900 4535 1968 4559 ¹⁸¹
1991 4535 2301 4594 spirituales
2327 4535 2383 4577 5.
2460 4535 2526 4554 "'
2550 4535 2614 4574 de
2646 4535 2749 4574 nus
2775 4535 2825 4588 p.
2859 4535 2912 4572 τι.
2941 4535 2994 4573 5.
3025 4535 3079 4572 4.
3181 4535 3249 4550 δ”
3278 4535 3479 4586 peruu-

1487 4597 1790 4674 {mannia}.
1901 4596 2392 4674 ‘_"l_lemmera_num
2414 4593 2468 4648 5.
2501 4589 3089 4674 .Hetnmera‘r‘nn‘urnn2n.
3148 4586 3479 4674 fieimsram-

1173 4663 1242 4696 ¹⁸⁸
1271 4662 1533 4732 Beguaria
1555 4665 1609 4718 2.
1639 4667 1692 4724 5.
1720 4667 1962 4720 Bawaria
1983 4666 2036 4718 4.
2150 4663 2216 4695 ³⁸³
2246 4663 2381 4717 Fran

1173 4734 1234 4787 iis
1272 4734 1324 4786 9..
1358 4736 1409 4787 5.
1438 4734 1491 4786 4.
1594 4735 1659 4766 ¹⁹²
1687 4736 2136 4803 Theutonumqne
2163 4734 2217 4787 2.
2245 4733 2301 4786 5.
2331 4733 2381 4786 4.

3090 4448 3154 4480 ¹⁷⁹
3179 4447 3483 4504 Einhardus

3181 4516 3249 4550 ⁸⁸⁸
3278 4518 3480 4586 perdu-

2150 4663 2216 4695 ³⁸³
2246 4662 2547 4718 Franconia
2581 4662 2634 4715 5.
2663 4660 2716 4713 4.
2793 4659 2860 4690 ¹⁰⁰
2892 4658 3282 4713 Willebrodum
3304 4657 3357 4712 5.
3381 4673 3480 4709 sw-

2163 4734 2217 4778 Ξ-
2245 4733 2301 4778 5-
2331 4733 2381 4778 4-
2461 4732 2529 4763 ⁸9⁸
2553 4729 2811 4778 ecclesias
2832 4729 2885 4778 5.
2917 4729 2972 4778 5.
3050 4727 3118 4760 ηδ
3155 4728 3392 4778 Ouarum
3423 4725 3477 4778 5.

2031 4749 2136 4803 que
2163 4734 2217 4787 2.
2245 4733 2301 4786 5.
2331 4733 2381 4786 4.
2461 4732 2529 4763 ³⁸⁸
2553 4729 2811 4786 ecclesias
2832 4729 2885 4783 5.
2917 4729 2972 4784 5.
3050 4728 3118 4760 ¹⁹⁵
3155 4728 3392 4806 Quarum
3423 4728 3477 4778 5.

2031 4804 2098 4836 ¹⁹⁸
2125 4819 2244 4871 quze
2269 4805 2322 4858 5.
2402 4801 2468 4834 ¹⁹⁹
2505 4800 2782 4871 regnantis
2822 4799 2953 4871 add.
2977 4797 3149 4871 2.74.“
3183 4796 3253 4829 ¹⁰⁰
3276 4796 3476 4871 dieitur

2143 4821 2244 4874 illi?
2269 4821 2322 4858 ο.
2402 4821 2467 4834 "'
2505 4821 2782 4871 regnantis
2822 4821 2948 4853 aaa.
2979 4821 3032 4854 Ξ.
3057 4821 3112 4851 1.
3184 4821 3251 4829 '"'
3276 4821 3459 4878 Ulcu'l'u

2183 4873 2254 4905 m
2282 4888 2378 4926 sua
2404 4873 2676 4927 voluntate
2697 4868 2750 4921 4.
2887 4868 2959 4900 ’⁸³
2990 4865 3360 4927 nichilomagis
3405 4880 3459 4914 ο.

2109 4943 2179 4976 m
2208 4944 2426 5014 regione
2459 4941 2511 4996 2,
2547 4943 2634 4996 2a,
2745 4938 2813 4971 ’⁸⁷
2845 4936 3172 4998 Widueltind
3206 4935 3259 4989 5.
3285 4933 3481 4988 ’Widu—

1725 5104 1949 5162 NOTAE.
