3988 5336
498 298 602 352 467

1605 287 1825 343 ADAMI
1860 286 2183 345 CANONICI
2221 285 2612 345 BREMENSIS

3662 258 3764 338 te

500 415 590 460 tur
614 403 682 441 ⁴⁰⁹
699 400 991 459 scentulum
1021 396 1390 470 evangelicum
1412 405 1742 469 prteceptum
1770 404 1837 453 de
1861 401 2081 453 civitate
2108 408 2156 467 Α
2185 400 2404 457 Christo
2429 411 2485 457 et
2509 399 2885 457 sacerdotibus
2911 399 3028 473 ejus
3050 400 3535 487 omnium‘suorum
3557 398 3764 469 jumen-

500 491 557 550 in
585 495 860 551 civitatem
892 489 1093 558 tugisse
1123 488 1192 519 “°
1226 487 1397 559 (114),
1427 488 1796 558 dispersisque
1818 488 1984 544 sociis
2014 490 2081 520 ἰι

500 587 570 641 ad
619 582 1041 655 praedicandum,
1083 579 1198 647 ipse
1228 577 1457 632 Romam
1508 577 1721 632 venisse
1768 593 1891 632 cum
1924 576 2083 647 Liud-

502 691 633 748 εει-ο
671 675 762 726 ¹¹¹.
798 671 899 727 Ubi
929 670 1260 724 sanctissimi
1292 683 1443 738 papa:
1467 668 1691 721 Adriani
1715 667 2086 721 consolatione

501 767 747 828 relevati,
771 764 1068 832 Liudgerus
1099 777 1153 815 tn
1182 770 1419 815 montem
1446 759 1727 815 Cassinum
1768 762 1991 815 recessit
2014 760 2086 791 ⁸¹³

501 860 572 913 ad
621 857 1019 913 confessionem
1069 855 1242 908 sancti
1292 853 1592 917 Benedicti,
1647 851 1983 906 Willebadus
2033 853 2085 906 in

502 932 732 1003 Calliam
766 943 1042 1015 repedavit
1068 944 1134 997 ad
1166 942 1510 1011 sepulchrum
1538 942 1709 996 sancti
1743 941 2087 995 Willebrordi

504 1037 676 1107 (115).
703 1034 888 1104 Itaque
913 1026 1188 1089 biennium
1217 1031 1287 1063 W‘
1328 1041 1555 1100 uterque
1582 1030 1798 1093 reclusi,
1837 1039 2085 1084 eontem-

499 1129 720 1200 plativm
746 1127 871 1181 vita:
915 1140 1137 1196 operam
1185 1125 1410 1189 dabant,
1459 1122 1705 1193 adprime
1752 1122 1824 1155 "'
1871 1133 2091 1176 orantes

499 1238 602 1293 pro
625 1218 1065 1292 persecutoribus
1092 1227 1145 1272 et
1172 1227 1331 1288 gente
1355 1216 1656 1284 Saxonum,
1691 1231 1758 1270 ne
1790 1217 1997 1286 jactum
2033 1216 2087 1269 in

501 1316 585 1371 eis
612 1305 794 1369 semen
824 1311 974 1366 verbi
1006 1310 1098 1365 Dei
1139 1311 1391 1364 inimicus
1420 1311 1581 1363 homo
1614 1309 1841 1363 zizaniis
1869 1307 2089 1379 (Matth.

500 1425 627 1473 xui,
655 1409 749 1479 25)
799 1406 1042 1477 oppleret
1079 1404 1171 1470 ³³⁸,
1225 1404 1611 1473 impletumque
1681 1405 1732 1458 in
1774 1404 1855 1458 eis
1898 1404 1967 1436 ²¹⁷
2010 1412 2093 1457 est

503 1502 647 1570 quod
698 1499 978 1568 Scriptura
1012 1497 1172 1552 dicit:
1211 1515 1229 1547 ‹
1288 1495 1512 1550 Multum
1560 1496 1703 1550 valet
1776 1496 2093 1565 deprecatio

500 1589 635 1665 justi
660 1591 875 1645 assidua
905 1590 1047 1660 (Jac.
1073 1606 1125 1651 v,
1155 1588 1262 1658 16).
1307 1607 1326 1640 ι
1355 1587 1478 1642 litcc
1507 1589 1572 1643 de
1590 1589 1708 1644 Vita
1732 1587 1849 1657 ejus
1873 1590 1937 1643 ad
1967 1605 2092 1644 sett-

507 1699 627 1739 sum
649 1690 905 1758 excerpta
933 1680 1279 1752 protulimus.
1310 1679 1611 1734 Transacto
1643 1680 1809 1747 igitur
1852 1679 2091 1744 biennio,

2189 500 2364 545 torum
2406 502 2461 545 et
2498 490 2769 545 fructuum
2829 492 3109 559 tociusque
3165 490 3392 545 culturae
3416 491 3668 567 decimas
3704 508 3765 546 ac

2186 584 2488 646 nutriturae,
2518 584 2715 638 divites
2769 598 2833 637 ac
2879 597 3142 652 pauperes
3192 565 3438 654 legaliter
3486 572 3768 637 constricti

2189 675 2525 742 persolvant.
2553 673 2789 728 Proinde
2820 689 3034 727 omnem
3068 682 3266 727 terram
3315 689 3503 727 eorum
3546 674 3770 740 antiquo

2190 764 2554 819 Romanorum
2587 780 2740 820 more
2774 767 2826 819 itt
2861 766 3187 834 provintiam
3239 767 3310 797 ’³³
3348 750 3679 837 redigentes,
3719 777 3773 821 et

2191 856 2334 910 inter
2359 857 2639 925 episcopos
2663 865 2814 911 certo
2860 856 3030 911 limite
3057 858 3521 922 disterminantes,
3554 868 3772 927 septen-

2193 947 2476 1000 trionalem
2508 946 2651 1001 illius
2682 957 2916 1017 partem,
2941 963 3063 1017 qum
3086 957 3140 1001 et
3166 948 3237 979 ’³⁸
3267 949 3494 1018 piscium
3526 949 3774 1002 ubertate

2193 1037 2459 1092 ditissima
2490 1046 2545 1093 et
2580 1040 2867 1109 pceoribus
2927 1038 3134 1093 alendis
3186 1039 3416 1094 babetur
3467 1040 3771 1108 aptissima,

2194 1132 2281 1201 pio
2307 1130 2529 1185 Christo
2571 1140 2624 1183 et
2660 1130 3030 1198 apostolorum
3078 1145 3300 1184 suorum
3346 1131 3577 1201 principi
3618 1131 3777 1186 Petro

2194 1239 2289 1294 pro
2319 1224 2615 1293 gratiarum
2651 1223 2862 1281 actione
2891 1224 3083 1279 devote
3107 1225 3429 1295 oplulimus:
3483 1226 3697 1294 sibique
3724 1228 3775 1285 in

2174 1318 2265 1349 ‘m
2288 1316 2590 1384 Wigmodia
2623 1316 2675 1369 in
2714 1316 2832 1370 loco
2860 1315 3090 1371 Bremou
3122 1326 3335 1381 vocato,
3388 1332 3553 1386 super
3579 1317 3777 1374 ﬂumen

2195 1408 2266 1439 '"
2297 1406 2608 1460 Wirraham
2644 1406 2715 1438 ""
2747 1407 3033 1461 ecclesiam
3073 1415 3126 1462 et
3173 1408 3532 1478 episcrpalcm
3589 1408 3781 1463 statui-

2194 1511 2315 1551 mus
2353 1494 2693 1549 cathedram.
2742 1495 2876 1549 lluic
2920 1496 2991 1527 ’³⁸
3024 1497 3322 1565 parrochia:
3369 1497 3558 1553 decem
3614 1513 3782 1570 pagos

2197 1577 2548 1656 subjeeimus,
2576 1603 2711 1657 quos
2733 1588 2898 1642 etiam
2925 1589 2998 1620 ⁸³³
3019 1588 3249 1656 abjectis
3299 1605 3486 1644 eorum
3541 1592 3781 1660 antiquis

2195 1680 2473 1735 vocabulis
2500 1689 2555 1735 et
2578 1666 2955 1748 divisionibus,
3005 1681 3058 1734 in
3110 1681 3246 1737 duas
3291 1683 3601 1748 redegimus
3658 1698 3781 1753 pro-

508 1776 651 1845 quod
680 1782 765 1829 est
786 1789 930 1828 anno
964 1772 1148 1826 Karoli
1195 1772 1622 1836 octavodecituo,
1655 1770 1968 1825 Widicbind
2003 1771 2093 1835 "3,
2132 1757 2171 1814 Π
2200 1770 2421 1835 viutias,
2474 1772 2557 1826 his
2589 1771 2898 1825 nominibus
2930 1758 3268 1842 appellantes
3295 1772 3385 1836 Μ,
3415 1774 3779 1841 Wigmodiam

508 1868 758 1922 incentor
789 1865 1099 1920 rebellionis
1134 1866 1304 1943 (illi),
1362 1865 1428 1919 ad
1462 1865 1618 1918 [idem
1681 1863 1862 1927 Karoli
1928 1864 2094 1930 venit,

511 1959 929 2027 baptizatusque
968 1958 1037 1989 ²¹⁹
1070 1968 1152 2011 est
1177 1958 1291 2026 ipse
1333 1971 1453 2010 cum
1504 1956 1625 2010 aliis
1656 1955 1931 2010 Saxonum
1983 1974 2096 2013 ma-

512 2050 788 2118 guatibus,
820 2057 874 2104 ct
916 2058 1040 2105 tunc
1089 2046 1579 2117 demtunSaxonia
1610 2048 1833 2101 subacta
1868 2050 1911 2117 (1
1934 2050 2013 2120 l7)
2043 2050 2096 2104 iu

511 2141 839 2210 provintiant
864 2143 1078 2197 redacta
1110 2149 1210 2195 est.
1244 2141 1372 2206 Qua:
1396 2140 1553 2195 simul
1582 2140 1633 2194 iu
1667 2150 1791 2194 octo
1817 2143 2098 2212 episcopa—

517 2242 604 2285 tus
645 2232 837 2295 divisa,
871 2231 1178 2301 Mogontino
1204 2232 1274 2263 ³²⁰
1303 2241 1357 2285 et
1386 2230 1691 2285 Coloniensi
1725 2232 2098 2299 archiepisco-

510 2325 598 2394 pis
626 2333 711 2379 est
734 2322 997 2391 subjecta.
1029 2323 1196 2390 Cujus
1220 2322 1499 2392 exemplar
1528 2323 1832 2383 divisionis,
1866 2324 2095 2393 quodex

518 2423 793 2485 praecepto
828 2414 971 2483 regis
999 2414 1051 2467 in
1079 2412 1357 2468 Bremensi
1398 2413 1627 2467 ecclesia
1675 2420 1946 2478 servatur,
2000 2429 2097 2467 co-

521 2505 708 2581 gnosci
747 2512 925 2573 potest
953 2504 1036 2557 his
1062 2503 1127 2534 ²¹¹
1156 2504 1336 2558 verbis
1366 2501 1533 2574 (118).

588 2595 673 2647 15.
710 2591 872 2665 ([10.]
904 2591 1035 2661 Cap.
1066 2592 1145 2661 9.)
1184 2611 1201 2641 ι
1240 2591 1296 2645 In
1328 2593 1546 2644 nomine
1576 2591 1777 2644 domini
1809 2590 1903 2644 Dei
1946 2592 2017 2622 "’
2045 2598 2099 2644 ct

516 2682 818 2738 Salvatoris
843 2683 1014 2737 nostri
1041 2682 1167 2735 Jesu
1196 2681 1421 2743 Christi,
1457 2680 1704 2743 Karolus,
1735 2679 1918 2733 divina
1952 2680 2100 2733 ordi-

516 2781 682 2840 nante
715 2773 1053 2842 providentia
1088 2787 1202 2826 rex.
1249 2770 1306 2825 Si
1352 2772 1570 2826 domino
1608 2771 1715 2826 Deo
1763 2771 2097 2825 exercituum

520 2856 880 2929 succurrente
925 2865 979 2919 in
1027 2865 1183 2920 bellis
1235 2866 1459 2927 victoria
1489 2865 1639 2935 potiti
1685 2865 1776 2929 “',
1828 2866 1879 2919 in
1920 2865 2011 2919 illo
2044 2875 2100 2920 et

516 2970 627 3015 non
657 2956 711 3009 in
740 2955 896 3010 nobis
926 2954 1243 3025 gloriamur,
1295 2966 1348 3009 ct
1388 2955 1439 3009 in
1474 2955 1574 3010 hoc
1604 2955 1784 3009 seculo
1814 2970 1999 3025 pacem
2044 2964 2097 3009 ct

516 3046 951 3118 prosrveritatem,
971 3055 1024 3100 et
1050 3048 1102 3100 itt
1130 3047 1311 3102 futuro
1339 3057 1612 3118 perpetuat
1646 3049 1913 3103 mercedis
1940 3050 2097 3104 retri-

516 3137 794 3192 butionem
820 3153 918 3192 nos
939 3139 1236 3208 promereri
1260 3138 1600 3194 confidimus.
1634 3138 1974 3209 Quipmpter
2001 3155 2099 3195 no-

515 3228 698 3295 verint
730 3244 920 3285 omnes
949 3228 1145 3284 Christi
1177 3228 1382 3295 ﬁdeles,
1411 3231 1553 3300 quod
1575 3230 1645 3262 m
1666 3230 1933 3297 Saxones,
1961 3246 2097 3302 quos

517 3322 589 3354 m
618 3323 1053 3394 progenitoribus
1080 3325 1278 3378 nostris
1304 3325 1373 3378 ob
1402 3339 1514 3380 sure
1557 3325 1905 3395 pcrtinatiam
1936 3325 2097 3396 perti-

517 3417 621 3472 dim
651 3432 867 3490 semper
906 3417 1259 3479 indomabiles
1304 3417 1394 3483 ⁸³⁸,
1446 3418 1654 3491 ipsique
1687 3419 1793 3474 Deo
1844 3429 1900 3473 et
1944 3419 2097 3472 nobis

517 3508 726 3567 tamdiu
769 3508 1017 3574 rebelles,
1084 3524 1364 3579 quousque
1406 3509 1569 3573 illius,
1618 3526 1719 3564 non
1768 3511 1837 3542 “7
1890 3519 2094 3573 nostra,

517 3603 719 3656 virtute
749 3602 894 3672 ipsos
920 3612 974 3657 et
1017 3602 1170 3655 bellis
1223 3594 1455 3657 vicimus
1502 3601 1573 3634 ’³⁸
1620 3612 1675 3656 ct
1732 3603 1796 3655 ad
1844 3600 2097 3670 baptismi

518 3694 750 3772 gratiam
810 3692 919 3746 Deo
968 3702 1241 3747 annuente
1308 3693 1376 3726 ”’
1423 3692 1794 3762 perduximus,
1857 3691 2100 3761 prisliua'.

519 3782 759 3837 libertati
782 3782 1011 3837 donatos
1035 3792 1091 3837 et
1118 3782 1266 3836 omni
1295 3783 1451 3838 nobis
1477 3784 1657 3837 debito
1683 3799 1845 3837 censu
1872 3784 2099 3847 solutos,

520 3889 622 3943 pro
658 3889 843 3943 amore
868 3873 1029 3943 illius.
1064 3874 1153 3942 qui
1195 3874 1350 3929 nobis
1390 3874 1673 3928 victoriam
1721 3874 1966 3938 contulit,
2002 3873 2100 3942 ipsi

520 3963 841 4032 Iriltltlttl'los
865 3970 920 4017 cl
957 3962 1260 4029 sublegales
1288 3964 1359 3995 ²³⁰
1406 3964 1598 4018 devote
1647 3962 1953 4018 addiximus
1997 3964 2099 4028 ²³¹;

521 4052 795 4118 videlicet,
828 4053 1001 4123 utqui
1048 4064 1245 4108 nostra:
1290 4055 1572 4124 potestatis
1604 4054 1792 4124 jugum
1844 4055 2104 4109 hactenus

520 4144 673 4201 ferre
714 4146 1176 4215 detrectaverunt,
1207 4148 1335 4204 victi
1361 4149 1477 4220 jam
1507 4148 1640 4217 (Deo
1665 4152 1895 4220 gratias)
1925 4161 1980 4206 et
2010 4167 2102 4214 ar-

519 4237 628 4294 mis
680 4245 738 4307 et
787 4238 916 4309 ﬁde,
973 4238 1194 4299 domino
1220 4241 1383 4296 ac’”
1423 4240 1678 4297 salvatori
1734 4250 1921 4296 nostro
1973 4240 2100 4297 Jesu

2196 1872 2251 1919 et
2281 1863 2507 1932 Lorgoe.
2536 1863 2759 1931 Insuper
2778 1862 2842 1915 ad
2862 1862 3097 1932 prtel‘ata}
3134 1862 3597 1918 constructionem
3615 1862 3783 1917 eccle-

2197 1956 2289 2009 si:e
2313 1954 2364 2008 in
2391 1953 2709 2022 supradictis
2722 1955 2874 2024 pagis
2896 1956 3236 2025 septuaginta
3256 1970 3478 2009 mansos
3499 1970 3626 2009 eum
3670 1955 3780 2008 suis

2197 2047 2401 2101 colonis
2422 2045 2731 2112 offerentes,
2759 2046 2935 2101 tocius
2959 2045 3121 2113 hujus
3137 2047 3439 2115 parrochia:
3464 2046 3674 2100 incolas
3692 2046 3782 2100 de-

2198 2139 2367 2194 cimas
2391 2154 2516 2192 suas
2540 2137 2783 2191 ecclesizc
2804 2137 2871 2169 ’⁵⁸
2889 2136 3380 2208 suoqucprovisori
3406 2135 3640 2189 fideliter
3667 2151 3785 2205 pcr-

2198 2230 2410 2284 solvere
2426 2232 2526 2283 hoc
2549 2238 2747 2283 nostrae
2771 2214 3073 2299 majestatis
3098 2227 3662 2298 przeceptojubemus,
3688 2226 3780 2279 do-

2198 2336 2390 2375 namus
2412 2330 2463 2373 et
2480 2319 2888 2374 conﬁrmamus.
2913 2319 3102 2374 Adhuc
3118 2319 3284 2373 etiam
3310 2318 3379 2349 ’δ’
3397 2320 3596 2373 summi
3614 2317 3785 2388 ponti-

2200 2411 2316 2465 ﬁcis
2332 2410 2468 2465 met
2485 2410 2804 2464 universalis
2818 2423 2969 2479 papre
2984 2409 3205 2463 Adriani
3225 2420 3494 2477 praecepto
3507 2424 3718 2463 necnon
3734 2418 3786 2461 et

2199 2502 2659 2572 Mugonciaccnsis
2705 2502 2774 2533 ’δ”
2815 2503 3050 2571 episcopi
3117 2500 3352 2555 l.ullonis
3422 2501 3775 2568 omniumque

2198 2595 2289 2665 qtti
2324 2592 2526 2649 afluere
2550 2594 2862 2664 pontificum
2886 2592 3113 2647 consilio
3141 2591 3234 2655 “5,
3272 2591 3502 2646 eandem
3537 2591 3787 2644 Bremcnc

2200 2700 2311 2739 sem
2348 2685 2632 2739 ecclesiam
2673 2700 2795 2738 eum
2835 2684 3088 2738 omnibus
3120 2684 3231 2737 suis
3269 2683 3609 2753 appendiciis
3651 2680 3785 2735 Wil-

2199 2777 2415 2839 lehado,
2449 2775 2742 2845 probabilis
2772 2777 2895 2831 vita:
2920 2777 3057 2839 viro,
3101 2791 3283 2829 coram
3318 2775 3428 2829 Deo
3481 2786 3536 2828 et
3589 2775 3789 2828 sanctis

2199 2867 2315 2936 ejus
2344 2867 2736 2921 commisimus.
2765 2866 2936 2934 Quem
2960 2869 3122 2920 etiam
3146 2865 3218 2897 ⁸⁵⁵
3265 2867 3502 2936 primum
3549 2864 3787 2933 ejusdem

2201 2958 2440 3014 ecclesize
2475 2958 2633 3013 tertio
2658 2958 2779 3013 ldus
2807 2957 2930 3013 Julii
2955 2960 3020 2990 ²¹⁶⁷
3048 2958 3359 3012 consecrari
3404 2956 3642 3012 fecimus
3681 2957 3793 3027 cpi-

2202 3068 2440 3121 scopum,
2469 3059 2527 3103 ttt
2557 3051 2764 3121 populis
2784 3052 2946 3106 divini
2983 3051 3049 3083 "3
3082 3053 3287 3105 semina
3320 3051 3469 3105 verbi
3493 3050 3795 3108 secundum

2201 3149 2381 3204 datam
2404 3148 2504 3202 sibi
2530 3148 2854 3216 sapientiam
2878 3146 3109 3201 ﬁdeliter
3130 3146 3510 3215 dispensanda,
3538 3154 3593 3203 et
3619 3142 3797 3198 novel-

2201 3241 2307 3295 lam
2341 3241 2480 3295 hanc
2517 3228 2803 3295 ecclesiam
2830 3237 3093 3292 canonico
3118 3237 3308 3291 ordine
3332 3246 3385 3291 et
3412 3223 3792 3291 monasicriali

2200 3332 2563 3400 competentia
2595 3330 2800 3384 utiliter
2838 3330 3157 3383 instruendo
3201 3328 3290 3393 Μ,
3320 3328 3538 3382 interim
3586 3326 3797 3397 plautet

2200 3433 2255 3479 et
2282 3425 2440 3492 riget,
2464 3439 2747 3493 quousque
2774 3422 3023 3490 precibus
3054 3430 3363 3476 sanctorum
3396 3434 3622 3492 suorum
3669 3431 3796 3472 exo-

2203 3527 2375 3583 ratus,
2410 3517 2801 3572 incrementum
2836 3517 2925 3570 det
2956 3515 3301 3584 omnipotens
3327 3514 3396 3546 ²⁵⁰
3427 3511 3592 3567 Deus.
3639 3512 3797 3568 Inno-

2207 3609 2310 3662 tuit
2338 3609 2501 3663 etiam
2532 3608 2698 3663 isdem
2730 3607 2796 3639 ’⁸⁸
2823 3607 3147 3662 venerabilis
3168 3608 3249 3661 vir
3272 3603 3553 3661 serenitati
3578 3614 3795 3665 postue,

2206 3716 2327 3755 eam
2357 3716 2517 3770 qttam
2541 3700 2775 3753 diximus
2803 3697 3150 3768 parrochiam
3182 3703 3403 3767 propter
3434 3693 3793 3748 barbarorum

2208 3791 2578 3846 iul‘estantium
2607 3789 2841 3860 pericula
2868 3806 2960 3843 seu
2988 3790 3165 3842 varios
3193 3797 3439 3849 eventus,
3484 3786 3578 3854 qui
3635 3787 3688 3839 in
3734 3799 3797 3838 ea

2202 3872 2387 3949 spleut
2418 3882 2754 3952 contingere,
2780 3881 2846 3935 ad
2870 3880 3238 3936 sustentacula
3265 3879 3377 3933 sive
3403 3877 3678 3945 stipendia
3706 3875 3796 3930 Dei

2208 3989 2489 4028 servorum
2522 3974 2652 4029 inibi
2711 3974 2821 4027 Deo
2866 3971 3210 4026 militantium
3267 3969 3491 4023 minime
3545 3966 3798 4028 sufﬁcere

2210 4078 2387 4132 posse.
2452 4046 2812 4129 Quamobrem
2857 4062 2980 4132 quia
3041 4063 3181 4116 Deus
3227 4060 3297 4091 ’"
3350 4058 3700 4126 omnipotens
3748 4056 3798 4109 in

2212 4164 2370 4224 gente
2398 4154 2719 4219 Fresonum,
2766 4155 2909 4209 sicut
2960 4163 3013 4208 et
3059 4153 3359 4217 Saxonum,
3416 4152 3622 4205 ostium
3681 4150 3798 4207 ﬁdei

2213 4252 2504 4314 aperuerat
2525 4244 2618 4312 ³⁵⁸,
2652 4254 2861 4315 partem
2889 4244 3297 4315 praenominatte
3320 4238 3579 4315 regionis,
3606 4239 3801 4295 videli-

1825 4352 2059 4413 ΥΑΒΙᾸΞ
2101 4358 2505 4416 LECTIONES.

514 4430 531 4439 ”
596 4446 1019 4518 ’°‘legitur5,4.
1093 4450 1482 4522 meonugsse
1503 4451 1557 4506 5.
1620 4448 1920 4517 mlocist.
1990 4450 2733 4521 mlanigero2.Luidgero5.
2791 4450 2859 4482 ¹¹³
2885 4450 3108 4503 recessit
3132 4448 3346 4502 deum.

520 4520 593 4553 ¹¹⁵
643 4520 943 4573 aunrime3.
974 4520 1028 4573 5.
1078 4522 1145 4573 ad
1188 4522 1498 4573 nrimuml.
1610 4520 1679 4559 ’i‘
1725 4520 1974 4573 impleret
2007 4522 2052 4573 l.
2131 4521 2198 4551 ²¹⁷
2234 4536 2285 4573 tu
2340 4522 2420 4573 eis
2474 4526 2614 4573 deest
2670 4520 2721 4573 5.
2835 4522 2904 4553 ³η
2943 4520 3333 4573 Widcchiudus

1610 4526 1679 4559 ‘l‘
1725 4526 1974 4587 impleret
2007 4526 2052 4575 l.
2131 4526 2198 4551 ¹¹⁷
2234 4536 2285 4573 tu
2340 4526 2420 4574 eis
2474 4526 2614 4575 deest
2670 4526 2721 4573 5.

1550 4592 1619 4623 ²ί⁹
1645 4591 1973 4660 quedeest4
2048 4591 2117 4622 ²²⁰
2167 4590 2478 4657 Moguntina
2635 4592 2703 4622 ²³¹

1681 4662 1749 4692 ²¹³
1778 4675 1917 4729 quos
1948 4676 1977 4715 a
2001 4660 2054 4714 ’5.
2078 4661 2133 4714 4.

520 4520 943 4589 ιιυγθρρτίιηῶ.
974 4520 1028 4573 5.
1078 4522 1145 4573 ad
1188 4520 1421 4589 primum
1447 4523 1498 4575 1.

523 4589 580 4644 ’5.
604 4588 958 4643 Wilbucbind
996 4590 1048 4642 4.
1091 4588 1378 4645 Widekind
1418 4591 1472 4645 5.

524 4660 597 4693 ’³³
626 4672 812 4722 sumus
836 4659 923 4711 ad.
953 4661 1009 4714 2.
1037 4660 1090 4714 5.
1116 4660 1169 4713 4.
1282 4661 1351 4692 “"
1373 4676 1478 4730 que
1506 4661 1568 4715 F-

522 4745 713 4783 manus
753 4731 1012 4789 mutavit:
1059 4744 1339 4797 quousque
1393 4734 1444 4785 in
1496 4731 1639 4786 illius
1667 4740 1722 4786 et
1778 4732 1986 4785 nonin.

524 4800 595 4869 ’j‘
626 4798 949 4869 adduximus
977 4797 1108 4854 Cod.
1164 4798 1402 4853 lldalrici
1447 4800 1767 4869 Bubenberg.
1863 4801 1931 4832 ²³¹
1957 4811 2005 4853 et
2038 4800 2093 4855 5.

526 4867 633 4923 Ud.
750 4868 817 4900 ’³⁷
850 4866 1139 4931 Wirraam,
1171 4870 1225 4923 2.
1283 4870 1527 4925 Virraam
1577 4870 1629 4924 5.
1662 4866 1873 4933 arripias.

525 4937 627 4993 sibi
657 4935 759 4991 Ud.
836 4936 905 4969 ’δ’
937 4939 1014 4992 Ad
1049 4940 1150 4994 hoc
1183 4941 1232 4993 in
1257 4938 1398 4993 Utltl.

529 5006 636 5062 Ud.
713 5007 784 5039 m
803 5018 857 5061 et
887 5004 990 5061 Ud.

531 5074 635 5131 ΠΛ.
714 5077 784 5113 ²⁸⁰
813 5078 1323 5149 intletomuipotens
1354 5090 1690 5143 crementum
1716 5081 1765 5134 1.

1610 4520 1679 4559 ’i‘
1725 4520 1974 4587 impleret
2007 4522 2052 4575 l.

1475 4939 1544 4970 ³⁸³
1570 4941 1840 5009 pontilicis
1869 4941 2005 4994 deest
2029 4942 2081 4995 5.

604 5281 753 5336 (1141
780 5282 877 5336 Ev.
909 5282 1099 5336 Matth.
1128 5301 1187 5336 x.
1213 5283 1306 5336 2'5.
1335 5281 1414 5336 Ex
1441 5281 1562 5336 Vita
1586 5280 1875 5336 Willehadi
1902 5297 1951 5336 c.
1983 5282 2036 5336 6.

2100 4730 2168 4763 ⁸³⁸
2201 4731 2467 4785 vincimus
2499 4734 2548 4784 1.

2169 4802 2239 4833 ’³³
2269 4801 2574 4870 provincias
2602 4800 2707 4854 Ud.

1986 4872 2055 4904 ’³³
2087 4871 2352 4939 bujusqtte
2376 4870 2478 4924 Ud.

2159 4941 2230 5011 Ψ
2251 4941 2708 5011 Maguntiacensis
2737 4944 2790 4996 5.
2808 4941 3219 5011 Mogunciensis
3246 4940 3299 5011 2.

1101 5009 1169 5041 ³⁸⁷
1215 5008 1530 5069 Ψονιιιθῑίτε
1574 5008 1938 5064 Consistentes
1968 5012 2094 5066 add.
2131 5010 2237 5066 Ud.
2312 5008 2711 5074 mtlivinaUd.

1842 5081 1910 5111 m
1942 5081 2079 5136 idem
2105 5082 2158 5135 5.
2184 5080 2288 5135 Ud.
2314 5082 2451 5135 deest
2476 5081 2529 5135 5.

2061 5171 2295 5228 ΝΟΤᾸΞ.
2388 5189 2400 5196 ‘

2139 5287 2190 5336 D

3424 4446 3494 4478 ιιι
3513 4445 3699 4478 hin-sn:

2840 4450 2859 4482 ³
2885 4450 3108 4531 recessit
3132 4449 3273 4530 deest
3293 4448 3346 4501 4.
3424 4444 3798 4528 "l'bienniot

2835 4522 2904 4553 ³¹⁸
2943 4520 3333 4573 Wtdcchmdus
3367 4517 3422 4570 Ξ.
3476 4514 3800 4570 Vttheeluud

2635 4592 2703 4668 "f
2733 4591 3120 4668 hiis‘gahiisc.
3350 4589 3419 4618 ὐ
3452 4587 3542 4668 Dei
3577 4583 3801 4668 deest}.

2248 4662 2639 4737 ’"_tl0tuabiles
2832 4663 2899 4694 ²²⁷
2932 4662 3007 4714 in.
3039 4659 3105 4737 In
3131 4660 3326 4737 θοαί-1.
3358 4657 3517 4737 paulo
3546 4657 3804 4737 acceptior

2657 4731 2728 4764 “9
2753 4740 3027 4785 aunuaute
3065 4730 3117 4782 4.
3230 4728 3299 4760 "°
3333 4724 3640 4793 subjugabo
3668 4724 3723 4777 2.
3748 4724 3800 4781 4.

2657 4802 2707 4853 d.
2785 4802 2857 4833 ⁸³⁸
2876 4811 2957 4853 est
2982 4801 3034 4853 5.
3110 4798 3180 4831 “'
3208 4812 3264 4853 ut
3292 4800 3342 4853 1.
3455 4796 3526 4827 ’³⁸
3579 4794 3795 4847 ﬂuvium

2558 4817 2574 4855 5
2602 4817 2707 4854 ua.
2786 4817 2857 4833 ""
2876 4817 2957 4856 ρει
2982 4817 3034 4853 ο.
3111 4817 3180 4831 ¹·’
3208 4817 3264 4853 tlt
3292 4817 3342 4853 ι.
3456 4817 3526 4827 "'
3579 4817 3795 4847 uuwum

2558 4872 2627 4902 ¹³⁹
2667 4880 2719 4925 et
2752 4870 2855 4925 Ud.
2930 4871 2999 4903 Μ
3024 4880 3361 4939 nuncupatas
3390 4867 3496 4921 Ud.
3576 4865 3648 4896 m
3673 4879 3795 4918 suas

2563 4944 2704 4968 ιιι-...ιη
2738 4944 2767 4968 ἰ
2825 4941 3215 4968 ιΙηκιιιιηζΛ-ιηζη
3246 4940 3281 4968 ο
3415 4937 3487 4968 ιιι
3540 4934 3791 4968 mne-alin

2808 4934 3220 5011 Moguuciensis
3246 4940 3299 4992 2.
3415 4937 3487 4969 ³⁵⁸
3540 4934 3793 4990 consultu

2792 5012 2861 5043 “9
2894 5011 3223 5065 instituendo
3277 5006 3379 5062 Ud.
3422 5007 3635 5060 utiliter
3657 5006 3794 5058 deest

2608 5082 2677 5113 ’³³
2699 5081 2957 5137 Dominus
2980 5082 3035 5136 5.
3110 5079 3180 5112 ’⁸⁸
3208 5079 3416 5150 aperuit
3444 5076 3500 5130 2.
3555 5075 3611 5129 5-
3633 5074 3689 5129 4-

2291 5287 2437 5336 (1171
2468 5286 2537 5336 ad
2565 5285 2723 5336 fidem
2754 5282 2990 5336 Saxonica
3029 5284 3270 5336 subacta.
3317 5280 3615 5336 Ettinltard.
3656 5278 3789 5334 Fuit
