3988 5336
180 314 257 371 181

870 309 1098 367 GESTA
1134 309 1551 368 PONTIFICUM
1595 310 2234 369 HAMMABURGENSIS
2270 312 2644 370 ECCLESIE.

3297 317 3402 374 482

180 432 483 499 episcopatum
497 426 1038 497 useepit,antequam
1060 428 1158 483 hoc
1184 443 1216 482 α
1238 445 1375 499 papa
1396 427 1619 482 Nikolao
1641 426 1712 459 '"
1743 436 1789 492 Α
1818 426 2004 481 insulis
2032 428 2353 496 conﬁdenter
2376 427 2593 500 (Ezech.
2620 445 2809 496 nux,
2854 428 2932 500 6).
2977 429 3156 499 Aliqui
3208 430 3322 486 lucc
3354 442 3409 488 et

178 522 440 586 ﬁrmaretur
465 516 536 548 '“
562 517 733 587 (I98).

232 630 306 687 27.
355 631 514 704 ((25.1,
546 633 676 705 Cap.
721 633 847 708 2L,
902 619 1137 693 Sanctus
1184 638 1370 708 itaque
1413 638 1720 709 Ansgarius

174 726 374 795 receptis
402 726 467 757 ⁸¹⁷
517 725 745 791 Bremis,
780 743 953 784 annos
990 729 1056 785 18
1106 730 1266 785 sedit.
1310 729 1447 785 Nam
1475 741 1634 785 antea
1666 747 1719 785 tn

178 815 620 885 llammalmrgensi
652 818 911 872 cathedra
941 818 1156 889 praefuit
1206 820 1366 875 annis
1410 820 1477 875 16
1506 820 1597 887 ⁸⁸⁸,
1629 820 1721 891 qui

180 908 294 961 ﬁunt
316 906 462 961 simul
507 908 595 962 51.
631 908 742 963 lloc
775 910 970 978 regalis
998 911 1379 966 munificentia:
1427 912 1568 967 dono
1600 928 1728 966 con-

177 994 319 1049 fessor
337 994 424 1048 Dei
467 995 623 1050 Valde
658 997 729 1028 ⁸¹⁹
770 999 1008 1066 gavisus,
1040 999 1093 1053 in
1149 1000 1371 1054 Daniam
1421 1000 1721 1056 festinavit.

176 1086 259 1142 Ubi
279 1102 442 1156 regem
464 1086 736 1141 Danorum
763 1089 832 1119 ⁸²⁶
858 1088 1111 1144 lloricum
1133 1091 1433 1156 inveniens,
1461 1093 1723 1147 christia-

174 1198 278 1236 num
301 1182 544 1236 reddidit.
572 1182 620 1236 ls
649 1182 714 1214 ³²¹
747 1183 930 1236 statim
964 1184 1251 1239 ecclesiam
1303 1185 1356 1239 in
1382 1196 1537 1255 portu
1563 1186 1721 1240 mari-

174 1272 283 1326 timo
309 1272 469 1325 erexit
498 1271 639 1340 apud
675 1271 744 1302 δ”
771 1271 1022 1343 Sliasvvig
1048 1273 1140 1337 δί’,
1173 1274 1295 1327 data
1325 1274 1531 1344 pariter
1562 1273 1728 1329 licen-

177 1363 252 1427 tia,
292 1373 342 1417 ut
370 1364 614 1432 quisquis
640 1363 714 1395 m
752 1363 911 1418 vellet
940 1364 993 1418 in
1021 1380 1188 1437 regno
1244 1382 1365 1429 suo,
1396 1366 1728 1421 christianus

174 1453 315 1507 ﬁeret.
343 1452 550 1506 lnlinita
578 1453 862 1523 gentilimu
910 1454 1142 1509 credidit
1169 1454 1475 1509 multitudo.
1508 1455 1581 1509 De
1611 1455 1729 1525 qni-

172 1546 252 1600 hus
299 1545 379 1599 hic
431 1544 482 1598 in
545 1544 699 1601 libris
744 1546 846 1600 hoc
893 1544 964 1577 '"
1029 1545 1344 1600 mcmoriale
1372 1546 1617 1601 relictum
1649 1553 1733 1599 est

171 1634 336 1704 plures,
368 1643 423 1687 ut
444 1649 589 1703 aqua
619 1633 869 1704 baptismi
898 1635 968 1667 ⁸²⁶
996 1635 1092 1690 1οιί
1144 1642 1290 1701 sunt,
1322 1636 1389 1691 ab
1419 1635 1564 1690 omni
1608 1649 1728 1689 cor—

171 1725 291 1794 poris
311 1723 624 1779 inﬁrmitate
656 1725 919 1781 liberatos
948 1724 1120 1794 (199i.

224 1836 301 1892 28.
336 1836 498 1908 ([26.J
539 1835 672 1906 Cap.
706 1836 831 1906 22.)
867 1836 1076 1905 Quibus
1122 1836 1286 1893 rebus
1311 1827 1383 1892 ρι’
1418 1844 1545 1892 voto
1575 1852 1724 1891 com-

173 1926 319 1995 pletis,
344 1927 464 1983 dum
492 1930 677 1984 adhuc
704 1940 925 1987 sanctus
971 1932 1064 1988 Dei
1102 1948 1203 2003 pro
1246 1940 1409 2004 gente
1449 1931 1727 1987 Sueonum

171 2026 363 2072 testnare
383 2019 665 2088 coepisset,
680 2036 802 2075 ctum
828 2020 1143 2076 Caudberto
1163 2022 1420 2093 episcopo
1440 2021 1728 2076 consilium

174 2107 348 2171 habuit,
375 2109 496 2179 quis
527 2125 722 2164 eorum
752 2110 1024 2166 laudabile
1051 2126 1151 2181 pro
1179 2111 1398 2166 Christo
1425 2111 1728 2182 periculum

172 2197 358 2251 subiret.
383 2199 447 2252 At
472 2199 568 2255 ille
598 2201 902 2271 periculum
951 2211 1147 2272 sponte
1195 2202 1496 2265 declinans.
1527 2202 1732 2273 Ansga-

175 2286 285 2339 rium
306 2289 496 2356 potius,
549 2300 608 2343 ut
660 2290 785 2357 iret,
820 2291 1032 2362 rogavit
1061 2290 1133 2322 ⁸³⁷
1159 2291 1328 2363 (200).
1363 2292 1634 2363 Extimplo
1662 2293 1732 2324 ⁸¹⁸

172 2376 306 2432 atleta
334 2379 397 2410 '”
429 2381 744 2451 intrepidus
777 2381 959 2438 llorici
981 2382 1051 2414 ⁸³⁸
1084 2384 1228 2455 regis
1270 2385 1495 2439 missum
1526 2385 1736 2454 rogavit

175 2481 304 2540 atque
327 2473 559 2543 sigillum
605 2474 781 2547 (20l),
810 2484 866 2530 et
894 2491 925 2530 a
962 2475 1122 2532 litore
1167 2476 1441 2532 Danorum
1471 2477 1734 2531 transfre-

175 2573 272 2618 tans
298 2565 344 2619 in
384 2564 681 2622 Sueoniam
726 2569 988 2638 pervenit,
1035 2569 1125 2625 ubi
1180 2579 1306 2625 tunc
1341 2586 1432 2625 rex
1463 2569 1632 2641 Oleph
1660 2570 1729 2602 '“

175 2653 287 2720 apud
329 2653 537 2711 Bircam
568 2657 827 2728 generale
856 2658 1038 2729 populi
1089 2658 1170 2714 sui
1224 2658 1415 2712 habuit
1444 2659 1729 2728 placitum.

173 2742 720 2815 Queiu,pi~.evenieute
768 2748 1142 2804 misericordia
1188 2748 1305 2814 Dei,
1346 2748 1418 2803 ita
1460 2748 1730 2817 placatqu

174 2832 369 2894 invenit,
401 2843 456 2887 ut
479 2850 551 2889 ex
602 2835 672 2866 ⁸³¹
698 2837 817 2907 ejus
846 2838 1072 2908 imperio
1098 2848 1153 2892 et
1177 2836 1356 2906 populi
1384 2852 1647 2893 consensu
1680 2846 1737 2892 et

170 2913 293 2982 lactt!
322 2924 479 2976 sortis
509 2932 572 2979 et
600 2926 748 2996 ydoli
791 2943 1055 2997 responso
1085 2926 1313 2983 ecclesia
1347 2927 1546 2981 ibidem
1569 2927 1736 2982 fabri-

174 3018 268 3062 cata
307 3019 357 3066 et
411 3014 669 3086 baptismi
700 3017 919 3073 licentia
949 3020 1200 3074 omnibus
1229 3035 1487 3075 concessa
1515 3020 1604 3075 sit.
1639 3020 1736 3075 llis

173 3099 304 3152 etiam
335 3117 397 3156 ex
423 3106 701 3191 sententia
726 3107 916 3173 ﬁnitis,
952 3109 1300 3179 ewangclista
1348 3118 1535 3163 noster
1558 3108 1735 3163 eccle-
1764 3138 1809 3200 ρ

171 3189 282 3243 siam
308 3184 586 3249 Sueonum
635 3196 945 3254 Erimberto
976 3199 1376 3254 commendavit
1413 3200 1733 3270 presbytero

172 3287 216 3330 et
263 3282 428 3337 rediit.
480 3285 621 3353 Quae
675 3287 729 3341 in
754 3287 875 3343 Vita
929 3290 1101 3344 sancti
1152 3290 1403 3360 Ansgarii
1469 3289 1731 3367 latissima

172 3380 409 3438 gestorum
434 3378 759 3433 narratione
778 3380 847 3421 ³³³
871 3380 1138 3451 descripta
1157 3380 1329 3451 (202),
1358 3396 1455 3434 nos
1473 3379 1737 3434 brevitate

172 3460 368 3517 nitentes
396 3468 827 3533 amputavimus.
861 3468 923 3522 Et
956 3468 1056 3523 uisi
1104 3468 1241 3523 fallit
1284 3467 1354 3500 m
1380 3467 1585 3539 opinio.
1613 3483 1738 3537 1)το-

172 3552 322 3618 phetia
344 3556 412 3589 ⁸³⁸
442 3559 757 3623 Ezechielis
785 3561 851 3616 de
871 3561 986 3632 Gog
1008 3571 1061 3616 et
1099 3561 1288 3634 Magog
1339 3559 1736 3616 convenientis-

171 3641 281 3698 sime
299 3644 379 3700 hic
409 3649 638 3719 impleta
670 3649 905 3705 videtur.
954 3650 1020 3704 Et
1071 3650 1272 3703 mittam
1305 3649 1397 3715 ⁵³⁸,
1429 3649 1605 3719 inquit
1635 3648 1737 3703 Do-

173 3732 338 3801 minus,
378 3738 553 3811 ignem
606 3739 665 3793 in
721 3740 932 3810 Magog,
985 3748 1033 3793 et
1087 3741 1143 3794 in
1184 3740 1265 3794 Itis
1290 3739 1381 3809 qui
1410 3738 1650 3792 habitant
1677 3738 1730 3790 in

1826 517 1955 571 talia
1982 517 2049 573 de
2072 517 2285 582 Gothis,
2314 521 2403 589 qui
2431 519 2658 573 Romam
2685 528 2965 591 ceperant,
2996 521 3139 575 dicta
3166 521 3235 555 ’ν’
3264 524 3409 580 arbi-

1825 615 2043 661 trantur
2070 607 2237 676 (205).
2269 607 2377 663 Nos
2406 624 2534 662 vero
2563 609 2972 665 considerantes
2990 611 3287 666 Gothorum
3312 628 3408 683 po-

1828 713 1983 766 ,..:os
2014 697 2064 751 in
2088 697 2321 752 Sueonia
2354 707 2664 767 regnantes,
2707 714 3030 771 omnemque
3072 701 3210 757 hanc
3237 704 3411 774 regio-

1827 804 1949 844 nem
1978 790 2177 860 passim
2227 790 2280 844 in
2326 791 2530 845 insulas
2571 791 2911 860 dispertitam
2941 808 3062 849 esse
3087 794 3259 866 (204),
3282 810 3411 866 pro-

1825 879 2065 948 phetiam
2103 880 2390 949 opinamur
2437 881 2516 934 eis
2566 896 2724 949 posse
2763 882 3097 939 commodari
3143 885 3212 919 ⁸⁸⁸
3286 901 3408 941 cum
3452 892 3457 895 ‘
3520 940 3541 953 ,

1827 974 2129 1044 praesertim
2155 972 2322 1027 multa
2347 973 2600 1042 przedicta
2627 974 2735 1028 sint
2755 990 2783 1028 a
2805 978 3110 1045 prophetis,
3139 993 3258 1050 quae
3279 996 3414 1035 non-

1827 1064 1953 1119 dum
1981 1065 2233 1119 videntur
2257 1065 2473 1134 impleta
2507 1064 2600 1118 ⁸³⁹.

1898 1173 1991 1227 29.
2033 1172 2205 1245 ([27.]
2239 1174 2367 1244 Cap.
2403 1174 2527 1244 25.)
2565 1175 2775 1230 Interea
2820 1176 3047 1245 qumstio
3072 1192 3265 1250 magna
3294 1195 3415 1236 sur-

1829 1264 1970 1317 rexit
1998 1263 2049 1316 in
2093 1279 2258 1332 regno
2296 1264 2631 1318 Francorum
2664 1266 2729 1320 de
2775 1265 3047 1321 Bremensi
3078 1270 3413 1340 episcopatu,

1829 1354 1896 1406 ad
1926 1354 2186 1407 invidiam
2232 1354 2301 1384 “°
2354 1355 2601 1422 Ansgarii
2633 1354 2886 1410 conﬂata.
2915 1356 2988 1410 Ea
3017 1360 3296 1414 contentio
3323 1362 3414 1415 diu

1830 1456 1927 1513 per
1949 1459 2173 1514 regnum
2200 1443 2263 1475 “’
2299 1445 2446 1514 gravi
2480 1456 2536 1499 et
2564 1446 2783 1516 ancipiti
2818 1447 3154 1502 dissensione
3176 1450 3245 1482 ⁸η
3291 1466 3417 1520 pro-

1829 1534 2007 1601 ﬂigata
2052 1533 2147 1599 "3,
2195 1536 2378 1589 multis
2430 1536 2663 1605 partium
2720 1538 2914 1591 studiis
2941 1537 3296 1594 cullidebatur
3321 1539 3414 1593 '“.

1829 1624 1862 1658 "
1884 1622 2126 1677 Tandem
2182 1624 2522 1678 orthodoxus
2574 1639 2744 1678 caesar
2780 1623 3073 1692 Ludvicus,
3102 1628 3418 1698 compositis

1757 1777 1763 1783 π
1832 1713 1961 1768 hinc
2012 1714 2136 1768 inde
2167 1715 2653 1770 contradicentimn
2707 1717 3100 1784 voluntatibus,
3146 1722 3418 1790 praecipue

1758 1792 2136 1868 RGuntharii,
2189 1805 2529 1860 Coloniensis
2580 1806 2996 1876 archiepiscopi,
3046 1809 3199 1879 cujus
3226 1809 3421 1865 suffra-

1832 1908 2001 1964 ganea
2027 1894 2175 1964 prius
2190 1904 2308 1947 erat
2326 1893 2541 1958 Brema,
2561 1910 2722 1965 super
2744 1894 2827 1948 bis
2846 1897 3069 1950 Itomam
3094 1898 3323 1953 nuncios
3346 1898 3417 1931 '“

1831 1983 2030 2037 direxit
2061 1984 2128 2038 ad
2177 1986 2583 2039 sanctissimum
2626 2001 2820 2055 papam
2866 1983 3172 2041 Nikolaum.
3218 1987 3309 2043 Ille
3351 1989 3422 2023 '“

1833 2076 1975 2146 quod
2006 2078 2303 2133 necessitas
2332 2078 2701 2134 ecclesiastica
2730 2081 3021 2149 persuasit,
3051 2090 3105 2135 et
3134 2082 3278 2153 quod
3310 2083 3416 2139 Pa-

1836 2176 1977 2222 trum
2001 2168 2243 2223 conciliis
2270 2168 2670 2223 rationabiliter
2711 2168 2778 2202 ⁸⁸⁷
2828 2169 2943 2223 ﬁeri
2988 2186 3145 2239 posse
3174 2189 3423 2243 compro-

1833 2260 2018 2315 batum
2041 2272 2142 2325 est,
2175 2258 2337 2315 facile
2370 2259 2668 2314 consensit.
2711 2260 2851 2331 Ergo
2880 2261 3227 2318 Bremenscm
3256 2280 3318 2319 ac
3347 2265 3421 2297 “'

1835 2351 2393 2423 llammaburgensem
2445 2351 2815 2421 episcopatum
2857 2351 3180 2407 auctoritate
3210 2363 3424 2424 aposto-

1834 2441 1934 2497 lica
1960 2442 2225 2512 copulari,
2254 2452 2309 2498 et
2329 2441 2582 2511 deinceps
2630 2440 2699 2473 'm
2728 2442 2910 2496 sanxit
2936 2458 3033 2512 pro
3067 2457 3174 2498 uno
3204 2443 3418 2500 haberi.

1836 2535 2002 2604 Cujus
2026 2537 2101 2591 rei
2126 2536 2406 2608 privilegia
2432 2535 2719 2606 diligenter
2735 2536 2910 2591 adhuc
2932 2535 3003 2567 ⁸⁵⁸
3031 2548 3423 2594 conservantur

1837 2628 1889 2683 in
1919 2628 2198 2683 Bremensi
2228 2627 2295 2661 ³⁵⁸
2325 2627 2573 2683 ecclesia.
2591 2627 2647 2682 lu
2673 2629 2745 2659 "'
2772 2627 2968 2697 quibus
2988 2630 3152 2684 etiam
3175 2630 3419 2685 additum

1838 2719 2103 2787 est.quod
2126 2718 2267 2772 idem
2292 2733 2424 2788 papa
2448 2716 2720 2788 Nykolaus
2743 2725 2851 2772 tam
2876 2718 3049 2789 ipsum
3073 2720 3423 2791 Ansgarium,

1838 2823 2000 2878 quam
2024 2822 2367 2862 successores
2396 2804 2513 2874 ejus
2535 2806 2743 2875 legatos
2766 2819 2820 2863 et
2848 2809 3083 2863 vicarios
3113 2809 3426 2878 apostolica:

1840 2899 1984 2953 sedis
2036 2897 2321 2953 constituit
2348 2897 2400 2952 in
2430 2899 2682 2953 omnibus
2727 2898 2979 2969 gentibus
3020 2897 3295 2954 Sueouum
3332 2898 3423 2966 ⁵³³,

1840 2987 2115 3042 Danorum
2165 2996 2329 3058 atque
2376 2986 2693 3042 Sclavorum
2739 2988 2924 3060 (205);
2973 2990 3116 3059 quod
3162 2997 3217 3044 et
3268 2998 3430 3045 antea

1842 3076 2137 3150 Gregorius
2168 3094 2304 3149 papa
2328 3079 2618 3134 concessit.
2650 3077 2819 3149 Igitur
2839 3080 3148 3135 Bremensis
3174 3090 3335 3151 atque
3356 3080 3430 3113 "'

1842 3170 2362 3244 llammaburgensis
2388 3172 2459 3209 ⁵⁸⁸
2495 3172 2794 3241 parrochia:
2834 3171 3159 3228 coadunatio
3182 3171 3322 3228 facta
3347 3181 3430 3229 est

1842 3261 2033 3316 ultimo
2058 3274 2299 3332 tempore
2347 3262 2521 3317 sancti
2566 3262 2844 3333 Ansgarii.
2893 3259 3016 3317 Vita
3071 3261 3186 3329 ejus
3227 3278 3430 3317 annum

1841 3370 1948 3409 non
2001 3355 2172 3425 ponit,
2215 3365 2547 3424 praeceptum
2604 3343 2787 3409 autem
2835 3356 2981 3424 regis
3024 3355 3176 3423 ponit
3225 3369 3429 3408 annum

1842 3446 1993 3517 regni
2034 3445 2354 3501 vicesimum
2383 3446 2654 3515 primum;
2708 3445 3052 3515 privilegium
3099 3459 3250 3514 papae
3279 3454 3432 3498 notat

1840 3552 2042 3590 annum
2066 3535 2289 3609 Domini
2319 3535 2444 3599 858,
2497 3536 2587 3608 qui
2621 3546 2705 3590 est
2752 3535 2821 3590 ab
2872 3533 3217 3590 ordinatione
3247 3535 3431 3589 archi-

1839 3627 2078 3698 episcopi
2107 3625 2399 3683 vicesimus
2430 3642 2605 3684 nonus
2636 3626 2726 3682 ⁸⁸⁸.

1909 3735 1999 3790 50.
2024 3694 2058 3808 -(
2073 3735 2216 3809 [28.]
2255 3736 2389 3808 Cap.
2422 3736 2548 3808 ξι.)
2587 3736 2719 3794 Post
2765 3738 2880 3794 haec
2906 3737 3167 3794 scribitur
3215 3737 3271 3792 in
3304 3694 3427 3793 vus

1619 3873 1934 3931 SCHOLIA.

226 3983 244 4005 ‘
266 3982 434 4041 Schol.
471 3988 526 4042 7.
568 3987 873 4062 Concilium
902 3988 1346 4062 adunatiouisf?’
1383 3988 1586 4045 factum
1608 3999 1692 4047 est
1717 3990 2030 4046 Wormatize
2059 3997 2328 4062 prmsente
2348 4002 2471 4043 cum
2500 3986 2767 4059 episcopis
2792 4002 2996 4044 cmsare
3026 3987 3120 4056 ⁸⁸⁸,
3150 3989 3292 4045 sicut
3318 3989 3431 4060 pri-

569 4059 828 4129 vilegium
858 4067 1107 4113 testatur.
1142 4059 1220 4128 (2.
1245 4058 1322 4113 4.‘

1412 4170 1648 4228 VARle
1682 4171 2095 4230 LECTlONES.

229 4280 288 4315 ἠ
329 4282 593 4340 Nicholao
635 4282 692 4335 4.
806 4283 878 4315 m
935 4283 1352 4339 conﬁrmaretur
1403 4285 1457 4339 5.

175 4360 272 4402 est:
306 4352 414 4408 XV.
474 4356 526 4408 1.
640 4352 713 4385 ⁸⁸⁸
744 4352 902 4406 valde
951 4354 1092 4407 deest
1146 4354 1194 4407 1.

279 4423 296 4493 )
341 4425 673 4493 baptizatur.
787 4423 855 4455 ⁵⁹ί
885 4424 1046 4476 etiam
1070 4424 1124 4478 5.
1203 4423 1271 4456 ⁸³²
1310 4434 1437 4494 aput
1464 4424 1519 4477 2.
1573 4426 1785 4494 smpius.

286 4495 335 4547 5.
438 4495 511 4528 ⁸³⁸
543 4494 879 4550 auibushoc
919 4494 971 4546 in
1024 4493 1179 4548 libris
1204 4494 1261 4547 2.
1323 4496 1378 4550 5.
1440 4495 1495 4549 4.
1616 4496 1687 4527 5"
1738 4496 1785 4549 b:

180 4510 262 4553 que
286 4510 335 4547 ο.
438 4510 511 4528 ἰ·
543 4510 747 4564 quibus
779 4510 879 4548 nor.
920 4510 971 4546 In
1024 4510 1179 4548 nnrts
1204 4510 1261 4547 ξ’..
1323 4510 1378 4550 5.
1440 4510 1495 4549 4.

180 4556 237 4590 ⁸¹⁸
260 4566 518 4621 extemplo
541 4567 600 4619 5.
627 4563 681 4617 5.
794 4563 865 4605 ⁸³³
895 4562 988 4617 Dei
1017 4564 1163 4617 addit
1194 4566 1248 4617 2.
1276 4564 1364 4619 2'.
1476 4566 1495 4597 ⁸

178 4632 295 4705 ratio
330 4634 380 4687 5.
411 4632 466 4689 ξ.
584 4634 658 4666 ⁸³⁸
685 4634 741 4688 1ιὶ
765 4633 920 4689 fallat
942 4633 994 4687 4.
1063 4702 1073 4705 Α
1105 4635 1175 4666 ⁵³⁵
1227 4636 1523 4705 prophetia,
1550 4638 1604 4692 5.
1718 4635 1790 4666 ue

181 4698 220 4751 l.
259 4704 650 4759 accommodari
675 4704 728 4758 5.
844 4705 915 4735 ⁸³⁹
942 4702 1168 4759 necdum
1201 4698 1251 4757 v.
1285 4698 1549 4774 centipleta
1594 4707 1649 4761 2.
1691 4706 1744 4759 5.
1776 4705 1831 4759 4.

179 4781 276 4841 sunt
306 4773 349 4827 l.
458 4776 535 4807 ⁸η
561 4775 897 4830 dissessioue
923 4777 978 4830 5.
1065 4774 1136 4808 ⁸⁸³
1163 4773 1449 4841 conﬂigata
1474 4777 1529 4830 2.

181 4905 233 4937 ’δ’
254 4905 637 4968 rationabiliter
681 4905 821 4970 deest
853 4918 904 4968 4.
1016 4916 1087 4953 W'
1115 4922 1171 4969 et
1195 4913 1249 4968 5.

181 4977 295 5049 deest
310 4982 359 5035 5.
431 4985 506 5017 ⁸⁸³
542 4985 838 5049 Danorum,
870 4983 1146 5041 Suconum
1178 4983 1229 5036 5.
1255 4983 1311 5038 4.

182 5043 237 5085 ⁸³⁸
257 5066 370 5107 czes.
396 5071 447 5109 c.
486 5070 580 5126 ep.
609 5055 663 5109 4.
696 5054 750 5108 5.

1554 4284 1626 4316 ⁸¹⁷
1681 4293 1933 4354 receptus
1988 4285 2041 4341 5.

1616 4496 1687 4527 5"
1738 4496 2005 4565 baptisma
2058 4499 2108 4551 1.

1476 4566 1547 4598 ⁸⁸⁸
1577 4565 1754 4620 Herici
1781 4567 1831 4620 5.
1870 4566 2012 4621 Ετὶςί
2038 4568 2094 4620 2.

1643 4775 1714 4808 “"
1740 4777 2139 4832 collidebantur
2170 4778 2219 4831 1.

181 4837 340 4917 ίςςαιιιξ
381 4845 592 4917 videtur
622 4846 805 4917 fuisse,
834 4846 919 4898 cui
948 4857 1135 4900 auctor
1185 4837 1720 4917 trameaASalamonis,
1773 4846 2097 4903 Cortstamim
2137 4847 2380 4917 episcopi,
2413 4847 2639 4917 inserere
2665 4844 2845 4917 coluit.

1360 4914 1430 4947 ⁸⁸⁸
1456 4917 1707 4986 deinceps
1736 4918 1875 4973 deest
1904 4920 1957 4975 5.
2034 4918 2102 4952 "°
2132 4914 2316 4972 adhuc
2350 4918 2488 4986 de?“
2519 4916 2572 4969 3o

1422 4986 1493 5019 '”
1522 4997 1579 5042 et
1595 4981 1662 5040 5.’
1729 4988 1801 5021 ⁸⁸⁵
1828 4988 2369 5059 hammenburgensis
2389 4985 2441 5039 4.
2521 4987 2591 5022 ⁸⁸⁸
2618 4985 2855 5043 XXVIII.
2887 4988 2941 5042 4.
3017 4986 3086 5018 ⁸⁸⁷
3132 4984 3356 5038 uuiouis
3386 4981 3439 5031 4ο

2126 4285 2196 4318 ⁸¹⁸
2252 4296 2408 4341 antea
2464 4299 2636 4339 annos
2689 4282 2825 4355 XVI.
2879 4286 2965 4338 cui
3024 4285 3428 4355 superscriptum

1306 4353 1375 4385 "°
1420 4368 1603 4425 regem
1648 4353 1866 4410 Ericum
1917 4358 1971 4425 5.
2002 4356 2055 4411 in
2103 4358 2339 4425 margine
2407 4357 2523 4409 cod.
2553 4354 2588 4408 2
2616 4369 2660 4425 τ-
2689 4354 2877 4425 Ericus
2922 4356 3189 4425 Daunrum
3244 4353 3428 4423 regem

1899 4419 1971 4457 ⁵⁸³
1993 4419 2316 4507 διςιεηὶςιξὲ).
2352 4424 2610 4507 Slcswich
2635 4422 2684 4476 2.
2722 4424 2991 4506 Sliasuvig
3183 4424 3254 4507 ⁸¹ξ
3282 4419 3432 4507 quais-

2218 4497 2285 4530 ⁸⁸⁷
2321 4503 2566 4549 sanctum
2613 4510 2664 4564 p.
2727 4509 2781 4547 n.
2808 4495 2845 4547 i.
2899 4494 2975 4547 r.
3013 4494 3333 4564 Ansgarium
3370 4494 3427 4549 4.

2207 4567 2271 4598 ιιι
2304 4564 2483 4635 Olaph
2508 4561 2576 4635 75.
2650 4564 2721 4595 ’π
2757 4580 2823 4635 ως
2852 4564 2992 4618 deest
3026 4566 3080 4619 5.
3191 4564 3261 4595 ⁸³³
3301 4580 3429 4635 nar:

1842 4636 2095 4691 Emittam
2121 4638 2177 4691 2.
2204 4637 2257 4691 5.
2281 4636 2333 4690 4.
2406 4633 2414 4635 ’
2447 4634 2515 4666 ⁸³⁷
2543 4634 2748 4688 dictum
2797 4634 2849 4688 5.
2962 4635 3033 4670 ⁸³⁸
3059 4633 3431 4690 commendari

1948 4707 2017 4739 ⁸⁸⁸
2070 4708 2209 4762 beati
2247 4706 2391 4760 addit
2419 4704 2472 4759 4.
2585 4704 2651 4736 δι’
2692 4705 2946 4758 invidiam
2976 4737 3047 4747 --
3081 4720 3306 4775 regnum
3342 4705 3432 4775 de_-_

2328 4775 2399 4806 “‘
2430 4776 2658 4828 nuncios
2687 4776 2825 4826 deest
2858 4776 2901 4829 1.
2935 4777 2988 4829 2.
3013 4776 3065 4829 ’5.
3093 4773 3433 4843 Ιιίονὶᾳὲηαιὶ

2951 4846 3021 4878 ⁸⁸⁸
3043 4859 3169 4898 vero
3206 4846 3355 4897 addit
3377 4855 3433 4895 4.

2682 4916 2750 4946 ’δι
2785 4916 3074 4972 Bremense
3102 4914 3149 4967 1.
3258 4915 3330 4949 ⁸⁸*
3378 4912 3438 4965 lu

1710 5166 1942 5222 ΝΟΤΕ-
