3988 5336
512 391 531 405 ⁴
545 397 652 454 405

1652 390 1867 447 ADAMI
1907 388 2225 446 CANONlCl
2259 386 2647 445 BREMENSIS

3736 390 3833 445 476

543 512 615 564 'is
648 508 743 576 m,
779 522 940 581 quam
973 504 1084 579 ipse
1112 518 1210 577 pro
1235 503 1520 561 dilectione
1549 502 1791 575 magistri
1814 518 1977 575 super
2003 512 2144 557 tum-
2173 507 2218 564 Λ
2249 504 2562 573 quantulum
2588 504 2658 537 “‘
2681 504 3026 571 remansisse,
3059 514 3163 559 non
3194 511 3357 558 tatam
3382 498 3670 558 defecisse.
3701 502 3834 575 με.)

546 596 674 653 bam
705 596 820 668 ejus
848 596 1041 651 erexit.

534 716 540 723 ε
621 690 710 745 55.
752 687 912 760 ([15]
937 686 1067 756 Cap.
1098 684 1214 757 45.)
1245 683 1489 756 llogcrus
1521 685 1967 755 archiepiscopus
2006 685 2146 740 sedit

550 794 722 836 annos
753 780 806 832 7.
863 778 931 832 Et
977 776 1137 847 hujus
1172 792 1344 831 annos
1371 778 1707 848 repperimus
1737 777 1788 831 in
1820 777 1958 832 libro
1987 791 2146 847 supe-

526 860 680 924 'riori
721 868 892 940 (277),
939 876 994 922 et
1026 868 1170 936 quod
1200 880 1296 938 per
1321 868 1722 923 contentionem
1750 868 2034 923 ordinatus
2064 876 2148 923 est

549 975 579 1013 τι
609 957 915 1015 Coloniensi
944 957 1353 1029 archiepiscopo
1389 957 1460 992 ’θ’
1485 958 1656 1029 (278).
1708 958 1934 1013 Pallium
1965 974 2150 1013 susce-

546 1050 627 1124 pit
655 1065 683 1103 a
709 1065 840 1120 papa
879 1048 1070 1121 Sergio
1106 1048 1201 1113 ⁷⁸⁸,
1229 1047 1457 1105 ferulam
1484 1065 1514 1103 a
1545 1049 1782 1105 Ludvieo
1809 1066 1954 1120 rege.
1998 1050 2151 1106 Unde

547 1135 735 1206 fuerit,
770 1148 864 1195 aut
903 1138 1136 1209 qualiter
1165 1140 1380 1205 vixerit,
1415 1139 1525 1196 Deo
1555 1142 1829 1211 cognitum
1863 1151 1966 1196 est.
2003 1140 2149 1197 Inve-

550 1232 734 1288 nimus
774 1240 957 1286 tamcn
994 1231 1255 1300 scriptum
1299 1231 1350 1285 in
1382 1231 1779 1300 antiquioribus
1802 1232 2049 1287 ecclesiae
2087 1231 2149 1286 li-

549 1324 667 1380 bris
695 1338 804 1378 uno
830 1338 987 1379 versu
1025 1322 1170 1394 [quis
1199 1321 1381 1394 fuerit]
1410 1322 1501 1386 7",
1536 1324 1609 1377 ita
1645 1324 1716 1355 ⁸⁰⁰
1743 1341 1756 1377 :

651 1414 878 1471 Sanctus
915 1424 960 1468 et
997 1413 1189 1469 electus
1226 1412 1329 1483 fuit
1370 1413 1548 1485 lloger
1582 1416 1830 1484 septimus
1868 1414 2040 1469 heros.

548 1504 838 1563 Sanctitati
866 1504 982 1575 ejus
1013 1503 1377 1560 testimonium
1400 1504 1596 1560 asserit
1621 1514 1862 1559 veterum
1900 1506 2146 1569 tradieio.

539 1611 674 1668 quae
695 1602 883 1650 narrat
911 1609 1032 1649 cum
1061 1594 1463 1650 severissimum
1497 1596 1548 1650 in
1576 1596 1945 1653 ecclesiastica
1990 1599 2151 1654 disci-

538 1689 720 1760 .plina,
782 1703 883 1760 pro
931 1688 1321 1745 consuetudine
1370 1690 1695 1744 monasteria
1753 1705 1865 1745 suae
1920 1692 2151 1748 diocesis

540 1780 743 1835 ‘crebro
768 1779 1046 1835 circuisse.
1088 1778 1241 1836 Unde
1265 1780 1430 1835 etiam
1461 1795 1584 1836 cum
1612 1781 1752 1851 apud
1783 1782 2151 1852 llammahurg

2243 596 2301 652 In
2339 596 2526 652 diebus
2564 596 2667 652 illis
2704 597 3074 651 inmanissima
3104 595 3417 666 persccucio
3446 594 3744 649 Saxoniam
3772 596 3835 627 '"

2245 688 2529 757 oppressit.
2565 703 2684 741 cum
2715 687 2840 742 hinc
2876 688 3007 742 Dani
3045 697 3092 742 et
3128 685 3325 750 Srlavi,
3357 686 3480 740 inde
3508 685 3732 740 Behemi
3774 685 3837 719 "'

2246 791 2301 834 ct
2334 779 2501 849 Ungri
2532 779 2602 814 ⁸¹⁸
2641 777 2788 849 (281)
2838 778 3105 832 laniarent
3144 777 3424 832 ecclesias.
3466 777 3623 830 Tunc
3653 791 3835 844 parro-

2248 873 2369 928 chia
2401 872 2915 942 Hammahurgeusis
2945 886 2973 924 a
3012 868 3239 935 Sclavis,
3276 879 3331 924 et
3379 869 3691 923 Bremers.s
3735 867 3839 923 Un-

2248 980 2467 1035 grorum
2499 964 2698 1033 impetu
2745 962 3000 1017 demolita
3047 970 3149 1016 est.
3186 960 3393 1017 Interea
3425 959 3709 1016 confessor
3749 960 3839 1014 Dei

2251 1054 2493 1125 Hogerus
2519 1054 2674 1119 ohiil,
2698 1061 2750 1109 et
2782 1052 3024 1122 sepultus
3071 1061 3153 1106 est
3193 1052 3245 1105 in
3283 1051 3710 1119 ecclesiaqsancti
3749 1049 3837 1104 lilia

2250 1145 2421 1200 kaelis
2445 1162 2565 1199 cum
2594 1145 2877 1199 decessore
2904 1160 3020 1208 suo,
3046 1159 3188 1197 anno
3212 1142 3420 1197 Dmtini
3445 1144 3549 1198 9‘5
3573 1144 3648 1176 ⁸²⁰
3673 1143 3838 1213 (282).

2252 1235 2524 1306 Deposilio
2552 1236 2621 1267 ⁸²¹
2655 1237 2718 1290 15
2754 1235 2979 1290 Kalend.
3024 1232 3264 1289 Januarii
3292 1233 3545 1289 habetur.
3586 1233 3757 1302 Hujus
3774 1234 3843 1266 ”‘

2253 1342 2446 1397 corpus
2468 1315 2733 1396 episcopi,
2750 1343 2871 1381 cum
2895 1335 3016 1396 post
3037 1340 3205 1379 annos
3224 1335 3440 1379 centum
3463 1333 3517 1379 ct
3537 1325 3725 1396 viginti
3749 1325 3839 1390 ⁸⁸³,

2250 1420 2427 1475 diruta
2452 1419 2602 1473 senio
2622 1417 2902 1489 capellula,
2935 1429 3265 1488 qumreretur
3294 1417 3465 1488 (285),
3498 1428 3697 1485 pneter
3721 1435 3840 1473 crn-

2251 1524 2343 1564 ces
2365 1508 2508 1579 pallii
2531 1507 2604 1541 ⁸⁸⁵
2633 1517 2685 1564 et
2711 1508 2945 1564 cervical
2979 1508 3240 1579 episcopi,
3272 1508 3435 1562 nichil
3479 1508 3659 1577 patuit
3701 1509 3843 1564 inve-

2252 1603 2377 1657 niri.
2414 1602 2481 1656 Et
2510 1601 2782 1656 credimus
2827 1601 3278 1655 resurrectionem
3315 1598 3433 1669 ejus
3475 1599 3549 1632 ⁸¹⁸
3594 1600 3838 1669 inpletam

2252 1707 2393 1754 esse,
2419 1692 2563 1762 quod
2592 1692 2659 1745 ab
2683 1690 2804 1745 aliis
2835 1690 3062 1744 traditur
3089 1691 3159 1723 ⁸³⁸
3184 1691 3235 1744 in
3261 1690 3424 1743 David
3448 1698 3505 1745 et
3527 1689 3583 1745 in
3603 1688 3845 1747 Johanue

2252 1781 2583 1853 evangelista
2612 1781 2905 1851 contigisse
2930 1764 3198 1836 veraciter
3223 1781 3314 1834 ⁸²⁷.

552 1873 902 1938 consisteret,
933 1871 1312 1943 exploraturus
1337 1871 1467 1940 quid
1499 1871 1692 1926 fratres
1716 1883 1957 1943 agerent,
1994 1887 2151 1929 nocte
2184 1859 2225 1919 Β
2324 1873 2411 1928 55.
2453 1872 2615 1946 ([46.]
2635 1871 2763 1943 Cap.
2789 1871 2904 1942 44.)
2931 1872 3320 1942 chiuwardus
3350 1873 3434 1927 vix
3458 1889 3663 1927 annum
3686 1888 3843 1927 unum

552 1967 876 2037 intempesta
904 1964 1197 2020 Ramsolan
1236 1964 1305 1998 ⁸⁰¹
1345 1965 1413 2019 ad
1456 1965 1670 2036 vigilias
1700 1968 2011 2038 properavit
2039 1984 2154 2023 ma-

551 2057 777 2113 tutinas.
816 2055 1037 2120 Fidelis,
1071 2057 1311 2127 inquam,
1340 2055 1681 2125 dispensator
1708 2067 1761 2110 et
1792 2058 2028 2126 prudens
2053 2058 2149 2123 3”,

553 2148 648 2216 qui
682 2155 738 2204 et
764 2148 879 2218 ipse
911 2146 1139 2218 vigilans
1182 2147 1544 2217 pernoctavit,
1594 2162 1858 2218 suamque
1896 2148 1968 2181 δυ
2004 2148 2158 2204 fami-

552 2240 683 2296 liam
727 2240 963 2296 dormire
1000 2239 1315 2311 prohibens.
1359 2239 1594 2294 venienti
1631 2256 1828 2310 sponso
1861 2241 2015 2297 lretus
2063 2257 2157 2298 oe-

557 2332 752 2399 currit,
782 2331 968 2387 dicens
1001 2345 1016 2385 :
1048 2330 1187 2386 Ecce
1220 2347 1312 2402 ego
1354 2342 1402 2385 et
1429 2333 1580 2402 pueri
1605 2332 1676 2364 ⁸⁸⁸
1700 2350 1830 2404 quos
1860 2334 1999 2388 dedit
2027 2335 2155 2389 milii

553 2423 813 2478 Dominus
851 2420 1005 2491 (fsai.
1036 2437 1152 2485 \‘lll,
1192 2421 1302 2483 18).

629 2512 721 2570 54.
764 2511 879 2586 [44]
911 2511 1068 2567 Anno
1115 2513 1297 2567 domui
1344 2511 1539 2586 llogcri
1599 2513 1837 2569 secundo
1884 2513 2155 2569 Ludvicus

555 2619 692 2677 puer
733 2605 1010 2674 depositus
1042 2605 1133 2671 ⁸⁸⁸,
1162 2616 1214 2659 et
1243 2605 1525 2660 Conradus
1560 2604 1894 2661 Francorum
1942 2606 2048 2661 dux
2075 2605 2150 2638 ⁸⁰⁶

556 2696 615 2750 in
658 2709 839 2765 regem
880 2695 1086 2750 levatus
1125 2706 1208 2750 est
1245 2695 1335 2748 m.
1376 2694 1432 2748 In
1468 2695 1569 2749 isto
1598 2694 1835 2749 Ludvico
1867 2704 2018 2751 vetus
2048 2695 2155 2749 Ka-

556 2786 663 2841 roli
693 2784 881 2839 linitur
910 2786 1157 2856 prosapia
1189 2784 1358 2856 (279).
1401 2783 1673 2840 Hactenus
1694 2787 1857 2841 etiam
1883 2785 1954 2818 ⁸⁰⁸
1983 2786 2155 2842 Fran-

536 2890 750 2931 corum
778 2876 949 2931 tendit
975 2877 1234 2946 hystoria.
1277 2876 1407 2944 Quae
1444 2877 1519 2910 ⁸⁰⁹
1553 2878 1807 2947 deinceps
1834 2879 2031 2933 dicturi
2065 2895 2155 2933 su-

560 2982 718 3030 mus,
750 2965 802 3019 in
831 2965 954 3021 aliis
978 2974 1035 3021 et
1057 2966 1127 2999 ⁸¹⁰
1154 2966 1274 3022 aliis
1299 2961 1633 3039 repperimus
1665 2986 1770 3025 non
1804 2972 2154 3027 mendacibus

540 3055 736 3110 alibris.
791 3054 983 3125 Aliqua
1029 3071 1157 3112 vero
1206 3057 1453 3112 recitavit
1490 3059 1643 3115 nobis
1683 3060 2012 3115 clarissimus
2060 3076 2154 3116 rex

563 3145 837 3201 Danorum
868 3147 938 3202 ita
978 3148 1292 3219 rogantibus
1317 3149 1386 3181 ⁸¹¹
1422 3167 1437 3205 :
1468 3149 1596 3205 Post
1633 3150 1801 3223 ΟιαρΙι
1834 3153 1923 3216 ⁸¹²,
1956 3154 2151 3223 inquit,

565 3236 835 3291 Sueonum
867 3238 1173 3309 principem,
1201 3241 1292 3309 qui
1320 3242 1547 3311 regnavit
1582 3242 1637 3296 in
1672 3242 1846 3296 Dania
1880 3260 1997 3297 cum
2027 3244 2155 3313 ﬁliis
2184 3212 2228 3275 Ο

564 3327 697 3391 suis,
725 3329 938 3398 ponitur
980 3330 1035 3383 in
1077 3329 1249 3384 locum
1283 3332 1397 3401 ejus
1440 3333 1694 3401 Sigerich.
1737 3332 1973 3404 Cumque
1995 3353 2155 3405 porro

566 3428 793 3488 tempore
821 3430 1100 3491 regnasset,
1131 3437 1248 3476 eum
1284 3421 1564 3493 Hardegon
1586 3423 1675 3485 3“,
1705 3425 1849 3493 ﬁlius
1876 3424 2037 3482 Suein
2059 3427 2154 3492 ⁸η,

563 3505 769 3559 ueniens
802 3523 833 3559 α
857 3506 1232 3574 Nortmannia,
1263 3510 1479 3579 privarit
1509 3528 1663 3581 regno
1687 3512 1776 3565 3".
1822 3512 1977 3569 Tanti
2007 3514 2154 3586 (280)

565 3607 747 3654 autem
777 3615 949 3671 reges,
984 3601 1149 3656 immo
1178 3603 1389 3674 tyranni
1433 3601 1730 3670 Danorum,
1776 3616 1957 3662 utrum
1998 3608 2159 3663 simul

566 3688 730 3759 aliqui
760 3691 1121 3760 reguaverint,
1158 3707 1224 3745 an
1256 3692 1392 3748 alter
1434 3703 1557 3763 post
1592 3694 1822 3750 alterum
1846 3696 1991 3751 brevi
2027 3709 2161 3753 tem-

566 3795 700 3850 pore
725 3780 944 3844 vixerit,
973 3780 1241 3836 incertum
1278 3793 1381 3837 est.
1422 3783 1587 3839 Nobis
1608 3785 1711 3840 hoc
1737 3786 1878 3842 scire
1908 3785 2156 3856 sullieiat,

562 3885 760 3927 omnes
780 3872 956 3925 adhuc
986 3885 1221 3940 paganos
1247 3871 1430 3934 fuisse,
1475 3889 1541 3929 ac
1579 3875 1633 3929 iu
1678 3885 1826 3931 tanta
1870 3894 2158 3950 regnorum

562 3960 867 4014 mutatione
891 3959 975 4013 vel
997 3962 1315 4017 excursione
1337 3963 2161 4029 barbarorumChristianitatem

566 4048 627 4102 in
674 4048 863 4115 Dania,
902 4048 1023 4119 quze
1046 4065 1077 4104 a
1106 4061 1301 4110 saneto
1334 4054 1600 4127 Ansgario
1637 4057 1875 4128 plantala
1913 4070 2016 4127 est,
2059 4063 2163 4118 ali-

2254 1964 2411 2020 sedit.
2454 1963 2530 2018 De
2576 1962 2730 2031 cujus
2761 1963 2871 2016 vita
2911 1970 3113 2032 prteter
3146 1978 3340 2017 nomen
3391 1956 3747 2018 alittd'nichil
3785 1965 3844 2016 ad

2254 2072 2473 2112 manum
2497 2055 2663 2109 venit.
2700 2054 2832 2109 Cum
2864 2063 3044 2107 autem
3076 2068 3448 2109 successorem
3473 2051 3592 2120 ejus
3622 2053 3850 2109 concilio

2255 2147 2397 2215 apud
2424 2144 2496 2177 ⁸⁸⁸
2528 2144 2760 2199 Altheim
2802 2143 2875 2176 ⁸⁸³
2918 2142 3228 2198 interluisse
3268 2142 3552 2197 didicerim
3584 2141 3678 2203 ⁸³⁸,
3713 2143 3848 2212 quod

2256 2237 2499 2293 habitum
2524 2245 2608 2292 est
2637 2251 2778 2291 anno
2802 2233 3034 2290 Conradi
3060 2235 3202 2305 regis
3229 2235 3442 2303 quinto,
3470 2250 3580 2303 quo
3609 2233 3849 2303 Hogerus

2254 2330 2419 2385 etiam
2450 2338 2635 2384 noster
2663 2328 2732 2361 ⁸³⁸
2776 2328 3011 2382 decessit
3040 2326 3211 2396 (284),
3252 2327 3485 2380 medium
3532 2326 3621 2380 his
3660 2324 3853 2395 Regin~

2254 2421 2522 2485 wardum,
2554 2434 2663 2473 non
2705 2418 2905 2473 vixisse
2929 2417 3144 2487 plenum
3174 2433 3372 2469 annum
3401 2413 3472 2447 ⁸⁸⁸
3498 2415 3851 2486 deprehendi,

2256 2528 2354 2568 nec
2383 2511 2720 2582 privilegium
2742 2511 2858 2581 ejus
2878 2510 3086 2580 uspiam
3114 2510 3350 2578 reperire
3379 2507 3541 2562 valui.
3583 2508 3638 2561 In
3665 2507 3851 2562 diebus

2258 2603 2362 2658 illis
2397 2602 2601 2673 grande
2635 2601 2957 2656 miraculum
3005 2598 3176 2654 fertur
3209 2598 3279 2630 ⁸³³
3306 2614 3335 2651 a
3364 2598 3602 2667 posteris
3648 2598 3854 2652 Brenne

2255 2694 2565 2765 contigisse.
2612 2692 2825 2764 Ungros
2853 2692 3058 2747 scilicet
3091 2690 3325 2745 incensis
3360 2689 3607 2745 ecclesiis
3652 2690 3727 2725 ⁸⁸³
3767 2706 3852 2742 sa-

2255 2790 2502 2843 cerdotes
2537 2794 2662 2840 ante
2697 2785 2892 2839 altaria
2936 2784 3255 2849 trucidasse,
3289 2782 3493 2837 clerum
3531 2781 3694 2851 vulgo
3721 2780 3855 2833 mix-

2259 2889 2370 2935 tum
2419 2888 2513 2933 aut
2561 2879 2779 2949 impune
2830 2877 3042 2933 occisos
3090 2885 3182 2930 aut
3225 2876 3415 2929 ductos
3466 2874 3519 2927 in
3568 2873 3857 2942 captivita-

2259 2977 2365 3024 tem
2412 2969 2504 3022 ε’δ.
2562 2966 2713 3022 Tunc
2763 2967 2927 3021 etiam
2986 2981 3176 3021 cruces
3222 2982 3252 3020 a
3294 2964 3520 3034 paganis
3569 2972 3849 3023 tmncaue.

2258 3062 2490 3120 ludibrio
2514 3062 2709 3116 habita:
2731 3059 2839 3125 ⁸³⁶;
2870 3061 3022 3131 cujus
3046 3058 3199 3129 signa
3230 3056 3429 3111 furoris
3459 3070 3633 3125 usque
3658 3056 3727 3108 ad
3758 3068 3857 3108 nec

2260 3161 2430 3209 stram
2452 3161 2665 3207 :etatem
2691 3152 3041 3207 duraverunt.
3086 3149 3191 3205 Sed
3237 3149 3378 3204 Deus
3417 3149 3622 3204 zelotes
3653 3146 3852 3218 (Exod.

2264 3259 2452 3307 xxxiv,
2483 3243 2595 3313 l4),
2632 3243 2787 3310 cujus
2822 3241 3002 3312 passio
3060 3240 3130 3294 ibi
3183 3240 3359 3294 tlerisa
3400 3249 3505 3304 est,
3554 3237 3855 3293 incredulos

2264 3336 2415 3389 ahire
2442 3348 2546 3389 non
2575 3348 2765 3404 passus
2797 3342 2878 3388 est
2913 3332 3126 3387 inultos.
3168 3329 3300 3385 Nam
3333 3331 3511 3385 subita
3555 3338 3609 3384 et
3637 3327 3856 3382 mirahi~

2266 3426 2333 3481 lis
2362 3435 2478 3479 orla
2513 3431 2823 3494 tempestas,
2853 3438 2883 3476 a
2926 3422 3259 3477 scmicremis
3300 3421 3655 3475 ecclesiarum
3702 3417 3857 3472 tectis

2239 3514 2541 3590 Nscindulas
2566 3513 2634 3546 ⁸³⁷
2666 3512 2918 3577 elevavit,
2950 3527 3084 3582 quas
3113 3512 3165 3565 in
3192 3511 3385 3565 faciem
3431 3520 3595 3580 atque
3632 3525 3725 3563 ora
3767 3524 3858 3578 pa-

2264 3620 2525 3681 ganorum
2558 3612 2759 3667 rotans,
2791 3604 2917 3656 dum
2960 3602 3098 3673 fuga:
3129 3603 3434 3671 praesidium
3460 3609 3734 3671 quaarunt,
3765 3607 3857 3653 aut

2263 3698 2316 3752 in
2337 3696 2555 3750 ﬂuvium
2586 3695 2908 3765 pneeipitari
2933 3694 3210 3763 compulit,
3240 3702 3331 3747 aut
3356 3693 3408 3747 in
3436 3707 3631 3747 ruanus
3658 3691 3855 3746 civium

2263 3786 2531 3841 concludi.
2570 3785 2679 3840 Nec
2711 3799 2879 3849 mora,
2921 3794 3250 3854 prostratum
3288 3800 3503 3855 gregem
3533 3783 3657 3837 boni
3682 3791 3858 3851 pasto-

2270 3878 2346 3932 ris
2372 3877 2651 3931 occubitus
2678 3876 2785 3930 cito
2807 3875 2876 3907 ⁸³⁸
2902 3884 3121 3929 secutus
3149 3885 3251 3930 est.
3291 3875 3390 3941 Qui
3414 3874 3692 3943 depositus
3713 3876 3766 3927 in
3787 3872 3861 3903 ”’

2273 3970 2392 4025 Kal.
2421 3967 2667 4024 Octobris
2703 3967 2850 4038 (285)
2888 3984 2992 4021 una
3041 3982 3163 4021 cum
3214 3968 3700 4037 prmdecesspribus
3746 3964 3865 4022 suis

2272 4062 2324 4116 in
2361 4060 2580 4117 basilica
2618 4060 2791 4117 sancti
2828 4057 3083 4131 Mykaelis
3120 4059 3526 4114 commendatus
3560 4066 3666 4114 est.

1870 4172 2103 4229 VARl/E
2139 4170 2552 4233 LECTlONES.

641 4274 1027 4354 ffihljchaeljs
1125 4282 1191 4354 5.
1213 4280 1523 4354 Michahelis
1545 4282 1599 4338 4.
1639 4285 1852 4354 Steph“.

575 4344 682 4415 add
702 4346 755 4400 2.
782 4350 836 4403 5.
867 4350 921 4405 4.
961 4349 1033 4384 ⁸⁰⁰
1065 4352 1136 4406 ita
1160 4353 1298 4407 deest
1324 4355 1378 4407 5.
1453 4353 1520 4385 ⁸⁰¹
1554 4344 1860 4409 Ιὶίιιιιέοιειηι
1884 4356 1937 4411 2.
1969 4358 2023 4413 5.
2049 4360 2103 4415 4.

576 4413 632 4470 5.
707 4416 781 4451 ⁸⁸⁸
807 4420 860 4473 (1.
886 4430 967 4476 est
990 4420 1041 4476 4.
1072 4431 1129 4476 et
1164 4423 1220 4478 5.
1329 4423 1400 4456 3°“
1427 4424 1535 4478 dux
1561 4425 1700 4479 deest
1731 4427 1783 4481 1.

683 4489 1039 4562 rogitantibus
1196 4492 1268 4562 Ψ
1295 4493 1464 4562 Alaph
1494 4495 1546 4547 1.

577 4553 648 4587 ⁸⁸⁸
677 4553 1068 4628 α1ἱῖιιιεὶιιιιι1υιη
1094 4560 1169 4615 Μ.
1213 4560 1280 4615 F.
1355 4553 1423 4602 ⁸¹’⁷
1455 4564 1731 4620 δεικοιιυηι
1757 4570 1807 4621 1-

580 4694 723 4775 deest
752 4697 833 4775 5.Δ
881 4699 1283 4775 ³²ξᾼεξθδθηξίειιι
1308 4694 1365 4757 4.
1471 4704 1542 4775 ⁸²ξ¹
1577 4707 1807 4775 contigit
1829 4710 1883 4764 4.

585 4764 782 4821 scerim
809 4770 863 4825 4.
938 4770 1013 4802 3“
1033 4764 1472 4896 archiepiscopus
1508 4773 1563 4827 4.
1667 4764 1797 4847 ⁸³¹νρ

585 4848 704 4886 sum
732 4852 783 4892 a.
820 4842 872 4895 in
897 4857 946 4896 c.
971 4840 1194 4896 ductum
1253 4882 1266 4895 .
1344 4844 1366 4874 ³
1416 4852 1544 4896 sunt
1569 4844 1797 4896 addunt!

584 4848 783 4957 genista
820 4842 872 4895 in
897 4857 946 4896 c.
971 4840 1194 4898 ductum
1214 4840 1266 4896 4.
1344 4840 1390 4874 "
1416 4852 1544 4898 sunt
1569 4840 1843 4900 addunt'2.
1885 4850 1936 4904 4.

2000 4290 2071 4322 ⁷⁹⁷
2099 4291 2510 4363 archiepiscopo
2535 4286 2674 4341 deest
2696 4288 2752 4342 2.
2776 4287 2829 4341 5.
2856 4285 2913 4342 5.

2000 4358 2023 4413 ι.
2049 4360 2103 4415 4.
2183 4364 2255 4396 ⁸⁰¹
2279 4372 2333 4417 et
2358 4366 2593 4417 prudens
2616 4360 2803 4412 desunt
2832 4358 2885 4413 5.

1858 4426 1928 4459 ⁸⁰⁷
1958 4431 2097 4485 deest
2134 4433 2191 4488 4.

1656 4494 1727 4527 ⁸³³
1748 4497 2133 4558 llaardcelmut
2163 4513 2329 4557 notat.
2373 4498 2507 4554 Vell.

1959 4711 2030 4745 ⁸³⁸
2058 4710 2190 4783 aput
2211 4715 2267 4769 2.
2295 4710 2508 4783 smpius.

1804 4778 1923 4833 lene
1947 4778 2149 4836 animm
2181 4796 2348 4837 unum
2371 4778 2430 4832 '4.

2035 4852 2104 4883 ⁸³⁷
2142 4849 2456 4909 schindulas
2484 4847 2541 4902 4.

3019 4289 3091 4323 ros
3122 4289 3274 4343 εστι-ῖο
3298 4289 3347 4342 ί,
3458 4288 3529 4320 ἠ’
3555 4286 3677 4356 quis
3697 4284 3858 4339 fuerit

2358 4357 2593 4430 prudens
2614 4360 2803 4430 desunt
2832 4358 2885 4413 5.
2952 4359 3035 4430 1⁸1³
3058 4376 3165 4427 que
3184 4360 3322 4430 deest
3475 4358 3550 4430 “f
3578 4358 3679 4430 inci
3706 4357 3857 4430 addit

2294 4426 2371 4464 "9'
2398 4432 2559 4484 etiam
2589 4428 2728 4482 deest
2756 4429 2808 4481 5.
2944 4429 3014 4460 ⁸⁰⁹
3043 4426 3172 4482 vero
3204 4429 3348 4482 (addat
3373 4429 3427 4481 5.
3524 4427 3596 4458 ⁸¹⁶
3619 4436 3777 4494 atque
3799 4426 3854 4476 4.

2613 4497 2684 4529 °“
2715 4498 2855 4551 Sven
2904 4499 2957 4553 5.
2989 4496 3146 4552 Svevi
3178 4502 3231 4551 ἑ).
3331 4499 3405 4529 δι’
3430 4514 3555 4552 eum
3615 4510 3781 4561 regno
3800 4495 3858 4547 ι.

709 4565 1169 4639 Ῐ¹Ψ¹³¹¹ί¹¹¹υιηέιι
1332 4565 1423 4639 ,⁸η
1455 4565 1731 4639 Somnum
1757 4570 1807 4639 1.
1883 4568 1953 4639 1³⁸
1986 4570 2169 4629 Buemi
2193 4574 2248 4628 2.
2270 4573 2327 4627 4.
2356 4568 2578 4624 Boltemi
2607 4568 2659 4621 5.
2693 4568 2890 4639 5._3l’
2916 4568 3114 4639 Uttgari
3231 4567 3291 4639 5.
3326 4584 3549 4639 semper.
3624 4565 3694 4639 “_'
3727 4580 3859 4639 non-

579 4631 866 4713 gentisi'mo
882 4639 1046 4713 sexto
1070 4631 1125 4684 2.
1176 4631 1273 4713 f“
1298 4631 1416 4713 ejus
1440 4634 1643 4713 addunt
1665 4637 1722 4713 2.
1841 4710 1847 4713 _
1881 4638 2149 4713 “(Cujus
2178 4645 2235 4698 4.

2334 4640 2404 4673 ⁸¹³
2432 4648 2652 4694 centum
2684 4647 2733 4692 et
2759 4635 2823 4690 Χ.
2851 4638 2906 4692 5.
2981 4638 3053 4678 ⁸³³
3081 4637 3235 4707 pallei
3268 4637 3320 4690 4.
3399 4637 3471 4669 ⁸²⁸
3503 4653 3546 4690 r.
3575 4651 3626 4688 e.
3653 4636 3711 4688 ι.
3741 4636 3854 4704 ejus

2334 4710 2508 4761 cuius.
2620 4707 2692 4739 ⁸³⁸
2719 4709 2892 4761 Allltei
2923 4708 2977 4761 4.
3010 4707 3151 4761 Allei
3185 4708 3238 4760 2.
3266 4707 3472 4761 Altlicti
3495 4707 3550 4761 5.
3626 4705 3699 4738 ⁸³⁸
3725 4706 3854 4758 didi-

2620 4707 2692 4739 ⁸³⁸
2719 4709 2892 4761 Altltei
2923 4708 2977 4761 4.
3010 4707 3151 4763 Altei
3185 4708 3238 4760 2.
3266 4707 3472 4761 Althcti
3495 4707 3550 4761 5.
3626 4707 3699 4738 ⁸³⁸
3725 4707 3857 4758 didi-

2530 4778 2603 4810 ⁸³³
2641 4786 2897 4832 narratur
2923 4781 2975 4832 5.
3004 4779 3059 4831 4.
3136 4777 3211 4809 ⁸³⁸
3231 4778 3461 4832 ecclesie
3493 4778 3545 4831 1.
3623 4776 3694 4808 ⁸³⁵
3719 4774 3860 4830 Ocri-

2641 4794 2897 4832 narratur
2923 4796 2975 4832 ο.
3004 4794 3059 4831 4.
3136 4794 3211 4809 θ’*
3231 4794 3461 4832 ecctesre
3493 4794 3545 4831 ι.
3623 4794 3694 4808 ἐ’
3719 4794 3853 4830 ocn-

2618 4848 2691 4879 ⁸³⁸
2718 4849 2826 4903 cito
2858 4849 2995 4903 deest
3022 4848 3077 4902 2.
3099 4847 3153 4902 5.
3229 4846 3299 4880 ⁸³⁸
3324 4849 3378 4901 in
3407 4849 3546 4901 deest
3571 4846 3626 4900 2.
3655 4846 3743 4899 2..
3774 4843 3853 4897 111.

2105 4980 2332 5043 ΝΟΤΛΕ.

659 5107 787 5179 (277

587 5188 717 5251 cap:

657 5219 934 5304 .Sc.
966 5257 1033 5304 ab
1067 5251 1475 5304 archiepiscopo
1502 5251 1814 5304 llermanno
1841 5254 2172 5304 supradicto.

755 5106 821 5233 7),
850 5104 941 5162 Sc.
991 5119 1244 5180 computo
1290 5124 1321 5164 a
1366 5108 1592 5165 Corheia
1641 5108 1840 5167 delato.
1896 5112 1961 5166 ν.
2016 5128 2180 5183 supra
2207 5120 2257 5182 Ι)
2285 5111 2621 5182 (ἔονιιρίρηεη
2656 5120 2890 5183 Necrol.,
2916 5120 3203 5175 Fuldense.

754 5179 788 5233 '5
828 5219 844 5233 .
2353 5190 2502 5233 (eam
2540 5192 2693 5233 nunt:
2731 5190 2865 5233 tnrm
2900 5192 2934 5233 ι,
2964 5206 3020 5233 ιι-
3049 5206 3097 5233 ρ-
3129 5191 3196 5233 an

2353 5190 2502 5258 (285)
2540 5192 2694 5245 Cunl‘.
2730 5190 2865 5244 infra
2898 5192 2934 5244 Ι.
2964 5206 3024 5254 ll,
3049 5206 3099 5246 c.
3129 5191 3219 5245 66.

2352 5248 2501 5304 lenti
2540 5265 2657 5304 uin,
2693 5259 2841 5304 ςμηι,
2880 5261 2951 5304 eo
3008 5248 3291 5304 ὲ-ηηηίιίηηι
3340 5262 3480 5304 ειηηιι
3536 5261 3764 5304 suum»
3809 5259 3856 5304 in
