3988 5336
442 346 548 402 ων

1561 338 1775 396 suam
1808 318 2131 398 eneruat
2170 337 2558 396 BREMENSIS

3632 342 3733 398 523

450 459 777 529 baptizatus,
806 470 870 510 ex
920 468 981 508 ea
1011 461 1171 524 gente
1209 440 1417 523 primus
1462 450 1631 508 fuisse
1686 452 2040 507 Christianus.
2075 458 2118 515 Λ
2151 468 2254 522 qua
2281 453 2494 524 genitus
2524 461 2605 505 est
2638 450 2731 484 ³⁸³⁸
2767 449 2910 509 ﬁlius
2954 446 3187 507 Iacobus
3219 452 3389 524 (458),
3419 461 3477 507 et
3501 452 3595 485 ¹⁸¹ι
3628 454 3733 507 tilia

454 553 649 626 [Olaph
680 551 975 606 Trucconis
1001 548 1166 613 ﬁlius,
1200 549 1457 619 expulsus
1495 565 1523 603 a
1559 549 1866 619 Norwegia.
1898 549 2045 603 venit

451 651 508 700 in
538 644 807 714 Angliam,
842 641 1025 709 ibique
1052 640 1289 710 suscepit
1348 639 1803 694 cliristianitatem
1828 681 1841 705 ,
1882 654 2043 709 quam

454 738 570 808 ipse
599 736 690 768 ¹δ⁹¹
718 734 925 804 primus
960 733 1014 787 in
1054 734 1288 802 patriam
1321 734 1533 787 revexit
1568 732 1751 803 (455),
1784 733 2046 813 duxitque

444 842 677 881 uxorem
727 843 755 879 a
789 825 953 878 Dania
985 865 999 886 ,
1042 824 1489 893 superbissimum
1540 823 1855 890 Thore’m,
1894 824 2047 894 cujus

455 918 715 972 instinctu
748 916 945 970 bellum
971 915 1062 947 “9‘
1088 915 1257 969 Danis
1284 913 1511 986 intulit.]

450 1020 451 1023 ‘
526 1008 616 1063 55.
645 1007 797 1078 (Cap.
845 1006 956 1076 78.)
1006 1005 1111 1059 Alii
1142 1004 1331 1060 dicunt
1360 1005 1487 1059 olim
1521 1014 1576 1058 et
1605 1013 1731 1059 tunc
1765 1004 1832 1058 al)
1859 1002 2047 1075 Anglia

456 1101 721 1171 quosdam
761 1098 1050 1168 episcopos
1085 1095 1171 1151 vel
1237 1096 1590 1167 presbyteros
1644 1095 2049 1166 evangelizandi

460 1193 635 1264 gratia
675 1205 929 1261 egressos
981 1205 1011 1244 a
1063 1188 1223 1243 domo
1279 1189 1394 1254 ωδ,
1430 1190 1498 1245 ab
1528 1189 1714 1259 eisque
1748 1189 1839 1221 “9"
1880 1187 2049 1257 Olaph

458 1286 801 1355 baptizatum
830 1291 886 1338 et
915 1289 1164 1345 ceteros;
1198 1296 1430 1351 quorum
1455 1282 1760 1353 pmcipuus
1784 1293 1930 1337 esset
1962 1279 2054 1313 “9°

462 1375 684 1450 quidam
721 1373 954 1429 Joannes
994 1373 1305 1441 episcopus,
1364 1380 1418 1426 et
1467 1373 1554 1427 alii
1603 1382 1793 1442 postea
1839 1372 2053 1428 dicendi

462 1469 555 1503 ⁸⁸³⁷
590 1469 762 1540 (456).
828 1466 885 1521 Si
912 1467 1017 1520 hoc
1072 1480 1259 1519 verum
1317 1473 1402 1519 est
1426 1462 1539 1530 “9",
1567 1480 1670 1518 non
1724 1465 1927 1549 invidet
1962 1463 2054 1503 “9’

460 1563 683 1630 inquam
718 1557 812 1590 “°°
838 1567 1013 1639 mater
1059 1555 1577 1624 llammaburgensis
1621 1555 1871 1620 ecclesia,
1919 1556 1962 1608 si
1995 1553 2057 1608 ﬁ—

466 1651 556 1705 liis
608 1648 721 1703 suis
773 1644 1148 1702 benefeccrint
1190 1643 1353 1697 etiam
1396 1643 1660 1708 extranei,
1716 1644 1902 1697 dicens
1933 1659 2054 1697 cum

468 1739 756 1810 Apostolo:
790 1736 1018 1802 Quidam
1042 1737 1332 1806 pradicant
1365 1750 1456 1804 per
1491 1733 1743 1787 invidiam
1767 1742 1815 1787 et
1841 1746 2055 1787 conten-

2148 546 2340 616 lngrad
2370 545 2461 577 ¹⁵²¹
2491 544 2659 612 (459),
2693 558 2855 613 quam
2894 560 2987 602 rex
3025 544 3115 576 ¹³³³
3146 554 3369 600 sanctus
3409 544 3505 578 ¹⁸¹⁶
3553 544 3740 601 Gezlei

2151 638 2244 677 “’5
2277 639 2342 694 de
2372 636 2578 691 Ruzzia
2602 638 2755 692 duxit
2780 637 2834 691 in
2864 635 3220 708 coniugium]
3253 636 3347 668 ¹⁸²⁶
3375 636 3555 706 Olaph
3584 652 3736 702 sane,

2149 731 2240 801 qui
2266 742 2386 800 post
2415 731 2621 785 obitum
2647 731 2821 800 patris
2841 730 2930 760 ‘5"
2956 729 3136 786 llerici
3162 744 3386 799 regnum
3412 744 3583 800 super
3606 728 3741 785 ὅθεν

2148 837 2243 875 vos
2276 821 2369 853 ¹⁶²⁸
2398 821 2624 890 accepit,
2664 836 2786 875 cum
2835 822 3078 875 exercitu
3108 821 3523 889 superveniens,
3563 818 3741 874 infeli-

2151 912 2373 966 cemm9
2390 911 2555 966 Suein
2574 911 2663 942 ¹⁶³⁰
2688 926 2717 964 a
2743 924 2907 980 regno
2932 910 3158 979 expulit,
3182 920 3236 965 et
3256 910 3367 981 ipse
3391 911 3481 945 ¹⁸³²
3506 912 3742 981 optinuit

2156 1004 2399 1056 Daniam.
2434 1000 2699 1071 Cognovit
2732 1000 2822 1031 ¹⁸³²
2864 1011 3044 1055 autem
3097 1001 3261 1054 Suein
3293 1002 3437 1070 quod
3474 1002 3740 1058 Dominus

2154 1093 2265 1164 ipse
2296 1103 2380 1147 est
2407 1094 2570 1159 Deus,
2612 1103 2667 1147 et
2697 1107 2946 1148 reversus
2991 1093 3044 1147 in
3104 1093 3451 1161 semetipsum
3478 1091 3599 1159 ⁸⁵³³,
3622 1108 3744 1165 pec-

2152 1194 2273 1238 cata
2306 1197 2402 1238 sua
2438 1198 2552 1252 prae
2590 1181 2762 1239 oculis
2798 1182 2981 1237 habuit
3016 1182 3109 1214 ‘5“
3136 1183 3520 1254 pmnitensque
3573 1185 3746 1243 oravit

2154 1273 2221 1326 ad
2264 1272 2575 1338 Dominum,
2626 1272 2716 1341 qui
2775 1271 3052 1327 cxaudivnt
3083 1271 3177 1303 ""
3203 1288 3325 1327 eum
3368 1274 3545 1328 et‘m
3602 1276 3743 1330 dedit

2154 1367 2230 1422 illi
2258 1368 2485 1438 gratiam
2520 1367 2572 1420 iu
2609 1375 2902 1436 conspectu
2961 1366 3301 1421 inimicorum
3356 1383 3586 1424 suorum
3626 1370 3739 1435 ω’,

2156 1471 2209 1518 et
2235 1462 2471 1516 restituit
2494 1460 2607 1491 “3"
2629 1475 2752 1515 cum
2775 1459 2944 1528 Olaph
2973 1458 3026 1512 in
3050 1474 3274 1529 regnum
3300 1475 3483 1527 suum,
3511 1476 3580 1517 eo
3607 1462 3743 1532 quod

2161 1563 2391 1608 matrem
2416 1569 2569 1606 suam
2589 1551 2846 1607 habuerit
2883 1550 2996 1605 ⁸⁸³⁸.
3020 1549 3402 1622 Feceruntque
3450 1555 3741 1623 paetumad

2158 1643 2392 1700 invicem
2416 1642 2531 1675 ¹⁸³⁸⁶
2564 1643 2956 1707 ﬁrmissimum,
2990 1648 3051 1695 ut
3093 1641 3553 1698 christiauitatem
3587 1646 3639 1699 in
3667 1658 3748 1697 re—

2161 1752 2267 1804 gno
2288 1751 2387 1791 suo
2409 1736 2707 1805 plautatam
2742 1735 3062 1817 retinerent,
3089 1746 3144 1788 et
3171 1733 3225 1787 in
3254 1743 3473 1791 exteras
3499 1737 3746 1793 etl’unde-

465 1833 680 1892 tionem,
720 1827 936 1898 quidam
981 1836 1157 1879 autem
1193 1834 1406 1894 propter
1434 1824 1623 1878 bonam
1654 1823 1973 1878 voluntatem
2005 1833 2053 1879 et
2086 1817 2128 1874 Β
2159 1839 2280 1887 rem
2312 1831 2584 1886 nationes,

466 1920 765 1973 karitatem.
798 1916 940 1983 Quid
960 1915 1140 1970 enim?
1162 1914 1300 1968 Dum
1323 1916 1464 1968 omni
1492 1915 1647 1968 modo
1664 1916 1772 1969 sive
1788 1933 1881 1985 per
1907 1932 2054 1970 occa-

465 2013 688 2076 sionem,
722 2010 827 2065 sive
866 2025 960 2080 per
1001 2010 1268 2063 veritatem
1316 2006 1556 2061 Christus
1607 2008 1979 2074 annuncietur,
2009 2018 2054 2062 et

468 2106 526 2158 in
555 2106 675 2168 hoc,
713 2103 910 2171 inquit,
941 2101 1144 2172 gaudeo
1169 2109 1216 2155 et
1242 2100 1480 2170 gaudebo
1508 2098 1695 2169 (Phil.
1724 2118 1762 2165 ι,
1800 2101 1885 2165 15,
1926 2100 2053 2173 18).

538 2197 630 2253 56.
669 2195 827 2267 (Cap.
858 2194 973 2263 79.)
1016 2193 1247 2249 llericus
1294 2192 1458 2264 igitur
1502 2194 1807 2248 Suedorum
1838 2194 1930 2225 ¹⁹⁰¹
1964 2208 2057 2248 rex

468 2285 525 2342 in
558 2286 728 2339 Dania
766 2298 1060 2340 conversus
1110 2283 1177 2338 ad
1223 2282 1703 2349 christianitatem,
1739 2283 1935 2337 ibidem
1968 2283 2061 2314 ¹⁸⁰²

472 2376 780 2445 baptizatus
812 2381 896 2429 est
921 2372 1033 2426 "°‘.
1080 2371 1196 2439 Qua
1252 2371 1543 2427 occasione
1588 2373 1972 2442 praedicatores
2008 2374 2061 2429 in

476 2468 735 2522 Suediam
786 2473 1179 2520 transeuntesa
1210 2463 1408 2531 Dania,
1457 2456 1783 2519 ﬁducialiter
1833 2449 2064 2535 agebant

472 2560 529 2614 in
553 2559 773 2614 nomine
789 2556 1023 2613 Domini.
1047 2554 1240 2610 Audivi
1258 2570 1358 2626 ego
1374 2555 1508 2609 ”°’a
1525 2557 1948 2626 prudentissimo
1979 2572 2067 2612 re-

474 2664 540 2719 ge
572 2649 665 2683 ⁸³⁸⁸
692 2649 990 2706 Danorum.
1014 2644 1293 2712 Ilericum,
1323 2656 1447 2716 post
1475 2656 1781 2716 susceptam
1805 2647 2064 2706 christia-

481 2741 733 2803 nitatem,
764 2738 941 2793 denuo
964 2736 1239 2807 relapsum
1276 2738 1341 2791 ad
1365 2753 1741 2810 pagantsmum
1770 2737 1883 2793 ⁴⁵⁶⁶.
1910 2739 2065 2807 Quod

478 2846 611 2885 vero
633 2844 756 2884 cum
791 2827 992 2883 Ottone
1028 2828 1196 2883 tercio
1245 2829 1568 2899 pugnaverit
1597 2838 1651 2885 et
1684 2830 1773 2863 ³⁸⁸⁷
1800 2831 1973 2887 victus
1993 2832 2067 2893 ait

479 2908 595 2982 δυθ,
628 2919 695 2974 ab
716 2918 836 2973 aliis
865 2917 1138 2987 comperi;
1181 2931 1277 2973 rex
1322 2920 1489 2974 tacuit
1526 2920 1641 2976 ίδθθ.

550 3006 643 3061 57.
682 3005 858 3078 ([28.]
901 3005 1031 3076 Cap.
1063 3006 1178 3077 80.)
1222 3006 1352 3063 Post
1398 3017 1630 3063 mortem
1680 3010 1771 3065 diu
1823 3020 2065 3082 optatam

483 3099 662 3154 Ilerici
701 3100 793 3134 ¹³³⁰
824 3099 991 3155 Suein
1029 3100 1097 3154 ab
1127 3100 1291 3155 exilio
1343 3116 1641 3172 regressus.
1694 3103 1927 3173 optinuit
1982 3120 2064 3159 re-

2230 1924 2317 1979 58.
2346 1922 2514 1994 ([21]
2544 1922 2675 1993 Cap.
2699 1922 2811 1992 81.)
2840 1919 3082 1979 Audiens
3107 1936 3286 1980 autem
3318 1939 3413 1979 rex
3455 1922 3751 1977 Nouman-

2159 2030 2378 2080 nomn],
2416 2013 2585 2082 Olaph
2613 2013 2755 2068 {ilius
2784 2014 2978 2070 Trucci
3010 2014 3124 2080 ³⁸³³,
3157 2017 3224 2071 de
3258 2014 3654 2084 conjunctione
3675 2027 3756 2067 re-

2160 2122 2306 2176 gum,
2342 2107 2512 2162 iratus
2535 2115 2617 2161 est
2657 2116 2849 2162 contra
2898 2106 3065 2164 Suein
3103 2109 3266 2164 nimis
3295 2109 3409 2173 ηπ,
3436 2118 3596 2163 ratus
3634 2123 3755 2163 eum

2164 2196 2255 2226 ‘5“
2288 2198 2441 2265 quasi
2475 2197 2794 2252 derelictum
2820 2213 2851 2251 a
2880 2199 2991 2253 Deo
3020 2200 3337 2268 tocieusqne
3373 2198 3688 2268 depulsum,
3727 2213 3754 2251 a

2163 2304 2261 2343 sua
2291 2289 2453 2342 etiam
2479 2287 2822 2344 multitudine
2850 2289 3015 2345 facile
3070 2304 3227 2359 posse
3255 2288 3471 2359 depelli.
3521 2287 3754 2344 Colleeta

2164 2380 2331 2450 igitur
2359 2380 2531 2436 classe
2561 2382 2864 2448 innumera,
2894 2382 3091 2437 bellum
3116 2380 3294 2436 intulit
3319 2382 3432 2451 regi
3459 2379 3757 2435 Danerum.

2164 2475 2280 2530 Hoc
2295 2474 2492 2531 factum
2515 2485 2603 2531 est
2629 2476 2722 2508 ⁸⁸⁸·
2754 2478 2895 2532 inter
2925 2477 3179 2532 Sconiam
3207 2477 3301 2509 ⁸⁸⁸³
3323 2486 3376 2531 et
3412 2477 3619 2532 Seland
3645 2478 3759 2541 ηδε,

2166 2569 2256 2624 ubi
2285 2568 2461 2623 solent
2503 2584 2658 2640 reges
2703 2569 2882 2624 navali
2928 2570 3068 2626 bello
3105 2569 3418 2641 conﬂigere.
3452 2569 3547 2624 Est
3577 2580 3758 2624 autem

2166 2661 2348 2714 brevis
2371 2660 2630 2730 trajectus
2681 2660 2873 2717 Baltici
2931 2663 3101 2717 utaris
3140 2661 3278 2731 apud
3307 2661 3400 2694 “u‘
3432 2660 3760 2736 Halsinburg

2168 2752 2281 2819 ““,
2311 2752 2365 2806 in
2390 2769 2497 2822 quo
2547 2753 2664 2807 loco
2721 2754 2919 2809 Seland
2943 2771 2971 2807 a
2998 2753 3196 2809 Sconia
3225 2755 3395 2809 videri
3437 2756 3616 2824 possit
3647 2755 3757 2811 “".

2168 2842 2438 2896 fatriiliare
2465 2843 2750 2899 latibulum
2764 2847 2991 2915 pyratis.
3020 2846 3095 2899 lbi
3123 2860 3255 2913 ergo
3277 2848 3558 2916 congressi
3589 2846 3758 2917 (440),

2174 2933 2499 2989 Nortmanni
2531 2950 2560 2988 a
2585 2935 2757 2989 Danis
2783 2947 2911 2991 sunt
2933 2937 3061 2991 victi
3090 2947 3144 2993 et
3166 2938 3268 2994 fusi
3294 2947 3423 2992 sunt
3450 2938 3565 2992 ηδε.
3593 2938 3763 3008 Ulaplt

2174 3024 2266 3057 ⁸⁸⁸⁸
2306 3040 2424 3089 rex,
2468 3025 2560 3095 qui
2615 3025 2753 3079 forte
2807 3027 2954 3081 solus
2996 3029 3258 3083 remansit
3295 3027 3411 3093 "5°,
3442 3027 3496 3082 in
3528 3043 3681 3083 mare
3708 3042 3768 3081 se

2178 3114 2542 3185 praecipitans,
2577 3114 2797 3185 dignum
2840 3118 2961 3170 vita:
3008 3117 3172 3171 linem
3204 3117 3434 3171 invenit.
3474 3117 3762 3189 [Uxor“"

487 3206 650 3261 gnum
673 3201 889 3262 patrum
918 3205 1141 3246 suorum
1178 3191 1292 3258 κίε,
1320 3209 1462 3248 anno
1488 3193 1823 3263 depulsionis
1863 3196 1943 3249 vel
1977 3196 2057 3226 “’“

2178 3209 2295 3277 ejus
2322 3216 2441 3276 post
2474 3217 2701 3263 mortem
2733 3210 2833 3263 viri
2868 3209 2959 3241 ¹¹¹⁸²
2993 3208 3134 3263 fame
3162 3211 3450 3280 inediaque
3479 3212 3764 3267 miserabi-

488 3282 943 3354 peregrinationis
983 3298 1096 3338 suae
1157 3284 1261 3349 l4;
1316 3292 1371 3337 et
1435 3286 1646 3353 accepit
1701 3285 1794 3316 ¹⁸¹⁸
1847 3301 2070 3341 uxorem

487 3374 640 3444 (457)
695 3373 871 3429 Herici
914 3375 1185 3440 relictam,
1237 3384 1464 3430 matrem
1492 3375 1688 3446 Olaph,
1720 3392 1840 3447 quae
1863 3379 2075 3449 peperit

484 3466 536 3521 ei
565 3466 743 3521 Clmut
774 3466 888 3521 ωδ.
919 3465 1026 3523 Sed
1051 3464 1218 3522 nichil
1239 3468 1315 3522 illi
1341 3468 1544 3539 profuit
1568 3470 1802 3525 alﬁnitas
1830 3473 2071 3539 conubii,

488 3559 575 3612 cui
626 3559 767 3613 Deus
798 3558 969 3613 iratus
1024 3567 1104 3614 est
1141 3558 1256 3611 ¹⁸¹⁸.
1304 3558 1499 3631 [Olaph
1539 3561 1632 3592 ¹⁸¹⁶
1655 3577 1749 3616 rex
1799 3562 2074 3617 Sueonnm

487 3648 972 3704 christianissimus
1019 3658 1139 3704 erat
1187 3649 1278 3681 "‘7
1333 3650 1610 3721 ﬁliamque
1635 3652 1727 3683 ’δίε
1752 3651 2071 3708 Selavorum

491 3738 683 3794 Estred
713 3739 932 3793 nomine
957 3737 1021 3792 de
1051 3738 1327 3794 Obodritis
1354 3739 1446 3772 ""
1469 3743 1678 3798 acccoit
1708 3759 1957 3810 uxorem,
2008 3762 2071 3800 ex

566 3930 788 3987 ‘Scltol.
829 3932 919 3988 27.
958 3931 1129 4004 Olaph
1162 3895 1353 3992 Trucci
1393 3937 1485 3971 ¹⁸³⁷
1526 3940 1636 3995 ﬁlio
1660 3943 1945 4003 interfecto

2177 3300 2303 3353 liter
2333 3301 2497 3353 vitam
2536 3301 2892 3369 consumpsit,
2929 3309 2986 3354 ut
3029 3301 3187 3372 digna
3220 3300 3383 3371 erat.]
3410 3302 3507 3333 ¹⁸⁵³
3535 3301 3767 3356 Narrant

2176 3406 2299 3446 cum
2334 3390 2427 3425 “Vt
2448 3391 2613 3461 aliqui
2640 3392 2794 3447 illum
2820 3392 3180 3448 christianum
3205 3393 3396 3458 fuisse,
3426 3396 3653 3465 quidam
3678 3395 3767 3430 ¹⁸³⁸

2178 3481 2599 3537 christianitatis
2660 3483 3238 3548 desertorem;omnes
3284 3494 3463 3540 autem
3500 3484 3769 3541 allii-ruant

2178 3559 2414 3641 peritum
2473 3573 2848 3641 auguriorum,
2906 3584 3242 3630 servatorem
3296 3576 3554 3639 sortium,
3612 3589 3669 3632 et
3718 3580 3768 3631 in

2184 3665 2363 3717 avium
2388 3665 2751 3733 prognosticis
2775 3666 2870 3697 ”“
2892 3682 3109 3721 omnem
3139 3682 3287 3737 spem
3318 3684 3473 3722 suam
3504 3672 3771 3738 posuisse.

2184 3755 2362 3821 Quare
2387 3756 2552 3809 etiam
2603 3770 2907 3826 cognomen
2942 3759 3173 3827 accepit,
3212 3768 3269 3811 ut
3298 3758 3493 3828 Olapli‘
3546 3760 3778 3817 Crocale

1967 3845 2277 3906 SCHOLIA.

1982 3920 2319 4014 Succubuit,
2357 3949 2463 4004 duo
2503 3964 2669 4018 regna
2705 3950 2971 4020 possedit.
3004 3950 3103 4017 Qui
3132 3968 3256 4007 mox
3280 3955 3563 4010 destructo
3591 3957 3779 4028 ydola-

1744 4036 1977 4096 VARIAE
2010 4040 2411 4099 LICCTIONES.

570 4097 660 4129 ’δ”
694 4096 811 4167 ipse
836 4095 976 4167 deest
1005 4096 1063 4152 5.

502 4166 593 4200 ειη
622 4176 678 4224 et
717 4165 784 4221 ab
813 4165 921 4221 illis
945 4167 1000 4222 4.
1113 4169 1203 4201 “9°
1237 4180 1355 4226 erat
1380 4172 1431 4225 2.
1466 4174 1518 4227 5.
1548 4175 1605 4229 4.

501 4237 591 4273 ιδ’*
630 4237 868 4292 invideat
898 4236 951 4290 4.
982 4238 1159 4294 invida
1205 4240 1261 4294 2.
1295 4242 1473 4297 invida
1521 4255 1605 4300 est
1646 4246 1700 4302 5.

500 4307 769 4389 ioca-Nom
791 4308 1171 4389 marginujisjn
1196 4312 1311 4365 cod.
1453 4313 1681 4389 llericus
1706 4307 2029 4389 baptizatur:

502 4377 662 4432 Svein
687 4394 779 4431 rex
805 4377 860 4431 4.
971 4379 1066 4410 ¹⁸⁰⁶
1087 4379 1252 4436 fuisse
1287 4383 1435 4437 addit
1459 4384 1512 4437 4.

504 4450 682 4524 audivi
722 4448 776 4501 4.
828 4519 842 4524 _
888 4448 980 4524 ίξξο
1021 4449 1231 4524 Mortuo
1270 4462 1391 4524 post
1436 4455 1534 4510 hec
1567 4448 1761 4515 llerico
1797 4448 1850 4513 4'.

505 4517 598 4549 ⁸⁸¹⁵
616 4519 792 4573 Chunl
822 4519 872 4571 1.
915 4517 1059 4572 Κηηι
1092 4520 1128 4573 2
1174 4521 1228 4576 4.
1272 4517 1285 4524 ’
1308 4524 1397 4555 ¹³¹⁵
1426 4526 1618 4580 θΐεὶιὲ.
1651 4529 1702 4582 4-

504 4588 647 4642 tritis
677 4586 730 4640 5.
767 4585 833 4639 ιτ.
949 4588 1040 4621 ¹⁵²⁰
1091 4591 1140 4644 ei
1172 4594 1324 4648 addit
1344 4593 1398 4648 4.
1518 4596 1609 4627 "’“
1639 4613 1669 4652 a
1694 4599 1751 4653 2.

507 4658 599 4693 ""
630 4656 871 4714 Gerzleﬂ'
887 4657 941 4711 5.
978 4657 1031 4713 5.

508 4728 600 4760 ¹⁸²⁹
627 4727 912 4782 infeliciter
932 4728 984 4781 1.
1090 4730 1182 4763 ¹⁸³⁰
1214 4727 1585 4789 ἰιρτιιίηἲιάάὴ
1611 4737 1666 4791 4.

507 4797 668 4853 rediit
692 4799 744 4852 in
772 4797 827 4851 4.
942 4798 1032 4830 ⁸⁵³³
1076 4809 1132 4854 et
1168 4803 1315 4856 addit
1340 4804 1394 4858 4.

509 4868 625 4940 ᾖξ’·
666 4882 887 4940 suorum
916 4871 1257 4940 restituitque
1276 4873 1331 4927 4.

510 4937 741 4992 Thrncci
765 4939 819 4992 4.

510 5008 650 5062 diam
675 5008 733 5062 2.
767 5053 771 5056 .

1505 4806 1598 4837 m"
1634 4809 1837 4866 habens
1874 4806 1930 4866 4:

926 4939 1016 4974 ηδε)
1052 4939 1210 4995 nimis
1245 4944 1385 4997 deest
1411 4940 1468 4996 2.
1492 4945 1545 4998 5.

1654 4947 1742 4980 ‘5“
1775 4951 1921 5005 illum
1951 4953 2001 5005 4.

859 5007 952 5040 ’⁸⁸⁸
982 5012 1120 5073 apud
1166 5014 1307 5065 deest
1353 5011 1407 5065 2.
1439 5013 1493 5065 5.
1525 5015 1578 5069 4.

1169 4098 1260 4175 ff"
1291 4096 1524 4175 Thorem
1551 4102 1606 4159 5.
1718 4108 1809 4139 “'”
1850 4096 2267 4175 etiatniadditd.
2297 4111 2459 4166 Unci:
2505 4110 2710 4166 inclusa
2750 4114 2936 4167 desunt
2968 4114 3019 4167 1.

1720 4178 1947 4254 “"alli,
1984 4186 2050 4237 de
2080 4186 2274 4254 quibus

1817 4251 1907 4283 “’°°
1941 4251 2157 4323 inquam
2199 4256 2338 4309 deest
2364 4253 2418 4307 5.

1817 4322 2029 4379 tizatur.
2114 4326 2205 4358 ¹³⁰³
2231 4340 2359 4379 ει·αο
2385 4322 2409 4377 1

1620 4341 1681 4371 us
1708 4341 2029 4389 uaptllalur.
2114 4341 2205 4358 ""’
2231 4341 2359 4395 ergo
2385 4341 2436 4377 ι.

1617 4388 1707 4420 ¹⁸⁰⁷
1735 4398 2053 4459 pugnaverit
2077 4405 2132 4450 et
2159 4396 2342 4449 desunt
2366 4394 2421 4447 1.

1617 4460 1761 4515 erico
1797 4462 1850 4513 4.
1964 4465 2055 4496 ’⁸η
2100 4474 2406 4517 nostrorum
2462 4463 2483 4517 1

1797 4474 1850 4513 4.
1964 4474 2055 4496 ³⁸η
2100 4474 2406 4521 nostrorum
2462 4474 2513 4517 ‘l.
2629 4474 2721 4498 “"
2755 4474 2809 4518 et
2846 4474 2901 4519 ‘z.
2939 4474 2991 4521 ὅ.
3042 4496 3051 4511 ε

1786 4531 1876 4565 ’δι’
1896 4543 2075 4589 autem
2101 4537 2246 4590 addit
2265 4536 2320 4590 4.
2399 4533 2489 4565 ¹⁸¹⁷
2517 4542 2638 4589 erat
2658 4536 2798 4589 deest
2827 4534 2881 4588 4.
2960 4535 3051 4568 ¹¹¹⁸

1359 4603 1398 4674 4.
1518 4603 1609 4674 "’1‘
1639 4603 1778 4674 a_2._
1866 4604 1959 4636 ¹⁸²²
2011 4605 2221 4674 lngred.
2249 4605 2303 4659 5.
2357 4603 2549 4671 Ingard
2586 4607 2641 4659 4.

1134 4660 1227 4732 ‘4“
1256 4663 1534 4732 coniugem
1558 4667 1612 4721 '5.
1643 4667 1805 4723 Unci:
1825 4673 2030 4728 inclusa
2052 4660 2239 4728 desunt
2265 4678 2314 4731 1.

1775 4742 1866 4773 πει
1895 4744 2007 4814 ipse
2035 4745 2173 4797 άερει
2197 4745 2252 4799 4.

2043 4814 2135 4845 ⁸⁸³⁸
2166 4814 2462 4871 exaudiens
2486 4815 2538 4869 4.

1444 4873 1538 4906 ¹⁸³⁸
1568 4892 1789 4933 uxorem
1838 4884 1984 4936 addit
2009 4883 2063 4937 4.
2140 4883 2252 4915 ’⁸³⁸⁸
2283 4886 2346 4938 ad
2377 4886 2484 4939 inv.
2516 4885 2700 4940 desunt
2728 4886 2782 4942 5.

2111 4953 2203 4984 ﬂ"
2232 4953 2296 5008 ll.
2327 4953 2363 5007 f.
2396 4969 2446 5008 c.
2471 4956 2659 5009 desunt
2685 4956 2740 5010 4.

2975 4115 3019 4167 Ι.
3138 4115 3229 4148 ωδ
3265 4117 3498 4174 Domino
3536 4122 3592 4175 2.
3641 4125 3693 4179 5.
3724 4125 3776 4180 4.

2975 4184 3065 4217 μοι
3097 4184 3201 4217 ειμι
3247 4189 3290 4217 ος
3346 4190 3447 4217 tu...
3484 4193 3558 4217 ει..
3606 4204 3680 4217 Δ..
3736 4197 3751 4217 ι

2536 4184 2775 4237 dicemus
2804 4184 2861 4237 4.
2906 4242 2907 4245 η
2975 4184 3065 4217 ¹²⁹⁸
3096 4184 3201 4241 Sed
3247 4189 3290 4242 si
3346 4190 3447 4242 hoc
3483 4193 3560 4246 ita
3602 4204 3686 4250 est
3725 4197 3777 4250 4.

2525 4251 2615 4283 ¹³⁰¹
2641 4252 2915 4308 Sueonnm
2948 4255 3002 4308 5.
3116 4258 3209 4288 ¹⁵⁰¹
3239 4259 3420 4320 ibique
3442 4261 3514 4317 2..
3537 4265 3593 4318 5.
3631 4267 3702 4320 ibi
3724 4266 3777 4320 4.

2549 4274 2615 4283 ’ν-
2641 4274 2915 4308 ουεοηιιηι
2948 4274 3002 4308 ο.
3117 4274 3208 4288 ην·
3239 4274 3420 4328 Imque
3442 4274 3514 4317 2..
3537 4274 3593 4318 5.
3631 4274 3702 4322 ibi
3724 4274 3778 4322 4.

2549 4323 2641 4354 ¹⁶⁰⁵
2673 4324 2904 4378 Domini.
2935 4325 3156 4381 Dicebat
3214 4339 3391 4383 tamen
3434 4331 3779 4392 clarissimus

2498 4391 2593 4425 ¹⁸⁰⁸
2621 4402 2706 4447 est
2738 4396 2785 4448 1.
2814 4394 2866 4447 5.
2947 4395 3040 4427 ⁸⁵⁰⁹
3076 4413 3167 4452 rex
3203 4402 3384 4463 tacuit,
3416 4371 3780 4461 sed

2629 4464 2721 4498 ut:
2755 4473 2807 4502 οι
2846 4464 2881 4502 9
2940 4467 2972 4502 κ
3045 4467 3077 4502 1
3210 4470 3304 4502 ut)
3354 4474 3675 4502 ηηηηηςιη..-
3735 4476 3753 4502 ι

2755 4473 2809 4518 et
2846 4464 2901 4519 2.
2939 4467 2991 4521 5.
3042 4467 3098 4520 4.
3210 4470 3304 4502 ¹⁸¹³
3352 4474 3676 4542 accepitque
3726 4476 3779 4530 4.

2755 4534 3051 4637 τεά-...32⁸
3086 4541 3358 4637 ίιυὲιέίεεπ
3384 4543 3437 4637 ⁴;
3519 4544 3614 4637 "1’
3637 4545 3783 4637 0'“:-

2425 4607 2549 4671 gard
2586 4607 2641 4659 4.
2757 4607 2851 4637 ¹⁸’³
2878 4607 2963 4660 vir
2990 4607 3042 4661 2.
3108 4607 3113 4608 “
3160 4609 3251 4642 ¹³²⁸
3285 4622 3509 4667 sanctus
3553 4616 3700 4670 deest
3724 4616 3779 4671 4.

2425 4674 2516 4707 ⁸⁸⁸⁷
2551 4676 2634 4730 sui
2662 4675 2810 4729 addit
2840 4675 2894 4730 4.
3013 4678 3105 4711 ’⁸³⁸
3133 4678 3338 4735 Succos
3363 4682 3415 4736 5.
3448 4682 3695 4742 Sueones
3723 4687 3779 4740 4.

2356 4743 2450 4821 im
2482 4745 3230 4821 S_uein_a_utemcognoscens
3259 4752 3385 4821 quia
3410 4755 3463 4808 d.
3496 4724 3784 4811 £275.25;

2657 4815 2749 4848 ³³³⁸
2768 4825 2823 4870 et
2851 4815 2991 4871 deesi
3014 4819 3068 4873 4.
3184 4815 3526 4877 ""rsuorum
3558 4826 3701 4879 deest
3726 4828 3778 4882 5.

2890 4888 2982 4922 ’³³³
3037 4889 3373 4947 Thrucconis
3400 4893 3456 4947 2.
3495 4892 3689 4949 TI‘UCiS
3724 4896 3778 4950 3-

2856 4956 2947 4989 ””
2971 4957 3222 5015 Scaniam
3247 4961 3303 5015 2.
3334 4963 3388 5016 5.
3466 4963 3559 4996 ⁸⁸⁸⁵
3589 4965 3782 5020 Selan-

2305 4192 2490 4251 postea
2536 4182 2775 4237 dicemus
2804 4184 2861 4237 4.
2906 4242 2907 4245 η

512 5018 650 5062 diam
675 5018 733 5062 Ξ.
767 5053 771 5056 .
859 5018 952 5040 "“
982 5018 1120 5073 apud
1166 5018 1307 5065 deest
1353 5018 1407 5065 2.
1439 5018 1493 5065 5.
1525 5018 1578 5069 4.
1694 5018 1788 5050 ³⁵⁸⁸
1823 5021 2057 5075 Alsinbul

512 5078 603 5110 1'47
629 5086 799 5112 nnlnnl
832 5078 867 5112 ’ἐξ
964 5080 1058 5112 ηδε
1088 5091 1206 5112 anni
1239 5083 1374 5112 ι-Ιιηιι
1414 5081 1435 5112 ι
1518 5082 1574 5112 1..
1605 5089 1837 5112 “unus..-
1858 5090 1890 5112 α
1916 5108 1926 5112 -
1960 5092 2057 5112 τι--

2165 5024 2641 5112 ll.ﬁl’lalsingeburg
2673 5026 2722 5079 4.
2754 5027 3140 5112 Illalisikngburg
3182 5030 3232 5085 5.
3295 5018 3779 5112 llelsingburthS.
