4122 5330
570 335 671 388 5:87

1686 337 1900 393 ADAMI
1941 338 2259 399 CANONlCl
2292 341 2681 399 BREMI‘JNSIS

3725 342 3829 397 588

573 450 941 522 migcruli,qui
973 466 1034 506 ea
1060 466 1178 522 quae
1208 451 1307 523 ipsi
1329 451 1707 508 conﬁnxerunt
1731 453 2143 525 "“‘,nobisqne
2171 463 2218 520 Α
2249 458 2467 512 thalami
2500 457 2582 512 sui
2610 457 2724 525 ηδ’,
2762 456 2903 527 quod
2932 458 3106 527 primo
3138 455 3387 511 omnibus
3426 455 3603 528 patuit
3634 457 3829 527 ignotis

570 542 832 612 placitura
868 544 1138 607 rebantur,
1158 543 1437 613 jactabant
1464 544 1565 600 sibi
1605 560 1703 615 per
1741 547 1957 618 angelos
1987 562 2142 604 reve-

572 629 723 695 lata;
778 631 888 700 jam
959 630 1170 700 publice
1231 632 1532 689 divinantes
1596 633 2143 707 liammaburgensem

568 719 931 786 patriareham
957 718 1077 785 ‘°°',
1112 721 1192 775 sic
1218 722 1363 776 enim
1389 723 1570 777 vocari
1596 723 1781 788 voluit,
1818 725 1926 780 cito
1949 741 2144 797 papam

567 806 829 871 futurum,
881 809 1101 865 mmulos
1155 810 1249 841 ⁸⁸⁹³
1301 826 1428 866 suos
1486 827 1516 865 a
1573 814 1725 867 curia
1779 815 2141 886 depellendos,

565 900 743 969 ipsum
770 914 902 955 vero
929 899 1024 940 ¹⁸⁰δ
1063 901 1235 955 solum
1266 902 1464 972 diuque
1489 918 1605 957 rem
1645 904 1915 973 publicam
1948 908 2144 977 guber-

564 999 838 1055 natorum,
867 999 1030 1061 alque
1054 991 1127 1046 ita
1175 982 1271 1023 ’π’
1302 993 1417 1048 ﬁeri
1448 993 1770 1065 longaevum,
1800 1006 1858 1050 ut
1877 997 2143 1066 quinqua-

564 1083 710 1152 ginta
745 1097 914 1137 annos
944 1082 1231 1138 excederet
1279 1083 1333 1138 in
1376 1084 1710 1154 episcopatu,
1739 1095 2013 1156 postremo
2048 1103 2144 1157 per

564 1171 715 1225 illum
745 1172 920 1225 virum
943 1170 1039 1203 ’⁸⁸⁵
1063 1172 1308 1241 quaedam
1350 1188 1513 1229 aurea
1558 1175 1739 1230 secula
1771 1177 1888 1230 orbi
1914 1187 2141 1231 ventura

563 1262 732 1335 (7l0).
766 1263 832 1319 Et
859 1264 971 1318 haec
999 1263 1216 1334 quidem
1241 1264 1337 1302 ’⁸⁸⁷
1379 1264 1501 1320 licet
1528 1266 1650 1323 ﬁcte
1679 1266 1747 1322 ab
1776 1268 2143 1325 adulatoribus

562 1362 617 1406 et
665 1368 763 1423 pro
813 1362 1020 1423 quarstu
1067 1353 1538 1422 promitterentur,
1596 1355 1882 1427 episcopus
1939 1366 2137 1423 tamen,

561 1442 713 1511 quasi
739 1441 803 1495 de
832 1440 969 1496 cmlo
993 1442 1318 1507 sonuissent,
1346 1457 1474 1497 vera
1503 1444 1681 1498 omnia
1726 1444 1969 1513 putabat,
2025 1452 2139 1500 tra-

564 1537 720 1584 ctans
767 1528 863 1565 ¹⁸⁰⁹
895 1544 962 1582 ex
1009 1527 1303 1600 Seripturis
1355 1532 1597 1601 quaedam
1646 1532 1908 1604 prmsagia
1934 1548 2137 1600 rerum,

559 1634 679 1688 qua:
710 1618 827 1675 ﬁeri
869 1618 1117 1688 debeant,
1150 1621 1459 1676 hominibus
1500 1621 1625 1677 data
1658 1623 1740 1677 vel
1768 1623 1820 1678 in
1853 1624 2135 1693 sompniis,

559 1710 654 1742 “°’
690 1711 769 1766 vel
803 1711 855 1765 in
885 1712 1144 1784 auguriis,
1192 1711 1277 1767 vel
1326 1713 1378 1768 in
1425 1715 1801 1769 communibus
1829 1730 2136 1769 sermonum

2245 547 2330 603 vel
2356 546 2450 580 ’⁸⁸⁸
2475 549 2794 618 peregrinis,
2822 547 2911 602 tali
2940 546 3276 618 postmodum
3307 548 3554 601 custodia
3577 549 3827 603 vallatum

2243 652 2383 703 esse,
2429 647 2486 691 ut
2518 638 2727 708 magnis
2756 638 2819 691 de
2846 638 3003 691 rebus
3042 636 3136 669 ³⁸³⁸
3171 635 3328 707 legali
3354 646 3713 706 potentesque
3738 637 3833 673 ’⁸⁸⁸

2245 728 2409 784 seculi
2432 743 2677 798 personae
2700 728 2988 797 aliquando
3015 742 3113 799 pro
3143 727 3351 783 foribus
3381 729 3537 784 inviti
3575 739 3830 799 expecta-

2246 831 2367 877 rent
2389 837 2484 892 per
2506 822 2886 877 ebdomadam.
3124 818 3133 824 ’

2313 912 2402 968 59.
2454 912 2722 967 Praeterea
2766 911 2908 966 inter
2953 910 3276 982 epulandum
3322 909 3593 966 familiare
3641 911 3830 967 habuit

2246 1018 2469 1074 magnos
2494 1002 2585 1035 ’⁸³⁷
2618 1002 2766 1057 viros
2797 1016 3039 1071 carpere,
3066 1012 3256 1057 notans
3286 1003 3340 1057 in
3375 1002 3497 1056 aliis
3523 1001 3818 1058 stnltieiam

2243 1092 2297 1146 in
2316 1091 2633 1161 quibusdam
2658 1091 2962 1156 avaritiam,
2980 1091 3159 1145 multis
3184 1100 3362 1145 autem
3385 1090 3654 1160 objiciens
3681 1092 3830 1157 igno-

2240 1183 2523 1249 bilitatcm,
2553 1182 2800 1237 omnibus
2827 1182 2921 1214 ’⁸³⁸
2956 1198 3087 1257 vero
3110 1182 3201 1216 ’⁸³⁸
3232 1184 3601 1251 inproperavit
3640 1183 3830 1237 inﬁde.

2242 1273 2470 1338 litatem,
2497 1288 2563 1327 eo
2590 1274 2734 1342 quod
2772 1273 2967 1340 ingrati
2991 1282 3172 1328 essent
3215 1272 3287 1326 illi
3320 1272 3435 1336 "“,
3480 1272 3572 1341 qui
3625 1288 3725 1327 cos
3766 1273 3829 1327 de

2241 1374 2480 1421 stercore
2514 1365 2800 1419 suscitaret
2824 1363 2936 1429 ⁸⁸⁵⁸,
2959 1364 3092 1433 regi,
3125 1380 3284 1434 quem
3307 1363 3452 1418 solus
3477 1364 3573 1395 ““
3598 1364 3717 1433 ipse
3735 1360 3831 1396 ⁸⁸⁸⁸

2242 1454 2468 1525 diligens
2497 1454 2802 1523 imperium,
2844 1468 2940 1523 pro
2978 1451 3099 1521 jure
3140 1468 3244 1507 non
3276 1470 3370 1523 pro
3405 1467 3503 1507 suo
3541 1455 3832 1509 commodo

2243 1545 2378 1600 tueri
2422 1543 2737 1598 videretur:
2769 1551 3140 1613 argumentum
3189 1557 3329 1607 esse,
3374 1544 3516 1613 quod
3562 1542 3639 1596 illi
3691 1544 3829 1596 sicut

2240 1634 2504 1707 ignobiles
2555 1642 2809 1704 raperent
2850 1633 3039 1695 aliena,
3090 1632 3203 1701 ipse
3254 1647 3380 1687 vero
3438 1633 3579 1688 sicut
3633 1633 3829 1688 nobilis

2239 1726 2537 1782 ell‘underct
2581 1740 2709 1790 sua;
2756 1724 2857 1779 hoc
2908 1738 3029 1778 esse
3075 1722 3468 1792 apertissimum
3520 1723 3829 1777 nobilitatis

558 1802 803 1872 loquelis;
834 1802 917 1858 νει
950 1803 1003 1858 ill
1030 1819 1138 1859 non
1188 1802 1362 1858 εοιίιίε
1404 1802 1498 1835 ¹⁸¹⁰
1520 1802 1903 1860 Elementorum
1932 1806 2134 1877 ﬁguriS-
2171 1809 2213 1868 Β
2243 1813 2518 1868 indicium.
2561 1811 2673 1867 Hac
2721 1812 3021 1866 invectione
3054 1810 3309 1880 pestifera
3350 1813 3604 1865 utebatur
3635 1812 3689 1865 in
3718 1814 3829 1865 sin-

558 1895 736 1962 Quare
764 1897 964 1952 dicitur
988 1912 1111 1952 eum
1143 1913 1349 1952 morem
1380 1897 1697 1966 insuevisse,
1732 1909 1808 1966 ut,
1832 1900 1955 1956 dum
1985 1902 2136 1956 cubi-

561 1998 672 2042 tum
722 1988 833 2042 ibat
868 1990 984 2054 ³⁸η,
1017 1986 1211 2043 fabulis
1252 1989 1650 2057 delectaretur;
1699 2006 1819 2045 cum
1866 1993 2138 2062 expergis-

558 2090 793 2146 ceretur,
830 2080 1123 2149 sompniis;
1178 2081 1427 2151 quotiens
1448 2094 1578 2137 vero
1605 2081 1711 2137 iter
1748 2082 1967 2154 incepit,
2016 2098 2140 2139 ans-

555 2172 731 2241 piciis.
781 2172 1084 2241 Aliquando
1138 2173 1304 2227 etiam
1362 2181 1530 2227 totum
1590 2172 1733 2229 diem
1792 2189 2015 2245 sempno
2041 2174 2135 2206 ²⁸¹¹

553 2263 866 2333 indulgens,
898 2270 1057 2319 noctu
1105 2263 1327 2333 pervigil
1356 2272 1449 2318 aut
1479 2263 1575 2296 ’⁸η
1616 2263 1745 2318 lusit
1772 2265 1840 2319 ad
1870 2265 2010 2320 aleas
2041 2265 2137 2297 ’δι”

554 2364 648 2409 aut
673 2370 869 2410 mensae
902 2356 996 2387 “"
1032 2356 1234 2411 assedit
1262 2356 1374 2409 ⁸⁸³⁸.
1407 2355 1539 2411 Cum
1572 2364 1751 2411 autem
1792 2357 1884 2390 ’⁸η
1927 2372 2136 2412 recum—

551 2444 708 2501 beret
737 2446 805 2501 ad
834 2461 1095 2513 mensam,
1145 2446 1389 2501 hilariter
1438 2448 1920 2518 habundanterque
1947 2449 2132 2504 omnia

551 2535 808 2607 praecepit
832 2537 1076 2592 exhiberi
1106 2536 1347 2592 convivis
1372 2536 1489 2601 ωδ,
1520 2537 1635 2607 ipse
1662 2552 1692 2590 a
1719 2538 1959 2593 convivis
1990 2537 2134 2608 jeju-

550 2644 654 2683 nus
680 2627 774 2660 ²⁸¹⁹
806 2628 1076 2683 interdum
1116 2643 1361 2699 surgens,
1404 2643 1620 2698 semper
1665 2638 1844 2684 autem
1871 2644 1935 2683 ex
1963 2629 2134 2684 ollicio

547 2724 766 2785 paratos
792 2716 995 2771 habens
1022 2716 1113 2786 qui
1147 2716 1499 2771 advenientes
1525 2717 1829 2787 reciperent
1864 2719 2128 2789 hospites,

549 2821 881 2878 magnOpere
908 2806 1119 2862 curavit
1140 2807 1254 2870 'm,
1298 2822 1365 2863 ne
1395 2824 1500 2862 non
1544 2808 1769 2864 multum
1798 2809 1941 2865 illum
1964 2811 2132 2866 habe-

551 2910 674 2957 rent
699 2901 796 2933 "“
823 2898 986 2974 ([42.]
1017 2899 1147 2970 Cap.
1182 2900 1326 2970 456).
1373 2901 1690 2972 Adglorians
1717 2903 2132 2973 hospitalitatem

546 3007 712 3061 porro
741 2993 1034 3047 maximam
1080 2992 1175 3027 ⁸³⁸³
1208 3006 1328 3047 esse
1374 2992 1644 3058 virtutem,
1719 3009 1839 3063 quae
1878 3010 2001 3050 cum
2032 2996 2130 3028 ’³³³

546 3098 656 3138 non
682 3090 865 3139 careat
885 3082 1065 3139 divina
1088 3081 1355 3149 mercede,
1379 3098 1520 3154 saepe
1535 3083 1698 3138 etiam
1724 3083 1867 3138 inter
1886 3086 2129 3143 homines

546 3174 745 3229 habeat
775 3171 859 3228 vel
885 3172 1175 3227 maximam
1203 3171 1298 3205 ““
1326 3158 1559 3227 laudem.
1591 3173 1929 3228 Recutnbcns
1955 3185 2132 3230 autem
2161 3155 2206 3216 (ἶ

545 3277 653 3317 non
697 3271 807 3316 tam
849 3260 984 3317 cibis
1026 3270 1119 3316 aut
1146 3260 1354 3331 poculis
1392 3276 1553 3331 quam
1586 3262 1802 3317 faceciis
1848 3263 1947 3297 '3”
1980 3264 2129 3318 oble-

550 3351 822 3417 ctabatur,
859 3359 950 3405 aut
982 3352 1077 3392 1""
1100 3366 1283 3421 regum
1327 3351 1587 3422 hysteriis
1609 3361 1704 3407 aut
1730 3352 1870 3407 raris
1900 3352 2133 3424 philoso-

546 3442 773 3511 phorum
804 3441 1118 3497 scntenciis.
1148 3441 1205 3496 Si
1237 3458 1367 3497 vero
1392 3426 1508 3498 erat
1535 3444 1799 3513 privatus,
1836 3446 1976 3513 quod
2009 3461 2131 3501 raro

546 3532 765 3599 accidit,
797 3541 858 3588 ut
885 3532 1034 3589 solus
1083 3541 1139 3589 et
1181 3533 1383 3603 absque
1430 3534 1733 3604 hospitibus
1777 3546 2019 3591 maneret
2049 3536 2130 3591 vel

545 3624 711 3695 regiis
771 3624 981 3696 legalis,
1036 3633 1162 3681 tunc
1206 3626 1299 3657 ’⁸⁸⁷
1352 3623 1545 3679 fabulis
1598 3634 1689 3679 aut
1742 3624 1836 3658 ’⁸³⁸
1893 3626 2138 3711 somniis,

544 3729 761 3785 semper
811 3724 991 3770 autem
1051 3714 1249 3771 sobriis
1313 3714 1491 3770 ocium
1565 3715 1777 3769 terebat
1828 3715 1924 3752 ﬂ”
1991 3715 2137 3788 (7H)

543 3805 792 3876 loquelis.
849 3806 996 3860 Baro
1046 3804 1294 3860 fidicines
1345 3804 1706 3869 admittebat,
1757 3819 1894 3875 quos
1952 3814 2137 3860 tamen

541 3906 765 3969 propter
823 3896 1153 3953 alleviandas
1220 3898 1556 3951 anxietatum
1624 3911 1783 3951 curas
1846 3895 2135 3966 aliquando

546 3987 757 4042 censuit
780 4000 901 4041 esse
935 3986 1290 4042 necessarios.
1339 3984 1589 4042 Ceterum
1628 3985 1987 4053 pantomimos
2012 3985 2127 4053 ”’°,

544 4076 638 4145 qui
685 4076 937 4132 obscenis
986 4090 1274 4147 corporum
1324 4076 1562 4131 motibus
1613 4075 1891 4132 oblectare
1937 4076 2127 4147 vulgus

546 4166 636 4201 ’°“
685 4166 879 4232 solent,
934 4179 968 4223 δ
1018 4180 1117 4222 suo
1164 4173 1455 4236 conspectu
1503 4180 1727 4235 prorsus
1781 4165 1956 4227 eiecit.
2014 4166 2126 4222 Soli

544 4259 744 4315 medici
790 4274 914 4315 cum
968 4258 1061 4316 illo
1114 4257 1450 4329 regnabant,
1508 4256 1739 4313 dillieilis
1793 4259 1969 4313 aditus
2024 4258 2128 4314 fuit

542 4350 761 4416 ceteris,
783 4350 887 4404 nisi
912 4350 1127 4419 gravior
1153 4362 1315 4403 causa
1340 4356 1587 4417 posceret
1607 4347 1816 4418 aliquos
1838 4348 2122 4402 intromitti

2238 1903 2410 1973 gulos,
2445 1901 2685 1971 nullique
2717 1903 2927 1956 demum
2959 1902 3218 1972 pepercit,
3246 1902 3537 1956 dummodo
3566 1917 3630 1956 se
3652 1903 3829 1957 omni-

2237 1997 2338 2053 bus
2372 1992 2683 2048 anteferret.
2723 1991 2859 2065 [4-‘5.]
2892 1994 3071 2062 Itaque
3113 1993 3350 2047 breviter
3392 1993 3494 2047 hoc
3538 1994 3826 2047 dicendum

2236 2096 2339 2151 est,
2380 2100 2480 2155 pro
2509 2083 2620 2139 sola
2654 2099 2815 2153 quam
2846 2083 3031 2137 dilexit
3076 2081 3257 2134 mttndi
3301 2081 3466 2150 gloria
3516 2080 3826 2150 pejoratuin

2235 2190 2356 2231 esse
2397 2175 2572 2229 virum
2615 2174 2761 2227 illum
2789 2172 2856 2227 de
2892 2172 3141 2227 omnibus
3166 2186 3301 2242 quas
3331 2171 3398 2225 ab
3431 2172 3583 2224 initio
3638 2170 3827 2225 habuit

2236 2267 2543 2322 virtutibus.
2602 2265 2804 2335 Nempe
2857 2264 2949 2297 ’⁸⁵⁸
2996 2263 3122 2317 talia
3173 2272 3227 2317 et
3273 2261 3536 2329 ejusmodi
3591 2260 3824 2332 plurima

2235 2358 2378 2413 circa
2425 2358 2597 2425 ipsum
2640 2355 2780 2411 facta
2831 2363 2957 2409 sunt
2986 2353 3076 2408 illo
3113 2362 3374 2422 tempore,
3403 2367 3525 2421 qnzr
3560 2354 3829 2420 supersti-

2235 2448 2376 2505 cioni
2404 2449 2487 2503 vel
2510 2449 2792 2519 jactanciae
2815 2462 2907 2502 seu
2940 2446 3117 2516 potius
3147 2443 3483 2513 negligentia:
3528 2442 3651 2511 ejus
3691 2440 3829 2496 infa-

2234 2542 2397 2596 miam
2428 2556 2676 2611 magnam
2703 2547 3045 2610 pepererunt,
3086 2537 3373 2605 odiumque
3393 2535 3638 2589 omnium
3672 2548 3823 2589 mor-

2234 2630 2441 2696 talium,
2470 2630 2736 2700 prazcipue
2763 2644 2891 2684 vero
2920 2636 3248 2697 magnatum.

2304 2720 2391 2774 40.
2434 2719 2583 2789 (Cap.
2623 2716 2767 2789 157.)
2798 2718 2874 2771 Ex
2905 2718 3099 2786 quibus
3130 2715 3462 2771 infestissimi
3507 2723 3667 2769 erant
3712 2722 3824 2768 tam

2232 2810 2307 2867 illi
2342 2824 2502 2881 quam
2531 2809 2772 2864 ccclesize
2804 2812 3000 2863 nostrai
3023 2809 3126 2862 dux
3150 2808 3457 2862 Bernardus
3477 2816 3525 2861 et
3556 2807 3589 2860 ti
3621 2806 3657 2861 ii
3684 2805 3823 2873 ejus,

2232 2919 2460 2975 quorum
2491 2901 2713 2965 invidia,
2743 2900 2899 2954 simul
2935 2899 3031 2932 ’m
3054 2909 3106 2954 et
3135 2901 3277 2963 odia,
3322 2899 3563 2966 itemque
3589 2897 3823 2960 insidim,

2231 2994 2518 3065 obprobria
2567 3001 2618 3048 et
2663 2992 2979 3061 ealutnpnite
3023 2999 3305 3045 traxerunt
3347 2990 3823 3058 archiepismpnnl

2236 3087 2302 3141 ad
2327 3084 2421 3117 "“
2450 3084 2628 3139 omnia
2659 3098 2778 3153 qua:
2806 3098 2968 3153 supra
3000 3082 3236 3136 diximus
3263 3078 3588 3134 offendicula
3626 3078 3820 3148 ιιι-τιξοί-

2239 3178 2422 3248 pilem,
2462 3184 2517 3230 et
2546 3174 2697 3244 quasi
2728 3172 3008 3228 vecordem
3042 3173 3284 3227 fecerunt
3310 3169 3426 3234 “‘7,
3469 3172 3594 3223 dum
3646 3170 3825 3222 minor

2239 3268 2371 3338 ipsis
2410 3276 2465 3320 et
2517 3266 2708 3320 cedere
2764 3263 3040 3318 videretur
3094 3262 3206 3315 ⁸⁸³⁸.
3261 3262 3439 3316 Cessit
3492 3270 3678 3314 tamen
3728 3258 3821 3312 ali-

2240 3359 2453 3428 quando
2491 3363 2682 3424 sponte
2717 3369 2815 3424 pro
2862 3352 3037 3408 cilicio
3066 3352 3373 3415 sacerdotii,
3420 3353 3646 3419 cupiens
3687 3349 3825 3402 invi-

2238 3448 2383 3502 diam
2427 3447 2520 3478 ηδ’
2564 3461 2819 3515 superare
2854 3444 3128 3500 beneﬁciis
3175 3455 3227 3498 et
3280 3445 3419 3498 bona
3464 3443 3692 3495 redden-
3727 3457 3822 3511 pro

2239 3539 2412 3593 malis.
2453 3537 2558 3592 Sed
2591 3552 2710 3591 ctnn
2759 3535 2957 3589 frustra
2996 3537 3293 3591 laborasset
3318 3536 3572 3589 omnibus
3627 3535 3816 3595 modis,

2238 3637 2296 3681 ut
2340 3629 2477 3682 male
2516 3642 2703 3682 nexam
2752 3640 2872 3680 cum
2923 3629 3144 3682 ducibus
3181 3627 3468 3681 resarciret
3499 3624 3818 3686 amicitiam,

2235 3716 2408 3771 victus
2437 3720 2650 3771 tandem
2684 3708 2778 3749 ³⁸⁵⁸
2817 3731 2847 3769 a
2897 3716 3239 3770 tribulatione
3286 3713 3731 3784 persequentium
3768 3722 3821 3765 et

2233 3805 2417 3860 dolore
2450 3807 2712 3860 malorum
2744 3805 3105 3869 exulceratos,
3139 3820 3242 3858 non
3279 3806 3444 3858 semel
3483 3801 3816 3858 exclamavit

2168 3904 2185 3913 '
2230 3910 2353 3951 cum
2416 3895 2631 3968 Hclya:
2682 3898 2902 3952 Domine
2949 3896 3111 3961 Deus,
3158 3896 3354 3949 altaria
3403 3907 3493 3949 tuo
3547 3896 3818 3949 destruxe—

2231 3996 2351 4041 runt
2376 3987 2491 4050 ³⁸⁸⁸,
2521 3987 2796 4056 prophetas
2826 3997 2942 4040 tuos
2969 3986 3289 4046 occiderunt,
3342 3994 3387 4039 et
3442 3984 3656 4039 relictus
3699 4000 3813 4037 sum

2229 4094 2324 4147 ego
2344 4076 2507 4143 solus,
2531 4087 2577 4131 et
2597 4087 2835 4148 qua'runt
2858 4093 2941 4130 me
2963 4076 3254 4144 interﬁcere
3277 4074 3398 4146 (111
3419 4074 3542 4146 Reg.
3564 4090 3675 4135 xix,
3703 4073 3809 4145 10).

2228 4168 2479 4224 Ceterum
2509 4184 2666 4238 quam
2698 4168 2895 4235 injuste
2922 4177 3105 4221 noster
3131 4166 3225 4199 ηδ’
3251 4167 3691 4234 archiepiscopus
3720 4164 3813 4197 ’³⁸⁸

2230 4260 2356 4314 talia
2404 4273 2596 4328 passos
2638 4258 2726 4322 sit,
2771 4274 2935 4312 unum
2980 4259 3113 4312 satis
3148 4266 3231 4311 est
3260 4257 3563 4325 exemplum
3593 4257 3683 4310 hic
3716 4272 3808 4324 po.

2227 4367 2387 4416 nere;
2422 4367 2527 4421 quo
2555 4359 2729 4420 potest
2759 4349 2928 4404 videri
2974 4349 3273 4405 amicitiam
3316 4363 3439 4403 cum
3485 4347 3683 4403 invidis
3732 4345 3805 4400 nil

544 4438 710 4495 laicos
751 4438 869 4493 ⁸⁸³⁸.
920 4436 1072 4495 Unde
1091 4437 1256 4492 etiam
1282 4436 1477 4495 accidit
1504 4445 1563 4493 ut
1608 4438 1912 4495 videremus
1930 4440 2126 4495 ostium
2159 4443 2468 4508 Dvaluisse
2507 4449 2905 4497 conservatam.

1864 4620 2097 4678 VARIAS
2129 4620 2527 4680 LECTIONES.

610 4710 734 4784 {mf
765 4709 1207 4784 conﬂixeruntl.
1233 4710 1664 4784 conﬁxerunt4.
1743 4713 1837 4784 ft"
1894 4715 2204 4784 parochiam
2236 4715 2290 4767 5.

1334 4784 1551 4852 quidam
1585 4783 1639 4837 5.
1716 4782 1812 4815 ¹⁸⁰⁸
1842 4782 2059 4839 trahens
2093 4785 2146 4837 4.

545 4781 639 4816 ’⁵³⁸
685 4782 856 4836 virum
889 4782 1026 4834 deest
1059 4781 1117 4835 4.
1191 4782 1285 4819 '8"

546 4851 640 4883 ⁸⁸³⁸
682 4851 892 4905 somnio
937 4852 989 4904 1.

536 5005 666 5060 pere
694 5005 919 5060 procura
929 4998 1047 5043 rent
1076 4990 1127 5043 4.

539 5131 633 5167 ³³η
673 5137 730 5183 et
755 5129 807 5182 2.
848 5129 902 5182 5.
936 5128 993 5197 74.
1093 5128 1187 5160 ²⁸¹⁹
1234 5126 1661 5197 impendebat}.
1690 5128 1744 5181 5.
1790 5128 1845 5180 4.
1907 5129 2052 5197 5⁸⁸⁸⁸

537 5213 632 5254 cos
666 5199 809 5252 deest
853 5198 907 5251 2.
932 5196 988 5251 5.
1016 5197 1069 5252 4.
1145 5197 1240 5229 ’⁸³⁸
1259 5194 1376 5266 ejus
1399 5197 1451 5248 5.
1524 5194 1623 5266 ’Ψ
1650 5208 1704 5249 et
1725 5197 1781 5266 2.
1811 5197 1860 5250 5.
1892 5195 1946 5248 4.

538 5276 728 5330 gnatos
754 5268 808 5322 2.
837 5267 889 5320 5.
919 5266 973 5320 4.
1080 5267 1178 5302 ³⁸³⁸
1200 5266 1252 5320 in
1275 5263 1526 5319 omnibus
1547 5263 1599 5316 4.
1701 5264 1799 5296 ⁸⁸⁸⁸
1826 5271 2001 5317 autem
2025 5265 2082 5318 5.

1106 4851 1203 4899 “ﬂ
1248 4851 1374 4922 ant:
1407 4853 1567 4922 deest;
1593 4853 1648 4907 2.
1700 4853 2103 4922 ipervigilanter
2153 4853 2209 4907 5.
2241 4853 2293 4906 4.

542 4921 638 4954 ²⁸¹⁸
682 4922 820 4974 sedit
848 4920 901 4974 4.
974 4920 1066 4952 “"
1097 4936 1324 4989 cumque
1352 4920 1406 4974 2.
1443 4920 1495 4974 5.
1541 4919 1596 4974 4.
1671 4919 1768 4953 ’m
1794 4919 2056 4976 conviviis
2083 4922 2137 4976 2.

1207 4991 1735 5073 "ﬁne—baberent
1759 4991 1943 5073 desunt
2050 4990 2101 5046 5.
2137 4992 2212 5073 4..
2268 4991 2864 5073 ὐἱιέεὲίξηῦιιὶεωδιδ
2898 5060 2914 5073 ¹
2934 4992 3029 5034 ’⁸η
3052 4993 3181 5073 illim
3286 4989 3806 5073 _"”'_lﬁt_._pezmax_i-

540 5058 766 5114 inam2.
796 5059 849 5113 5.
899 5060 1130 5115 habebat
1180 5061 1473 5113 maximam
1518 5059 1572 5112 5.
1604 5060 1800 5113 habeat
1848 5061 2135 5113 maximam
2183 5058 2236 5112 4.

2080 5129 2437 5196 pantamimos
2462 5128 2515 5181 2.
2547 5129 2600 5181 5.
2631 5131 2681 5182 4.

2056 5198 2151 5238 ³⁸³⁸
2177 5213 2495 5267 magnarum
2550 5214 2731 5253 rerum
2767 5199 2819 5253 4.

2193 5267 2287 5299 ’“'
2316 5268 2388 5320 illi
2412 5268 2550 5320 deest
2575 5268 2628 5321 2.
2654 5269 2708 5321 5.
2740 5269 2793 5321 4.

2401 4714 2496 4753 ’³⁸³
2532 4728 2660 4767 vero
2683 4714 2830 4767 addit
2852 4714 2905 4769 4.
2982 4714 3077 4747 ’⁸⁸⁵
3134 4723 3313 4767 autem
3347 4711 3403 4765 4.
3514 4711 3610 4746 ³⁸⁸⁸
3650 4731 3712 4768 ea
3747 4715 3802 4770 2.

2224 4784 2318 4816 ¹⁸⁰⁹
2348 4783 2551 4838 somnis
2584 4784 2634 4837 1.
2731 4785 2826 4817 ³⁸¹⁰
2865 4785 2949 4839 vel
2997 4785 3050 4837 in
3091 4784 3321 4837 insolitis
3355 4783 3409 4834 4.
3485 4783 3576 4814 ““
3611 4785 3712 4838 irvt
3746 4785 3801 4839 5.

2241 4853 2293 4906 4.
2405 4852 2502 4884 ’³⁸⁸
2533 4854 2586 4907 in
2635 4854 2750 4907 alea
2808 4854 2862 4907 4.
3001 4853 3095 4885 ’³⁸⁵
3122 4865 3248 4905 ante
3295 4867 3534 4905 mensam
3574 4852 3627 4906 2.
3661 4855 3713 4906 5.
3748 4855 3801 4908 4.

2248 4870 2293 4906 1-
2405 4870 2502 4884 ⁸⁵⁸*
2533 4870 2586 4907 tn
2635 4870 2750 4907 alea
2808 4870 2862 4907 4.
3003 4870 3095 4885 ⁸³⁸·
3122 4870 3248 4905 ante
3295 4870 3534 4905 mensam
3574 4870 3627 4906 ι.
3661 4872 3713 4906 o.
3748 4870 3802 4909 θ.

2248 4920 2593 4988 ““iejmnus
2623 4924 2760 4977 deest
2786 4923 2839 4976 2.
2870 4924 2920 4977 δ.
2949 4923 3001 4975 4.
3091 4924 3185 4963 ὀη
3211 4922 3469 4991 hOs‘pitrs.
3496 4934 3545 4976 el
3578 4940 3801 4991 "mg"...

3438 5060 3533 5094 ⁸⁸⁸⁷
3584 5071 3692 5114 tum
3741 5063 3795 5115 5.

3569 5132 3663 5169 ’δ”
3693 5132 3789 5185 lai-

3542 5199 3634 5233 ""
3674 5217 3790 5253 meo

3497 5269 3592 5303 un
3621 5272 3795 5323 εοΙυιη

2347 5060 2441 5092 ⁸⁸³⁵
2494 5058 2682 5116 facetis
2715 5063 2769 5114 ‘2.
2803 5061 2855 5114 5.
2886 5060 2941 5114 4.
3052 5064 3145 5102 ὀη
3194 5071 3244 5112 vt
3275 5061 3326 5115 4.

2793 5130 2883 5161 ³⁸³⁸
2910 5132 3168 5187 oblat-tari
3193 5134 3405 5198 vulgum
3437 5130 3488 5184 4.

2909 5199 3002 5271 93‘
3032 5210 3381 5271 petenteSque
3410 5200 3460 5254 1.

2864 5290 2869 5294 ’
2906 5270 2998 5301 ³⁸⁸¹
3028 5270 3318 5327 siiscitarat
3342 5271 3395 5322 5.
