4122 5330
338 211 441 270 σαί)

1873 210 2050 264 “TA.

3487 215 3593 266 li'iil

339 328 410 381 cti
461 323 628 380 llilari
687 323 995 387 abbatissae,
1043 338 1164 392 qua:
1220 321 1421 385 locum,
1472 329 1630 377 antea
1685 319 1990 382 Bellam-A
2022 321 2374 379 tentationem
2426 324 2677 388 fratrum,
2723 326 2812 394 qui
2869 335 2993 380 sunt
3042 325 3093 378 in
3153 321 3588 378 Vallembrosana

338 415 547 484 Aquam
584 413 808 477 dictum,
849 413 947 482 ipsi
991 412 1057 465 ad
1092 410 1480 464 exstruendum
1531 409 1913 464 monasterium

338 503 606 561 concessit
627 517 771 556 anno
797 502 952 556 l059.
985 501 1187 554 llarum
1210 500 1517 554 litterarum
1544 501 1914 568 authenticum

341 591 618 660 exemplar
673 590 1059 645 Vallumbrosa.
1114 590 1370 653 vidimus,
1420 590 1645 658 ejusque
1707 589 1916 658 copiam

343 682 502 738 nobis
532 680 662 734 fecit
698 681 785 733 vir
810 680 1092 749 religiosus
1133 688 1186 734 et
1219 682 1426 734 amicus
1474 689 1661 734 noster
1690 681 1917 734 domnus

345 771 590 827 Placidus
619 767 786 822 Poltri
815 767 1329 822 Vallumbrosanus:
1359 777 1414 822 at
1438 782 1532 822 eas
1555 768 1694 836 apud
1726 767 1920 836 lighel-

344 859 456 914 lum
479 859 654 913 editas
678 865 861 924 postea
887 855 1506 926 deprehendimusUtal.
1534 873 1648 910 δας.
1683 866 1722 910 t.
1758 873 1838 921 tu,
1863 873 1916 925 p.

343 951 492 1021 299).
519 951 575 1005 ln
604 952 687 1006 his
712 949 909 1004 litteris
937 955 1167 1002 testatur
1208 948 1332 1015 ltta,
1364 962 1421 1002 se
1471 947 1750 1018 religiosos
1778 949 1921 1002 viros

346 1043 413 1097 de
429 1042 600 1097 sancti
629 1040 871 1095 Miuiatis
898 1038 1228 1093 monasterio
1256 1039 1306 1092 in
1346 1053 1554 1103 eremo,
1584 1053 1704 1107 qua:
1732 1036 1921 1090 Vallis-

348 1130 612 1186 Utnbrosa
649 1130 896 1192 .dicitur,
944 1130 1269 1196 suscepisse,
1325 1129 1376 1181 in
1428 1127 1547 1182 loco
1593 1128 1684 1196 qui
1724 1127 1923 1181 dicitur

345 1220 698 1288 Aqua-Bella,
723 1235 789 1274 ex
819 1219 1150 1287 proprietate
1182 1219 1496 1272 monasterii
1527 1219 1634 1281 sui,
1668 1219 1808 1287 quod
1847 1228 1921 1271 est

346 1310 400 1361 in
428 1310 621 1362 honore
649 1309 816 1361 sancti
852 1307 1046 1371 Hilari,
1087 1308 1187 1360 sito
1233 1306 1585 1376 Alﬁano:qui
1615 1307 1714 1360 viri
1745 1308 1928 1360 melio-

348 1401 527 1454 randa:
556 1401 669 1452 vita:
688 1401 858 1469 gratia
883 1415 948 1452 eo
978 1413 1036 1452 se
1068 1409 1403 1466 receperant.
1429 1398 1639 1451 Interea
1667 1407 1788 1466 post
1809 1412 1924 1450 otes

348 1492 552 1562 aliquot
598 1491 780 1544 divum
835 1488 1144 1544 Conradqu
1191 1489 1577 1556 imperatorem
1615 1486 1923 1557 Augustum

348 1594 470 1633 cum
492 1593 586 1633 sua
619 1594 786 1632 uxore
811 1578 1005 1632 domua
1032 1577 1218 1632 Ghisla
1257 1578 1379 1630 diva
1422 1579 1685 1646 Augusta,
1717 1587 1772 1631 et
1815 1577 1926 1631 lilio

2017 412 2454 481 congregatione,
2511 423 2566 467 et
2613 415 2880 482 prmeipue
2931 428 3118 466 eorum
3161 413 3251 481 qui
3308 413 3361 466 in
3405 422 3596 466 sancto

2018 501 2136 556 loco
2164 502 2323 565 illo,a
2362 518 2472 571 quo
2517 505 2705 557 eadem
2742 505 3091 574 congregatio
3145 519 3338 556 nomen
3366 503 3594 573 accepit,
3674 503 3680 510 ’

2018 593 2264 646 habitare
2289 593 2568 658 videntur;
2601 603 2691 646 aut
2717 594 2956 651 inantea.
2984 594 3092 647 Deo
3141 593 3486 662 propitiante,
3523 591 3596 648 ad

2021 683 2365 736 serviendum
2422 682 2530 736 Deo
2577 682 2772 736 ibidem
2804 683 3089 736 devenient
3141 684 3208 736 ad
3260 682 3594 737 retinendam

2021 773 2374 826 monasticam
2423 772 2736 842 religionem
2790 781 2847 825 ct
2902 774 3096 826 bonam
3148 773 3601 827 consuetudinem

2021 855 2221 916 saneta:
2245 861 2516 915 memoria:
2545 860 2724 914 domui
2749 858 2970 918 Joannis
3001 861 3216 915 abbatis
3235 858 3475 930 majoris,
3501 859 3598 929 qui

2023 951 2289 1006 universa:
2317 960 2520 1006 sancta:
2540 950 2976 1019 congregationis
3009 951 3176 1018 ipsius
3216 951 3389 1005 bonus
3431 951 3601 1004 inca:-

2024 1050 2144 1110 ptor
2164 1039 2516 1093 etordinator
2544 1037 2672 1092 fuit:
2703 1048 2784 1101 ut,
2819 1038 3113 1092 secundum
3143 1037 3596 1105 dispensationem

2023 1132 2205 1185 donmi
2238 1131 2494 1184 Bernardi
2538 1129 2745 1183 abbatis
2775 1138 2830 1182 et
2861 1129 2918 1182 S.
2967 1128 3033 1182 11.
3065 1129 3125 1182 Ε.
3169 1129 3479 1193 cardinalis,
3507 1129 3601 1198 qui

2025 1223 2290 1278 universa:
2318 1231 2520 1276 sancta:
2535 1221 2931 1292 congregationi
2950 1221 3108 1276 modo
3122 1234 3350 1289 praeesse
3373 1221 3602 1287 videtur,

2023 1324 2078 1369 et
2111 1315 2428 1369 Theoderici
2470 1315 2766 1384 praapositi,
2812 1314 2902 1384 qui
2934 1315 3001 1367 ab
3033 1314 3220 1368 eodem
3250 1313 3522 1368 Bernardo
3547 1321 3606 1370 et

2027 1403 2094 1457 ab
2132 1405 2382 1458 universa
2441 1403 2876 1458 Vallembrosana
2925 1402 3343 1473 congregatione
3375 1404 3427 1456 in
3463 1403 3606 1474 regi-

2029 1493 2172 1546 mine
2203 1493 2366 1547 totius
2397 1493 2827 1564 congregationis
2856 1493 3134 1546 ordinalus
3181 1501 3283 1554 est,
3303 1491 3386 1545 vel
3414 1507 3603 1547 eorum

2029 1601 2428 1650 successormn,
2456 1587 2546 1645 qui
2578 1585 2894 1655 regulariter
2923 1585 3178 1648 ordinati,
3210 1595 3265 1640 et
3296 1601 3324 1638 a
3349 1585 3606 1639 fratribus

350 1682 450 1722 suo
470 1667 667 1721 domno
690 1667 946 1721 lleinrico
1005 1683 1129 1736 rege
1166 1667 1576 1737 gloriosissimo,
1620 1680 1674 1722 et
1704 1666 1928 1736 conjuge

2040 1676 2190 1730 electi
2227 1676 2444 1741 fuerint,
2487 1687 2543 1730 ut
2590 1679 2821 1732 habeant
2861 1688 2915 1732 ct
2947 1688 3186 1742 teneant,
3224 1687 3277 1732 et
3308 1680 3611 1748 proprieta-

351 1775 473 1826 sna,
510 1759 840 1816 Florentiam
897 1774 1139 1826 venisse;
1213 1771 1633 1829 sanctorumque
1691 1761 1932 1816 virorum

352 1851 495 1904 fama
525 1860 773 1919 accepta,
813 1848 1102 1904 Rodulfum
1125 1847 1559 1905 Pavibronensem
1578 1850 1684 1918 (sic
1709 1849 1934 1903 authen-

353 1943 542 2012 ticum)
568 1956 661 1996 seu
692 1941 1165 1996 PaderbOnensem
1199 1941 1536 2010 episcopum,
1565 1949 1789 1994 vacante
1820 1949 1932 1992 tum

355 2041 476 2102 post
513 2041 742 2086 mortem
767 2031 951 2086 Jacobi
981 2031 1216 2100 episcopi
1250 2030 1376 2085 sede
1410 2029 1704 2092 Fesnlana,
1746 2029 1798 2082 in
1840 2044 1934 2082 cn-

347 2122 673 2191 jusdimcesi
699 2122 859 2177 situm
891 2132 1007 2177 erat
1054 2123 1466 2186 monasterium,
1508 2120 1932 2175 VallumbroSam

357 2215 618 2270 direxisse
645 2214 710 2267 ad
739 2215 1161 2269 consecrandum
1217 2227 1402 2268 eorum
1425 2214 1724 2268 oratorium
1750 2214 1802 2266 in
1841 2214 1934 2266 Ito-

358 2320 546 2359 norem
573 2313 774 2360 sancta:
815 2303 1017 2369 Marite,
1069 2306 1351 2376 sanctique
1399 2303 1677 2359 Michaelis
1705 2297 1935 2358 arcltané

359 2395 482 2464 geli,
503 2401 556 2448 et
593 2403 905 2448 sanctorum
938 2394 1314 2449 Bartholomzei
1342 2404 1392 2448 et
1423 2394 1645 2448 Thema:
1671 2393 1936 2464 apostolo-
1968 2415 1979 2426 -

361 2499 502 2548 rum,
529 2499 628 2537 nec
663 2499 768 2537 non
807 2493 1116 2538 sanctorum
1161 2483 1417 2554 Stephani
1441 2484 1732 2554 pontilicis,
1770 2483 1935 2538 Bene-

323 2636 336 2652 .
363 2569 490 2625 dicti
515 2571 726 2626 abbatis
748 2581 802 2626 et
823 2571 1025 2626 Nicolai
1077 2573 1439 2637 confessoris;
1487 2573 1628 2641 quod
1657 2582 1708 2626 et
1735 2571 1933 2626 factum

363 2673 468 2719 est.
488 2663 643 2719 Hunc
666 2681 794 2719 vero
821 2665 994 2719 locum
1025 2666 1125 2734 piis
1151 2665 1254 2719 illis
1289 2666 1418 2718 viris
1449 2653 1608 2729 t'radit
1664 2665 1934 2719 abbatissa

364 2767 430 2807 eo
479 2762 636 2822 pacto
669 2763 727 2807 ut
761 2755 1053 2822 quotannis
1101 2756 1152 2808 in
1210 2751 1501 2808 festivitate
1539 2753 1712 2808 sancti
1768 2751 1934 2806 Hilari

365 2845 483 2914 ejus
537 2845 864 2900 monasterio
898 2861 1036 2899 certe
1085 2845 1272 2899 libram
1306 2862 1465 2900 unam
1514 2859 1782 2914 unamque
1833 2843 1936 2897 olei

366 2935 699 3004 persolvant:
733 2944 807 2998 et,
861 2936 904 2990 si
935 2936 1148 3004 quando
1186 2937 1351 2991 abbas
1401 2937 1530 2991 vitio
1583 2935 1825 2991 sitnonite
1851 2935 1934 2988 in-

2037 1768 2115 1820 rio
2143 1767 2359 1822 nomine
2411 1769 2742 1837 possideant,
2775 1778 2880 1822 etc.
2918 1769 3107 1823 Actum
3159 1771 3211 1823 in
3244 1769 3365 1824 loco
3402 1772 3492 1839 qui
3522 1771 3604 1824 di-

2033 1857 2172 1910 citur
2195 1858 2524 1911 monasterio
2562 1859 2732 1912 sancti
2772 1857 3088 1923 Salvatoris,
3147 1859 3402 1912 comitatu
3434 1858 3614 1913 Areti-

2036 1963 2123 2002 no.
2159 1967 2176 1998 ι
2214 1947 2516 2003 Subscrihit
2567 1949 2852 2002 Matthilda
2895 1949 2990 2002 Dei
3042 1951 3236 2019 gratia,
3275 1950 3320 2003 si
3358 1949 3483 2019 quid
3510 1961 3606 2011 est,

2034 2051 2158 2090 eum
2182 2037 2426 2091 Guidone
2467 2039 2680 2101 comite,
2713 2038 2857 2092 dicto
2904 2037 3122 2101 Guerre,
3172 2038 3324 2103 cujus
3342 2047 3423 2092 est
3446 2040 3612 2092 etiam

2035 2128 2278 2192 donatio,
2307 2129 2555 2198 aliisque.
2595 2129 2852 2184 Triennio
2903 2137 3062 2182 antea
3115 2130 3302 2182 eadem
3341 2128 3618 2182 Mathildis

2041 2237 2059 2268 ‹
2097 2233 2201 2270 una
2230 2233 2352 2271 cum
2380 2218 2624 2272 Guidone
2650 2219 2868 2284 comite,
2923 2226 2978 2272 et
3027 2216 3143 2285 ejus
3186 2218 3294 2273 lilio
3335 2217 3611 2273 Guidone-

2035 2305 2238 2361 Guerra
2270 2314 2481 2367 vocato,
2519 2316 2814 2376 comperto,
2869 2307 3202 2361 venerabiles
3232 2306 3613 2376 congregatio-

2038 2410 2132 2448 nes
2154 2395 2464 2448 monasterii
2499 2395 2914 2448 Vallisimlirosze
2938 2409 2966 2446 a
3007 2395 3362 2464 quorumdam
3393 2409 3614 2448 suorum

2039 2482 2273 2537 ﬁdelium
2299 2484 2715 2552 praesumptione
2741 2483 3126 2537 conculcariac
3149 2481 3374 2552 despici,
3400 2497 3617 2536 eorum-

2037 2590 2142 2644 quc
2165 2575 2562 2628 habitationum
2587 2575 2929 2628 sanctissima
2959 2573 3073 2628 loca
3103 2574 3285 2628 nimiis
3309 2573 3617 2642 iniquorum

2039 2664 2442 2720 assiduitatibns
2465 2665 2773 2728 conveniri;
2804 2689 2820 2714 ι
2848 2663 3001 2732 jubet
3044 2677 3394 2733 quoscunque
3432 2662 3617 2724 duces,

2042 2756 2401 2819 marchiones,
2463 2755 2704 2825 aliosque
2768 2753 3039 2809 inferioris
3087 2752 3294 2807 ordinis
3349 2752 3624 2806 abstinere

2039 2847 2107 2898 ab
2135 2846 2395 2914 ejusmodi
2427 2845 2798 2900 vexationibns
2826 2845 2876 2899 in
2911 2844 3195 2913 praedictos
3248 2843 3563 2905 monachos,
3595 2860 3613 2892 ι

2040 2950 2264 3003 quorum
2298 2935 2458 2988 vitam
2503 2944 2706 2998 nostro,
2760 2934 2953 3002 inquit,
2983 2943 3220 3002 tempore
3253 2946 3362 3000 pra:
3417 2929 3626 2985 caeteris

369 3027 634 3091 trudatur,
660 3026 814 3080 liceat
839 3027 970 3097 ipsis
1013 3027 1512 3080 sanctimonialibus
1551 3041 1674 3080 cum
1706 3023 1936 3092 abjicere
1966 3041 2012 3100 ε
2043 3023 2391 3078 excellentius
2420 3025 2625 3094 fulgere
2651 3025 3019 3094 cognovimus,
3053 3037 3348 3090 eorumque
3374 3021 3621 3075 laudabi-

367 3125 422 3170 et
447 3115 610 3183 alium
633 3115 932 3186 regularem
963 3117 1077 3185 ejus
1119 3115 1236 3170 loco
1263 3117 1612 3171 constituere.
1644 3116 1780 3168 Dato
1804 3131 1941 3167 anno

370 3207 658 3262 ﬂaminica:
682 3205 1072 3260 Incarnationis
1095 3208 1355 3260 tricesimo
1389 3224 1524 3261 nono
1557 3216 1671 3275 post
1706 3205 1867 3267 mille,
1895 3217 1942 3260 et

370 3315 508 3352 anno
555 3299 760 3365 imperii
796 3299 979 3352 damni
1033 3298 1336 3353 Chuonradi
1380 3301 1704 3353 imperatoris
1737 3301 1943 3368 augus'i

370 3390 519 3442 tertio
549 3391 767 3452 decimo,
806 3391 991 3456 quinto
1023 3388 1205 3440 Nonas
1234 3387 1388 3449 Julii,
1413 3389 1697 3440 indictione
1721 3387 1943 3440 decima.

369 3479 556 3530 Actum
587 3476 876 3531 Florentia.
929 3467 1310 3532 Monasteriiuu
1344 3476 1526 3539 Sancti
1584 3475 1750 3530 llilari
1795 3475 1947 3530 reda-

370 3582 515 3624 etum
542 3580 625 3624 est
658 3571 708 3624 in
735 3571 962 3641 simplex
989 3572 1270 3642 priedium,
1307 3571 1450 3640 quod
1500 3570 1976 3625 Valluiubrosauo-

373 3661 672 3731 subjectum
695 3672 798 3718 est.

441 3753 580 3806 5.1η
638 3768 830 3821 magna
887 3754 1258 3807 sanetimonire
1304 3754 1558 3822 opinione
1619 3753 1720 3808 fuit
1761 3755 1949 3823 primis

377 3842 708 3912 temporibus
766 3844 1116 3913 congregatio
1176 3844 1646 3906 Vallumbrosana,
1708 3846 1948 3913 adeoque

374 3929 492 3996 ejus
514 3940 704 3985 auctor
724 3929 962 3986 Joannes
997 3931 1352 3987 Gualbertus:
1405 3935 1491 3988 cui
1525 3933 1724 3988 viventi
1750 3933 1948 3987 Bonizo

373 4024 657 4092 cpiscOpus
697 4022 1039 4078 Placentinus
1071 4024 1237 4078 libros
1282 4032 1405 4078 octo
1455 4024 1841 4079 sententiarum
1883 4037 1946 4075 ex

375 4125 564 4171 sancto
597 4114 898 4186 Augustino
947 4115 1234 4178 dedicavit,
1289 4123 1346 4168 ut
1366 4126 1449 4169 est
1476 4115 1530 4168 in
1561 4114 1829 4168 Lambecii
1861 4113 1948 4166 Bi-

375 4206 642 4261 bliotheca
691 4208 956 4264 Caesarea.
1009 4223 1132 4278 pag.
1173 4207 1295 4262 790.
1349 4207 1424 4260 De
1505 4206 1948 4261 Vallumbrosana

377 4295 792 4366 congregatione
821 4299 1109 4354 Anseltnus
1162 4298 1608 4368 llavelbergeusis
1641 4299 1945 4366 episcopus,

2048 3113 2150 3166 lem
2182 3113 2488 3166 sanctitatis
2534 3113 2732 3166 famam
2781 3112 2978 3186 uquue’
3031 3111 3276 3165 redolere
3325 3125 3428 3162 non
3462 3111 3624 3164 surda

2047 3219 2178 3257 aure
2208 3216 2592 3270 perseusmtus.
2624 3203 2817 3256 Actum
2846 3210 2928 3255 est
2964 3199 3252 3253 Florentia:
3283 3213 3427 3252 anno
3492 3198 3628 3251 1100

2045 3293 2184 3362 apud
2232 3293 2561 3347 Florentiam
2625 3307 2721 3360 per
2772 3306 2988 3344 manum
3041 3289 3283 3359 Frogerii
3334 3287 3622 3356 capellani,

2047 3383 2368 3452 praesidente
2394 3383 2609 3436 domina
2641 3381 2880 3434 Mathildi
2930 3381 2982 3432 in
3013 3380 3210 3448 palatio
3250 3395 3348 3433 suo
3381 3377 3626 3432 feliciter.

2053 3493 2069 3523 ι
2107 3473 2464 3528 Subscribunt
2489 3487 2608 3526 cum
2640 3473 2777 3539 ipsa,
2813 3479 2868 3523 et
2896 3468 3140 3524 Gniilone
3167 3469 3383 3531 comite,
3408 3468 3628 3538 ejusque

2053 3564 2161 3619 lilio
2189 3565 2482 3632 :equivoco,
2524 3561 2709 3615 Petrus
2743 3559 3080 3614 Pistoriensi:
3119 3561 3410 3628 episcopus,
3448 3557 3625 3628 Paga-

2051 3671 2147 3707 nns
2177 3653 2274 3707 Dei
2301 3653 2472 3722 gratia
2532 3651 2593 3704 fl.
2621 3651 2685 3704 Ε.
2712 3652 2966 3703 diaconus
3013 3649 3318 3711 cardinalis,
3349 3657 3404 3701 ct
3440 3648 3630 3717 praedi-

2053 3756 2171 3801 ctus
2195 3745 2505 3815 Frogerius,
2538 3743 2806 3797 lleriberti
2845 3742 3115 3810 quondam
3153 3741 3379 3809 Rhegini
3422 3755 3626 3809 prtesu-

2053 3841 2116 3892 lis
2143 3836 2589 3908 capellanus,qni
2641 3845 2852 3890 noctem
2892 3833 2977 3888 isti
3027 3832 3306 3902 diplomati
3340 3830 3629 3886 scribendo

2051 3947 2109 3985 se
2137 3931 2459 4000 impendisse
2483 3928 2632 3984 dicit.
2972 3971 2976 3976 .

2089 4023 2172 4076 .4.
2213 4024 2421 4077 Primus
2451 4028 2569 4092 post
2597 4019 2857 4074 Joannem
2903 4019 3213 4072 monasterii
3250 4026 3304 4071 ct
3341 4029 3629 4088 congrega-

2054 4115 2213 4168 tionis
2243 4115 2410 4168 abhas
2441 4111 2540 4166 fuit
2569 4111 2849 4175 Rodulfus,
2883 4128 2946 4164 ex
2994 4112 3124 4164 Vita:
3181 4109 3456 4178 sequentis
3505 4123 3627 4178 cap.

2051 4204 2146 4268 76;
2175 4203 2425 4257 Rusticus
2468 4202 2610 4256 hunc
2650 4202 2890 4270 excepit:
2919 4201 3002 4254 cui
3048 4210 3168 4269 post
3200 4199 3479 4251 Erizoncm
3508 4211 3633 4252 suc-

2057 4294 2221 4348 cessit
2267 4293 2593 4346 Bernardns.
2621 4291 2671 4346 ls
2707 4291 2774 4344 ab
2809 4289 3023 4343 Urbano
3050 4288 3091 4342 11
3125 4297 3340 4342 creatus
3373 4285 3473 4341 fuit
3511 4301 3635 4355 prc-

379 4397 620 4458 tempore
649 4390 860 4443 Attonis
891 4404 1012 4442 mox
1045 4389 1263 4450 laudati,
1294 4389 1408 4442 haec
1449 4388 1667 4458 scripsit
1696 4387 1745 4440 in
1773 4386 1952 4440 Dialo-
1986 4379 2028 4438 1)
2059 4386 2147 4454 shy
2163 4393 2244 4438 ter
2270 4383 2557 4438 cardinalis
2590 4384 2672 4436 tit.
2695 4381 2877 4437 Sancti
2911 4379 3269 4452 Chrysogoni,
3320 4395 3382 4433 ac
3416 4377 3632 4432 demum

379 4495 566 4550 gerum
597 4480 688 4534 lib.
713 4496 766 4533 ιε
812 4499 831 4530 ‹
880 4479 989 4535 Nec
1043 4480 1243 4534 dinest
1281 4481 1422 4548 quod
1453 4479 1504 4532 in
1535 4478 1642 4533 alio
1678 4478 1815 4542 loco,
1862 4479 1954 4547 qui

380 4580 604 4627 vocatur
665 4570 1152 4634 Vallis-Umbrosa,
1200 4569 1352 4638 juxta
1395 4569 1682 4624 Perusinus
1723 4579 1953 4634 montes,

379 4663 614 4739 surrexit
648 4662 994 4732 congregatio
1040 4678 1175 4715 nova
1215 4662 1600 4715 monachorum
1647 4660 1798 4714 valde
1828 4661 1952 4716 reli-

381 4754 546 4823 giosa,
580 4769 610 4808 a
640 4754 964 4822 etelerisqui
1003 4761 1266 4807 vocantur
1292 4753 1540 4806 monachi
1585 4767 1724 4806 novo
1767 4753 1956 4806 ordine

382 4853 432 4896 et
457 4859 595 4900 novo
619 4843 809 4899 habitu
843 4841 1171 4898 differentes.
1229 4861 1248 4894 ι
1292 4841 1519 4897 Habitus
1559 4843 1641 4896 ille
1689 4843 1956 4913 principio

384 4934 668 5006 ferruginei
714 4934 913 4991 coloris
967 4947 1104 5000 erat,
1150 4935 1364 4990 nonnisi
1406 4936 1494 4990 'ab'
1538 4951 1643 4990 uno
1683 4936 1952 4990 saeculoin

383 5027 588 5097 nigrum
615 5034 1002 5080 commutatus.
1049 5026 1155 5080 Sed
1207 5026 1523 5094 praeclarum
1559 5036 1641 5081 est
1683 5028 1734 5080 in
1766 5029 1956 5095 primis

380 5117 445 5172 de
483 5117 568 5171 illa
597 5117 1016 5187 congregatione
1041 5118 1266 5186 ejusque
1321 5125 1541 5170 auctore
1577 5117 1807 5186 elogium
1849 5118 1956 5172 Ma—

383 5209 562 5265 thildis
592 5209 999 5264 marchionissa}
1030 5225 1124 5264 seu
1175 5209 1482 5272 comitissze,
1531 5226 1650 5279 qua:
1685 5214 1957 5267 nasmntis

381 5298 814 5330 οηηηι-Δηηιὶηηῖε
867 5299 1013 5330 ἷηῖιῖη
1067 5300 1196 5330 ..ζιεῖι
1283 5313 1508 5330 (sn-nnc”:
1562 5301 1741 5330 ηιηΙιῖο
1806 5303 1924 5330 ,1....2

2057 4476 2342 4544 episcopus
2398 4475 2744 4530 Parmensis:
2807 4473 2962 4542 cujus
3008 4472 3188 4527 Vitam
3239 4469 3424 4524 Romae
3469 4469 3638 4524 edidit

2060 4567 2198 4620 idem
2227 4566 2315 4634 qni
2352 4580 2512 4634 supra
2547 4563 2860 4618 Thesaurus
2892 4563 3083 4627 abbas,
3119 4563 3168 4614 in
3200 4577 3303 4630 qua
3330 4560 3638 4614 Bcrnardns

2060 4674 2201 4710 anno
2240 4656 2375 4709 1135
2401 4664 2647 4710 mortuus
2685 4653 2996 4722 perhibetur
3043 4650 3155 4705 Sub
3184 4665 3248 4704 eo
3276 4650 3438 4703 νεηνίαι
3464 4649 3634 4703 dona-

2060 4751 2232 4805 tiones
2266 4747 2730 4801 Vallnmbrosanis
2775 4744 2929 4798 facta:
2973 4743 3242 4814 leguntur.
3274 4740 3410 4794 Nam
3445 4747 3641 4808 przetcr

2060 4843 2394 4911 superiorem
2422 4837 2689 4892 blathildis
2712 4835 3143 4894 concessionem,
3174 4847 3281 4883 una
3315 4838 3400 4885 est
3433 4846 3450 4876 (
3489 4825 3638 4878 lutil-

2059 4933 2144 4986 lite
2165 4930 2481 4990 comitissae,
2510 4927 2630 4980 filiae
2648 4923 2893 4978 Rainalili
2917 4923 3046 4976 dicti
3073 4917 3367 4979 Sinibaldi,
3402 4912 3644 4979 conjugis

2060 5022 2221 5075 Gnidi
2253 5018 2466 5073 comitis
2495 5015 2625 5071 dicti
2673 5013 2901 5075 Guerra,
2945 5011 3037 5064 filii
3077 5006 3342 5061 Guidonis
3375 5001 3644 5070 quondam

2061 5114 2300 5174 comitis,
2341 5130 2358 5162 (
2393 5110 2527 5164 facta
2565 5120 2710 5160 anno
2754 5103 2908 5156 1105.
2943 5102 3154 5156 Praeter
3181 5111 3247 5149 ea
3302 5086 3646 5148 lleuricnslV

2065 5210 2362 5276 imperator
2387 5219 2528 5257 anno
2552 5199 2690 5256 1111
2727 5218 2743 5249 ι
2779 5196 3040 5265 petitione
3064 5178 3648 5276 venerabilisvirchr-

2595 5286 2854 5330 anicmmi-
2918 5295 2972 5330 nl
3025 5273 3371 5330 (lilCCllSSlltll
3417 5269 3653 5330 C(lgnaliq

2065 5299 2218 5330 nam"
2259 5294 2563 5330 D-srrnnncic
