4122 5330
469 246 570 304 6‘11

1494 250 1553 306 S.
1591 249 1875 307 JOANNIS
1908 242 2301 305 GUALBERTI
2337 244 2626 301 ABBATIS

3608 214 3714 295 eis
3778 246 3785 253 ι

469 361 568 418 αἲξ-ἱ
594 361 947 432 imperatores
970 360 1156 429 pustea
1198 361 1605 416 continuarunt.
1634 361 1817 418 Abbas
1845 354 2033 415 mona-
2062 361 2111 418 Α
2139 358 2364 429 Ripolis,
2392 359 2637 412 Andreas
2669 356 2836 412 abbas
2877 353 3064 410 Sancti
3101 353 3300 411 Fidelis
3333 352 3405 409 de
3443 348 3710 420 Strun'iis,

470 453 620 508 stet-ii
647 448 1031 506 Vall'mnbrosm
1054 452 1122 505 ad
1147 459 1328 505 nostra
1362 458 1603 521 tempora
1638 452 1780 506 idem
1807 451 1908 505 fuit
1942 465 2037 505 or-

469 542 627 597 dinis'
647 540 929 612 prmi'ectus
954 539 1253 607 generalis;
1286 539 1380 594 sed
1431 539 1519 594 hic
1554 540 1630 612 ab
1659 540 1862 609 aliquot
1885 540 2040 595 annis

416 660 419 661 ν
472 631 601 686 nulli
625 628 1040 686 certmabbatiaa
1062 630 1314 685 addictus
1342 639 1446 685 est.

486 740 493 747 ‘
540 721 596 776 5.
633 720 828 775 Multos
857 719 1080 789 protulit
1119 720 1269 775 viros
1310 721 1597 776 sanctitate
1646 719 1883 790 insignes
1923 724 2041 777 haec

469 809 834 880 congregatio,
863 822 1092 877 quorum
1130 809 1299 879 elogia
1354 812 1633 866 contexuit
1685 811 2041 882 Hieronymus

471 898 537 953 tle
561 896 844 969 Raggiolo,
898 897 1047 966 prior
1085 896 1270 953 Sancti
1327 898 1517 953 Donati
1558 900 1610 953 in
1640 899 1834 963 Vinea,
1869 901 1959 971 qui
1986 909 2043 955 et

467 990 663 1045 librum
724 991 792 1045 de
834 985 1113 1045 miraculis
1153 986 1325 1046 sancti
1371 990 1594 1047 Joannis
1647 990 1925 1045 Gualherti
1973 991 2040 1044 ad

472 1092 504 1132 η
527 1079 814 1148 agniiicum
843 1078 1121 1134 dominum
1144 1074 1767 1136 Laurentiumliiedicem
1798 1080 2039 1149 scripsit,

471 1168 720 1238 capitulis
747 1166 815 1223 27
866 1178 1231 1225 constantem.
1280 1170 1432 1225 Beati
1486 1164 1560 1226 illi
1598 1187 1828 1242 quorum
1856 1170 2041 1226 laudes

472 1259 828 1329 Hieronymus
876 1266 1194 1328 prosecutus
1236 1269 1338 1321 est,
1397 1269 1526 1313 sunt
1578 1272 1805 1315 numero
1826 1254 2039 1328 viginti,

468 1347 626 1400 tit-iw
656 1347 910 1410 decanos,
939 1347 1193 1402 Albertus’
1211 1348 1547 1412 oeconmnus,
1599 1348 1800 1413 'l‘eu'zo,
1846 1346 2045 1403 Rodul-

469 1434 557 1491 i‘us
577 1436 799 1493 Joannis
821 1453 1125 1504 successor,
1155 1438 1349 1495 Petrus
1396 1438 1688 1494 cardinalis
1727 1449 1784 1495 et
1834 1440 2042 1509 episco-

466 1540 570 1594 pus
627 1526 975 1593 Albanensis,
1010 1541 1198 1582 omnes
1243 1528 1294 1583 in
1346 1530 1594 1598 sequenti
1646 1530 1766 1583 Vita
1806 1523 2037 1596 lattdati;

469 1614 744 1679 lluStieus,
771 1615 1043 1686 Benig'uus
1080 1625 1135 1672 et
1183 1618 1312 1672 Atto
1349 1619 1594 1682 abbates,
1635 1617 1879 1678 Michael.
1911 1618 2039 1673 Hie-

2139 437 2373 516 denique
2400 445 2653 513 Albertus
2678 445 2844 497 abbas
2862 442 3231 499 Bononiensis.
3260 442 3335 497 De
3358 438 3593 508 Andrea,‘
3615 443 3708 512 qui

2139 537 2301 590 etiam
2331 534 2472 589 beati
2507 533 2732 588 Joannis
2772 530 2945 587 Vitam
2987 528 3271 602 scripsisse
3296 531 3512 598 dicitur,
3541 541 3709 602 agunt

2140 618 2475 678 Bollandiani
2499 622 2585 677 die
2608 618 2674 677 i0
2695 616 2911 683 Martii.
2937 622 3004 676 de
3025 620 3185 676 Petro
3210 616 3433 676 eremita
3465 621 3532 676 i2
3558 622 3708 693 Apri-

2140 712 2229 776 lis,
2259 721 2314 766 et
2333 711 2398 766 de
2424 710 2580 765 Erice
2604 708 2880 781 abbatelV
2906 709 2993 764 die
3011 709 3045 765 9
3067 704 3371 764 Februarii.
3389 705 3713 780 symeonem

2139 803 2378 872 ejusdem
2402 801 2609 856 ordinis
2641 802 2879 856 celebrat
2908 800 3061 871 llu'go
3091 800 3374 857 Mena’rdus
3404 801 3490 857 die
3512 800 3578 855 ii
3605 805 3716 855 Au-

2140 892 2301 960 gusti.
2354 891 2526 945 Porro
2582 881 2943 960 Hieronymus
3002 880 3169 958 priori
3233 887 3413 944 libello
3472 889 3717 960 adjungit

2140 982 2302 1035 alium
2342 982 2409 1036 de
2437 974 2610 1035 beatis
2651 973 3157 1035 sanctimonialibus
3194 974 3431 1047 ejusdem
3475 976 3710 1041 ordinis.

2142 1070 2333 1145 nempe
2378 1075 2444 1130 de
2496 1074 2766 1130 Verdi‘ana
2817 1064 3081 1129 monacho
3111 1114 3125 1140 ,
3180 1066 3377 1139 Bertha
3440 1073 3713 1129 abbatissa

2142 1164 2355 1221 Sanctae
2377 1154 2561 1220 Elaris;
2590 1160 2656 1219 de
2679 1156 2933 1234 caprilia,
2959 1162 3271 1219 Humilitatc
3302 1156 3572 1218 abbatissa
3599 1177 3717 1218 mo-

2142 1257 2363 1311 nasterii
2405 1256 2588 1311 Sancti
2629 1254 2855 1310 Joannis
2897 1254 3255 1326 Evangelistae
3292 1260 3445 1309 extra
3501 1258 3715 1329 portant”

2141 1348 2526 1413 Florentinam,
2558 1350 2611 1402 et
2645 1346 2937 1417 Margarita
2960 1361 3125 1420 aqua:
3153 1345 3480 1401 Humilitatis
3507 1343 3715 1400 exstitit

2141 1452 2342 1493 comes.
2368 1439 2481 1493 Duo
2511 1439 2562 1493 hi
2591 1437 2751 1493 libelli
2783 1437 2992 1503 inediti,
3012 1437 3089 1495 uti
3119 1447 3173 1492 et
3194 1438 3330 1492 alios
3355 1437 3505 1506 cujus
3529 1451 3710 1506 supra,

2139 1527 2433 1582 Laurentio
2460 1526 2648 1582 Medici
2676 1515 2968 1596 nuncupati
3000 1534 3145 1581 sunt.
3172 1524 3558 1580 Prmdictornm
3586 1523 3715 1579 bea-

2144 1633 2319 1677 torum
2352 1620 2589 1691 reliquia:
2635 1635 2777 1676 anno
2829 1602 2966 1677 l60tl
3008 1612 3075 1674 ab
3115 1616 3420 1673 Alexandro
3462 1614 3715 1685 episcopo

469 1718 743 1775 ronymus,
773 1705 985 1772 Melior,
1016 1706 1286 1775 Joannes,
1324 1706 1571 1764 Toreiius
1614 1718 1670 1764 et
1718 1687 2113 1766 BenedictusB
2144 1710 2410 1767 Fesulano
2441 1687 2631 1765 levata:
2663 1718 2789 1763 sunt
2820 1720 2852 1764 e
2880 1716 3065 1780 crypta
3099 1721 3219 1778 qua:
3271 1716 3353 1761 cst
3381 1706 3571 1761 subtus
3600 1712 3718 1760 tur-

466 1793 1021 1862 eremitte,Orlandus
1061 1804 1375 1865 conversus,
1414 1798 1606 1855 Petrus
1645 1800 1942 1877 monachus
1971 1800 2039 1855 de

468 1881 869 1953 Monte-Plano,
902 1886 1224 1946 Benedictus
1272 1890 1436 1945 abba~
1488 1890 1702 1946 Sanctae
1748 1890 1931 1946 Maria:
1965 1891 2033 1948 de

2139 1805 2249 1861 rim‘
2281 1802 2527 1859 ecclesiae
2550 1801 3028 1858 Valiu‘mbro’sanze.

1593 2068 2130 2201 INCIPIT
2216 2076 2613 2202 VlTA.

892 2318 1258 2378 PROLOGUS
1290 2320 1585 2378 ATTONIS

539 2411 858 2483 Plerumque
889 2424 1108 2483 rogatus
1131 2430 1161 2469 a
1186 2415 1429 2484 pluribus
1454 2414 1885 2485 congregationis
1918 2413 2043 2469 Val-

466 2500 813 2558 limbrosanae
864 2504 1123 2560 fratribus
1153 2507 1286 2561 satis
1314 2506 1574 2571 honestis,
1601 2502 1897 2575 congerere
1920 2512 2040 2576 qlia}

466 2592 668 2661 scripta
728 2593 1070 2663 reperiuntur
1121 2594 1188 2649 de
1222 2604 1411 2650 sancto
1459 2596 1577 2650 viro
1613 2593 1841 2658 Joanne,
1862 2596 2039 2664 primo

465 2684 899 2756 congregationis
942 2685 1182 2755 ejusdem
1229 2684 1440 2751 abbate,
1471 2686 1662 2750 fateor,
1687 2684 1915 2740 multum
1943 2702 2038 2741 ex-

468 2770 590 2837 pavi
648 2770 955 2838 huiusmodi
1010 2788 1200 2841 preces
1253 2773 1455 2827 audire
1488 2772 1789 2828 Metuebam
1818 2776 2036 2846 quippe,

463 2874 587 2928 qua:
613 2875 643 2912 a
674 2860 955 2916 catholicis
982 2860 1261 2930 fratribus,
1291 2863 1385 2931 qui
1409 2878 1504 2917 suo
1529 2872 1770 2933 tempore
1797 2863 2037 2931 fuerunt,

464 2960 518 3002 et
547 2947 779 3018 plurima
825 2950 893 3005 de
933 2950 1019 3005 his
1045 2966 1169 3021 quas
1211 2953 1563 3022 scripserunt,
1609 2954 1841 3025 propriis
1867 2955 2039 3011 oculis

2147 2317 2250 2373 hoc
2283 2317 2540 2388 apusculo
2585 2318 2652 2374 de
2697 2318 2865 2390 ipsius
2911 2332 3065 2374 sacra
3113 2317 3466 2375 conversione
3511 2333 3575 2376 ac
3610 2319 3718 2390 piis

2148 2409 2386 2483 moribus
2414 2410 2467 2463 in
2504 2411 2750 2480 sequenti
2780 2408 3022 2466 clarebit.
3063 2409 3169 2465 lst‘e
3200 2411 3325 2465 dum
3355 2400 3716 2467 satischartts

2143 2500 2455 2569 parentibus
2481 2515 2544 2557 ac
2567 2502 2779 2569 vicinis,
2810 2512 2865 2559 et
2895 2502 2984 2572 qui
3019 2516 3140 2557 eum
3178 2514 3455 2568 noverant,
3495 2518 3592 2574 pro
3618 2504 3716 2559 ho-

2143 2596 2354 2643 nestate
2379 2603 2588 2643 morum
2618 2606 2836 2645 suorum
2870 2593 3216 2649 vehementer
3248 2594 3525 2658 existeret,
3569 2596 3713 2650 acci-

2142 2677 2219 2733 dit
2243 2686 2298 2733 ut
2325 2679 2564 2749 quidam,
2594 2680 2825 2752 maligno
2855 2683 3046 2752 spiritu
3073 2693 3392 2757 commotus,
3423 2686 3713 2753 quemdam

2137 2769 2495 2839 propinquum
2543 2772 2660 2841 ejus
2713 2772 3032 2839 occuleret;
3080 2776 3221 2830 unde
3271 2786 3552 2831 occursum
3595 2776 3713 2845 ejus

2136 2858 2472 2931 aliorumque
2500 2862 2844 2932 prudentium
2883 2865 2976 2934 qui
3013 2866 3079 2919 de
3109 2867 3575 2938 consanguinitate
3616 2867 3713 2920 de-

2138 2948 2303 3003 functi
2339 2959 2513 3015 erant,
2551 2950 2805 3027 praefatus
2840 2952 3108 3009 homicida
3146 2955 3318 3011 modis
3345 2955 3593 3011 omnibus
3623 2955 3714 3010 de-

466 3028 895 3108 perspexerunt.
927 3040 1144 3097 silentio
1197 3046 1489 3112 praeterire.
1529 3045 1623 3099 illa
1661 3060 1793 3100 vero
1819 3060 1940 3115 qua:
1965 3046 2033 3101 ab
2060 3061 2105 3121 ς
2135 3039 2357 3095 νίιδὺειιο

466 3128 588 3184 aliis
609 3128 858 3184 ﬁdelibus
890 3140 1011 3200 post
1039 3131 1155 3200 ejds
1183 3134 1487 3198 transitum,
1514 3137 1639 3205 quia
1666 3136 1904 3206 plurima
1927 3135 2041 3193 fue-

468 3228 615 3285 runt,
665 3227 721 3277 et
749 3214 942 3278 aviris'
963 3223 1089 3279 boni
1145 3226 1447 3281 testimonii
1473 3227 1694 3297 scripta,
1747 3229 2041 3297 quomodo-

464 3304 601 3364 iibet
635 3308 976 3378 subtrahere,
1002 3313 1085 3368 vel
1110 3316 1443 3386 supprimere
1488 3319 1867 3389 formidabam,
1896 3324 2041 3393 cogi-

465 3405 590 3454 tans
621 3414 691 3481 ne
713 3400 1004 3472 legentium
1050 3406 1260 3461 animos
1286 3408 1451 3479 stylns
1472 3410 1734 3480 prelixior
1760 3414 2036 3469 oneraret.

465 3484 679 3544 Etenim
730 3506 871 3563 stupe
922 3494 1077 3551 video
1131 3499 1391 3566 quosdam
1432 3500 1596 3556 etiam
1630 3504 1919 3571 prudentes
1943 3520 2039 3574 pro

464 3578 853 3651 longinquitate
898 3587 1165 3643 sermonis
1223 3603 1344 3658 quae
1377 3589 1529 3646 valde
1552 3604 1675 3646 sunt
1701 3593 1851 3648 utilia
1886 3593 2038 3650 fasti-

463 3670 601 3736 dire,
630 3679 685 3725 et
714 3672 913 3742 quibus
933 3675 1115 3745 legere
1140 3676 1308 3730 multa
1340 3694 1445 3732 non
1476 3690 1655 3745 vacat,
1684 3683 1882 3752 saepius
1904 3700 2038 3754 gau-

462 3760 592 3813 dere
633 3762 974 3826 compendio.
1023 3762 1176 3819 Unde
1218 3767 1469 3835 precibus
1527 3770 1916 3837 plurimorum,
1974 3788 2037 3827 ac

462 3846 711 3919 plurimis
731 3853 1044 3906 eorumdem
1071 3856 1540 3914 exhortationibus
1564 3859 1790 3916 fratrum
1821 3863 2035 3919 tandem

462 3936 834 4004 acquiescens.
867 3955 972 3992 non
996 3941 1060 3995 de
1114 3943 1306 4012 peritia
1348 3945 1429 3999 vel
1472 3948 1694 4004 scientia
1719 3963 1841 4005 mea
1868 3953 2038 4007 conii-

461 4027 616 4094 dens,
646 4030 741 4084 sed
790 4032 856 4086 de
888 4032 1087 4100 pietate
1129 4046 1184 4091 et
1210 4039 1385 4107 gratia
1437 4040 1743 4097 Conditoris
1766 4043 2038 4114 praecipue

460 4131 712 4186 sperans,
743 4122 891 4177 et°de
922 4124 1127 4179 meritis
1174 4127 1417 4195 ejusdem
1467 4134 1787 4189 venerabilis
1817 4134 1916 4189 viri
1941 4150 2035 4190 seu

460 4209 690 4266 l'ratrum
719 4214 1073 4278 orationibus,
1097 4218 1186 4285 qui
1236 4232 1400 4289 super
1431 4220 1535 4277 hoc
1557 4235 1645 4279 me
1671 4226 2038 4297 multipliciter

461 4297 837 4368 obsecrarunt,
868 4315 1077 4373 partem
1106 4321 1291 4363 eorum
1321 4324 1443 4380 quae
1478 4312 1765 4370 multorum
1796 4314 2032 4372 ﬁdelium

2761 3132 2988 3189 CAPUT
3031 3135 3092 3188 ll.

2210 3219 2314 3277 Sed
2331 3219 2444 3291 jam
2472 3222 2933 3293 propinqnaverat’
2957 3230 3167 3292 tempus
3192 3238 3301 3293 quo
3324 3223 3497 3294 gratia
3526 3222 3709 3277 divina

2142 3313 2567 3371 misericorditer
2587 3314 2887 3370 declararet
2912 3314 2966 3368 in
3005 3312 3214 3369 Joanne
3241 3315 3361 3385 quis
3392 3314 3602 3369 futurus
3623 3329 3712 3369 es-

2138 3412 2242 3467 set,
2277 3414 2331 3457 et
2364 3405 2539 3474 qualis
2570 3418 2633 3458 ac
2673 3412 2907 3474 quantus
2947 3403 3000 3458 in
3049 3404 3350 3473 exemplum
3390 3403 3712 3458 humilitatis

2139 3506 2195 3549 et
2223 3495 2607 3551 misériéordiae
2652 3495 2898 3551 fidelibus
2946 3495 3131 3550 multis
3160 3509 3283 3550 esse
3328 3495 3568 3549 deberet.
3606 3494 3708 3561 Qui

2138 3584 2265 3638 dum
2314 3598 2420 3639 uno
2468 3585 2554 3639 die
2607 3600 2728 3639 cum
2777 3586 3060 3653 armigeris
3093 3586 3204 3638 suis
3251 3582 3574 3637 Florentiatn
3632 3585 3713 3636 ire

2139 3674 2465 3742 disponeret,
2510 3674 2562 3728 in
2591 3675 2781 3728 eodem
2819 3674 3013 3727 itinere
3053 3671 3332 3742 pra-fatum
3364 3672 3705 3733 homicidam,

2137 3764 2229 3832 qui
2287 3763 2651 3834 propinquum
2699 3762 2816 3831 ejus
2868 3761 3237 3826 interfecerat,
3291 3777 3356 3816 ex
3419 3762 3708 3832 improviso

2136 3855 2353 3911 obvium
2381 3854 2566 3910 habuit
2596 3854 2649 3908 in
2678 3854 2795 3909 loco
2818 3865 2975 3923 quem
3015 3852 3096 3908 sic
3121 3862 3270 3907 arcta
3316 3852 3507 3906 semita
3554 3865 3704 3907 com-

2137 3945 2423 4019 primebat,
2458 3955 2516 4000 ut
2558 3954 2752 4000 neuter
2773 3952 2954 4014 posset
2991 3945 3046 3997 in
3095 3953 3299 4012 partem
3347 3941 3505 3996 aliam
3538 3941 3708 3995 decli-

2138 4055 2286 4095 nare.
2343 4039 2512 4107 Qitem
2572 4038 2703 4092 dum
2754 4034 3021 4091 homicida
3071 4034 3358 4104 przedictus
3402 4032 3705 4087 venientem

2137 4133 2350 4188 eminus
2385 4130 2776 4201 conspexisset,
2808 4129 3121 4197 desperatus
3153 4125 3295 4188 vitae,
3335 4124 3577 4192 protinus
3617 4140 3706 4178 sc-

2139 4224 2422 4294 melipsutn
2465 4235 2606 4290 equo
2636 4217 2923 4289 projiciens
2947 4216 3000 4270 in
3039 4223 3236 4270 tetram
3256 4213 3400 4266 vultu
3446 4211 3702 4276 demisso,

2136 4313 2390 4383 expansis
2407 4311 2655 4367 manibus
2669 4310 2721 4364 in
2744 4309 2957 4364 modum
2975 4306 3170 4372 crucis,
3188 4302 3703 4359 moribundussuum

462 4389 726 4446 relatione
756 4392 895 4448 facta
919 4399 1167 4467 cognovi,
1199 4399 1253 4453 in
1278 4401 1380 4456 hoc
1412 4405 1672 4472 opusculo
1693 4406 2036 4462 conscribere
2067 4416 2113 4472 ι)
2140 4404 2414 4459 interitum
2430 4398 3221 4473 exspectabatJuvenisautem
3234 4391 3709 4467 benignus,vid‘ens

458 4476 674 4544 studui;
734 4484 990 4540 nonnulla
1063 4490 1378 4558 praeteriens
1432 4508 1498 4547 ex
1552 4494 1638 4548 his
1663 4509 1785 4565 quas
1828 4498 2031 4564 scripta

456 4566 611 4635 prius
654 4568 859 4637 inveni,
901 4585 953 4629 et
987 4575 1053 4628 de
1096 4578 1181 4632 his
1226 4594 1345 4648 qua:
1400 4582 1690 4637 multorum
1729 4585 2032 4640 assertione

460 4669 588 4716 vera
638 4658 804 4717 fuisse
827 4656 1138 4735 frequenter
1164 4671 1500 4728 audiveram.
1525 4673 1712 4744 Itaque
1737 4688 2028 4733 conversa-

460 4746 621 4803 tionis
643 4758 699 4805 et
723 4751 846 4806 vita:
871 4756 1049 4811 sancti
1072 4756 1296 4814 Joannis
1325 4761 1429 4816 hoc
1452 4763 1549 4817 fuit
1568 4766 1884 4820 exordium:

954 4836 1183 4903 CAPUT
1228 4848 1518 4905 PRIMUM.

526 4927 793 5000 Tempore
828 4947 938 5003 quo
966 4934 1269 4993 Simoniaca
1296 4949 1352 4996 et
1384 4940 1764 4998 Nicolaitarum
1796 4945 2025 5003 hiemes

450 5028 551 5054 ’ω’
580 5018 829 5054 φιιρηῖησυι
859 5033 907 5054 nl
938 5041 1075 5054 “II-In
1105 5043 1200 5054 Mn
1230 5039 1401 5054 Ini”...—
1425 5032 1535 5054 Ῐ-ηΙξ
1556 5049 1622 5054 .-.ρ
1672 5033 1812 5054 12...ι.--
1881 5033 1923 5054 Ι.

2134 4508 2257 4551 eum
2290 4494 2473 4549 talit’er
2511 4509 2576 4548 ex
2626 4491 2795 4547 nimio
2844 4491 3039 4545 timore
3092 4489 3206 4557 solo
3227 4487 3703 4558 procumbentem;

2137 4588 2505 4643 misericordia
2540 4598 2718 4642 motus
2745 4586 2799 4640 in
2830 4602 2976 4651 eum,
3000 4601 3099 4655 pro
3116 4592 3318 4639 sanctae
3344 4583 3524 4639 crucis
3553 4595 3703 4639 reve-

2136 4679 2332 4741 rentia,
2352 4686 2512 4748 quam
2543 4677 2783 4731 brachiis
2802 4688 2857 4730 et
2884 4676 3132 4730 manibus
3164 4673 3504 4744 lacrymamio
3524 4672 3704 4751 signa-

2136 4770 2245 4830 bal,
2276 4768 2553 4835 indulgere
2582 4768 2685 4823 sibi
2716 4766 3000 4835 disposuit,
3033 4775 3089 4821 et
3117 4774 3177 4819 ut
3200 4766 3413 4819 concito
3433 4769 3709 4833 surgeret,

2134 4868 2235 4910 nec
2262 4856 2476 4910 timeret
2509 4854 2806 4909 admonuit.

2741 4938 2968 4996 CAPUT
3002 4939 3086 4995 111.

2203 5034 2487 5054 ἢ--ι..---..-
2522 5041 2697 5054 -.-ια-Α
2732 5034 3010 5054 ξ..2...ε....-..
3043 5034 3091 5054 2--
3126 5045 3254 5054 -.ι-ρ.
3289 5034 3519 5054 ...ιη-Ξ..-
3579 5046 3669 5054 ..ρ-ι
