4122 5330
394 333 495 395 6τὸ

1882 319 2061 375 ὩΤᾹ.

3542 318 3651 373 674

396 447 462 503 Et
494 444 622 514 quid
648 443 847 505 mirum
872 440 917 496 si
945 437 1299 509 Omnipotens
1333 436 1436 493 sibi
1464 435 1775 504 huiusmodi
1824 451 1970 491 reve-
2006 440 2054 494 Λ
2078 442 2245 489 tatem
2281 450 2375 505 per
2397 444 2557 490 notos
2582 445 2635 489 et
2663 433 2867 490 amicos
2895 433 3184 504 diligenter
3217 435 3439 505 inquirit
3466 458 3495 498 ,π
3525 435 3654 505 quid

398 538 629 603 matiam
658 549 757 605 per
784 532 1073 601 imaginem
1105 544 1217 591 sua:
1243 536 1423 587 crucis
1443 536 1582 585 {tunc
1612 529 1783 583 voluit
1823 527 1978 582 exhi-

399 628 537 692 beri,
570 640 728 695 quem
755 638 853 677 suo
877 622 1056 677 timori
1089 622 1394 687 subditam,
1421 622 1684 692 obsequio
1710 619 1975 682 deditum,

406 718 553 780 circa
586 715 895 791 proximum
927 710 1229 771 visceribus
1256 714 1542 771 cbaritatis
1592 711 1829 778 undique
1866 708 1977 776 ple-

401 827 529 877 num
556 810 720 887 vidit?
752 810 871 880 Ipse
908 823 967 871 se
995 815 1243 861 amantes
1270 813 1434 867 amat,
1465 803 1765 858 servientes
1792 816 1978 856 remu-

404 910 556 967 μοι-δι
583 942 600 966 ,
648 916 817 970 seque
847 899 1216 970 gloriﬁcantes
1262 896 1547 966 gloriﬁcat.
1602 891 1796 947 Eadem
1848 907 1981 948 vero

402 1007 535 1048 crux
583 1005 683 1061 pro
744 989 943 1045 iudicio
1018 988 1151 1042 tanti
1204 985 1450 1041 miraculi
1523 984 1577 1039 in
1648 983 1980 1036 monasterio

404 1083 587 1139 Sancti
631 1081 869 1142 Miniatis
926 1095 1071 1135 nunc
1100 1081 1176 1149 (t)
1239 1093 1411 1150 usque
1449 1076 1551 1133 sub
1571 1075 1739 1130 multa
1767 1073 1979 1129 cautela

405 1184 673 1235 servatur.

1013 1259 1238 1316 CAPUT
1275 1259 1366 1321 ιν.

474 1354 730 1412 Famulus
759 1362 940 1409 autem
988 1351 1201 1411 Domini
1230 1350 1335 1405 hoc
1360 1350 1550 1404 ridens
1578 1390 1593 1413 ,
1633 1347 1934 1402 admiratus
1963 1384 1979 1410 ,

405 1459 460 1504 et
487 1448 646 1502 nimis
686 1445 915 1518 pavidus
943 1442 1139 1507 lactus,
1164 1441 1328 1511 coepit
1357 1455 1542 1496 secum
1571 1441 1813 1508 cogitare
1842 1450 1979 1506 quo-

406 1538 564 1593 modo
592 1546 774 1607 posset
808 1536 1003 1593 melius
1032 1533 1143 1587 Deo
1167 1532 1396 1596 servire,
1425 1530 1656 1584 credens
1690 1538 1742 1583 et
1772 1528 1825 1581 in
1856 1527 1978 1580 ani-

406 1642 495 1682 mo
522 1641 620 1681 suo
645 1623 840 1695 smpins
866 1622 1121 1678 ονιιινριις
1161 1628 1364 1691 quanta
1396 1617 1534 1673 foret
1560 1616 1782 1687 praemia
1829 1629 1983 1671 rece-

405 1726 597 1787 pturus
625 1713 860 1783 inctelo,
888 1713 934 1768 si
964 1711 1192 1767 Domino
1242 1723 1341 1779 pro
1386 1708 1593 1762 viribus
1644 1706 1976 1769 deserviret,

405 1806 500 1876 qui
530 1814 741 1871 tantum
770 1813 989 1873 tamque
1009 1801 1328 1872 prteclaruin
1345 1799 1664 1855 miraculum
1694 1812 1792 1868 pro
1816 1811 1983 1867 parvo

403 1894 686 1965 obsequio,
716 1894 856 1949 sicut
875 1893 924 1946 ei
955 1890 1258 1954 videbatur,
1290 1888 1610 1960 apparuisse
1630 1893 1980 1957 cognoverat.

405 1984 682 2055 Disposuit
733 1985 916 2054 itaque
966 1983 1108 2037 intra
1162 1982 1512 2051 semetipsum
1560 1979 1743 2033 odium
1798 1978 1984 2033 mundi

404 2073 710 2143 concipere,
748 2080 1027 2129 terraneos
1051 2071 1286 2125 honores
1313 2069 1584 2137 falsasque
1623 2067 1842 2123 divitias
1868 2064 1984 2132 ejus

407 2178 634 2233 prorsus
661 2163 899 2232 alijicere
922 2203 937 2226 ,
964 2176 1029 2216 ac
1057 2160 1287 2215 sollicite
1307 2159 1549 2229 cogitare
1575 2166 1779 2228 quanta
1816 2156 1985 2228 gloria

406 2254 586 2322 iustis,
613 2265 811 2323 quanta
843 2268 1003 2324 paena
1033 2252 1386 2322 promittatur
1414 2250 1652 2320 iniustis,
1679 2265 1843 2320 quam
1887 2265 1985 2302 va-

410 2354 536 2399 num
569 2347 641 2399 sit
670 2360 819 2414 spem
838 2346 891 2400 iu
919 2343 1141 2399 caducis
1169 2343 1330 2398 rebus
1356 2356 1562 2413 ponere
1584 2342 1753 2411 prius,
1786 2349 1840 2397 et
1865 2349 1987 2412 post

407 2432 626 2487 aitcrnis
653 2431 934 2502 suppliciis
966 2431 1267 2500 subiacere.

1017 2518 1248 2576 CAPUT
1290 2517 1354 2574 ι’.

481 2611 615 2666 Dum
676 2611 827 2690 talia,
867 2610 1221 2682 progrediens
1272 2609 1466 2665 itinere
1530 2622 1638 2680 quo
1691 2616 1986 2674 tenoeoat,

410 2702 603 2758 anxius
627 2703 915 2774 cogitaret,
945 2701 1091 2757 venit
1112 2701 1267 2771 jux'ta
1290 2699 1592 2765 civitatem,
1620 2700 1711 2754 ubi
1759 2700 1874 2754 suis
1902 2714 1990 2752 ar-

409 2794 629 2867 migeris
675 2794 994 2864 przecipiens
1026 2792 1148 2848 ait:
1183 2791 1399 2861 Pergite
1437 2791 1504 2845 ad
1559 2791 1853 2862 hospitium
1899 2793 1989 2847 ubi

413 2885 656 2941 solemus
681 2883 934 2943 desidere
958 2925 973 2949 ,
1004 2893 1060 2940 et
1087 2898 1206 2954 quat
1253 2883 1409 2941 nobis
1434 2892 1488 2938 et
1513 2884 1668 2953 cquis
1712 2891 1839 2938 sunt
1891 2898 1989 2938 ne-

414 2978 652 3033 cessaria
679 2985 1003 3048 praeparate.
1039 2974 1186 3031 Socii
1219 2983 1425 3040 autem,
1457 2976 1599 3030 sicut
1626 2975 1708 3030 eis
1734 2975 1990 3030 dominus

414 3073 820 3142 imperaverat,
870 3069 1101 3127 ﬁdeliter
1141 3080 1267 3126 sunt
1294 3071 1561 3127 exsecuti.
1592 3070 1988 3127 Recedentibus

413 3164 514 3228 cis,
543 3177 734 3219 servus
755 3160 967 3217 Domini
1003 3160 1261 3225 Joannes,
1293 3160 1506 3218 amatus
1540 3161 1722 3217 divino
1751 3162 1942 3232 spiritu
1969 3202 1983 3224 ,

414 3256 483 3310 ab
507 3254 704 3309 itinere
758 3254 902 3321 quod
929 3261 1173 3323 cmperat
1223 3252 1483 3319 divertit,
1515 3261 1571 3308 et
1598 3252 1666 3308 ad
1718 3260 1991 3307 monaste-

415 3344 553 3423 rium
581 3342 766 3399 Sancti
804 3342 1041 3401 Miniatis
1068 3344 1272 3413 absque
1300 3358 1451 3398 mora
1481 3344 1753 3415 pervenit,
1787 3351 1864 3407 et,
1901 3344 1994 3398 de-

420 3436 687 3508 scendens
710 3449 870 3505 equo,
903 3434 1216 3507 monasterii
1265 3433 1510 3489 abbatem
1554 3448 1678 3488 mox
1707 3434 1993 3503 qumsitum

420 3526 700 3585 humiliter
727 3526 1017 3597 postulavit
1042 3526 1234 3582 audire
1261 3526 1590 3583 desiderium
1615 3541 1771 3581 suum
1795 3567 1810 3599 ,
1839 3536 1895 3582 et
1924 3526 1994 3581 ad

416 3617 667 3679 eﬁectttm
711 3634 775 3674 ex
802 3617 1067 3674 charitate
1098 3619 1193 3674 Dei
1226 3620 1544 3689 perducere,
1597 3619 1852 3691 aperiens
1893 3619 1995 3673 sibi

418 3708 844 3777 misericordiam
891 3724 1055 3779 quam
1099 3709 1412 3780 supradicto
1441 3709 1727 3764 homicida:
1758 3708 1998 3763 clemen-

421 3806 503 3862 ter
529 3795 885 3866 impenderat,
912 3807 968 3851 et
991 3796 1228 3875 qualiter
1254 3836 1269 3861 ,
1300 3797 1584 3854 ecclesiam
1632 3803 1753 3867 post
1782 3796 1987 3868 ingres-

418 3901 533 3951 sps,
555 3900 774 3941 crucem
813 3886 917 3945 sibi
944 3886 1160 3945 ﬂectere
1190 3896 1351 3957 caput
1401 3888 1644 3957 aspexit;
1697 3887 1839 3941 unde
1887 3901 1999 3941 suae

418 3978 796 4033 conversionis
827 3977 1041 4032 initium
1071 3979 1430 4048 concepisset.
1472 3978 1623 4033 Tunc
1673 3979 1843 4033 abbas
1903 3958 2011 4031 ana

421 4070 533 4123 dito
561 4069 627 4125 de
656 4085 816 4123 cruce
872 4070 1017 4139 quod
1058 4070 1106 4125 ei
1150 4069 1518 4137 intimaverat,
1553 4070 1853 4124 inauditum
1889 4070 1990 4123 mi-

421 4161 663 4227 raculum
693 4170 747 4215 et
774 4162 1097 4232 stupendum
1153 4160 1267 4218 fore
1298 4163 1639 4233 perpendens
1663 4202 1678 4226 ,
1729 4160 2000 4216 consuluit

418 4251 467 4305 ei
494 4252 751 4317 mundum
779 4251 1001 4321 ejuSqne
1023 4251 1247 4322 gloriam
1272 4267 1367 4321 per
1386 4252 1568 4306 omnia
1599 4252 1996 4321 derelinquere.

420 4338 827 4409 Verumtamen,
863 4349 1057 4411 optans
1083 4341 1200 4411 ejus
1232 4341 1367 4396 velle
1421 4342 1564 4399 seire
1610 4341 1840 4412 plenius,
1871 4355 2001 4395 con-

420 4433 675 4487 stantiam
710 4446 765 4489 et
791 4436 1252 4503 perseverantiam
1280 4435 1533 4506 probare,
1564 4436 1732 4506 cmpit
1765 4436 1814 4489 ei
1864 4435 1995 4489 dura
2036 4457 2087 4519 ο

422 4532 477 4578 et
505 4540 694 4595 aspera
717 4528 1029 4593 praedicere,
1058 4536 1115 4583 et
1137 4529 1279 4598 quod
1310 4529 1472 4583 homo
1512 4543 1736 4599 corpore
1762 4527 1995 4591 validus,

416 4613 698 4680 iuventute
725 4616 984 4679 ﬁoridus,
1044 4634 1150 4672 non
1197 4617 1354 4672 facile
1408 4605 1995 4688 posset'monasticam

424 4703 734 4773 pauperiem
768 4705 1023 4761 tolerare.
1055 4706 1152 4763 Cui
1178 4705 1415 4761 Joannes
1447 4726 1459 4760 :
1514 4726 1533 4759 ι
1566 4706 1680 4761 Non
1717 4748 1733 4772 ,
1784 4707 1996 4777 inquit,

428 4795 726 4863 appetenda
758 4804 841 4856 est
860 4798 1031 4867 gloria
1068 4798 1381 4869 temporalis
1409 4840 1424 4864 ,
1450 4814 1567 4870 qua:
1623 4800 1734 4855 cito
1765 4800 1958 4854 transit
1985 4839 2001 4864 ,

428 4899 525 4940 nec
547 4887 793 4957 corporis
820 4886 1096 4953 fortitudo,
1125 4905 1248 4959 qua:
1273 4890 1511 4960 quotidie
1539 4891 1739 4947 deﬁcit.
1789 4911 1808 4943 ι

1038 4978 1265 5035 CAPUT
1307 4979 1390 5035 Vl.

497 5063 744 5135 Cumque
768 5065 884 5121 haec
909 5077 965 5124 et
993 5069 1078 5124 his
1118 5068 1318 5123 similia
1366 5070 1807 5143 colloquerentur
1832 5114 1847 5135 ,
1903 5088 2003 5128 nec

429 5151 595 5209 abbas
620 5153 691 5209 ad
712 5153 926 5224 plenum
952 5158 1208 5228 voluntati
1226 5174 1335 5216 sua:
1364 5165 1728 5232 responderet,
1745 5164 2000 5230 fanmlus,

429 5256 584 5278 annm
616 5242 949 5278 F'nronIinm
989 5247 1319 5278 nmm:0A-nl
1375 5250 1647 5278 λιι-..ξη--..ρ
1681 5270 1833 5278 --..--,-
1894 5274 1917 5278 ,κ
1938 5274 1995 5278 -,-

2078 526 2149 580 de
2202 526 2314 581 ﬁlio
2371 541 2469 580 suo
2521 526 2723 580 factum
2778 535 2925 580 esset
2969 525 3112 580 scire
3159 526 3490 581 desiderans.
3552 524 3656 581 Per

2076 614 2336 672 ecclesias
2354 631 2569 688 quoque
2595 616 2931 681 discurrens,
2953 617 3019 670 ad
3046 616 3434 672 monasterium
3466 616 3654 671 Sancti

2079 705 2314 763 Hiniatis
2360 695 2584 762 veniens
2630 707 2878 761 eumdem
2949 707 3195 777 inquirit.
3254 707 3393 775 Quid
3454 706 3655 761 multa?

2078 794 2215 849 Dum
2240 796 2349 850 illic
2364 811 2485 851 esse
2507 795 2676 850 ﬁlium
2693 811 2853 851 suum
2868 796 3019 850 audit
3037 806 3094 851 et
3120 796 3296 867 ipsum
3327 796 3657 851 monasticas

2079 893 2259 942 vestes
2290 886 2429 941 velle
2463 887 2775 956 suscipere,
2815 885 3163 953 Gualbertus,
3202 895 3357 958 rogat
3405 887 3654 941 abbatem

2078 988 2139 1034 ut
2188 979 2356 1035 lilium
2404 994 2562 1033 suum
2610 977 2679 1033 ad
2719 994 2779 1033 se
2831 979 3019 1033 ducat.
3078 980 3260 1034 Abbas
3306 991 3529 1045 autem,
3590 982 3657 1035 a:l

2077 1071 2341 1126 Joannem
2374 1071 2704 1142 regrediens,
2743 1069 2999 1123 admonet
3026 1110 3043 1134 ,
3075 1079 3133 1124 nt
3158 1073 3223 1124 ad
3256 1082 3477 1141 patrem
3505 1086 3661 1143 egre-

2082 1162 2283 1217 diatnr.
2317 1162 2415 1217 Cui
2464 1162 2702 1217 Joannes
2725 1161 2905 1235 inquit
2936 1178 2950 1215 :
2986 1180 3004 1212 ι
3035 1161 3173 1229 Quid
3195 1150 3334 1217 dicis
3358 1203 3374 1228 ,
3405 1162 3662 1219 domine?

2080 1251 2366 1308 Carnalem
2412 1263 2624 1320 patrem
2678 1262 2988 1324 cunctaque
3042 1253 3360 1308 transitoria
3406 1255 3662 1309 deserere

2081 1350 2344 1420 disposui,
2372 1360 2425 1404 et
2452 1349 2643 1413 Deum,
2672 1349 2765 1420 qui
2789 1363 2874 1403 me
2902 1348 3129 1411 ereavit,
3154 1363 3253 1417 per
3272 1348 3452 1403 omnia
3482 1348 3658 1421 seqii;

2083 1451 2291 1510 patrem
2344 1455 2474 1495 vero
2510 1454 2687 1495 meum
2737 1439 2804 1493 ad
2845 1440 2947 1493 hoc
2991 1439 3208 1492 venisse
3244 1452 3553 1508 cognosco,
3604 1447 3665 1492 ut

2086 1547 2171 1586 me
2185 1533 2250 1586 de
2282 1532 2611 1585 monasterio
2633 1538 2813 1593 emat,
2840 1529 2885 1584 si
2915 1528 3171 1599 potuerit,
3200 1537 3256 1582 et
3285 1529 3352 1581 ad
3382 1526 3659 1583 ειροιιιπίιι

2083 1626 2202 1679 sine
2229 1639 2381 1678 mora
2412 1622 2650 1677 reducat.
2691 1640 2709 1672 ι
2742 1620 2875 1676 Cmn
2908 1631 3088 1675 autem
3119 1620 3235 1675 haec
3275 1627 3429 1691 pater
3461 1659 3476 1682 ,
3532 1617 3665 1671 foris

2084 1727 2404 1786 exspectans
2424 1713 2696 1776 abbatem,
2727 1712 2962 1775 audiret,
2994 1711 3158 1780 carpit
3182 1709 3413 1764 turbatis
3441 1707 3665 1765 vocibus

2087 1806 2385 1869 clamitare,
2417 1804 2583 1859 multa
2617 1818 2677 1858 se
2706 1803 3037 1857 monasterio
3077 1800 3353 1861 illaturnm
3393 1799 3618 1857 adversa
3647 1837 3663 1875 ν

2090 1900 2192 1954 nisi
2224 1899 2364 1953 illius
2392 1897 2536 1952 illico
2562 1896 2902 1952 redderetur.
3102 1964 3110 1974 .

2684 1986 2913 2051 CAPUT
2953 1984 3060 2041 VII.

2158 2082 2372 2138 interea
2420 2080 2504 2134 vir
2551 2078 2764 2134 Domini
2812 2078 3052 2134 Joannes
3096 2075 3326 2133 salutem
3376 2089 3562 2139 suam,
3613 2080 3669 2129 et

2089 2173 2423 2244 prepositum
2482 2169 2789 2225 accelerare
2842 2168 3200 2231 desiderans,
3257 2162 3673 2236 iutelligcnsqnc'

2091 2265 2267 2319 minas
2291 2277 2355 2318 ac
2377 2261 2612 2317 furorem
2639 2259 2810 2330 patris
2839 2270 3184 2322 accrescere,
3214 2270 3398 2312 secum
3430 2253 3671 2324 cogitare

2090 2356 2255 2428 cmpit
2280 2369 2297 2409 :
2331 2373 2350 2407 ι
2385 2354 2429 2408 Α
2450 2367 2559 2424 quo
2581 2352 2795 2423 dignius
2822 2349 3070 2420 accipere
3099 2347 3249 2405 valeo
3286 2354 3535 2401 sanctum
3564 2340 3663 2396 ha-

2092 2449 2282 2513 bitum,
2318 2459 2479 2515 quam
2513 2442 2581 2497 ab
2603 2442 2796 2506 altari,
2822 2441 2874 2494 in
2900 2455 3008 2511 quo
3052 2438 3253 2493 Christi
3300 2432 3519 2505 sanguis
3565 2432 3669 2486 im-

2090 2536 2327 2592 molatur
2350 2541 2405 2591 et
2431 2531 2704 2589 sumitur?
2737 2550 2755 2587 ι
2808 2529 3055 2585 Cernens
3103 2542 3235 2599 ergo
3278 2524 3439 2579 unius
3486 2521 3673 2576 fratris
3718 2532 3723 2541 '

2090 2626 2356 2684 cucullam
2385 2633 2512 2679 tunc
2537 2636 2781 2680 seorsum
2814 2619 3068 2690 positam,
3092 2616 3289 2672 tollens
3320 2628 3465 2691 eam,
3496 2609 3674 2666 cccle-

2091 2717 2227 2773 siam
2278 2713 2603 2770 festinanter
2660 2708 2960 2783 ingreditur
2992 2748 3007 2772 ,
3072 2718 3283 2767 contam
3331 2702 3435 2758 sibi
3498 2700 3675 2772 primo

2092 2805 2356 2871 totondit,
2382 2820 2448 2860 ac
2490 2802 2685 2858 deinde
2712 2800 2977 2857 cucullam
3026 2796 3186 2853 altari
3215 2784 3529 2850 reverenter
3579 2807 3673 2846 su-

2091 2896 2394 2970 perposuit,
2422 2908 2652 2965 eamque
2678 2889 3131 2952 laetanterinduit,
3153 2886 3367 2944 cunctis
3393 2884 3676 2940 monachis
3751 2903 3754 2906 ~

2095 2991 2160 3044 de
2188 2988 2314 3043 ﬁdei
2343 2987 2515 3057 ipsius
2539 2983 2855 3054 integritate
2876 2979 3198 3037 mirantibus
3218 2987 3273 3035 et
3298 2976 3694 3050 gaudentibus;
3736 2976 3741 2987 ‘

2092 3079 2364 3134 Metuebat
2416 3077 2633 3147 quidem
2674 3089 2780 3130 non
2834 3073 3047 3128 modice
3100 3088 3167 3127 ne
3206 3069 3458 3127 fortassis
3503 3068 3673 3123 abbas

2093 3169 2255 3226 minis
2269 3179 2362 3225 aut
2390 3168 2663 3226 illecebris
2689 3175 2868 3223 motus
2888 3165 3171 3237 genitoris,
3200 3165 3377 3235 ipsum
3400 3163 3674 3224 redderet,

2099 3260 2181 3316 vel
2212 3262 2277 3316 de
2320 3260 2650 3316 monasterio
2680 3267 2956 3331 pateretur
2984 3256 3153 3313 exire.
3185 3255 3313 3310 Post
3344 3256 3459 3310 hate
3512 3252 3680 3308 abbas

2096 3352 2428 3423 ingrediens,
2453 3360 2507 3406 et
2537 3351 2712 3421 ipsum
2765 3349 2908 3403 inter
2958 3347 3193 3418 reliquos
3246 3346 3440 3401 fratres
3489 3345 3681 3403 sedere

2096 3442 2459 3513 conspiciens,
2488 3442 2628 3497 redit
2657 3440 2724 3494 ad
2756 3448 2986 3510 patrem,
3016 3453 3080 3491 ac
3112 3449 3296 3492 monet
3332 3452 3454 3493 eum
3502 3445 3583 3501 ut,
3632 3436 3677 3490 si

2097 3535 2249 3599 velit,
2283 3532 2619 3604 ingrediatur
2664 3530 2847 3584 videre
2900 3528 3090 3582 ﬁlium.
3138 3529 3307 3597 Quem
3357 3543 3479 3583 cum
3525 3535 3679 3599 pater

2099 3623 2399 3678 monastico
2426 3621 2673 3676 indutum
2706 3619 2896 3674 habitu
2927 3627 3209 3683 cerneret,
3238 3618 3447 3681 dolens,
3482 3610 3680 3672 recife-

2099 3728 2226 3768 rans
2254 3721 2331 3777 et,
2363 3710 2586 3765 nimium
2613 3708 2822 3781 lugens,
2841 3717 3017 3763 vestes
3042 3707 3260 3777 scindit,
3277 3716 3463 3778 pectus
3488 3718 3679 3774 percu-

2101 3803 2186 3868 tit,
2218 3817 2381 3873 genas
2411 3801 2726 3865 lacerat,et,
2748 3798 2903 3873 quasi
2930 3813 3117 3853 amens
3143 3794 3389 3862 effectus,
3418 3786 3685 3863 miserum

2098 3909 2158 3949 se
2189 3891 2597 3961 desolatumque
2637 3889 2997 3961 congeminat.
3051 3888 3332 3944 Postremo
3380 3886 3581 3943 diutius
3611 3887 3679 3939 ali

2099 3983 2294 4039 abbate
2355 3981 2765 4052 monachisque,
2815 3981 3035 4053 suisque
3064 3978 3228 4035 sociis
3279 3995 3342 4034 ac
3396 3978 3506 4033 ﬁlio
3537 3994 3683 4033 com-

2104 4076 2380 4139 monitus,
2438 4073 2653 4128 tandem
2706 4073 2907 4128 saniori
2957 4056 3123 4128 menti
3170 4071 3411 4137 redditus
3441 4110 3459 4137 ι
3512 4069 3681 4124 lilium

2103 4165 2477 4237 multipliciter
2504 4164 2863 4231 benedicens,
2892 4163 3145 4229 hortatur
3175 4164 3242 4216 ad
3298 4161 3518 4217 meliora
3550 4177 3681 4215 con-

2104 4259 2384 4322 sccndere,
2417 4267 2472 4312 et
2501 4256 2578 4312 sic
2616 4255 2925 4310 consolatus
2951 4256 3002 4309 in
3066 4255 3316 4321 Domino,
3348 4254 3416 4308 ad
3452 4256 3680 4324 prepria

2102 4368 2209 4407 non
2252 4352 2457 4423 absque
2499 4362 2731 4404 maerore
2768 4347 3083 4418 regreditur.

2701 4434 2927 4492 CAPUT
2965 4433 3096 4491 vut.
3239 4494 3255 4513 I
3630 4508 3635 4511 _

2173 4531 2376 4588 Deinde
2406 4545 2598 4590 servus
2629 4528 2840 4585 Domini
2872 4524 3107 4582 Joannes
3156 4524 3321 4596 coepit
3374 4531 3580 4581 arctam
3629 4533 3683 4578 ct

2101 4632 2383 4696 angustam
2413 4624 2555 4677 viam
2588 4637 2684 4691 pro
2720 4620 2916 4673 virium
2947 4617 3250 4691 quantitate
3274 4630 3517 4681 scrvare.
3548 4613 3684 4672 Sat-

2101 4717 2295 4787 agebat
2343 4723 2567 4782 peccata
2593 4711 2864 4781 pneterita
2910 4709 3153 4780 quotidie
3198 4709 3493 4779 plangere,
3535 4705 3679 4778 jeju-

2105 4806 2250 4869 niis,
2302 4802 2683 4865 abstinentiis,
2753 4799 3088 4861 orationibus
3126 4798 3416 4867 nimiisque
3481 4796 3684 4866 vigiliis

2107 4907 2329 4948 carnem
2385 4906 2703 4955 macerare;
2749 4889 2934 4957 sicque
2985 4887 3335 4964 humilitatis,
3381 4885 3689 4956 patientiae,

2108 4982 2471 5057 obedientiie,
2524 4991 2951 5051 ceterarumque
3014 4978 3277 5047 virtutum
3331 4975 3463 5042 ﬂore
3512 4976 3698 5055 Splen-

2109 5071 2273 5128 debat
2314 5080 2394 5134 nt,
2439 5084 2647 5129 cumse
2690 5070 2905 5124 caeteris
2949 5066 3266 5137 inferiorem
3314 5064 3580 5141 crederet,
3626 5062 3699 5113 ab

2112 5160 2363 5219 omnibus
2386 5159 2667 5215 sublimior
2692 5160 3005 5214 haberetur.

2721 5248 2759 5272 l‘
2773 5249 2794 5272 Δ
2813 5247 2947 5272 ηιινιε
2985 5244 3056 5270 ιν
