4122 5330
460 292 566 347 (ὶῖὸ

1480 282 1545 341 S.
1587 280 1876 340 10323le
1908 279 2301 338 ουΑιιςεκτι
2338 278 2624 335 ABBATZS

3600 276 3708 340 676

452 406 727 462 Joannem
786 400 844 458 in
899 402 1147 457 abbatem
1212 398 1512 468 elegerunt.
1577 396 1731 464 Quod
1794 395 2030 451 cilicium
2062 404 2105 456 Α
2135 392 2359 447 tantem.
2395 392 2547 446 Tunc
2574 393 2658 446 vir
2684 392 2897 447 Domini
2922 393 3058 449 dixit
3084 395 3151 448 ad
3171 399 3462 450 comitem:
3503 398 3708 459 «animo

467 496 549 548 vir
595 484 803 549 Domini
846 489 1141 544 humiliter
1194 487 1403 555 studuit
1456 484 1764 550 declinare,
1817 485 2040 539 subesse

450 585 645 653 potius
744 591 904 651 quam
975 593 1207 647 praeesse
1290 576 1606 632 desiderans
1636 614 1653 640 ,
1731 574 2040 644 frequenter

467 676 670 729 iterans
714 686 837 726 cum
887 670 1144 740 propheta
1190 687 1203 722 :
1250 666 1360 737 Ego
1403 682 1520 722 sum
1574 666 1783 730 vermis,
1833 674 1880 718 et
1934 679 2037 717 non

464 766 664 829 homo,
729 762 1058 832 opprobrium
1103 759 1371 812 hominum
1402 796 1419 822 ,
1476 767 1525 811 et
1593 756 1815 825 abjectio
1877 754 2037 823 plebis

470 852 642 925 (Paul.
694 868 823 914 XXI,
865 853 940 922 7).
995 851 1111 922 Quo
1142 851 1194 904 in
1249 858 1485 918 tempore
1529 849 1746 917 quidam
1806 847 2039 908 Ubertus

467 951 585 998 erat
627 944 683 996 in
732 943 920 995 eodem
967 941 1317 1005 monasterio,
1352 939 1468 1008 Qui,
1498 937 1700 992 nefaria
1747 937 2040 1007 cupiditate

466 1040 676 1102 captus,
706 1031 941 1101 regimen
977 1029 1205 1084 abbatia:
1252 1044 1351 1099 per
1372 1029 1651 1102 pecuniam
1681 1028 1748 1081 ab
1788 1028 2040 1098 episcopo

465 1120 792 1175 Florentium
813 1119 1050 1174 civitatis
1084 1119 1315 1187 accepit.
1359 1118 1511 1184 Quod
1545 1119 1671 1172 dum
1706 1118 1789 1171 vir
1826 1118 2035 1173 Domini

465 1208 839 1282 Comperisset,
887 1225 1010 1265 eum
1055 1209 1160 1263 alio
1215 1209 1318 1264 sibi
1378 1209 1592 1263 favente
1649 1209 1787 1262 clam
1839 1208 2037 1264 exinde

466 1301 734 1365 discessit,
768 1310 842 1366 et,
888 1300 1162 1354 civitatem
1210 1298 1460 1371 ingressi,
1490 1298 1559 1352 ad
1609 1296 1897 1367 quemdam
1926 1312 2039 1351 ma-

472 1407 634 1460 guum
687 1405 867 1446 senem
894 1432 909 1458 ,
961 1380 1499 1452 Teuzonemuominc
1527 1429 1543 1454 ,
1587 1382 1901 1467 venerunt,”
1946 1389 2038 1459 qui

462 1485 613 1550 juxta
656 1482 1041 1536 monasterium
1087 1481 1165 1551 (2)
1216 1480 1431 1536 Sanctze
1471 1478 1651 1534 Maria:
1684 1493 1900 1548 semper
1931 1478 2039 1531 vir-

470 1572 609 1642 ginis
634 1571 873 1641 praefatac
914 1572 1151 1626 civitatis
1198 1570 1249 1624 in
1283 1571 1513 1640 quadam
1560 1569 1750 1624 cellula
1797 1584 1857 1623 se
1905 1583 2038 1622 cou-

464 1662 744 1726 eluserat,
822 1660 901 1716 de
950 1676 1056 1729 qua
1116 1660 1453 1715 venientibus
1522 1660 1589 1713 ad
1661 1674 1722 1714 se
1791 1658 2038 1714 fidelibus

2141 495 2379 543 manum,
2407 479 2596 544 frater,
2630 482 2682 534 in
2712 496 2919 550 peram,
2959 494 3011 538 et
3045 499 3239 553 pauent
3287 485 3379 554 qui
3414 487 3568 560 nobis
3623 496 3707 544 est

2139 570 2334 638 divide,
2381 571 2831 642 medietatemque
2879 575 3101 644 pauperi
3142 576 3377 646 porrige.
3416 593 3434 627 ›
3469 576 3566 631 Cui
3620 592 3707 633 re-

2138 662 2353 731 spondit
2392 675 2602 717 comes:
2641 682 2659 713 ι
2713 662 2849 717 lluic
2876 678 2973 732 per
2998 665 3208 720 diversa
3251 667 3517 736 gradienti
3540 669 3708 723 abun-

2139 753 2332 808 danter
2347 752 2513 806 multa
2527 755 2857 819 tribuentur;
2882 770 2980 810 nos
2999 767 3200 822 autem,
3222 759 3313 827 qui
3330 769 3522 827 praeter
3543 776 3705 817 unum

2138 856 2331 911 panem
2363 857 2467 895 non
2516 843 2795 910 habemus,
2852 847 2995 899 unde
3041 846 3380 902 reficientur?
3428 868 3447 901 ι
3482 850 3547 904 Et
3577 852 3704 907 ille:

2144 950 2163 983 ‹
2208 930 2284 985 Ne
2321 934 2594 987 cuncteris
2638 934 2776 988 ultra
2826 934 3082 992 tribuere.
3141 955 3161 989 ι
3219 937 3479 1009 Suscepto
3526 941 3709 1012 itaque

2138 1037 2275 1091 pane
2303 1039 2507 1093 pauper
2541 1026 2745 1095 gratias
2788 1028 3000 1096 agebat.
3032 1028 3132 1083 Cui
3177 1045 3390 1086 rursum
3438 1033 3704 1103 imperat:

2145 1129 2161 1161 ι
2183 1110 2517 1167 Medietatem
2543 1115 2765 1169 alteram
2796 1118 3019 1171 tribue.»
3039 1117 3155 1185 Quo
3181 1117 3342 1185 facto,
3373 1122 3539 1177 sodali
3552 1122 3704 1191 jubet

2138 1199 2343 1270 ingredi
2370 1213 2632 1268 castrum,
2660 1215 2715 1259 et
2736 1205 2937 1276 aliquid
2966 1208 3144 1263 victus
3162 1224 3259 1277 per
3281 1210 3470 1267 domos
3490 1213 3704 1282 inquiri.

2139 1288 2264 1356 Qui,
2294 1290 2536 1347 diversas
2573 1294 2759 1350 domos
2800 1297 3109 1365 exquirens,
3138 1299 3204 1353 ad
3243 1299 3485 1355 ultimum
3528 1296 3710 1358 rever-

2137 1394 2230 1433 sus
2256 1395 2270 1431 :
2299 1378 2401 1443 Eu,
2431 1380 2622 1449 inquit,
2652 1382 2742 1450 qui
2764 1398 2959 1452 panem
2989 1385 3118 1439 dare
3143 1385 3369 1454 iussisti,
3395 1397 3563 1444 totum
3590 1407 3709 1447 cas-

2137 1482 2279 1525 trum
2311 1470 2554 1537 circuivi,
2576 1482 2646 1536 et,
2681 1482 2876 1542 praeter
2901 1476 2999 1529 tria
3027 1490 3151 1545 ova,
3176 1478 3306 1532 nihil
3337 1481 3534 1540 inveni.
3559 1481 3603 1536 Τ
3607 1497 3710 1539 unc

2137 1562 2354 1631 quidam
2380 1573 2626 1633 pastores
2652 1566 2765 1621 haec
2783 1568 3065 1623 audientes
3097 1571 3165 1625 ad
3199 1580 3432 1626 castrum
3459 1584 3706 1645 pergunt,

2139 1670 2259 1723 qua:
2283 1655 2563 1709 audierant
2588 1656 2730 1711 intro
2754 1659 3032 1725 nuntiant;
3056 1671 3111 1715 et
3131 1676 3258 1717 ecce
3279 1664 3517 1733 quidam,
3550 1666 3712 1723 mise-

471 1751 747 1806 salutifera
816 1751 1038 1806 consilia
1100 1751 1464 1804 ministrabat.
1537 1734 1663 1804 llic'
1709 1749 1873 1804 homo
1939 1748 2032 1804 Dei
2073 1732 2110 1789 Β
2142 1743 2369 1798 l'iCOt'dia
2426 1755 2622 1808 motus.
2674 1762 2869 1816 pauent
2919 1766 3082 1804 unum
3134 1755 3214 1807 eis
3268 1758 3528 1822 porrexit.
3579 1758 3708 1814 [rem

468 1844 683 1914 publice
726 1845 1080 1898 simoniacam
1118 1844 1362 1904 Itmresim
1401 1843 1713 1906 damnabat,
1749 1857 1867 1912 qua:
1906 1857 2041 1911 pene

471 1945 645 1994 totum
678 1937 1109 1993 ecclesiasticum
1152 1935 1397 1990 ordinem
1430 1949 1497 1991 eo
1543 1945 1781 2004 tempore
1821 1948 2042 2003 prorsus

471 2028 762 2084 invaserat.
812 2026 893 2080 Ad
939 2040 1098 2096 quem
1151 2025 1244 2100 vir.
1292 2024 1386 2079 Dei
1441 2022 1683 2079 Joannes
1730 2023 1993 2078 accedens
2025 2063 2040 2085 ,

470 2119 557 2175 his
576 2117 760 2174 verbis
791 2116 1078 2186 alloquitur
1111 2132 1124 2168 :
1158 2133 1176 2165 ι
1214 2113 1469 2176 Obsecro,
1510 2113 1582 2167 mi
1613 2120 1785 2181 pater,
1814 2127 1880 2166 ne
1909 2113 2039 2166 mihi

470 2211 524 2265 iu
568 2207 911 2264 hazsitatioue
960 2222 1067 2260 non
1115 2205 1325 2260 modica
1383 2204 1558 2274 posito
1613 2201 1903 2258 subtrahas
1952 2211 2041 2257 tua

471 2298 713 2354 consilia.
758 2297 869 2351 Sub
900 2296 1196 2349 siinomaco
1232 2302 1386 2363 patre
1433 2293 1617 2347 vivere
1665 2292 1818 2347 valde
1857 2293 2036 2354 timeo.

471 2402 524 2447 et
579 2389 813 2460 qualiter
872 2387 924 2441 id
980 2384 1244 2441 declinem
1277 2424 1291 2448 ,
1343 2397 1565 2452 prorsus
1625 2383 1830 2453 ignoro.
1871 2402 1889 2434 ι
1943 2382 2039 2436 Cui

473 2481 753 2552 respondit
779 2492 947 2533 senex
974 2493 987 2529 :
1022 2495 1040 2527 ι
1078 2474 1230 2542 Quod
1260 2474 1394 2529 dicis
1428 2473 1559 2527 satis
1584 2482 1797 2559 gratum
1826 2472 1997 2527 habeo
2024 2489 2038 2535 ;

471 2572 568 2625 sed
601 2568 742 2638 quod
782 2566 875 2620 tibi
917 2565 1038 2619 dem
1067 2563 1350 2618 consilium
1386 2561 1595 2633 ignoro.
1646 2560 1796 2624 Nam,
1848 2570 1906 2615 ut
1943 2561 2041 2615 sub

473 2662 693 2716 Simone
722 2657 876 2726 Mago
921 2655 1141 2718 milites,
1170 2668 1199 2706 a
1234 2667 1320 2707 me
1363 2651 1509 2705 nullo
1555 2651 1714 2705 modo
1758 2651 2039 2705 consilium

475 2751 717 2809 habebis.
745 2744 827 2804 Ad
866 2745 1008 2801 aliud
1056 2742 1440 2799 monasterium
1500 2741 1544 2797 si
1585 2750 1635 2796 te
1683 2741 1735 2794 in
1783 2741 1866 2794 his
1911 2756 2050 2809 par-.

474 2846 616 2899 tibus
644 2841 958 2903 transferas,
992 2853 1114 2892 cum
1143 2845 1194 2891 te
1225 2843 1382 2904 putas
1407 2833 1596 2888 dentes
1638 2833 1822 2903 fugere
1848 2833 2040 2898 leonis,

475 2948 713 2990 morsum
741 2945 848 2985 non
877 2927 1074 2983 evades
1111 2925 1397 2996 serpentis.
1424 2923 1519 2978 Cui
1561 2919 1798 2979 Joannes
1830 2941 1842 2976 :
1887 2943 1905 2975 ι
1941 2924 2053 2991 Ne,’

476 3033 651 3095 pater,
693 3016 911 3075 omittas
957 3017 1087 3087 quin
1131 3015 1415 3071 consilium
1464 3018 1721 3086 praebeas.
1762 3015 1894 3069 Nam
1944 3032 2039 3086 pa-

2143 1831 2338 1885 rnulicr
2365 1848 2469 1886 una
2498 1835 2686 1889 nitenti
2712 1836 2879 1891 linteo
2905 1838 3068 1892 alium
3091 1840 3308 1908 obtulit,
3337 1846 3551 1899 tertium
3573 1863 3708 1917 qui”

2140 1936 2247 1989 que
2275 1921 2415 1977 alius
2445 1924 2789 1980 condonavit.
2824 1925 2974 1983 Tunc
3007 1927 3283 1986 Joannes:
3329 1951 3347 1983 ι
3390 1933 3491 1999 Eu,
3520 1935 3708 2002 frater,

2141 2013 2322 2080 accipe
2349 2016 2491 2083 quod
2522 2015 2736 2072 dedisti.
2766 2032 2866 2072 nec
2893 2018 3031 2073 ultra
3060 2023 3297 2091 praebeas
3327 2024 3523 2080 invitus
3571 2031 3713 2097 quod

2143 2102 2297 2157 nobis
2316 2104 2529 2160 abunde
2549 2110 2851 2162 communis
2878 2109 3136 2165 Conditor
3164 2113 3519 2169 administrat.

2742 2199 2968 2256 CAPUT
3003 2202 3113 2258 XII.

2212 2283 2567 2355 Peragrantes
2597 2288 2790 2344 exinde
2822 2289 2934 2344 loca
2965 2293 3196 2361 diversa,
3242 2312 3345 2353 nec
3391 2299 3491 2354 sibi
3526 2301 3714 2355 admo-

2140 2374 2267 2429 dum
2293 2384 2412 2444 apta
2445 2377 2788 2444 reperientes,
2820 2382 2885 2435 ad
2911 2381 3263 2440 Camaldulitn
3286 2400 3586 2456 venerunt;
3625 2392 3714 2447 ubi

2141 2480 2238 2533 per
2266 2465 2460 2519 multos
2485 2466 2601 2521 dies
2622 2468 2897 2537 degentes,
2922 2473 3301 2531 abstinentiam
3334 2488 3388 2533 et
3424 2495 3715 2538 conversa-

2144 2553 2342 2606 tionem
2399 2553 2508 2608 illic
2548 2555 2903 2614 habitantium
2952 2576 3361 2634 perspexeruut.
3391 2568 3539 2625 Tunc
3567 2575 3717 2642 prior

2142 2639 2380 2709 ejusdem
2411 2642 2515 2698 loci
2560 2646 2745 2702 volens
2784 2649 2959 2705 virum
3008 2653 3101 2709 Dei
3155 2657 3222 2711 ad
3266 2650 3450 2714 sacres
3500 2639 3716 2719 ordines

2144 2745 2458 2800 promovere
2510 2745 2567 2789 et
2610 2739 2956 2800 stabilitatem
3004 2745 3105 2801 loci
3157 2750 3487 2818 promittere,
3542 2758 3718 2808 renuit

2144 2823 2376 2890 penitus,
2406 2825 2529 2893 quia
2564 2826 2742 2883 fervor
2769 2831 2885 2900 ejus
2928 2834 2980 2889 in
3029 2840 3334 2896 emnobitali
3369 2845 3472 2899 vita
3510 2855 3717 2902 tantum

2144 2924 2283 2977 erat,
2326 2924 2382 2969 et
2417 2921 2711 2975 secundum
2740 2926 2913 2981 sancti
2944 2927 3215 2988 Benedicti
3250 2936 3485 3003 regulare
3514 2922 3714 2996 vivere.

2146 3001 2293 3059 Tunc
2316 3006 2567 3074 praefatus
2587 3012 2736 3078 prior
2758 3013 2986 3083 imperat
3004 3035 3124 3074 cum
3149 3001 3436 3079 abscedere
3456 3043 3720 3099 suumque

477 3093 625 3168 ratus
653 3113 772 3166 sum
814 3124 911 3180 pro
941 3107 1170 3161 veritate
1211 3108 1480 3176 sequenda
1526 3107 1784 3177 quidquid
1825 3108 2050 3177 jusseris
2080 3102 2123 3164 C
2153 3093 2475 3150 deﬁidel'ium
2506 3100 2821 3171 adimplere.
2880 3106 3071 3163 Fertur
3111 3113 3271 3166 etiam
3311 3113 3525 3185 (spiritu
3570 3093 3720 3174 reve-

477 3218 657 3259 νει-θ.
691 3220 711 3254 ι

1085 3286 1310 3343 CAPUT
1358 3286 1422 3340 X.

483 3370 489 3375 ’
548 3386 785 3441 Ceruens
802 3362 968 3452 igitur
994 3394 1155 3434 senex
1180 3379 1276 3433 viri
1302 3379 1461 3434 ﬁdem
1486 3389 1648 3449 atque
1671 3379 2050 3444 constantiam,

478 3475 753 3531 exsultans
799 3475 875 3528 ait
923 3473 989 3527 ad
1035 3486 1196 3526 curn:
1239 3489 1260 3522 ι
1302 3470 1470 3543 Perge
1498 3486 1619 3527 cum
1648 3478 1741 3525 tuo
1767 3470 1970 3534 sodale,
1999 3479 2053 3553 et

477 3581 660 3623 coram
690 3564 970 3631 omnibus,
1003 3564 1055 3617 in
1089 3562 1206 3618 foro
1260 3562 1472 3631 publico
1528 3561 1791 3626 civitatis,
1844 3562 2053 3630 episco—

477 3674 604 3729 pum
635 3658 711 3727 (ὅ)
735 3665 792 3711 et
823 3657 1073 3711 abbatem
1102 3653 1341 3708 exclama
1370 3668 1487 3708 esse
1511 3653 1869 3718 Simoniacos,
1909 3662 1963 3707 et
1985 3670 2053 3708 ex

480 3750 605 3803 inde
624 3747 755 3802 cede
783 3746 979 3801 locum.
1003 3763 1022 3795 ›
1050 3744 1170 3811 Qui,
1195 3744 1310 3814 ejus
1333 3744 1534 3798 monita
1561 3748 1854 3813 complens,
1882 3744 1949 3797 ad
1976 3743 2055 3797 fo-

480 3822 601 3893 rum
626 3850 868 3900 vemens,
892 3835 979 3889 die
996 3849 1102 3902 quo
1122 3834 1327 3888 sciebat
1350 3833 1608 3903 majorem
1632 3821 1908 3888 hominum
1932 3847 2054 3889 esse

480 3927 902 3990 multitudinem,
949 3926 1260 3995 episcopum
1286 3933 1341 3979 et
1365 3926 1613 3981 abbatem
1649 3924 1936 3980 manifeste
1965 3909 2067 4001 Si-i

479 4019 755 4075 mouiacos
783 4014 1089 4086 appellavit.
1141 4014 1294 4081 Quod
1338 4016 1536 4070 dictum
1585 4031 1835 4087 magnum
1873 4015 2055 4071 multis

478 4108 779 4179 pavendum
808 4105 1089 4159 horrorem
1121 4104 1333 4167 intulit:
1385 4104 1705 4174 quibusdam
1752 4105 2055 4161 fautoribus

480 4198 718 4270 episcopi
748 4195 1141 4252 clamantibus:
1179 4212 1198 4245 ι
1220 4193 1533 4249 Nullatenus
1558 4190 1770 4260 evadat,
1792 4197 1888 4251 sed
1916 4197 2055 4252 OCti-

481 4292 659 4345 datur.
690 4308 708 4341 ι
736 4287 888 4342 Tunc
929 4288 1144 4356 quidam
1167 4288 1586 4358 propinquorum
1612 4286 1777 4351 illius,
1806 4297 2056 4342 eruentes

480 4396 604 4436 eum
628 4382 694 4436 de
723 4379 974 4445 tumultu,
1014 4379 1151 4434 clam
1199 4381 1535 4434 dimiserunt.
1569 4378 1670 4446 Qui
1700 4379 1767 4432 ad
1801 4366 2052 4449 magnum

2154 3185 2300 3241 laute
2346 3187 2556 3257 divino)
2585 3192 2785 3251 dixisse
2824 3215 2837 3252 :
2885 3217 2903 3249 ι
2935 3194 3098 3265 Vade,
3120 3211 3176 3256 et
3214 3213 3360 3259 tuum
3393 3207 3446 3261 in
3505 3212 3721 3265 nomine

2155 3275 2433 3336 Trinitatis
2459 3283 2633 3355 incipe
2659 3287 2978 3344 institutum.
3018 3310 3035 3342 ι
3070 3292 3169 3358 Qui
3197 3295 3321 3351 inde
3348 3301 3717 3370 progrediens,

2154 3370 2222 3423 ad
2258 3371 2731 3433 Vallis-Umbrosae
2772 3378 2946 3435 locum
2972 3383 3153 3439 videre
3180 3389 3436 3457 perrexit.
3468 3391 3564 3446 Cui
3594 3392 3720 3448 dum

2151 3461 2301 3517 locus
2327 3465 2754 3534 complacuisset,
2782 3486 3023 3542 gressum
3062 3475 3117 3531 iu
3169 3479 3382 3534 nomine
3406 3479 3603 3535 Christi
3636 3483 3721 3537 fir-

2153 3566 2304 3606 mare
2332 3551 2594 3611 decrevit.
2626 3558 2744 3625 Quo
2773 3572 3016 3618 morante
3045 3576 3100 3619 et
3136 3568 3186 3619 in
3217 3579 3401 3624 sancta
3436 3588 3722 3628 conversa-

2152 3641 2298 3696 tione
2316 3646 2651 3714 prollcienle,
2688 3666 2791 3705 non
2817 3660 2900 3707 est
2932 3654 3070 3710 Dens
3098 3656 3296 3717 diutius
3323 3673 3515 3728 passus
3551 3661 3722 3721 latere

2151 3734 2425 3792 lucernam
2477 3739 2531 3794 in
2561 3744 2815 3811 tenebris,
2856 3762 3017 3816 quam
3055 3750 3122 3803 ad
3168 3750 3546 3810 illuminandas
3587 3757 3722 3811 mul-

2155 3838 2329 3885 torum
2365 3830 2573 3887 animas
2615 3848 2776 3905 super
2813 3835 3065 3892 Ecclesim
3104 3840 3488 3898 candelabrum
3519 3847 3721 3901 consti-

2154 3931 2304 3976 tuere
2328 3921 2664 3990 disponebat.

2190 4040 2223 4074 ρ
2741 4013 2969 4071 CAPUT
3011 4017 3141 4072 xm.

2221 4104 2301 4159 Ad
2365 4105 2738 4161 insinuaudam
2809 4109 2970 4178 igitur
3033 4113 3195 4167 vitam
3262 4116 3452 4184 ipsius,
3501 4117 3724 4177 Creator

2152 4196 2391 4252 omnium
2471 4198 2610 4251 Deus
2669 4212 2701 4251 e
2753 4197 2978 4255 diversis
3031 4204 3277 4273 partibus
3340 4220 3523 4261 servos
3572 4223 3718 4275 suos,

2154 4284 2356 4354 Spiritu
2381 4295 2570 4338 sancto
2591 4296 2962 4356 compunctos,
3010 4290 3205 4345 ibidem
3245 4309 3310 4347 ex
3342 4308 3437 4348 sua
3476 4294 3723 4365 largitate

2156 4377 2222 4431 ad
2248 4376 2504 4430 auxilium
2537 4376 2722 4431 famuli
2766 4380 2847 4433 sui
2886 4383 3188 4449 mandavit.
3234 4383 3364 4439 Nam
3403 4385 3526 4440 dum
3556 4387 3725 4456 ipsius

482 4485 665 4527 senem
696 4470 919 4534 reversi,
961 4443 1106 4538 quod
1157 4464 1409 4522 evenerat
1451 4483 1549 4538 per
1576 4443 1820 4523 ordinem
1856 4443 2053 4521 retule-
2084 4443 2130 4503 υ
2158 4464 2299 4520 fama
2338 4466 2597 4535 paulatim
2642 4484 2738 4538 per
2766 4469 3024 4524 viciniora
3055 4471 3168 4527 loca
3195 4474 3418 4529 diffundi
3447 4478 3721 4546 cmpisset,

480 4570 631 4617 runt.
690 4561 755 4615 Et
800 4561 889 4616 ille
940 4560 1317 4630 cougratulans
1365 4559 1469 4625 eis,
1523 4559 1797 4614 consuluit
1845 4559 1950 4612 illis
1998 4559 2053 4611 in

482 4652 761 4711 Romaniae
782 4661 961 4723 partes
984 4653 1083 4715 ire,
1103 4661 1157 4706 et
1176 4662 1355 4721 aptum
1377 4655 1760 4706 monasterium
1784 4652 2056 4720 inquirere

483 4746 576 4801 ubi
610 4753 828 4815 possent
850 4743 1018 4797 libere
1045 4743 1260 4798 Christo
1281 4744 1506 4799 servire.

1086 4830 1313 4887 CAPUT
1352 4830 1442 4885 XI.

550 4917 662 4974 Illis
681 4918 1001 4973 abeuntibus
1028 4935 1124 4987 per
1137 4918 1440 4986 aliquantos
1461 4917 1576 4972 dies
1595 4919 1661 4972 ad
1681 4917 1795 4972 loca
1818 4932 2051 4984 diversa,

484 5007 610 5062 dum
639 5007 693 5061 in
717 5007 861 5060 victu
889 5021 986 5061 suo
1017 5022 1120 5061 non
1150 5007 1410 5061 haberent
1432 5014 1624 5074 praeter
1646 5021 1810 5058 unum
1835 5021 2050 5074 panem,

483 5096 701 5152 obvium
746 5096 1051 5151 habuerunt
1093 5096 1304 5164 inopem
1336 5110 1498 5147 unum
1529 5093 1838 5148 alimoniam
1869 5105 2049 5165 postu-

2156 4554 2279 4610 laici
2310 4565 2366 4610 et
2391 4556 2593 4622 clerici,
2620 4559 2791 4628 gratia
2816 4559 3141 4617 visitationis
3170 4571 3225 4619 et
3247 4566 3632 4629 conversionis,
3657 4566 3725 4625 ad

2157 4661 2278 4702 eum
2310 4648 2495 4702 venire
2523 4658 2823 4718 cmperunt.
2855 4650 3002 4707 Inter
3027 4668 3162 4722 quos
3191 4664 3319 4710 tunc
3344 4659 3490 4712 venit
3518 4657 3570 4712 in
3600 4659 3724 4714 reli«

2156 4740 2316 4809 gioue
2353 4741 2778 4797 ferventisismus
2805 4743 2989 4810 Eriza;
3020 4746 3131 4814 qui,
3177 4757 3357 4804 custos
3400 4749 3623 4805 fratrum
3669 4759 3724 4805 et

2069 4888 2075 4894 ,
2160 4831 2308 4900 prior
2336 4831 2596 4899 existens,
2644 4847 2804 4900 supra
2851 4834 3069 4902 triginta
3103 4850 3272 4891 annos
3306 4837 3359 4891 in
3389 4841 3576 4894 eodem
3608 4841 3724 4896 loco

2159 4921 2239 4976 sic
2267 4920 2478 4975 stabilis
2504 4922 2955 4988 perseveravit,ut
2982 4922 3033 4974 in
3063 4922 3148 4977 his
3174 4939 3269 4978 nec
3296 4926 3461 4980 semel
3486 4929 3552 4983 ad
3574 4928 3723 4983 villas

2155 5025 2185 5065 a
2211 5020 2395 5065 monte
2423 5011 2779 5064 descenderit.
2814 5009 2964 5064 Tunc
3003 5028 3227 5068 summa:
3254 5014 3340 5069 ille
3366 5020 3644 5086 gravitatis
3671 5027 3723 5073 et

2153 5100 2495 5156 discretionis
2537 5100 2808 5166 Albertus,
2841 5101 2932 5169 qui
2971 5117 3129 5170 supra
3160 5106 3515 5176 quadraginta
3556 5124 3723 5164 annos

553 5227 654 5300 (2),
708 5228 933 5285 celebre
981 5229 1241 5282 hactenus
1288 5224 1493 5304 ordinis
1541 5223 1708 5277 nostri
1736 5226 2041 5306 coenobium
2147 5234 2464 5291 Florentiui.
2517 5234 2606 5303 qui
2646 5237 2824 5289 sedem
2853 5235 2994 5314 illam
3043 5236 3332 5293 situouiacc
3359 5241 3582 5309 adeptus
3619 5250 3721 5305 est,

487 5299 539 5330 in
602 5300 713 5330 in“.
769 5300 903 5330 ...ιιιη
959 5297 1226 5330 [Numantia
1309 5293 1473 5330 “uirile
1528 5292 1794 5330 Tmnnnrc
1846 5295 2040 5330 ιΙιιιΙοιῃ
2154 5320 2291 5330 -..ηη
2332 5303 2462 5330 ηπ..)
2498 5320 2614 5330 ιω...
2668 5303 2887 5330 Ι,.,.....,...
2928 5319 3030 5330 η...
3078 5309 3265 5330 .ι--..ι-----
3299 5308 3441 5330 υ-ιι..
3510 5312 3651 5330 ιω--.
3702 5326 3712 5330 -

686 5314 713 5330 η
769 5300 903 5330 ...ιι-η
959 5297 1226 5330 Plan-antiis
1309 5292 1473 5330 “nine
1528 5292 1794 5330 Tnnwnnic
1846 5294 2040 5330 ίΙιῖιΙοιὶῖ

2154 5320 2291 5330 Ann“
2332 5303 2462 5330 inea
2498 5320 2614 5330 Αι-ι..
2668 5303 2824 5330 Ιηη....
