4122 5330
434 248 530 300 (ἱΠ

1906 244 2082 299 ΥΞΤᾹ.

3563 251 3668 304 6ῖὸ

435 364 551 430 ejus
582 355 1140 414 cmuobiicellerarius
1169 354 1266 408 fuit
1294 364 1346 410 et
1377 370 1601 425 coquus,
1639 369 1735 408 nec
1764 369 1995 423 unquam
2030 364 2074 416 Α
2105 353 2337 408 tionibus
2381 355 2530 424 prius
2570 355 2622 409 in
2672 355 2904 424 hospitio
2946 356 3162 419 eruditi,
3199 367 3382 426 postea
3438 357 3490 412 in
3528 370 3680 414 exte-

435 466 532 521 pro
573 447 754 502 laboro
781 447 927 502 cella:
967 446 1041 516 (l)
1083 445 1321 499 deseruit
1358 443 1586 498 ollicium
1616 445 1879 512 coquinae,
1911 460 2008 498 nec

401 607 405 612 .
435 552 534 608 pro
573 537 755 591 labore
784 535 1026 603 coquinte
1063 532 1210 587 celtu
1239 547 1422 585 curam
1452 532 1650 585 omisit.
1691 531 1841 586 Tunc
1869 531 2006 601 quo-

437 641 544 696 quo
569 624 944 696 magnanimus
974 622 1155 677 Teuzo
1184 622 1262 692 (5)
1294 622 1462 684 venit,
1502 621 1592 690 qui
1639 621 1719 675 sic
1750 635 1916 691 usque
1942 622 2005 674 ad

437 724 707 771 senectam
743 713 1014 768 charitate
1059 711 1272 766 fervens
1320 712 1545 773 exstitit,
1579 720 1637 765 ut
1681 712 2006 766 non‘solum

438 806 742 864 animabus.
773 803 866 858 sed
896 803 1058 856 etiam
1081 801 1398 872 corporibus
1423 801 1528 855 illic
1552 801 1876 856 venientium
1899 801 2010 856 vel-

439 896 513 950 let
538 910 606 952 ex
631 893 792 950 corde
817 892 1056 962 praebere
1081 907 1178 961 pro
1207 907 1364 962 posse
1397 891 1677 947 medelam.

1011 1000 1237 1058 CAPUT
1277 999 1414 1054 XIV.

419 1119 422 1122 ί
507 1094 765 1148 Exierant
811 1094 877 1148 de
932 1091 1154 1162 praefato
1205 1091 1450 1143 cmnobio
1502 1090 1742 1161 plerique
1791 1092 2004 1154 fratres,

443 1185 723 1254 cupientes
755 1183 854 1235 sub
883 1197 948 1236 eo
976 1197 1110 1234 nova
1140 1181 1492 1234 conversione
1521 1179 1747 1233 libenter
1778 1182 2004 1234 institui.

442 1273 505 1328 Ili
531 1272 770 1342 magistri
794 1271 1040 1341 exemplo
1063 1279 1117 1325 et
1143 1263 1542 1333 exhortatione,
1586 1270 1712 1324 dum
1744 1272 1795 1325 in
1822 1281 2008 1325 sancta

442 1361 731 1430 coepissent
772 1360 1124 1416 conversione
1163 1359 1393 1422 fervere,
1427 1361 1590 1429 erepit
1635 1375 1820 1413 eorum
1871 1359 2008 1414 fama

442 1449 675 1518 undique
711 1449 912 1518 spargi.
943 1447 1092 1514 Quod
1139 1447 1361 1501 audiens
1388 1447 1486 1501 Itta
1529 1447 1710 1502 Sancti
1739 1447 1902 1501 Hilari
1931 1449 2007 1518 (6)

443 1537 728 1602 abbatissa,
762 1538 912 1605 cujus
935 1538 1041 1606 juri
1073 1537 1219 1591 locus
1244 1538 1354 1605 ipse
1382 1538 1650 1607 praecipue
1683 1539 2008 1608 pertinebat,

442 1625 587 1679 misit.
630 1626 710 1680 eis
750 1625 1006 1680 librorum
1036 1635 1090 1679 et
1118 1627 1351 1678 victuum
1385 1626 1679 1680 subsidium
1710 1627 2012 1694 aliquantu-

439 1724 565 1776 lum.
599 1715 715 1788 Quo
748 1716 1070 1783 in-tempore
1115 1724 1222 1768 tam
1267 1730 1483 1785 gravem
1531 1716 1927 1771 infestationem
1977 1731 2007 1771 a
2041 1694 2084 1754 Β

439 1813 753 1881 quibusdam
799 1803 929 1862 viris
974 1803 1192 1876 iniquis.
1240 1803 1472 1871 maligno
1501 1804 1691 1872 spiritu
1724 1803 2009 1874 insligatis,

440 1899 581 1969 passi
611 1906 754 1963 sunt,
805 1911 924 1951 cum
956 1899 1021 1950 de
1058 1905 1174 1963 lpS’O
1217 1891 1332 1944 luco
1365 1891 1554 1945 vellent
1588 1891 1729 1960 ipsos
1758 1893 2013 1946 extermi-

440 2001 588 2052 nare,
620 1996 678 2041 ut
717 1988 938 2040 taederet
993 1985 1111 2038 illos
1153 1984 1313 2037 etiam
1351 1981 1548 2035 vivere.
1592 1980 1697 2036 Sed
1748 1995 2013 2035 memores

438 2080 679 2150 Apustoli
731 2078 998 2132 dicentis:
1041 2077 1229 2130 Omnes
1261 2080 1350 2145 qui
1392 2091 1476 2143 pte
1527 2073 1697 2128 volunt
1744 2075 1908 2127 vivere
1959 2076 2011 2128 in

439 2168 644 2222 Christo
665 2166 789 2219 Iesu
827 2166 1227 2235 persecutione»:
1249 2166 1518 2233 patiuntur
1535 2161 1617 2233 (II
1638 2162 1770 2217 Tim.
1796 2178 1876 2225 ut,
1897 2164 2011 2232 19);

441 2255 799 2313 innocentiam
849 2262 904 2308 et
951 2254 1266 2324 patientiam
1315 2254 1722 2322 amplectentes,
1764 2269 2008 2322 persecuo

442 2347 644 2402 toribus
670 2346 782 2401 suis
828 2360 969 2414 saepe
1014 2359 1112 2413 pro
1161 2343 1316 2398 malis
1367 2344 1505 2398 bona
1558 2344 1862 2408 reddentes,
1895 2354 2014 2414 post.

440 2438 604 2492 nmlta
639 2453 759 2491 cum
783 2437 860 2490 eis
881 2436 1194 2497 certamina,
1216 2435 1430 2489 demum
1454 2435 1632 2503 adepti
1655 2443 1781 2489 sunt
1803 2451 2010 2504 pacem,

439 2528 663 2597 gratiam
695 2535 748 2580 et
772 2526 1076 2579 victoriam.
1117 2526 1424 2578 Manserunt
1453 2524 1522 2576 ibi
1554 2523 1722 2577 multo
1751 2532 2009 2592 tempore,

439 2619 672 2688 ligneum
706 2616 966 2671 habentes
994 2616 1362 2670 tantummodo
1385 2614 1662 2685 parvulum
1691 2616 2008 2669 oratorium.

439 2707 789 2777 Indigentiam
837 2707 1074 2760 victuum
1101 2714 1301 2759 tantam
1346 2715 1471 2759 tunc
1499 2706 1738 2774 perpessi
1772 2716 1918 2771 sunt,
1957 2715 2017 2759 ut

440 2797 754 2866 plerumque
801 2805 910 2851 tres
954 2811 1118 2849 unum
1160 2810 1257 2864 per
1284 2795 1425 2849 diem
1466 2794 1762 2848 dividerent
1796 2810 2010 2864 panem.

439 2889 781 2956 Qutecunque
821 2895 974 2942 erant
1020 2884 1324 2947 camerulaz,
1375 2884 1636 2946 vestiarii,
1686 2883 1843 2937 unius
1871 2886 2011 2938 sacci

439 2980 704 3048 capacitas
761 2977 1129 3040 continebat;
1193 2991 1352 3045 quatn
1404 2976 1683 3044 penuriam
1738 2975 1827 3027 diu
1887 2990 2007 3028 cum

439 3071 582 3124 omni
617 3069 813 3140 gaudio
845 3076 899 3121 et
945 3065 1303 3122 exsultatione
1338 3066 1455 3119 sine
1479 3079 1753 3117 murmure
1780 3065 2012 3116 sustine-

442 3160 587 3212 bant.
619 3158 821 3213 Exinde
848 3157 912 3211 de
943 3155 1244 3226 longinquis
1286 3154 1448 3208 etiam
1477 3153 1721 3223 partibus
1751 3151 1930 3206 clerici
1960 3163 2014 3206 et

440 3251 562 3305 laici
591 3257 869 3321 cceperunt
898 3248 964 3301 ad
990 3263 1110 3302 eum
1137 3244 1429 3300 confluere.

1028 3333 1255 3390 CAPUT
1299 3332 1412 3385 XV.

509 3429 659 3482 Tunc
709 3427 857 3482 venit
902 3426 989 3480 ille
1044 3440 1268 3495 magnus
1315 3421 1592 3485 Rodulfus,
1635 3437 1726 3491 qut
1776 3429 2015 3491 tempore

439 3519 608 3574 multo
650 3520 702 3572 in
732 3518 919 3572 eodem
947 3516 1066 3570 loco
1092 3529 1277 3569 curam
1314 3511 1695 3582 hospitalitatis
1729 3511 1935 3575 habuit,
1963 3521 2016 3565 et

439 3618 561 3678 post
595 3607 909 3662 monasterii
949 3603 1243 3660 Muscetani
1271 3617 1454 3657 curam
1499 3601 1664 3672 gessit
1710 3600 1761 3654 in
1803 3601 2015 3656 abbatis

439 3699 632 3754 officio.
664 3698 858 3752 Petrus
885 3712 1118 3767 quoque,
1147 3695 1237 3766 qui
1261 3695 1349 3748 diu
1374 3702 1693 3764 procurator
1716 3692 2012 3757 asinorum,

439 3799 622 3860 postea
651 3804 934 3843 vaccarum
967 3787 1101 3851 fuit;
1152 3786 1344 3841 deinde
1382 3785 1433 3838 in
1466 3783 1782 3838 Passiniano
1821 3783 2016 3851 prioris

439 3878 603 3947 gessit
627 3875 878 3941 officium,
901 3891 965 3931 ex
998 3876 1125 3930 hinc
1148 3875 1312 3929 abbas
1338 3874 1391 3928 in
1424 3873 1649 3935 Ficiclo,
1671 3881 1724 3926 et
1745 3872 1796 3926 in
1827 3873 2015 3928 ultimo

410 4027 417 4033 _
441 3963 697 4023 Romana:
719 3967 971 4024 Ecclesiae
991 3966 1288 4022 'cardinalis
1309 3974 1362 4021 et
1387 3964 1672 4034 episcopus
1698 3963 2016 4018 Albanensis

439 4060 663 4114 exsdtit.

461 4159 464 4162 ’
1020 4147 1245 4203 CAPUT
1285 4146 1424 4202 XVI.

512 4260 664 4315 Tunc
719 4260 930 4322 Laetus,
980 4258 1126 4311 vultu
1161 4267 1210 4310 et
1258 4255 1502 4316 nomine,
1559 4253 1652 4322 qui
1699 4250 2014 4304 Passiniano

2113 445 2238 498 riori
2264 443 2393 498 cella
2421 445 2597 500 denuo
2628 447 2939 515 probantur.
2969 445 3193 514 Quibus,
3225 462 3365 501 anno
3389 449 3677 518 completo,

2109 545 2287 590 vestes
2307 547 2516 604 optatas
2539 537 2718 601 dabat,
2738 535 3056 591 fairientibus
3078 537 3360 592 manifeste
3381 539 3677 608 regularem

2110 623 2520 691 professionem.
2568 625 2772 691 Quibus
2831 627 3023 680 exinde
3082 643 3184 680 non
3235 627 3430 682 licebat
3476 629 3679 700 aliquid

2109 727 2322 766 sumere
2363 712 2443 765 vel
2471 727 2732 780 qurerere,
2778 715 2869 768 sed
2901 718 3082 768 omnia
3125 731 3153 767 a
3189 719 3366 783 priore
3393 718 3678 780 dabantur.

2109 797 2353 852 Habebat
2380 799 2542 853 etiam
2581 800 2717 853 hanc
2738 801 2966 870 gratiam
2995 801 3317 872 singularem
3347 814 3496 874 pater
3515 804 3682 861 Joan-

2109 904 2224 956 nes,
2254 898 2311 943 ut
2361 889 2412 943 in
2458 889 2626 958 prima
2673 890 2878 945 visione
2928 907 3020 946 seu
3076 893 3341 962 colloquio
3387 905 3570 950 nosset
3633 897 3678 952 si

2108 980 2329 1033 veniens
2384 979 2606 1048 quilibet
2679 988 2828 1034 recto
2901 996 2967 1034 an
3015 981 3140 1036 ficto
3180 986 3340 1038 corde
3386 985 3682 1053 postularet

2111 1068 2408 1123 introitum.
2433 1069 2496 1122 Et
2521 1069 2620 1122 hoc
2648 1067 2696 1121 ei
2718 1068 2914 1122 donum
2947 1086 2975 1122 a
3019 1068 3144 1124 Jesu
3175 1069 3389 1125 Christo
3429 1073 3679 1127 collatum

2109 1167 2210 1222 est,
2258 1169 2315 1212 ut
2356 1173 2640 1228 personam
2671 1160 2905 1228 potentis
2933 1159 3016 1213 vel
3047 1160 3228 1214 divitis
3281 1178 3385 1215 non
3434 1163 3684 1218 libentius

2109 1257 2344 1302 sumeret
2373 1263 2532 1318 quam
2565 1249 2814 1317 pauperis
2859 1258 2914 1302 et
2967 1247 3180 1316 abjccti.
3236 1249 3454 1304 Dicebat
3485 1252 3684 1322 quippe

2114 1357 2132 1389 ι
2174 1339 2326 1391 diviti
2359 1353 2607 1408 magnum
2639 1353 2758 1392 esse
2798 1338 3238 1407 impedimentum
3270 1341 3336 1393 ad
3363 1355 3460 1394 cor
3497 1342 3678 1395 humi-

2108 1426 2366 1493 Iiaudum,
2390 1442 2506 1482 eam
2531 1442 2688 1497 quam
2721 1443 2903 1482 secum
2935 1428 3215 1497 pecuniam
3240 1429 3404 1483 ducit.
3448 1448 3468 1481 ι

2673 1535 2900 1590 CAPUT
2940 1536 3120 1590 XVIII.

2180 1629 2417 1684 Audiens
2449 1629 2662 1682 interim
2705 1628 2802 1682 Itta
2844 1629 3113 1684 abbatissa
3144 1630 3320 1685 locum
3365 1648 3419 1686 in
3471 1634 3685 1688 nomine

2113 1729 2166 1775 et
2194 1720 2450 1789 religione
2498 1721 2757 1783 crevisse,
2810 1735 2905 1788 per
2933 1720 3188 1775 diIIinitos
3228 1724 3486 1777 terminos
3521 1725 3686 1776 tradi-

2113 1813 2282 1883 dit(7)
2297 1813 2497 1881 scripto
2521 1812 2572 1865 in
2600 1811 2825 1866 circuitu
2845 1811 3219 1883 locicongruas
3237 1815 3599 1883 possessiones
3632 1825 3687 1868 ct

2114 1903 2167 1955 in
2203 1901 2578 1956 remotioribus
2599 1899 2717 1954 aliis
2748 1899 2878 1954 locis
2907 1901 3088 1968 plures
3129 1918 3342 1956 mansos
3367 1902 3537 1956 eidem
3566 1902 3686 1956 lem

2113 1992 2398 2044 concessit.
2456 1989 2524 2042 Et
2567 1991 2691 2044 dum
2726 1989 2955 2054 famulus
2977 1988 3176 2044 Christi
3207 1991 3458 2055 Joannes,
3511 1992 3685 2045 adhuc

2113 2083 2311 2151 prioris
2340 2080 2569 2135 officium
2613 2095 2823 2148 gerens,
2857 2081 3065 2134 animas
3095 2081 3320 2135 fratrum
3361 2091 3414 2135 et
3456 2097 3684 2152 corpora

2115 2171 2344 2225 sollicite
2391 2178 2726 2238 procuraret,
2763 2168 2864 2222 sibi
2896 2168 3184 2222 maximam
3232 2168 3608 2223 abstinentiam
3635 2179 3689 2222 ct

2116 2259 2354 2312 validum
2405 2258 2641 2310 laborem
2696 2257 2969 2324 imposuit.
3018 2255 3150 2310 Nam
3201 2258 3416 2325 quando
3477 2267 3686 2327 tempus

2118 2348 2389 2404 reficiendi
2417 2356 2555 2410 erat,
2581 2346 2901 2415 parvissimo
2927 2347 3049 2400 cibo
3087 2347 3170 2399 vel
3204 2356 3331 2416 potu
3361 2361 3469 2402 suze
3502 2360 3689 2400 neces.

2113 2440 2259 2496 sitati
2292 2439 2674 2500 subveniebat,
2731 2437 2784 2489 in
2835 2443 3040 2489 tantum
3080 2445 3138 2488 ut
3170 2450 3272 2489 non
3319 2436 3593 2490 videretur
3620 2450 3680 2489 se

2115 2543 2380 2593 recreare,
2411 2529 2502 2583 sed
2531 2535 2802 2594 utcunque
2840 2524 2995 2578 famis
3016 2533 3070 2578 et
3101 2525 3218 2578 sitis
3258 2539 3444 2578 arcere
3471 2524 3687 2593 pericu.

2115 2621 2244 2674 lum.
2268 2620 2400 2673 Cum
2422 2633 2551 2671 vero
2571 2625 2695 2670 ante
2718 2626 2926 2685 tempus
2950 2614 3225 2670 reficiendi
3247 2615 3482 2679 sitiebat,
3499 2624 3689 2684 utpote

2113 2705 2204 2778 qui
2245 2712 2393 2779 operi
2443 2722 2698 2762 manuum
2746 2705 3086 2774 frequentius
3123 2705 3431 2770 insistebat,
3478 2715 3602 2758 tunc
3635 2705 3688 2758 in

2117 2800 2366 2867 frigidam
2399 2814 2591 2868 aquam
2642 2811 2833 2850 manus
2878 2797 3149 2865 pedesque
3195 2796 3462 2861 mittebat,
3515 2804 3574 2848 ut
3619 2807 3686 2847 ex

2117 2892 2282 2946 IllllllO
2325 2889 2524 2957 frigore
2564 2888 2683 2942 sitis
2721 2887 3018 2958 periculum
3061 2885 3450 2955 aliquantulum
3482 2895 3687 2954 tempe-

2119 2989 2280 3036 raret.
2304 2979 2518 3048 Aliquid
2540 2978 2700 3032 etiam
2730 2990 2945 3031 sumere
2974 2975 3258 3029 recusabat
3296 2985 3446 3030 extra
3483 2976 3687 3028 consti-

2119 3080 2261 3124 tutas
2286 3069 2566 3138 regulares
2594 3068 2775 3121 horas.
2808 3065 2958 3120 Unde
2983 3064 3313 3118 debilitatem
3343 3073 3544 3118 tantam
3567 3080 3689 3118 car-

2116 3162 2198 3215 nis
2221 3159 2446 3214 incurrit
2479 3167 2534 3212 ut
2575 3158 2627 3211 in
2656 3157 2799 3210 illam
2844 3169 3156 3226 syncopem,
3186 3156 3358 3208 fracto
3384 3154 3684 3216 stomacho,

2114 3251 2397 3314 ceciderit,
2428 3263 2589 3318 quam
2620 3247 2845 3316 legimus
2872 3246 3088 3299 beatum
3135 3245 3453 3314 Gregorium
3504 3254 3687 3313 pertu-

2114 3344 2264 3398 lisse.
2314 3343 2550 3405 Etenim,
2596 3339 2699 3394 nisi
2745 3337 2941 3392 fratres
2991 3352 3132 3406 szepe
3180 3351 3303 3390 eum
3360 3335 3684 3404 reﬁcerent,

2115 3437 2365 3491 emittere
2391 3434 2640 3503 spirituum
2665 3431 2968 3492 videretur;
2995 3443 3156 3497 quam
3187 3441 3358 3496 usque
3383 3420 3450 3480 ad
3477 3427 3684 3481 obitum

2113 3527 2434 3585 sustinuisse
2483 3525 2660 3579 sciunt
2687 3522 2776 3592 qui
2806 3535 2927 3574 emn
2961 3520 3097 3574 forte
3137 3526 3422 3572 noverunt.
3460 3516 3686 3584 Quando

2115 3629 2297 3674 autem
2340 3615 2499 3670 famis
2527 3612 2781 3667 violentia
2812 3610 3121 3677 frequenter
3162 3623 3221 3662 se
3262 3607 3572 3673 deprimens
3598 3606 3682 3659 in.

2115 3713 2349 3767 discrete
2380 3714 2695 3778 superaret,
2739 3691 2832 3758 aut
2873 3701 3222 3757 refectionem
3267 3698 3481 3753 differre
3523 3713 3685 3753 cona-

2116 3801 2293 3865 batur,
2340 3813 2452 3869 praa
2496 3795 2771 3850 nimietate
2809 3791 3140 3846 infirmitatis
3168 3789 3303 3843 adeo
3346 3788 3535 3856 dentes
3568 3786 3684 3855 ejus

2114 3888 2624 3957 coastringebantur
2664 3874 2828 3954 quod,
2886 3881 2986 3935 nisi
3019 3895 3113 3934 eos
3168 3876 3362 3947 aliquis
3407 3875 3682 3930 cultellum

2116 3980 2524 4038 intromittenda
2552 3977 2832 4039 divideret,
2865 3983 2920 4028 et
2958 3972 3190 4040 aliquem
3233 3969 3496 4038 liquorem
3543 3967 3595 4020 in
3623 3980 3686 4023 os

2113 4088 2228 4140 epis
2252 4079 2496 4140 poneret,
2521 4069 2795 4136 exspirare
2820 4063 3076 4118 continuo
3098 4058 3435 4115 credebatur.
3460 4055 3686 4111 Verum-

2117 4174 2318 4226 tamen,
2355 4162 2436 4215 sic
2482 4155 2782 4212 incredibili
2831 4154 3084 4221 languore
3123 4151 3326 4219 jugiter
3369 4146 3682 4212 cruciatus,

2115 4254 2419 4307 nullatenus
2464 4244 2854 4305 murmurabat,
2890 4242 3006 4305 sed,
3055 4240 3168 4294 suis
3201 4239 3300 4290 hoc
3327 4235 3562 4305 peccatis
3590 4233 3682 4288 de-

439 4351 606 4404 abbas
653 4348 770 4410 fuit.
823 4356 878 4402 ct
917 4347 1191 4411 Rusﬁcus,
1245 4344 1358 4412 qui.
1381 4343 1552 4398 donec
1601 4341 1833 4395 Joannes
1862 4347 2012 4408 pater
2045 4351 2087 4418 η
2116 4351 2326 4411 putans,
2369 4337 2625 4393 continuo
2667 4333 2918 4386 laudibus
2955 4328 3192 4384 divinam
3231 4325 3498 4394 justitiam
3529 4338 3683 4378 com-

439 4437 589 4498 vixit,
611 4452 794 4492 curam
823 4436 1142 4491 exteriorem
1187 4433 1376 4503 gessit,
1412 4441 1488 4496 et,
1520 4432 1709 4484 tertius"
1747 4437 1866 4499 post
1892 4429 2008 4507 obij-

440 4541 552 4584 tum
576 4529 748 4584 sancti
768 4529 867 4582 viri
890 4526 1133 4590 Joannis,
1158 4525 1325 4579 multo
1343 4533 1581 4592 tempore
1605 4521 1768 4576 totius
1788 4533 2012 4590 congre-

427 4624 670 4694 ‘gationis
697 4638 883 4679 curam
914 4622 1065 4691 prior
1089 4619 1340 4674 obtinuit.

459 4783 464 4788 ,
1000 4710 1226 4768 CAPUT
1263 4708 1424 4763 xvu.

508 4799 747 4856 Cernens
797 4801 962 4872 igitur
1011 4810 1164 4869 pater
1204 4796 1435 4852 Joannes
1479 4803 1556 4850 tot
1585 4795 1822 4866 talesque
1863 4798 2008 4851 viros

439 4892 540 4948 sibi
559 4895 772 4948 coalitus
796 4893 848 4946 in
871 4893 1125 4947 auxilium
1148 4889 1364 4954 missos,
1386 4887 1649 4956 disposuit
1666 4902 1785 4940 cum
1806 4888 2006 4944 eisdem

439 4984 581 5041 beati
606 4969 876 5039 Benedicti
919 4984 1159 5054 regulam
1185 4983 1239 5034 in
1267 4980 1515 5035 omnibus
1543 4979 1852 5044 observare,
1891 4995 2006 5036 c0:-

437 5075 624 5146 pitque
665 5074 886 5150 gnoviter
929 5075 1210 5130 venientes
1257 5085 1320 5124 ea
1369 5069 1687 5138 probatione
1737 5069 2009 5138 suscipere

437 5179 600 5240 quam
632 5165 868 5220 insinuat
900 5164 1108 5233 regula;
1144 5158 1260 5228 qui,
1305 5159 1470 5213 variis
1496 5173 1560 5212 ac
1592 5155 1771 5210 multis
1808 5161 2007 5225 proba-

2117 4431 2424 4488 mendabat.
2458 4428 2556 4496 Qui
2586 4426 2898 4496 priusquam
2927 4420 3317 4483 infirmaretur,
3351 4425 3510 4470 tanta:
3529 4415 3684 4470 [οι-τὶ-

2117 4522 2316 4579 tudinis
2343 4518 2445 4574 sibi
2486 4526 2544 4572 et
2585 4515 2795 4570 caeteris
2825 4521 3094 4579 tantchue
3122 4507 3462 4563 abstinentiae
3504 4506 3683 4561 fuerat

2114 4625 2194 4679 ιιι,
2237 4613 2338 4668 nisi
2383 4611 2470 4665 ille
2508 4609 2594 4664 cui
2639 4614 2924 4662 cantamus
2958 4617 2972 4655 :
3003 4601 3245 4664 Domine,
3282 4599 3479 4652 inclina
3527 4597 3680 4652 caelos

2114 4717 2254 4770 tuos,
2283 4705 2384 4759 sub
2415 4698 2744 4756 infirmitatis
2775 4695 2935 4764 hujus
2965 4693 3253 4747 occasione
3291 4697 3515 4744 menterr
3565 4686 3681 4753 ejus

2116 4793 2483 4857 ltumiliassct,
2523 4788 2679 4842 valde
2715 4800 2868 4841 rarus
2908 4785 3166 4839 existeret
3226 4781 3316 4850 qui
3345 4785 3522 4849 posset
3565 4777 3684 4846 ejus

2113 4886 2360 4940 instituta
2399 4895 2638 4937 servare.
2679 4875 2906 4944 Cognita
2939 4887 3071 4927 vero
3113 4880 3171 4924 et
3198 4880 3420 4938 experta
3463 4865 3682 4934 propria

2112 4973 2450 5038 infirmitate,
2491 4977 2655 5026 tantae
2676 4963 3068 5020 misericordia:
3099 4968 3369 5026 tantaeque
3389 4953 3679 5007 discretio-

2117 5069 2202 5122 nis
2225 5063 2444 5120 efl‘ectus
2469 5071 2552 5118 est
2574 5066 2634 5113 ut
2657 5069 2816 5112 nemo
2837 5047 3242 5121 misericordior
3258 5061 3322 5099 eo
3346 5040 3682 5098 crederetur.

2117 5159 2240 5224 Qui,
2271 5155 2396 5209 licet
2439 5141 2665 5222 corpore
2707 5146 2849 5201 foret
2897 5144 3170 5198 infirmus,
3220 5135 3276 5188 in
3327 5130 3472 5189 omni
3506 5133 3688 5182 tamen

2195 5291 2345 5330 Il‘\“l‘I
2397 5300 2462 5330 ..-ν
2507 5300 2512 5330 ί
2551 5327 2564 5330 -
2602 5317 2794 5330 _.-...An
2835 5301 2952 5330 ΙΛΔΛ
2975 5301 3142 5330 ΙυιηνΔΙ
3196 5305 3248 5330 .n
3277 5285 3533 5330 nrrmlillm
3565 5281 3693 5330 Vill-
