4122 5330
318 372 413 430 681

1762 400 1769 411 ο
1846 378 2027 434 VITA.

3479 375 3582 433 682

319 497 595 553 nunquam
620 483 799 554 pisces
841 483 895 539 in
928 483 1047 539 lactt
1086 484 1181 541 illo
1216 484 1410 551 fuisse,
1442 483 1608 555 jussit
1633 495 1812 542 tamen
1840 499 1903 543 ut
1930 496 1977 553 Α
2004 485 2195 550 exivit,
2228 495 2281 538 et
2313 483 2421 540 illie
2466 483 2739 539 hominem
2786 498 2908 539 cum
2941 483 3281 555 manntergio
3311 483 3469 554 pleno
3496 504 3584 555 pa-

314 583 643 645 pergerent,
691 589 757 627 ac
807 574 1020 629 Domini
1071 576 1437 645 patrocinium
1483 577 1688 646 absque
1737 578 1901 634 dubio

317 669 606 723 crederent
639 666 972 722 adfuturum.
1001 667 1363 724 Perrexerunt
1395 670 1630 731 tandem,
1662 677 1738 735 et,
1766 685 1900 724 cun-

320 758 424 812 ctis
452 755 864 821 admirantibus,
890 759 1026 812 duos
1052 774 1276 829 magnos
1300 759 1471 814 lucins
1491 760 1740 814 inventos
1757 768 1902 814 attu-

319 845 498 900 lerunt
535 846 698 900 beato
738 844 956 912 Joanni,
989 862 1128 916 quos
1158 850 1272 917 ipse
1303 848 1547 918 gaudens
1582 849 1815 918 accepit,
1847 857 1905 903 et

319 938 542 993 domino
573 952 725 1008 papa:
758 937 1016 992 continuo
1044 940 1367 1009 praesentari
1390 939 1541 994 fecit.

875 1028 1106 1085 CAPUT
1146 1029 1356 1085 XXVII.

389 1117 626 1177 Venerat
658 1121 801 1176 inter
829 1124 1151 1177 caeteros-ad
1182 1139 1305 1176 eum
1338 1121 1523 1180 Teuzo
1566 1125 1902 1182 venerandus

316 1218 475 1284 pater
501 1221 558 1266 et
585 1227 772 1274 senex,
822 1228 984 1282 quem
1010 1212 1274 1269 fratribus
1314 1213 1369 1267 in
1411 1214 1616 1273 Bazolo
1639 1216 1898 1286 praefecit,

319 1316 485 1373 quem
512 1316 625 1371 pra:
665 1303 877 1357 cmteris
925 1318 993 1357 ex
1031 1303 1197 1357 corde
1230 1303 1438 1368 dilexit,
1460 1319 1528 1357 eo
1551 1305 1696 1373 quod
1729 1307 1902 1373 ipsum

320 1393 374 1447 in
405 1392 677 1447 charitate
701 1391 1331 1449 ferventiorem‘invenit
1372 1394 1502 1447 Erat
1529 1394 1727 1465 quippe
1754 1404 1908 1465 pater

318 1483 554 1541 Joannes
590 1485 743 1540 valde
784 1484 1128 1548 misericors,
1172 1486 1245 1539 ita
1281 1495 1338 1540 ut
1385 1485 1677 1556 pluviales,
1738 1487 1904 1541 Valli-

320 1575 589 1630 umbrosa:
647 1576 883 1640 oblatos,
927 1577 1184 1647 egestatis
1222 1586 1463 1647 tempore
1507 1577 1799 1644 venderet,
1851 1588 1908 1634 et

313 1680 483 1721 omne
506 1668 741 1739 pretium
763 1669 1095 1739 pauperibus
1123 1669 1301 1722 daret.

847 1758 1077 1816 CAPUT
1125 1759 1360 1815 XXVIII.

2004 574 2165 629 nibus
2220 573 2442 629 invenit.
2490 573 2638 640 Quos
2692 573 2937 626 Ιειτιειηιω*
2976 573 3270 643 accipiens,
3325 573 3585 630 fratribus

2003 662 2260 717 velociter
2278 663 2548 733 apposuit,
2565 661 2765 716 oblitus
2786 663 3122 734 interrogare
3140 664 3262 732 quis
3281 681 3376 721 eos
3399 666 3586 721 duxis-

2001 764 2086 810 set
2129 757 2318 826 quisve
2350 754 2607 810 misisset.
2654 753 2753 821 Qui
2796 770 2920 810 cum
2965 765 3086 825 post
3114 755 3335 825 paulum
3378 759 3585 829 gratias

2003 850 2315 904 redditurus
2348 848 2415 902 ad
2440 848 2638 917 januas
2670 846 2939 911 rediisset,
2975 848 3243 903 neminem
3279 850 3496 919 reperit,
3528 860 3585 905 et

2002 942 2070 995 de
2098 940 2190 995 illo
2213 955 2509 996 conversos
2546 939 2904 1008 interrogans,
2940 953 3008 994 eo
3035 939 3123 995 die
3154 940 3360 995 nullum
3405 942 3584 997 homi-

2002 1044 2127 1085 nem
2153 1029 2263 1085 illic
2287 1046 2349 1085 se
2375 1030 2574 1084 vidisse
2594 1028 2868 1084 dicebant.

2562 1137 2792 1195 CAPUT
2832 1138 3023 1194 XXXI.

2077 1232 2336 1303 Exemplo
2383 1248 2511 1288 vero
2553 1232 2723 1303 ipsius
2762 1242 2816 1287 et
2845 1232 3324 1299 admonitionibus,
3366 1234 3588 1292 delicati

2005 1321 2211 1387 clerici,
2257 1324 2457 1393 spretis
2506 1323 2792 1379 conuubiis
2826 1332 2882 1379 et
2925 1324 3259 1390 concubinis,
3306 1339 3592 1398 cmperunt

2004 1414 2167 1468 simul
2195 1415 2247 1469 in
2272 1415 2519 1472 ecclesiis
2549 1424 2695 1471 stare
2723 1424 2779 1470 et
2808 1431 3149 1471 communem
3178 1417 3374 1475 ducere
3401 1419 3587 1474 vitam.

2008 1502 2310 1574 Ilospitalia
2361 1520 2576 1575 quoque
2626 1514 2937 1559 constructa
2972 1513 3026 1561 et
3069 1505 3316 1562 ecclesiae
3362 1515 3628 1566 vetustas

2008 1607 2283 1651 renovata:
2312 1598 2430 1667 ejus
2456 1597 2659 1652 auxilio
2689 1606 3116 1667 cognoscuntur,
3145 1608 3198 1652 et
3233 1598 3285 1652 in
3314 1594 3450 1655 locis
3475 1599 3593 1667 pItt—
3624 1590 3627 1593 Α

2009 1687 2160 1743 ribus
2186 1688 2252 1743 ad
2276 1688 2469 1743 melius
2492 1695 2855 1744 commutatae.
2880 1686 2991 1742 Nec
3020 1688 3215 1742 mirqu
3243 1688 3289 1743 si
3321 1690 3590 1755 homines,

2004 1787 2101 1831 aut
2141 1778 2257 1834 loca
2289 1779 2541 1848 quaelibet
2570 1780 2623 1833 in
2656 1778 2849 1834 melius
2902 1776 3020 1846 ejus
3067 1778 3315 1849 esetnplo
3338 1787 3466 1832 sunt
3492 1779 3596 1831 im-

380 1852 580 1909 Berizo
602 1868 819 1924 quoque
844 1853 1029 1909 Sancti
1065 1852 1229 1908 Salvii
1260 1854 1447 1918 abbas,
1483 1853 1692 1910 habens
1719 1865 1903 1911 votum

2013 1870 2237 1936 mutata,
2270 1870 2423 1939 cujus
2452 1870 2558 1923 vita
2605 1869 2949 1940 cupientibus
2980 1867 3234 1924 aedificari
3281 1884 3391 1926 nou
3422 1871 3598 1925 modi-

316 1945 605 2006 moriendi,
640 1958 746 2000 non
778 1945 833 2000 in
862 1954 981 2009 suo,
1014 1945 1110 1999 sed
1142 1945 1200 1999 in
1231 1946 1567 2000 monasterio
1589 1944 1909 1999 Vallimbro-

316 2051 477 2102 sano,
508 2037 660 2091 venit
686 2037 753 2090 ad
782 2051 930 2101 eum,
962 2050 1160 2106 rogans
1197 2036 1373 2105 ipsum
1407 2045 1469 2090 ut
1513 2037 1614 2091 hoc
1644 2037 1759 2091 suis
1789 2052 1911 2106 pre-

312 2125 472 2178 cibus
520 2126 856 2196 impetraret.
903 2124 1072 2195 Cujus
1103 2140 1293 2195 preces
1339 2126 1536 2181 devote
1587 2127 1909 2196 suscipiens,

316 2228 415 2282 pro
444 2229 513 2270 eo
542 2215 811 2286 benignus
858 2214 1023 2270 Pater
1065 2216 1259 2280 oravit,
1300 2225 1375 2281 et,
1416 2225 1477 2271 ut
1522 2218 1611 2273 diu
1640 2219 1908 2289 cupierat,

314 2303 393 2358 ibi
425 2305 513 2360 die
534 2306 696 2361 tertia
727 2307 1013 2361 defunctus
1036 2314 1118 2359 est
1155 2317 1213 2359 et
1238 2307 1501 2375 sepultus.

877 2394 1107 2455 CAPUT
1150 2390 1340 2450 XXIX.

384 2485 506 2542 Sub
530 2488 721 2543 eodem
751 2486 1160 2558 tempore,dum
1190 2487 1390 2541 fratres
1417 2487 1583 2543 nimis
1612 2488 1909 2560 indigentia

312 2586 716 2644 premerentur,
751 2586 806 2631 et
842 2578 894 2631 in
930 2578 1262 2631 tuonasterio
1291 2592 1397 2631 non
1431 2586 1577 2633 esset
1622 2579 1753 2648 quid
1798 2579 1911 2633 fra-

321 2666 498 2721 tribus
551 2667 602 2721 in
635 2668 815 2723 cibum
867 2676 1051 2739 posset
1101 2667 1318 2739 apponi,
1348 2677 1545 2738 praeter
1577 2678 1686 2725 tres
1716 2686 1910 2741 panes,

311 2761 479 2831 jussit
503 2762 719 2816 eosdem
748 2761 946 2833 frangi,
973 2769 1027 2823 et
1048 2763 1246 2831 cuique
1277 2761 1428 2815 fratri
1463 2761 1710 2834 fragmen
1744 2780 1908 2820 unum

315 2854 711 2910 administrari.
759 2852 1024 2924 Prtecepit
1076 2853 1272 2907 iterum
1324 2853 1616 2910 cellerario
1671 2867 1910 2914 mactare

318 2958 483 2999 unum
513 2946 739 3000 arietem
769 2955 824 3001 et
871 2945 1046 3016 ipsum
1084 2946 1151 3001 ad
1198 2945 1463 3001 edemlum
1504 2947 1767 3004 fratribus
1809 2951 1912 3005 mi-

316 3037 577 3091 nistrare.
609 3035 802 3101 Hodie,
836 3036 1033 3106 inquit,
1062 3052 1305 3104 euentus,
1336 3052 1458 3092 cras
1480 3053 1631 3103 vero,
1665 3037 1776 3093 Deo
1806 3055 1907 3110 pa-

318 3138 496 3194 rante,
547 3128 962 3182 aluunlabimus.
1012 3127 1079 3181 lat
1129 3127 1243 3182 lucc
1296 3127 1504 3191 dicens,
1560 3129 1802 3197 perrexit
1840 3129 1908 3184 ad

2012 1979 2133 2019 cum
2167 1962 2429 2034 praebebit
2458 1961 2786 2031 exemptum.

2568 2072 2799 2128 CAPUT
2822 2070 3041 2128 XXXII.

2082 2164 2213 2219 Erat
2239 2164 2457 2235 quidem
2497 2162 2552 2217 in
2597 2162 2721 2219 cibo
2750 2163 3123 2231 parcissimus,
3153 2162 3211 2216 in
3254 2163 3596 2219 orationibus

2007 2256 2252 2318 sedulus,
2286 2254 2339 2309 in
2381 2252 2579 2323 vigiliis
2610 2252 2867 2317 intentus,
2898 2251 2949 2304 in
2978 2251 3194 2337 silentio
3218 2253 3510 2316 studiosus,
3539 2252 3596 2307 in

2011 2356 2374 2426 elcemosynis
2404 2370 2503 2423 pro
2551 2353 2748 2427 virium
2795 2352 3100 2422 quantitate
3152 2349 3600 2422 largissimus,“

2010 2463 2136 2503 cum
2168 2444 2371 2515 aliquid
2401 2445 2531 2499 dare
2565 2444 2895 2512 disponeret,
2926 2441 3222 2504 hominem,
3261 2442 3374 2496 sive
3404 2457 3595 2512 pecus,

2010 2540 2099 2596 vel
2150 2539 2355 2608 aliquid
2389 2537 2558 2602 aliud,
2606 2536 2861 2592 studebat
2895 2535 3019 2589 aliis
3066 2534 3260 2590 melius
3289 2536 3441 2599 dare,
3490 2536 3598 2591 sibi

2013 2644 2143 2683 vero
2173 2629 2415 2683 deterius
2457 2637 2663 2683 tenere.
2694 2625 3033 2681 indumentis
3072 2624 3347 2679 vilissimis
3383 2640 3599 2696 semper

2011 2718 2286 2774 utebatur.
2332 2715 2444 2772 Nec
2491 2717 2545 2771 in
2589 2724 2741 2771 tanta
2777 2731 2874 2772 sua
2924 2715 3239 2771 infirmitate
3292 2716 3601 2784 patiebatur

2012 2811 2226 2882 corpori
2248 2810 2479 2880 supponi
2492 2806 2753 2875 fulcrum,
2770 2808 2857 2863 vel
2873 2808 3036 2878 capiti
3054 2808 3332 2879 plumeum
3348 2807 3597 2876 capitale.

2558 2921 2787 2980 CAPUT
2816 2922 3051 2981 XXXIII.

2084 3017 2189 3073 Sed
2207 3032 2334 3073 cum
2366 3016 2734 3080 decumberet,
2760 3014 2846 3071 die
2873 3022 3143 3083 noctuque
3170 3023 3388 3069 sanctos
3414 3028 3599 3068 coram

2013 3124 2073 3164 se
2123 3109 2292 3164 libros
2352 3108 2532 3179 legere
2593 3105 2872 3169 faciebat,
2922 3114 2981 3159 ut
3034 3106 3330 3161 instructus
3380 3107 3602 3159 assidua

320 3215 580 3273 Sancum,
634 3218 911 3285 Samum,
972 3234 1199 3288 sperans
1256 3217 1399 3286 quod
1443 3194 1701 3273 mnium"
1753 3234 1907 3274 suam
1938 3226 1985 3289 ο
2014 3197 2266 3261 lectione,
2296 3199 2504 3265 peritus
2530 3194 2899 3289 divinarklegis
2944 3204 3002 3249 et
3046 3195 3355 3289 divinarum
3380 3207 3602 3249 sentcn-

316 3323 594 3377 ttuuquatn
654 3307 797 3364 Deus
846 3316 1129 3376 pateretur
1187 3307 1331 3362 fame
1381 3309 1584 3365 diutius
1638 3310 1908 3366 laborare.

313 3398 541 3455 Fratres
588 3417 741 3466 vero,
773 3403 905 3457 hora
954 3402 1165 3471 prandii
1204 3410 1492 3473 pergentes
1536 3404 1604 3457 ad
1642 3419 1907 3474 mensam,
1958 3427 1962 3431 ⁴

318 3505 540 3546 carnem
565 3493 867 3563 appositam
898 3494 1278 3557 exliorrentes,
1310 3508 1485 3563 pauca
1515 3502 1726 3548 tantum
1751 3496 1911 3563 panis

316 3580 623 3651 fragmenta
652 3583 1009 3637 comederunt
1034 3592 1089 3638 et
1120 3598 1149 3635 a
1182 3598 1349 3638 carne
1377 3598 1602 3653 prorsus
1633 3584 1911 3639 abstinue-

319 3689 469 3732 runt.
518 3678 623 3733 Sed
654 3679 824 3732 altera
866 3679 970 3740 die,
1011 3679 1305 3734 secundum
1348 3678 1687 3748 prophetiam
1735 3680 1910 3734 sancti

318 3768 567 3836 Joannis,
616 3771 836 3841 quidam
882 3770 1131 3825 homines
1162 3787 1283 3825 cum
1326 3770 1499 3847 asinis
1545 3771 1757 3826 onustis
1802 3769 1915 3826 fru-

322 3861 491 3914 menti
520 3858 692 3914 farina
724 3869 1009 3926 venerunt,
1032 3860 1277 3914 dicentes
1301 3874 1361 3914 se
1391 3860 1628 3913 directos
1656 3878 1686 3913 a
1717 3860 1911 3915 nobili-

317 3945 425 4007 bus
454 3952 612 4017 viris;
644 3951 872 4021 sed,qui
896 3950 1125 4015 fuerint,
1145 3950 1403 4005 hactenus
1430 3949 1557 4005 sciri
1582 3965 1687 4004 non
1711 3951 1905 4020 potuit.

889 4042 1118 4099 CAPUT
1172 4041 1341 4098 XXX.

391 4134 531 4190 Item
580 4135 688 4190 alio
743 4144 1007 4205 tempore,
1062 4135 1188 4187 dum
1243 4148 1561 4188 ωεοιιοιιιυδ
1611 4132 1713 4189 loci
1760 4134 1909 4189 cibos

317 4239 513 4280 clunes
536 4224 935 4294 consumpsisse
961 4240 1019 4279 se
1047 4223 1345 4287 diceret,et
1371 4225 1587 4278 beatum
1622 4225 1797 4279 virum
1829 4224 1911 4278 in-

322 4316 567 4386 quireret
603 4315 730 4385 quid
762 4316 892 4370 dare
921 4313 1183 4368 fratribus
1211 4311 1455 4378 deberet,
1489 4313 1571 4367 vir
1618 4313 1707 4369 Dei
1747 4313 1912 4383 jussit

321 4418 383 4461 ut
407 4423 545 4463 unus
567 4421 633 4462 ex
660 4409 833 4463 tribus
855 4407 1029 4461 bobus
1052 4421 1190 4474 quos
1232 4400 1504 4460 habebant
1538 4406 1907 4470 occideretur,

319 4508 378 4553 et
425 4497 689 4555 fratribus
729 4498 788 4552 in
842 4496 1016 4551 frusta
1069 4496 1320 4551 concisus
1373 4507 1759 4567 opponeretur.
1808 4496 1907 4553 Cui

2018 3291 2218 3345 tiaram
2252 3296 2633 3359 competenter
2670 3287 2997 3344 etliceretur.
3043 3286 3287 3356 (Suntque
3314 3288 3602 3344 decumbe-

2016 3395 2120 3452 ret,
2172 3393 2269 3440 aut
2318 3396 2590 3456 pergeret,
2648 3384 2732 3437 vel
2787 3384 3082 3454 cquitaret,
3139 3384 3349 3440 cuculla
3395 3386 3603 3457 jugucr

2016 3477 2293 3531 utebatur.
2322 3477 2494 3546 Ipsius
2518 3476 2689 3529 etiam
2725 3476 2998 3544 exemplo,
3032 3476 3247 3532 celebre
3277 3476 3511 3531 ofﬁcium
3543 3476 3596 3531 iit

2016 3575 2175 3620 nocte
2219 3576 2421 3619 sanctze
2451 3564 2895 3619 Resurrectionis
2920 3579 3019 3634 per
3055 3564 3330 3630 Tusciam,
3370 3566 3600 3634 aliisque

2011 3655 2149 3710 Iocis
2195 3671 2340 3707 nunc
2371 3656 2570 3723 agitur.
2616 3653 2782 3722 Cujus
2833 3653 2977 3708 fama
3030 3655 3309 3726 religionis
3356 3658 3479 3711 dum
3542 3657 3598 3710 in

2014 3745 2149 3800 locis
2192 3744 2445 3815 plurimis
2486 3744 2721 3800 celebris
2771 3744 3084 3809 haberetur,
3115 3762 3299 3801 comes
3333 3746 3597 3816 Bulgarus

2013 3836 2282 3905 disposuit
2306 3850 2465 3889 suum
2490 3834 2797 3890 emnobium
2825 3834 3169 3906 Septimense
3218 3836 3295 3906 (8)
3326 3836 3427 3892 sub
3450 3835 3597 3905 ejus-

2012 3927 2134 3980 dem
2163 3925 2341 3981 Patris
2374 3927 2634 3998 regimine
2677 3928 3028 3984 constituere.
3075 3929 3227 3997 Quod
3256 3944 3381 3984 cum
3428 3930 3497 3984 ab
3531 3944 3597 3982 eo

2014 4018 2101 4070 vix
2135 4018 2502 4088 impetrasset,
2524 4017 2683 4073 valde
2715 4020 2935 4087 gavisus
2976 4031 3077 4082 est.
3105 4035 3333 4091 sperans
3355 4034 3455 4091 per
3474 4021 3594 4091 ejus

2010 4109 2250 4163 studium
2274 4109 2452 4164 locum
2482 4110 2658 4180 ipsum
2681 4111 2733 4165 in
2765 4112 2957 4166 melius
2984 4123 3396 4182 proventuram.
3436 4112 3591 4181 Quod

2013 4211 2199 4270 postea
2226 4201 2443 4266 claruit,
2476 4202 2602 4256 dum
2640 4202 2725 4256 lex
2776 4202 2853 4273 (9)
2900 4203 3054 4273 ignea
3091 4203 3289 4257 ibidem
3320 4202 3458 4258 facta
3507 4205 3588 4256 lo-

2010 4308 2133 4348 cum
2164 4295 2415 4349 eumdem
2447 4294 2770 4349 mirabiliter
2795 4296 3083 4359 exultavit,
3130 4305 3187 4350 et
3220 4307 3376 4351 antea
3413 4296 3597 4351 inultis

2015 4386 2279 4455 ignotum,
2308 4395 2496 4455 postea
2533 4385 2784 4456 plurimis
2815 4386 2993 4441 reddit
3021 4386 3379 4441 nominatum.

2556 4497 2787 4554 CAPUT
2812 4497 3047 4553 XXXIV.

318 4607 638 4647 teconomus
664 4610 677 4644 :
702 4589 862 4657 Quid,
894 4588 1094 4659 inquit,
1138 4587 1425 4652 faciemus,
1455 4598 1738 4659 postquam
1764 4590 1906 4644 hunc
1940 4587 1989 4645 ι)
2087 4592 2296 4646 Interea
2330 4591 2411 4645 vir
2432 4591 2646 4645 Domini
2668 4589 2897 4645 diversis
2927 4592 3095 4661 coepit
3122 4591 3329 4646 clarere
3364 4592 3598 4647 miracu-

324 4680 869 4737 manducaverimus?
917 4679 983 4733 Et
1042 4678 1131 4733 ille
1163 4697 1175 4731 :
1213 4678 1338 4733 l‘ost
1391 4680 1534 4734 hunc
1586 4678 1804 4734 occides
1853 4690 1907 4734 et

319 4773 518 4839 alium;
551 4788 660 4843 qua
690 4778 1034 4840 consumpto,
1066 4770 1113 4826 si
1142 4785 1277 4841 opus
1301 4769 1491 4832 fuerit,
1524 4770 1676 4825 dabis
1705 4780 1760 4824 et
1803 4780 1907 4825 ter-

322 4865 476 4918 tiam.
509 4864 705 4919 Beatus
732 4871 914 4917 autem
947 4861 1204 4927 Joannes,
1225 4859 1425 4928 iustius
1452 4861 1648 4917 fratres
1677 4863 1908 4919 credens

319 4956 577 5012 carnibus
606 4956 832 5010 reticere
853 4969 1015 5024 quam
1039 4970 1133 5010 eos
1158 4954 1303 5008 {anne
1323 4955 1522 5023 perire,
1543 4956 1797 5024 sperabat
1816 4954 1908 5010 Dei

316 5046 753 5103 misericordiam
785 5043 1118 5107 adfuturam,
1147 5042 1240 5113 qui
1288 5045 1463 5098 servis
1494 5044 1607 5099 suis
1646 5045 1701 5099 in
1740 5060 1910 5113 angu-

318 5136 440 5192 stiis
467 5136 659 5208 positis
699 5134 993 5191 subvenire
1032 5133 1336 5190 consuevit.
1382 5134 1522 5202 Quid
1559 5133 1748 5204 plora?
1785 5134 1916 5189 Fra-

322 5233 432 5283 tres
461 5230 591 5283 hora
622 5233 830 5283 statuta
860 5236 1088 5295 pergunt
1115 5224 1183 5279 ad
1221 5238 1464 5280 mensam
1517 5227 1754 5295 visisque
1783 5226 1914 5284 solis

2016 4683 2104 4736 lis.
2135 4681 2366 4748 Quidam
2400 4682 2561 4735 homo
2603 4678 2799 4751 plenus
2827 4680 3033 4735 insania
3071 4680 3124 4735 in
3156 4681 3399 4751 ejusdem
3425 4682 3602 4739 Patris

2017 4771 2271 4828 coenobio
2307 4772 2648 4835 morabatur,
2674 4771 2788 4839 qui,
2819 4770 2945 4824 dum
2969 4772 3220 4827 medendi
3252 4773 3428 4842 gratia
3464 4771 3600 4827 Pas-

2018 4865 2291 4921 sinianum
2319 4864 2646 4925 mitteretur,
2673 4863 2740 4917 ad
2761 4860 2959 4917 ﬂumen
2988 4864 3193 4918 Arnum
3226 4863 3394 4926 venit,
3420 4877 3604 4932 reper-

2026 4969 2136 5013 tam
2192 4955 2451 5026 scapham
2504 4955 2753 5019 intravit,
2801 4963 2857 5009 et
2908 4969 2973 5009 ex
3018 4954 3134 5017 illa,
3182 4954 3325 5008 sicut
3354 4969 3476 5008 eum
3510 4964 3609 5004 sua

2022 5047 2230 5103 insania
2256 5047 2509 5112 cogebat,
2532 5059 2593 5100 se
2618 5045 2672 5097 in
2695 5043 2874 5098 amnis
2901 5044 3134 5099 medium
3161 5042 3474 5111 projiciens,
3498 5038 3607 5091 ait:

2021 5139 2141 5203 I-Iic,
2174 5136 2297 5206 quis
2325 5131 2591 5197 Joannes,
2631 5143 2687 5187 et
2730 5132 2909 5202 qualis
2945 5133 3015 5187 sit
3060 5131 3177 5200 ejus
3217 5132 3351 5195 vita,
3381 5127 3608 5201 patebit.

2021 5229 2192 5296 Quem
2222 5224 2508 5280 cadentem
2556 5239 2684 5279 mox
2712 5235 2852 5290 aqua
2881 5222 3207 5290 suscipiens,
3250 5216 3507 5273 sustinuit
3545 5228 3616 5267 ne

3088 5306 3292 5330 ...-..ζιὲ-
3325 5308 3391 5330 -.Ι
3439 5306 3609 5330 ..ξ-ιιι...
