4122 5330
514 286 614 339 685

1558 281 1614 333 S.
1653 279 1931 335 JOANNIS
1969 280 2354 335 GUALBIERTI
2397 281 2680 337 AllBATIS

3648 279 3756 337 σει

523 396 680 450 solius
738 396 1077 456 memoriam,
1130 403 1237 446 tam
1285 392 1561 456 velociter,
1600 402 1821 461 tantque
1869 391 2093 463 benigne
2120 401 2163 455 Α
2198 395 2271 445 dit
2308 412 2319 445 :
2354 393 2573 449 DODIIHC
2622 393 2801 454 Pater,
2840 392 2949 461 jam
2990 406 3080 460 per
3122 392 3257 445 duos
3306 408 3538 457 menses,
3590 404 3644 448 ct
3686 409 3754 450 eo

515 484 793 555 pnefatum
820 484 1070 536 miserum
1103 483 1167 535 de
1195 482 1383 535 mortis
1406 481 1649 550 periculo
1680 481 1946 535 liberavit.

1057 567 1281 624 CAPUT
1308 568 1522 624 XXXV.

584 666 712 719 Item
744 663 868 716 dum
894 661 1034 714 idem
1060 660 1384 715 venerabilis
1408 669 1563 731 pater
1597 676 1627 714 a
1661 659 1940 714 visitandis
1961 658 2081 713 aliis

514 754 774 812 coenobiis
821 752 1200 822 regrederetur
1249 754 1316 807 ad
1360 767 1536 819 suum,
1580 768 1787 807 memor
1838 751 2081 821 plurimae

514 845 826 916 indigentia:
853 858 956 912 qua
995 841 1191 896 mullos
1220 842 1393 911 premi
1429 850 1773 911 cognoverat,
1820 842 2081 895 introieris

515 934 923 996 monasterium,
964 932 1394 1000 dispensatorem
1443 930 1676 996 fatnilize,
1709 931 1925 984 nomine
1953 927 2083 988 Gol-

514 1025 746 1086 t‘redum,
781 1031 835 1074 et
864 1019 1087 1074 fratrem
1129 1020 1406 1073 Rusticum
1446 1027 1850 1089 procuratorem
1891 1032 2078 1071 mona-

509 1114 667 1167 chum
722 1110 787 1165 ad
840 1126 899 1164 se
948 1125 1186 1175 vocans,
1239 1110 1368 1162 ait:
1412 1107 1764 1178 Inspiciamus
1824 1108 2079 1161 horreum

510 1213 754 1257 nostrum
814 1200 1083 1269 quomodo
1139 1212 1197 1252 se
1242 1197 1459 1263 habeat,
1508 1196 1649 1265 quod
1706 1205 1832 1250 tunc
1881 1195 2081 1266 reperit

508 1291 843 1347 abundanter
878 1304 1001 1344 esse
1048 1289 1333 1358 repletum.
1384 1287 1612 1353 Quibus,
1662 1287 1816 1355 quasi
1852 1286 2077 1351 ironice,

507 1387 675 1439 dixit:
706 1402 724 1434 ι
753 1380 1144 1452 Quamplurimi
1177 1380 1277 1434 sub
1308 1379 1530 1434 instanti
1568 1378 1892 1433 necessitate
1921 1376 2080 1432 famis

506 1476 901 1546 opprimuntur,
942 1486 1039 1525 vos
1068 1479 1245 1524 autem
1292 1470 1514 1523 uberius
1563 1467 1915 1523 abundatis.»
1952 1465 2079 1522 Sta~

511 1563 899 1634 timquejnssit
953 1560 1220 1631 quoddam
1248 1560 1545 1623 vasculum,
1593 1548 1813 1628 capiens
1851 1567 2082 1628 quatuor

508 1656 586 1707 vel
617 1654 851 1723 quinque
881 1651 1111 1714 modios,
1150 1649 1383 1720 impleri,
1412 1659 1465 1704 et
1490 1650 1569 1704 sic
1606 1664 1704 1718 per
1726 1650 2078 1718 semetipsum

2188 483 2442 551 amplius,
2490 485 2655 537 multa
2707 492 2918 537 tenetur
2966 482 3298 537 infirmitate.
3333 482 3482 550 Quod
3527 486 3754 541 audiens

2183 573 2521 626 venerandus
2550 572 2731 633 Pater,
2782 571 2982 627 Panem
3023 574 3248 642 accepit,
3277 573 3432 642 eique
3472 590 3568 643 pro
3592 574 3755 630 bene.

2184 657 2422 713 dictione
2452 661 2618 714 misit.
2646 660 2776 715 Post
2818 669 3065 730 quartam
3105 663 3245 715 diem
3274 676 3371 732 per
3388 663 3755 737 semetipsum

2183 746 2249 800 ad
2277 762 2397 801 eum
2421 749 2590 815 venit,
2623 765 2687 804 ac
2712 765 2811 820 pro
2840 750 3033 816 salute,
3059 765 3218 820 quam
3251 763 3549 823 receperat,
3566 754 3675 809 Deo
3695 761 3757 810 et

2181 835 2282 890 sibi
2310 836 2508 893 multas
2536 840 2740 909 gratias
2763 840 2893 908 egit.

2717 928 2943 985 CAPUT
2981 930 3224 986 XXXIX.

2253 1018 2473 1084 Deinde,
2514 1035 2635 1073 cum
2686 1021 2824 1074 idem
2862 1022 2942 1075 vir
2973 1022 3140 1088 multo
3186 1031 3302 1091 post
3343 1030 3580 1092 tempore
3631 1039 3743 1080 mo-

2183 1121 2411 1175 reretur,
2461 1113 2714 1180 praecepit
2754 1112 2865 1168 filio
2892 1123 2944 1166 ut
2976 1128 3194 1182 equum,
3257 1114 3345 1168 cui
3378 1117 3570 1171 sedere
3618 1132 3753 1171 con-

2181 1211 2448 1263 Sucverat,
2481 1212 2666 1256 sancto
2709 1201 2899 1258 Joanni
2931 1205 3101 1271 daret,
3132 1212 3187 1258 et
3210 1212 3270 1258 ut
3302 1220 3398 1273 pro
3428 1223 3485 1260 se
3517 1206 3750 1264 interce—

2181 1289 2331 1343 deret
2356 1290 2581 1360 rogavit.
2631 1290 2862 1346 Sanctus
2898 1300 3077 1346 autem
3111 1294 3189 1345 vir
3218 1294 3523 1364 chpiciens
3577 1304 3756 1350 trans-

2181 1380 2338 1434 itoria
2363 1422 2375 1445 ,
2416 1391 2785 1450 paupertatem
2823 1396 3034 1447 amans,
3061 1383 3297 1439 ctelestia
3333 1386 3750 1454 concupiscens,

2180 1483 2373 1538 equum
2407 1469 2608 1523 homini
2648 1470 2912 1535 reddidit”,
2940 1479 2996 1525 ct
3026 1471 3089 1524 ad
3122 1474 3334 1542 propria
3361 1486 3483 1527 cum
3527 1488 3592 1529 eo
3630 1477 3752 1529 red-

2182 1562 2260 1617 ire
2305 1563 2487 1633 jussit.
2542 1563 2782 1633 Cumque
2813 1564 3036 1618 multum
3065 1563 3354 1620 obsisteret
3378 1575 3432 1620 et
3456 1583 3651 1636 equum
3691 1583 3751 1621 se

2183 1668 2287 1707 non
2321 1654 2667 1707 reducturum
2699 1655 3232 1717 assereret,-tandem
3272 1657 3538 1726 praecepto
3575 1659 3751 1712 sancti

511 1746 578 1799 ab
615 1746 743 1799 hora
795 1743 951 1796 tertia
995 1756 1163 1810 usque
1192 1742 1257 1793 ad
1306 1755 1501 1794 nonam
1552 1750 1659 1794 tam
1690 1741 1879 1810 grandi
1914 1739 2078 1811 largi-
2109 1760 2152 1819 Β
2182 1743 2283 1796 viri
2316 1752 2563 1808 coactus,
2585 1759 2711 1798 cum
2744 1760 2883 1814 equo
2922 1744 3075 1800 lactus
3103 1747 3168 1801 ad
3196 1760 3292 1800 sua
3319 1747 3499 1813 rediit,
3522 1748 3749 1804 benedi-

508 1846 615 1891 tate
644 1835 827 1890 oneris
860 1842 1173 1903 occupatus,
1208 1832 1511 1885 nullatenus
1551 1832 1674 1886 inde
1702 1833 1948 1895 recessit,
1978 1831 2073 1884 sed

504 1926 792 1994 unicuique
821 1925 1076 1987 venienti,
1109 1923 1192 1977 eui
1227 1922 1475 1988 multum,
1513 1924 1596 1977 cui
1641 1938 1853 1992 parum,
1886 1921 2069 1976 distri—

506 2018 642 2081 buit,
670 2025 725 2071 et
768 2031 985 2084 semper
1022 2015 1256 2084 plenum,
1296 2014 1404 2067 Deo
1442 2014 1722 2084 largiente,
1757 2016 2070 2084 permansit.

1034 2103 1260 2159 CAPUT
1306 2103 1546 2158 XXXVI.

576 2196 799 2261 Deinde,
842 2194 973 2250 dum
1018 2194 1070 2247 in
1106 2193 1249 2249 beati
1280 2192 1446 2248 Salvii
1475 2192 1722 2247 coenobio
1748 2203 2072 2258 moraretur,

502 2295 556 2341 et
579 2300 678 2356 per
718 2288 978 2349 Azonem,
1027 2285 1120 2355 qui
1176 2293 1357 2354 postea
1412 2295 1617 2338 sanctae
1666 2283 1948 2353 Reparatae
1975 2283 2077 2338 fuit

504 2381 690 2441 abbas,
720 2379 879 2434 xenia
909 2379 1024 2431 viro
1079 2378 1171 2431 Dei
1204 2377 1245 2430 Τ
1249 2376 1439 2432 eumni
1471 2376 1678 2432 incluso
1708 2390 1805 2444 pro
1832 2376 2074 2428 ciborum

503 2468 876 2525 benedictione
901 2466 1202 2531 mandaret,
1235 2466 1489 2534 prmfatus
1514 2467 1643 2529 Azo,
1687 2466 1815 2520 dum
1846 2453 2073 2530 rediret,

502 2559 592 2614 via
617 2557 942 2630 digrediens,
972 2557 1243 2627 tugurium
1284 2555 1550 2625 quoddam
1582 2556 1825 2619 intravit,
1854 2564 1909 2609 et
1954 2570 2077 2610 cum

502 2650 761 2705 fratribus
787 2664 926 2719 quos
975 2647 1044 2702 ibi
1091 2649 1291 2717 reperit
1346 2646 1511 2700 multa
1562 2645 1774 2700 locutus
1808 2654 1910 2700 est.
1974 2644 2077 2712 Qui

505 2745 572 2795 ad
603 2751 812 2809 patrem
834 2738 1071 2803 rediens,
1099 2737 1224 2791 dum
1260 2737 1329 2791 ab
1371 2751 1436 2791 eo
1474 2744 1779 2805 quaereret:
1806 2734 1957 2791 Unde
1989 2749 2077 2789 ve-

506 2833 623 2886 nis?
646 2840 700 2885 et
727 2831 842 2900 ipse
877 2829 1247 2899 reSpondisset
1302 2842 1361 2883 se
1398 2843 1506 2897 quo
1530 2827 1724 2882 missus
1744 2826 1918 2881 fuerat
1945 2828 2070 2892 isse,

504 2936 571 2977 ac
606 2922 829 2983 redisse,
872 2934 997 2975 mox
1026 2920 1093 2974 ab
1136 2932 1202 2973 eo
1235 2918 1440 2972 audivit
1467 2935 1479 2970 :
1506 2917 1616 2986 Ego
1643 2917 1859 2987 quidem
1889 2932 1995 2972 non
2024 2927 2074 2972 te

504 3012 631 3068 illuc
657 3011 800 3066 unde
826 3010 979 3066 venis
1008 3009 1278 3064 mandavi.
1333 3008 1538 3063 Deinde
1568 3008 1871 3078 digressum
1902 3023 1931 3060 a
1966 3008 2071 3073 via,

2177 1846 2304 1886 cens
2332 1833 2498 1886 Deum
2530 1834 2584 1887 in
2609 1834 2741 1888 tanti
2765 1834 2942 1890 Patris
2971 1836 3348 1891 admiratione.
3371 1838 3522 1904 Quod
3546 1838 3749 1894 factum

2176 1933 2259 1978 est
2298 1923 2423 1978 dum
2447 1926 2622 1980 adhuc
2651 1935 2795 1980 esset
2826 1926 2877 1979 in
2906 1927 3151 1981 emnobio
3182 1925 3512 1985 Muscetano.

2765 2003 2993 2073 CAPUT
3034 2012 3161 2072 XL.-

2245 2107 2416 2175 Quem
2448 2108 2625 2163 locum
2653 2109 2777 2162 dum
2802 2107 2906 2162 alio
2942 2117 3183 2178 tempore
3210 2110 3455 2164 visitarct
3478 2152 3495 2175 ,
3521 2125 3753 2167 cernens

2176 2196 2231 2251 in
2276 2212 2343 2253 eo
2391 2213 2546 2253 casas
2589 2198 2906 2266 grandiores
2950 2197 3397 2268 pulchrioresqlte
3452 2199 3565 2256 fore
3588 2216 3752 2271 quam

2174 2287 2357 2353 vellet,
2377 2290 2639 2343 accersito
2655 2289 2873 2343 domino
2890 2289 3117 2344 Rodulfo
3140 2290 3377 2359 ejusdem
3407 2292 3506 2348 loci
3529 2294 3750 2359 abbate,

2176 2376 2277 2432 sibi
2305 2377 2451 2431 vultu
2477 2377 2827 2432 serenissimo
2861 2378 3029 2432 dixit:
3104 2398 3122 2430 ι
3153 2380 3193 2434 T
3200 2396 3232 2433 ιι
3273 2381 3326 2434 in
3359 2381 3461 2436 hoc
3483 2380 3599 2436 loco
3634 2399 3753 2436 rna-

2177 2465 2298 2538 gnis
2323 2467 2607 2537 expensis,
2640 2467 2835 2536 quibus
2862 2484 3126 2538 pauperes
3159 2470 3373 2539 plurimi
3401 2472 3628 2527 refoveri
3657 2489 3753 2543 po-

2178 2558 2431 2622 tuissent,
2453 2572 2519 2611 ex
2545 2557 2762 2627 proprio
2780 2566 2906 2613 .voto
2929 2559 3127 2628 palatia
3148 2559 3445 2615 fabricasti.
3480 2582 3499 2613 ι
3530 2562 3598 2616 Et
3621 2577 3752 2617 con-

2177 2660 2371 2701 versus
2420 2647 2487 2700 ad
2519 2646 2806 2715 quemdam
2855 2646 3085 2700 rivulum
3123 2648 3402 2716 parvulum
3444 2664 3610 2719 prope
3636 2665 3753 2704 ma-

2178 2744 2416 2802 nantem,
2446 2737 2617 2791 dixit:
2652 2755 2671 2788 t
2706 2736 2847 2791 Deus
2874 2737 3234 2805 omnipotens,
3265 2738 3356 2807 qui
3410 2739 3476 2792 de
3510 2740 3750 2794 minimis

2176 2825 2380 2893 majora
2411 2825 2591 2880 facere
2628 2825 2951 2880 consuevisti
2970 2866 2986 2890 ,
3012 2826 3246 2892 videam,
3271 2842 3368 2897 per
3399 2828 3555 2897 hujus
3586 2828 3745 2882 rivuli

2178 2918 2527 2987 paucitatem,
2552 2917 2709 2988 hujus
2737 2918 2972 2972 enormis
2999 2918 3213 2973 aedificii
3243 2919 3350 2973 cito
3377 2919 3691 2975 vindictam.
3719 2939 3743 2973 ι

2174 3005 2242 3063 Et
2272 3008 2387 3063 haec
2414 3007 2620 3073 dicens,
2669 3008 2872 3078 absque
2911 3024 3079 3074 mora,
3113 3009 3385 3064 discessit.
3411 3008 3456 3066 Ο
3492 3011 3626 3065 mira
3650 3009 3749 3065 Dei

506 3114 561 3160 et
594 3104 898 3173 ingressum
943 3099 1163 3171 tugurii,
1212 3114 1277 3154 ac
1306 3097 1493 3163 verba,
1530 3112 1652 3167 qua:
1692 3111 1815 3151 cum
1845 3096 2077 3151 inventis
2105 3111 2148 3172 ς
2180 3099 2456 3170 potentia!
2491 3097 2774 3153 confestim
2801 3099 3026 3164 rivulus,
3063 3114 3129 3154 eo
3161 3101 3468 3164 recedente,
3500 3115 3751 3155 crescere

504 3196 764 3253 fratribus
792 3196 1002 3254 habuit.
1031 3210 1128 3264 per
1166 3192 1418 3265 spiritum
1452 3205 1863 3263 recognoscens,
1893 3191 2075 3248 omnia

505 3303 600 3359 per
627 3288 871 3345 ordinem
901 3284 1179 3359 patefecit.

1027 3372 1254 3430 CAPUT
1288 3369 1548 3427 XXXVII.

574 3465 778 3522 Eodem
805 3472 1065 3536 tempore,
1112 3475 1220 3533 quo
1247 3459 1555 3516 Simoniaca
1586 3458 1808 3514 haeresis
1834 3473 1932 3529 per
1960 3456 2071 3511 Tn-

503 3560 671 3614 sciam
700 3558 1019 3628 pullulabat,
1047 3555 1174 3609 dum
1217 3553 1505 3622 pnedictus
1541 3560 1696 3621 pater
1724 3551 1901 3604 adhuc
1929 3556 2075 3604 esset

505 3655 558 3708 in
615 3655 803 3709 eodem
842 3651 1028 3706 Sancti
1069 3648 1238 3704 Salvii
1283 3646 1555 3711 ctenohie,
1608 3643 1826 3714 quidam
1860 3642 2074 3697 Floren-

507 3746 671 3810 tinus,
706 3742 861 3810 cujus
915 3742 1076 3803 filius,
1132 3740 1393 3809 languore
1443 3735 1790 3798 constrictus,
1843 3732 2075 3787 vicinam

502 3833 847 3902 operiebatur
894 3838 1145 3892 mortem,
1188 3835 1247 3881 ut
1287 3839 1488 3897 aegrum
1528 3831 1717 3878 natum
1745 3831 1987 3889 sanaret,
2012 3837 2076 3877 ac

507 3923 755 3977 redderet
808 3928 1093 3990 rogaturus
1138 3917 1383 3971 accessit.
1418 3914 1516 3970 Cui
1546 3928 1671 3969 cum
1716 3912 1924 3968 diceret
1967 3927 2075 3966 non

504 4014 620 4067 haec
650 4024 768 4076 sua,
812 4010 907 4063 sed
955 4004 1321 4077 apostolorum
1351 4018 1495 4068 esse,
1525 4013 1678 4074 pater
1706 4002 2075 4074 gemebundus

506 4109 809 4172 prostratus
855 4099 971 4166 ejus
1020 4095 1285 4166 vestigiis,
1344 4094 1530 4149 tandiu
1582 4092 1838 4163 precibus
1881 4092 2076 4147 institit

505 4194 675 4245 donec
692 4191 795 4255 vir,
823 4187 914 4242 Dei
952 4185 1300 4241 miseratione
1330 4192 1654 4250 Commotus,
1691 4184 1864 4253 ipsum
1891 4183 2077 4239 remit-

505 4294 626 4338 tens
671 4286 737 4336 ad
777 4279 1015 4350 propria,
1050 4292 1110 4332 se
1138 4292 1238 4346 pro
1266 4290 1330 4332 eo
1368 4276 1547 4336 Deum
1596 4285 1909 4347 rogaturum
1948 4290 2074 4345 pro-

508 4373 676 4431 nti-sit.
722 4361 1130 4435 Tunc‘statim.
1179 4381 1243 4428 eo
1290 4365 1626 4435 discedente,
1657 4366 2074 4442 momentisque

2180 3188 2364 3257 cepit,
2396 3197 2453 3244 et
2499 3202 2834 3259 congregans
2862 3204 3126 3257 aquarum
3176 3189 3373 3243 fluenta
3408 3190 3705 3261 largissima
3728 3230 3746 3255 ,

2176 3277 2368 3333 relicto
2393 3279 2615 3348 proprio
2643 3279 2829 3342 alveo,
2862 3294 3101 3349 praeceps
3153 3280 3218 3335 de
3265 3289 3449 3334 monte
3478 3282 3615 3345 ruit,
3644 3279 3746 3334 im-

2179 3384 2396 3423 meusos
2441 3378 2717 3440 petrarum
2768 3369 3014 3440 scopulos
3060 3380 3115 3423 et
3144 3371 3368 3425 arbores
3421 3387 3602 3424 secum
3638 3379 3745 3424 tra-

2176 3461 2331 3526 hens,
2354 3461 2635 3530 praedictas
2665 3461 2850 3515 domos
2878 3460 3119 3515 funditus
3144 3462 3358 3515 evertit.
3393 3460 3544 3516 Unde
3572 3460 3747 3514 abbas

2178 3549 2420 3619 ejusdem
2472 3550 2573 3604 loc:
2608 3565 2730 3605 cum
2786 3550 3042 3602 fratribus
3070 3550 3435 3618 perturbatus,
3468 3549 3535 3602 de
3556 3549 3745 3602 eodem

2176 3641 2294 3696 loco
2339 3642 2644 3697 coenobium
2700 3650 2909 3695 mutare
2936 3640 3273 3710 disponebat.
3308 3639 3455 3706 Quos
3484 3640 3748 3711 benignus

2172 3733 2342 3788 Pater
2368 3734 2455 3789 his
2481 3733 2662 3788 verbis
2695 3732 3000 3788 consolatus
3026 3741 3136 3786 est:
3170 3749 3189 3782 ι
3228 3730 3425 3795 Nolite,
3454 3733 3644 3801 inquit.
3679 3731 3748 3785 ti-

2177 3837 2343 3890 mere,
2367 3839 2469 3879 nec
2486 3823 2875 3878 habitationem
2897 3832 3106 3878 mutare
3130 3863 3144 3885 ,
3173 3824 3297 3892 quia
3328 3823 3532 3878 rivulus
3561 3824 3649 3878 ille
3676 3824 3745 3877 de

2178 3923 2379 3973 emero
2408 3914 2555 3969 nullo
2575 3914 2731 3968 modo
2762 3913 2913 3967 vobis
2956 3912 3093 3966 ultra
3119 3912 3347 3966 nocebit.
3391 3931 3409 3964 ι
3449 3913 3601 3978 Quod
3626 3911 3743 3979 ejus

2175 4007 2511 4072 vaticinium,
2535 4019 2719 4060 verum
2746 4005 3067 4073 firmumque
3089 4004 3191 4057 huc
3235 4018 3404 4073 usque
3427 4002 3742 4072 permansit.

2175 4096 2414 4164 Denique
2455 4094 2658 4150 rivulus
2690 4094 2779 4147 ille
2809 4094 2872 4148 de
2908 4103 3106 4146 caetero
3134 4094 3324 4146 domos
3346 4092 3414 4145 ibi
3441 4090 3746 4144 nullatenus

2173 4188 2342 4254 laesit,
2377 4205 2475 4244 nec
2514 4187 2655 4258 quod
2711 4196 2835 4240 tunc
2888 4186 3083 4245 accidit
3138 4185 3314 4245 sancti
3349 4184 3438 4244 viri
3470 4184 3743 4260 precibus,

2176 4284 2401 4345 ulterius
2427 4280 2647 4342 mutimz
2671 4277 2918 4353 ctmtigit.

2758 4370 2984 4428 CAPUT
3021 4370 3155 4427 XLI.

505 4467 783 4529 fratribus,
816 4462 1130 4534 suppliciter
1170 4461 1400 4515 orationi
1453 4462 1716 4517 incubuit.
1746 4461 1951 4528 Quibus
1978 4462 2074 4531 hu-
2106 4458 2151 4515 1)
2244 4469 2446 4524 Iterum
2474 4482 2595 4521 cum
2629 4464 2861 4519 audisset
2890 4463 3176 4531 quemdam
3208 4462 3381 4514 virum
3437 4460 3742 4516 venientem

520 4556 719 4610 militer
751 4555 805 4609 in
834 4562 1033 4608 terram
1073 4552 1376 4622 prostratis,
1419 4558 1475 4604 et
1526 4550 1859 4605 orationibus
1886 4565 1984 4620 pro
2014 4564 2078 4604 eo

510 4646 576 4698 ad
621 4643 902 4699 Dominum
943 4641 1095 4703 fusis,
1147 4640 1259 4704 ille,
1306 4639 1393 4693 cui
1444 4646 1695 4692 mutatur
1740 4639 1795 4692 in
1835 4638 2074 4708 psalmo:

517 4735 732 4789 Domini
770 4746 844 4789 est
884 4730 1069 4798 salus,
1117 4747 1213 4802 per
1265 4731 1445 4787 dilecti
1499 4731 1580 4784 sui
1631 4730 2074 4784 intercessionem

517 4839 776 4900 :rgromm
810 4828 1029 4897 integrae
1058 4823 1277 4880 sanitati
1323 4822 1574 4877 restituit.
1610 4820 1721 4874 Hoc
1758 4818 2074 4873 miraculum

512 4921 654 4974 idem
682 4919 794 4988 ipse
821 4917 905 4972 cui
951 4914 1267 4970 beneficium
1319 4911 1568 4967 sanitatis
1615 4911 1915 4978 impensum
1968 4918 2074 4971 est,

510 5012 587 5065 sic
625 5010 936 5079 contigisse,
979 5017 1035 5062 ut
1084 5008 1341 5073 diximus,
1395 5006 1564 5061 donec
1591 5003 1745 5066 vixit,
1782 5002 1903 5055 viva
1948 5016 2077 5055 voce

512 5112 737 5157 testatus
767 5111 867 5156 est.

1023 5186 1249 5243 CAPUT
1277 5183 1585 5239 XXXVIII.‘

581 5281 921 5324 Alinmmmm
954 5275 1442 5324 tonmormnuidam
1467 5272 1623 5324 miles
1645 5284 1710 5323 ex
1735 5271 1930 5324 ουυὶιιο
1952 5269 2076 5324 Cer-

2179 4560 2245 4614 ad
2294 4558 2699 4614 conversionem
2758 4563 2924 4609 totum
2969 4567 3125 4607 suum
3186 4552 3569 4620 patrimonium
3610 4552 3741 4604 scr-

2177 4652 2349 4718 psisse
2371 4650 2424 4703 in
2453 4649 2699 4704 chartula
2718 4688 2732 4711 ,
2768 4655 2822 4700 et
2849 4643 3256 4699 successoribus
3289 4630 3600 4697 hrereditate
3628 4636 3743 4711 pri-

2178 4740 2352 4805 vatis,
2403 4754 2583 4794 secum
2621 4739 2687 4792 ad
2744 4734 3130 4789 monasterium
3177 4732 3467 4796 detulisse,
3501 4746 3624 4785 mox
3674 4733 3743 4785 al

2179 4829 2486 4898 przedictum
2526 4827 2831 4881 C(Bnobium
2859 4826 3029 4889 venit,
3062 4834 3117 4879 et
3144 4823 3350 4888 abbati,
3375 4823 3467 4892 qui
3493 4823 3742 4877 chartam
3788 4868 3789 4871 η

2179 4925 2493 4987 acceperat,
2523 4916 2808 4984 imperavit
2835 4924 2892 4968 ut
2938 4915 3143 4982 absque
3176 4927 3325 4967 mora
3357 4928 3477 4966 eam
3511 4912 3613 4965 sibi
3650 4912 3746 4965 de-

2179 5007 2366 5061 ferret.
2396 5006 2569 5071 Quam
2600 5006 2725 5059 dum
2753 5005 3042 5074 acciperet,
3072 5017 3192 5057 eam
3220 5004 3524 5058 minutatim
3541 5002 3745 5057 discet-

2180 5110 2333 5166 pens,
2366 5092 2482 5161 ejus
2511 5093 2564 5146 in
2588 5100 2788 5147 terram
2819 5091 2989 5147 frusta
3017 5090 3265 5162 proiecit.
3297 5090 3501 5146 Iustius
3526 5088 3741 5159 quidem

2178 5174 2583 5242 sibi-videbatur
2606 5199 2727 5238 cum
2749 5185 2956 5253 exiguis
2986 5185 3166 5238 vivere
3188 5197 3349 5251 quam
3375 5179 3742 5250 multiplicatis

2175 5275 2367 5324 onibus
2393 5274 2690 5324 superbire.
2722 5274 2925 5324 Deinde
2974 5274 3129 5324 valde
3177 5283 3479 5324 commotus
3503 5313 3518 5324 .
3572 5271 3742 5324 Deum
