4122 5330
342 323 446 383 685

1861 320 2033 375 VITA.

3472 332 3578 390 688

343 433 658 503 repentinus
688 434 760 489 ibi
787 448 1077 491 succensus
1106 442 1188 489 est
1219 432 1377 504 ignis,
1401 432 1490 503 qui
1516 439 1687 486 totum
1719 446 1907 485 mona-
1941 436 1987 494 Α
2016 430 2209 484 iterum
2261 440 2381 500 post
2427 433 2541 487 dies
2572 433 2788 504 triginta
2836 435 3011 491 eidem
3038 413 3306 495 monacho
3333 441 3583 497 similiter

336 525 567 581 sterium
593 541 659 580 ex
685 524 874 593 majori
904 537 1055 597 parte
1080 526 1399 582 combussit.
1430 526 1582 592 Quod
1602 524 1909 579 incendium

336 615 523 671 socius
545 613 677 681 ejus.
696 616 820 668 dum
838 628 1105 682 cerneret,
1121 619 1280 687 eique
1304 618 1601 682 nuntiaret,
1635 632 1736 672 nec
1764 626 1914 672 retro

339 706 604 776 respexit,
640 722 737 760 nec
760 708 828 761 ad
858 707 1030 762 locum
1081 710 1257 773 rediit,
1306 709 1399 765 sed
1430 709 1511 763 via
1548 724 1649 778 qua
1674 720 1915 779 coeperat

340 797 829 853 Vallimbresauum
859 798 1163 852 emnobinm
1198 796 1516 852 festinanter
1546 799 1735 853 adivit.

921 886 1147 942 CAPUT
1190 887 1344 942 XLII.

415 980 535 1033 Alio
560 988 816 1049 tempore,
847 994 969 1034 cum
998 979 1049 1033 in
1074 980 1260 1033 eodem
1292 987 1435 1033 esset
1459 981 1789 1036 monasterio
1816 1022 1833 1045 ,
1857 990 1915 1036 et

343 1086 478 1141 papa
511 1070 817 1141 Stephanus
840 1070 1202 1140 perviciuiora
1217 1070 1328 1126 loca
1350 1072 1620 1137 transiret,
1633 1062 1759 1128 suos
1771 1073 1916 1143 lega-

346 1170 427 1215 tos
451 1161 518 1214 ad
563 1177 687 1215 eum
717 1161 865 1215 misit
910 1170 965 1216 et
991 1161 1057 1214 ad
1100 1175 1160 1215 se
1189 1161 1370 1216 venire
1399 1162 1625 1232 rogavit.
1673 1162 1916 1232 Cumque

346 1250 508 1304 nimia
532 1260 785 1321 gravatus
806 1251 1258 1320 :cgritudinc,nec
1282 1260 1463 1319 posset
1487 1252 1553 1306 ad
1567 1252 1801 1317 eumire,
1817 1269 1914 1310 nec

345 1341 542 1405 vellet,
580 1339 736 1409 legati
766 1348 1109 1394 revertuntur
1145 1340 1212 1394 ad
1237 1339 1513 1394 dominum
1541 1355 1733 1410 papam
1768 1355 1916 1395 περ·

347 1440 525 1487 rentes
573 1431 720 1485 illum
752 1431 818 1485 ad
873 1445 932 1484 se
966 1430 1147 1484 venire
1179 1444 1282 1484 non
1314 1445 1491 1500 posse.
1542 1430 1750 1497 Quibus
1800 1432 1913 1502 ipse

346 1522 654 1591 respondit:
686 1520 763 1577 Ite
812 1521 969 1590 eique
994 1521 1178 1585 dicite,
1208 1521 1253 1575 si
1300 1520 1458 1576 aliter
1483 1535 1588 1576 non
1636 1522 1780 1578 valet
1805 1564 1821 1587 ,
1856 1524 1909 1577 in

346 1613 484 1666 lecto
512 1612 632 1666 duci
677 1626 737 1667 se
788 1610 969 1665 faciat.
1018 1611 1116 1677 Qui
1169 1627 1293 1666 mox
1349 1611 1417 1666 ad
1453 1613 1623 1681 ipsum
1654 1614 1910 1684 regressi,

338 1702 546 1768 jussum
576 1703 777 1757 domini
822 1717 975 1771 papae
1021 1702 1120 1756 sibi
1167 1703 1438 1757 nuntiant.
1482 1703 1635 1770 Quod
1688 1714 1912 1760 sanctus

2016 519 2282 588 apparuit,
2314 522 2470 590 eique
2508 522 2679 577 dixit:
2715 522 2886 589 Vade,
2932 534 2984 579 et
3009 537 3194 582 sancto
3219 530 3358 599 patri
3383 530 3575 587 Joanni

2017 623 2115 678 age
2163 625 2261 679 pro
2291 626 2375 664 me
2403 612 2628 680 gratias,
2657 612 2892 669 inferens
2938 616 3060 685 quia
3093 631 3189 686 ego
3219 633 3313 686 per
3341 635 3463 674 eum
3493 636 3580 675 re-

2016 702 2334 757 conciliatus
2360 703 2411 757 in
2439 703 2732 759 electorum
2762 716 2903 762 cmtu
2937 710 3191 765 consisto.

2581 796 2807 853 CAPUT
2845 798 3027 854 XLIV.

2086 885 2205 938 Alio
2230 894 2468 954 tempore
2494 884 2711 955 quidam
2736 902 3048 954 conversus,
3076 889 3330 946 instinctu
3359 893 3581 959 diaboli,

2017 976 2267 1030 saeculum
2296 977 2646 1046 dereliquisse
2679 985 2734 1030 et
2777 978 2844 1032 ad
2873 983 3256 1036 monasterium
3283 999 3343 1038 se
3368 986 3582 1043 venisse

2015 1063 2283 1130 pteuituit.
2317 1064 2418 1130 Qui
2449 1080 2571 1118 cum
2603 1066 2821 1120 beatum
2870 1065 3131 1124 Joannem
3175 1071 3356 1129 nimiis
3385 1089 3449 1129 ac
3483 1075 3583 1130 im-

2017 1154 2260 1221 portunis
2300 1155 2550 1222 precibus
2601 1169 2743 1224 saepe
2776 1167 3017 1226 rogasset
3043 1174 3075 1213 a
3101 1165 3428 1219 monasterio
3458 1180 3583 1222 cum

2017 1240 2134 1308 ejus
2160 1240 2374 1297 licentia
2404 1244 2702 1308 discedere,
2734 1247 2949 1301 tandem
2980 1249 3063 1302 vir
3088 1250 3277 1307 beatus
3300 1270 3405 1310 non
3438 1265 3583 1311 tran-

2016 1332 2182 1399 quillo
2206 1333 2386 1389 animo
2414 1350 2602 1403 passus
2641 1345 2725 1392 est
2763 1350 2885 1391 eum
2923 1338 3092 1394 abire.
3119 1339 3359 1412 Cumque
3406 1346 3585 1412 paulu-

2016 1420 2125 1475 lum
2177 1437 2206 1474 a
2266 1423 2694 1480 Valle-umbrosa
2761 1426 2982 1494 fuisset,
3030 1428 3246 1485 diabolo
3320 1433 3579 1502 ducente,

2017 1510 2309 1581 digressus,
2340 1514 2407 1567 de
2436 1513 2543 1568 alta
2584 1530 2715 1585 rupe
2761 1531 2859 1585 per
2903 1532 3064 1586 quam
3104 1519 3245 1585 ibat,
3293 1522 3361 1577 ab
3394 1525 3587 1582 eodem

2017 1614 2176 1679 quem
2202 1604 2529 1672 sequebatur
2552 1607 2938 1676 praecipitatus,
2968 1609 3249 1665 confestim
3270 1615 3582 1684 exspiravit.

2019 1692 2173 1749 Unde
2210 1704 2456 1764 patenter
2483 1698 2786 1752 ostenditur
2824 1714 2983 1769 quam
3019 1703 3381 1771 periculosum
3420 1707 3588 1763 fuerit

344 1791 503 1845 Pater
532 1792 785 1856 audiens,
810 1793 992 1847 statim
1028 1792 1313 1846 ecclesiam
1342 1794 1536 1857 intrat,
1567 1796 1735 1849 Deum
1767 1794 1910 1864 ejus-
1943 1782 1985 1840 Β
2012 1795 2258 1840 sanum“
2300 1787 2473 1843 Vim!“
2514 1790 2846 1860 relinquere.
2884 1804 2979 1849 alii
3010 1796 3124 1864 ejus
3160 1797 3583 1871 indignationem

343 1896 446 1949 que
473 1889 690 1937 sanctos
717 1892 924 1947 exorat,
953 1891 1012 1937 ut
1065 1884 1281 1953 aliquod
1326 1885 1426 1939 sibi
1464 1885 1753 1940 consilium
1780 1888 1910 1941 abs-

342 1986 450 2039 que
511 1972 766 2026 scanaalo
798 1973 969 2037 daret,
1010 1989 1076 2028 ne
1106 1974 1172 2028 ad
1219 1975 1589 2043 supradictum
1618 1991 1809 2046 papam
1837 1977 1917 2031 ire

341 2061 556 2116 debeat.
584 2060 840 2117 Oratione
869 2063 1134 2132 completa
1159 2103 1177 2128 ,
1207 2065 1273 2118 ad
1304 2064 1507 2133 legatos
1529 2079 1677 2134 papae
1699 2065 1911 2127 exiens,

343 2149 480 2205 lecto
510 2165 569 2205 se
606 2150 930 2220 projiciens,
958 2152 1260 2221 aliquantos
1284 2167 1576 2209 conversos
1613 2156 1798 2209 venire
1837 2153 1913 2209 fe.

342 2241 441 2305 cit,
472 2249 528 2296 et
563 2256 621 2297 se
645 2243 711 2296 ad
736 2258 931 2312 papam
960 2243 1164 2311 portari
1196 2244 1473 2315 praecepit.
1508 2243 1756 2315 Cumque
1776 2260 1917 2314 pau-

343 2334 510 2388 lulum
552 2350 583 2389 a
628 2335 956 2390 monasterio
993 2336 1385 2405 processisset,
1424 2350 1549 2391 mox
1580 2350 1672 2390 aer
1697 2335 1918 2391 validis-

340 2428 479 2481 sime
521 2427 873 2483 conturbatus
896 2435 1011 2493 est,
1039 2437 1099 2482 ut
1125 2438 1406 2484 ventorum
1435 2426 1688 2482 nimietas
1719 2437 1773 2484 et
1816 2429 1916 2482 im-

335 2517 606 2572 mensitas
658 2518 957 2588 pluviarum
1002 2521 1220 2588 pariter
1267 2526 1704 2588 prorumperent.
1759 2518 1913 2586 Quod

342 2621 466 2661 cum
490 2607 651 2677 legati
680 2618 988 2672 cernerent,
1022 2609 1169 2664 illum
1197 2624 1322 2664 vere
1357 2609 1451 2664 Dei
1498 2609 1771 2664 hominem
1797 2623 1917 2664 cre-

343 2698 560 2761 dentes,
588 2698 660 2754 ad
716 2700 1105 2754 monasterium
1162 2701 1360 2756 reverti
1414 2699 1693 2764 fecerunt,
1729 2708 1780 2754 et
1813 2700 1913 2770 ipsi

342 2803 504 2843 cursu
527 2789 746 2844 concito
772 2789 839 2844 ad
868 2790 1176 2860 pontificem
1203 2792 1498 2847 redierunt.
1534 2791 1647 2846 Hoc
1669 2807 1791 2846 cum
1815 2793 1912 2846 do-

345 2878 526 2932 minus
564 2893 699 2948 papa
748 2890 1141 2948 cognosceret,
1195 2881 1481 2951 ipsumque
1536 2881 1743 2936 diceret
1793 2895 1914 2937 esse

344 2981 624 3028 sanctum.
658 2971 790 3027 Nolo
815 2973 964 3027 illum
994 2975 1060 3028 ad
1088 2988 1172 3027 me
1204 2974 1340 3028 ultra
1368 2975 1572 3039 venire,
1605 2975 1699 3030 sed
1726 2975 1778 3028 in
1801 2988 1913 3029 cte-

344 3060 509 3118 nobio
536 3076 636 3117 suo
673 3063 856 3131 quiete
883 3078 1130 3128 manere,
1157 3064 1438 3135 ipsumque
1464 3080 1561 3134 pro
1589 3081 1695 3130 me,
1739 3075 1912 3122 statu-

345 3166 452 3220 que
484 3152 1062 3223 Ecclesitecatholicm,
1089 3155 1182 3209 Dei
1214 3154 1556 3210 clementiam
1582 3169 1830 3212 exorare.

915 3245 1143 3301 CAPUT
1178 3244 1355 3301 XLill.

414 3331 474 3386 In
499 3334 686 3388 eodem
710 3343 887 3389 autem
909 3336 1155 3390 etenobio
1178 3336 1331 3390 fratri
1359 3337 1572 3391 cuidam
1599 3336 1918 3392 medicinam

346 3438 444 3479 sua
475 3440 635 3479 manu
687 3425 905 3479 tradidit
928 3464 944 3490 ,
974 3435 1027 3480 et
1056 3425 1359 3495 extemplo,
1401 3440 1561 3481 causa
1595 3425 1697 3481 alia
1746 3443 1919 3483 emer-

347 3526 524 3585 gente,
551 3516 684 3570 alias
700 3519 938 3572 festinus
982 3517 1115 3571 abiit
1162 3517 1462 3572 Pnedictus
1512 3533 1641 3573 vero
1659 3522 1916 3589 εδει-διευς.

349 3619 458 3660 non
489 3620 550 3661 se
580 3617 740 3661 caute
757 3606 1086 3671 custodiens,
1120 3607 1261 3660 intra
1311 3622 1512 3676 paucos
1532 3608 1648 3664 dies
1676 3610 1919 3678 exspira-

355 3695 457 3758 vit,
492 3711 589 3765 pro
616 3698 769 3767 cujus
800 3698 1057 3751 memoria
1086 3713 1183 3767 per
1211 3704 1375 3753 totam
1409 3701 1873 3770 congregationem
1901 3742 1916 3765 ,

347 3788 493 3842 sicut
524 3805 640 3844 mos
665 3800 748 3844 est
777 3790 861 3859 agi
887 3805 985 3858 pro
1005 3790 1293 3855 defunctis,
1318 3792 1435 3862 ejus
1457 3793 1664 3848 obitum
1693 3809 1787 3863 per
1809 3796 1920 3863 api-

346 3892 464 3933 cem
492 3879 798 3934 destinavit.
827 3880 934 3934 Nec
957 3880 1123 3934 multo
1145 3890 1288 3950 post,
1320 3881 1403 3935 vir
1432 3882 1523 3937 Dei
1553 3883 1782 3945 rediens.
1818 3885 1917 3938 ah-

346 3966 528 4020 hatcm
576 3966 774 4022 locide
824 3968 992 4023 fratre
1047 3970 1169 4034 illo,
1209 3971 1441 4040 qualiter
1469 3969 1794 4036 defecisset,
1838 3973 1922 4026 in-

345 4057 536 4125 quirit.
567 4056 687 4121 Ille,
713 4058 838 4113 dum
866 4059 914 4113 ei
942 4069 1133 4113 cuncta
1177 4061 1420 4115 seriatim
1457 4061 1660 4126 refert,
1691 4063 1828 4118 dixit
1851 4064 1917 4117 ad

347 4148 528 4202 illum.-
564 4148 714 4201 Mitte
742 4164 903 4218 quam
948 4150 1115 4213 ocius,
1140 4159 1197 4205 et
1234 4166 1299 4204 ex
1328 4152 1473 4205 omni
1500 4153 1919 4222 congregatione

347 4238 670 4292 memoriam
702 4238 819 4306 ejus
849 4238 984 4292 dele.
1018 4239 1170 4304 Quod
1198 4239 1323 4292 dum
1359 4240 1553 4293 factum
1598 4248 1773 4303 esset,
1796 4253 1919 4294 evo-

349 4327 461 4383 luto
482 4328 762 4396 aliquanto
792 4336 1052 4396 tempore,
1082 4328 1293 4382 cuidam
1343 4329 1607 4383 monacho
1636 4345 1699 4384 ex
1726 4328 1915 4383 codem

349 4416 465 4469 loco
487 4416 630 4470 circa
680 4416 911 4470 medium
947 4417 1085 4471 diem
1129 4418 1413 4472 visibiliter
1445 4418 1727 4472 defunctus
1755 4432 1916 4487 appa-

2017 1875 2317 1931 incurrere.

2586 1968 2813 2026 CAPUT
2862 1971 3019 2027 XLV.

2086 2055 2218 2109 ltem
2251 2055 2388 2111 alius
2414 2059 2595 2126 homo,
2620 2060 2928 2117 Florentius
2957 2065 3192 2131 nomine,
3226 2068 3443 2124 urbana:
3468 2069 3584 2127 elo-

2015 2147 2250 2213 quentia:
2274 2156 2329 2200 et
2350 2147 2543 2213 civilis,
2572 2150 2664 2219 qui
2694 2148 3001 2208 Simoniaca
3034 2155 3257 2223 perfidia
3283 2173 3380 2226 pro
3404 2158 3589 2215 defen-

2015 2234 2164 2288 sione
2203 2235 2482 2305 cujusdam
2541 2239 2777 2309 episc0pi
2837 2240 2990 2295 valde
3041 2242 3219 2299 fuerat
3265 2246 3585 2318 maculatus,

2016 2324 2142 2379 dum
2202 2326 2854 2396 graiissimateneretur
2912 2330 3258 2399 infirmitate,
3312 2338 3473 2392 morti
3528 2353 3591 2395 se

2013 2415 2319 2483 proximum
2351 2417 2566 2487 penitus
2588 2423 2888 2488 asserebat,
2919 2422 3011 2477 sed
3033 2423 3175 2478 inter
3196 2439 3386 2495 graves
3414 2426 3591 2485 luctus

2014 2505 2341 2575 crebrosque
2383 2522 2604 2561 suorum
2653 2506 2951 2580 singultus,
2999 2526 3095 2582 per
3142 2514 3345 2570 amicos
3388 2530 3516 2571 suos
3558 2533 3588 2571 a

2012 2606 2201 2652 sancto
2246 2597 2362 2652 viro
2406 2599 2767 2655 monasticam
2821 2601 3060 2658 habitum
3106 2606 3419 2676 postulavit.
3467 2608 3587 2673 Cui,

2013 2686 2131 2741 sine
2172 2687 2341 2742 multa
2376 2687 2667 2756 dilatione,
2714 2691 3048 2760 probationis
3080 2694 3321 2750 habitum
3371 2698 3593 2754 minime

2013 2776 2254 2843 tradidit,
2291 2778 2469 2834 sciens
2506 2793 2626 2835 esse
2671 2781 2930 2849 scriptum
2958 2800 2971 2835 :
2998 2781 3224 2840 Probata
3259 2786 3495 2856 spiritus,
3542 2790 3592 2842 si

2009 2884 2075 2922 ra:
2103 2867 2209 2923 Deo
2240 2880 2360 2924 sunt
2393 2869 2445 2941 (ι
2475 2869 2642 2925 Jonn.
2672 2888 2747 2938 iv,
2774 2874 2850 2944 l).
2882 2872 2982 2941 Qui
3010 2886 3262 2948 suscepto
3294 2880 3590 2935 monastico

2012 2956 2228 3022 habitu,
2276 2960 2399 3013 dum
2441 2963 2555 3029 jam
2596 2962 2991 3029 convaluisset,
3033 2976 3088 3019 et
3130 2967 3368 3021 claustra
3415 2986 3595 3025 mona-

2012 3049 2161 3104 sterii
2193 3050 2387 3106 haenlo
2417 3062 2757 3110 sustentante
2801 3055 3080 3122 lustraret,
3118 3058 3406 3115 infirmitas
3446 3063 3597 3132 prior

1940 3134 1983 3195 C
2014 3154 2138 3195 eum
2178 3142 2426 3213 repetiit,
2468 3144 2542 3198 ita
2574 3155 2631 3199 ut
2667 3147 2825 3200 morti
2864 3148 3195 3219 propinquus
3230 3165 3350 3207 esse
3382 3152 3598 3208 videba-

2023 3237 2128 3282 tur.
2154 3230 2307 3298 Quod
2331 3232 2456 3288 dnm
2482 3234 2561 3287 vir
2584 3246 2808 3291 sanctus
2838 3239 3100 3305 audisset,
3132 3242 3387 3299 adhibitis
3412 3260 3594 3299 secum

2018 3319 2314 3386 fratribus,
2349 3323 2576 3379 festinus
2624 3326 2822 3381 lectum
2862 3329 3049 3397 a‘groti
3091 3332 3268 3400 petiit,
3309 3350 3373 3388 ac
3413 3335 3597 3391 multis

2019 3411 2270 3478 precibus
2297 3428 2443 3478 eum,
2482 3415 2573 3483 qni
2610 3414 2663 3469 in
2700 3417 2949 3486 proximo
2992 3420 3289 3476 moriturus
3321 3434 3459 3488 erat,
3492 3424 3597 3479 Do-

2021 3501 2169 3555 mino
2216 3505 2652 3559 commendabat.
2710 3506 2960 3561 Infirmus
3008 3523 3137 3564 vero
3174 3512 3339 3581 erepit
3388 3513 3591 3567 vultum

2020 3606 2174 3645 suum
2202 3594 2401 3662 operiri
2428 3593 2613 3663 pallio,
2641 3609 2748 3664 quo
2778 3594 2956 3651 fuerat
2982 3607 3287 3666 coopertus.
3319 3599 3398 3654 Ad
3429 3614 3589 3669 quem

2019 3682 2185 3736 abbas
2208 3681 2470 3740 Joannes:
2491 3684 2626 3751 Quid
2650 3694 2734 3739 est
2757 3688 2898 3755 quod
2925 3689 3073 3758 agis?
3100 3688 3236 3743 Tum
3259 3689 3368 3757 ille,
3392 3691 3595 3761 pallens

2018 3778 2074 3824 et
2103 3781 2369 3837 tremens,
2406 3772 2578 3827 dixit:
2605 3773 2958 3832 Terribilibus
3000 3778 3171 3833 oculis
3208 3795 3371 3836 cerno
3405 3782 3596 3837 diabo-

2018 3861 2127 3915 lum
2157 3876 2323 3932 prope
2352 3865 2631 3931 assistere,
2675 3882 2740 3920 ex
2772 3867 2924 3938 cujus
2952 3884 3045 3924 ore
3073 3871 3222 3925 mirae
3262 3873 3593 3943 magnitudi-

2022 3952 2106 4006 nis
2149 3952 2384 4020 flainma,
2416 3970 2592 4024 exque
2624 3956 2845 4012 naribus
2874 3957 3195 4027 sulphureus
3226 3959 3404 4016 fumus
3438 3976 3594 4032 egre-

2019 4041 2184 4095 ditur.
2230 4042 2333 4097 Ubi
2376 4053 2479 4110 est,
2523 4046 2732 4114 inquit?
2768 4045 2846 4100 En
2888 4047 2956 4102 ibi
3002 4058 3105 4112 est,
3158 4050 3373 4105 domine
3406 4049 3590 4105 Pater.

2019 4134 2171 4190 Tunc
2216 4136 2406 4191 beatus
2448 4138 2687 4194 Joannes
2734 4140 2930 4209 raptim
2991 4141 3212 4196 abstulit
3258 4156 3473 4196 crucem
3524 4158 3592 4196 ex

2019 4228 2265 4283 manibus
2306 4232 2536 4285 tenentis
2573 4246 2729 4295 eam,
2772 4242 2828 4285 et
2865 4231 3139 4286 diabolum
3181 4248 3246 4287 ex
3285 4234 3351 4285 ea
3384 4232 3598 4287 fortiter

2018 4322 2305 4387 percussit.
2340 4321 2442 4386 Qui
2473 4321 2658 4373 statim
2703 4336 2768 4375 ex
2808 4323 2978 4376 oculis
3011 4323 3278 4387 mirantis,
3320 4335 3377 4376 ut
3416 4322 3603 4377 fumus

2019 4412 2256 4465 evanuit.
2290 4411 2441 4466 Tunc
2466 4427 2639 4481 teger,
2686 4430 2817 4469 voce
2846 4430 2950 4484 qua
2997 4431 3039 4484 pi
3068 4424 3244 4479 terat,
3298 4416 3598 4475 clamabat.

349 4509 478 4561 ruit.
513 4507 589 4560 Ad
618 4522 780 4577 quem
811 4506 1097 4574 inquiens:
1133 4506 1399 4576 Numquid
1431 4515 1483 4560 tu
1534 4520 1593 4561 es
1621 4479 1914 4560 monachus
1946 4479 1993 4545 υ
2021 4500 2241 4553 dicens:
2271 4500 2377 4553 Deo
2416 4502 2635 4569 gratias,
2680 4501 2787 4556 Deo
2819 4503 3024 4573 gratias
3044 4545 3057 4567 ,
3097 4517 3227 4559 ecce
3273 4505 3423 4574 fugit,
3471 4518 3599 4557 ecce

349 4596 510 4648 talis?
540 4596 852 4663 respondit:
882 4594 1133 4659 Prorsus,
1164 4595 1267 4648 ille.
1298 4594 1541 4661 Qualiter
1592 4610 1731 4647 nunc
1760 4596 1918 4665 agis?

349 4685 485 4739 Tum
544 4685 670 4739 ille:
706 4685 1212 4739 Excommunicatus
1238 4724 1251 4748 ,
1302 4691 1356 4738 et
1393 4698 1421 4737 a
1455 4684 1730 4738 consortio
1787 4685 1918 4739 fide-

349 4775 476 4828 lium
528 4790 627 4844 per
670 4784 880 4843 patrem
906 4772 1165 4828 Joannem
1199 4790 1316 4829 sum
1348 4784 1679 4844 segregatus.
1708 4775 1920 4842 Adjecit

348 4866 504 4920 vivus
534 4866 819 4935 inquiens:
873 4864 1152 4931 Quomodo
1189 4873 1241 4918 te
1282 4864 1472 4931 juvare
1505 4865 1781 4920 valemus?
1814 4866 1922 4922 lte-

350 4972 469 5010 rum
495 4957 600 5010 ait:
636 4958 694 5011 Si
717 4967 938 5011 sanctus
958 4954 1193 5009 Joannes
1224 4969 1310 5009 me
1331 4956 1784 5011 reconciliaverit.
1815 4954 1919 5022 Qui

344 5052 532 5104 statim
556 5061 805 5104 sanctum
836 5048 1009 5102 virum
1039 5048 1194 5112 adiit,
1223 5055 1279 5101 et
1305 5062 1639 5117 quaicunque
1677 5048 1747 5102 de
1776 5063 1923 5103 mor-

346 5150 443 5196 tuo
490 5142 700 5196 viderat
734 5149 792 5194 et
844 5140 1128 5203 audierat,
1171 5137 1473 5208 plangendo
1524 5137 1812 5208 plurimum
1842 5139 1919 5193 illi

344 5233 593 5288 seriatim
618 5232 817 5286 retulit.
842 5229 1427 5298 Tuncipse,sicuterat
1443 5241 1923 5300 mentepusSImus,

2025 4590 2278 4654 recessit;
2319 4604 2444 4644 ecce
2474 4607 2618 4645 nunc
2649 4593 2799 4647 adest
2834 4586 2990 4647 beata
3023 4594 3212 4658 Maria,
3246 4604 3466 4649 sanctus
3503 4593 3601 4647 Pe-

2024 4689 2137 4732 trus
2167 4694 2288 4732 cum
2316 4689 2504 4734 sancto
2531 4679 2843 4735 Benedicto.
2878 4680 2976 4734 Vix
3010 4684 3172 4737 verba
3207 4682 3599 4752 compleverat,

2021 4776 2075 4823 ct
2122 4768 2302 4822 statim
2351 4769 2600 4838 spiritum
2646 4772 2941 4825 exhalavit.
3007 4773 3148 4828 Iliuc
3197 4773 3403 4840 liquido
3453 4780 3604 4843 patet

2021 4875 2184 4929 quam
2212 4862 2453 4931 prmcelsi
2480 4861 2657 4915 meriti
2685 4861 2851 4917 fuerit
2871 4863 2973 4919 iste
2999 4875 3219 4921 sanctus
3238 4863 3418 4929 Pater,
3444 4883 3461 4918 ‹
3478 4864 3600 4933 ujus

2018 4952 2273 5020 precibus
2301 4951 2413 5021 ipse
2439 4950 2743 5020 languidus,
2784 4968 2882 5022 per
2911 4959 3095 5013 crucis
3121 4953 3461 5010 obstaculum
3483 4990 3501 5019 ,
3532 4951 3603 5004 ab

2022 5040 2366 5097 infestatione
2390 5043 2693 5099 daemonum
2722 5052 2806 5100 est
2833 5044 3121 5104 liberatus.

2578 5132 2807 5191 CAPUT
2858 5133 3053 5196 XLVI.

2095 5224 2210 5280 Non
2235 5227 2393 5297 longe
2418 5236 2538 5296 post
2565 5226 2717 5279 venit
2752 5226 2819 5282 ad
2843 5243 2977 5284 eum
3014 5231 3235 5304 quidam
3268 5220 3499 5275 rusticus
3531 5222 3608 5304 et,

3326 5309 3479 5330 -.π-.-.τί
3516 5303 3580 5330 ΑΙ.
