4122 5330
464 316 570 373 689
1834 365 1839 369 ς
2004 331 2157 389 VlTA
2168 371 2183 385 .
2572 324 2581 331 ’
3593 342 3697 401 690

466 444 586 491 nus,
610 430 750 496 quod
780 429 831 483 in
862 430 949 484 die
973 439 1170 488 sanctae
1198 435 1549 505 apparitionis
1577 437 1786 493 Domini
1811 448 1866 495 et
1887 441 2030 511 ejus-
2060 447 2107 509 Α
2733 444 2960 506 CAPUT
2997 446 3107 504 LV.
3383 512 3387 517 ,

462 516 584 571 dem
640 517 742 571 diei
795 518 972 590 vigilia
1013 537 1133 576 cum
1192 540 1358 580 uxore
1420 527 1542 581 talis
1598 528 1742 587 illius
1793 529 2028 587 hominis
2196 530 2316 584 Alio
2344 546 2556 601 quoque
2586 542 2830 605 tempore
2870 538 2956 593 vir
2998 536 3213 594 Domini
3259 539 3419 609 nimis
3458 554 3695 612 :egt‘otus

462 606 800 673 commisisti,
853 610 980 664 mihi
1030 613 1333 682 patefacere
1366 615 1622 673 noluisti?
1666 618 1889 690 Insuper
1919 638 2025 677 non
2125 620 2378 693 pulmentt
2403 624 2505 679 sibi
2522 626 3167 697 appositifratricuidam,
3189 629 3433 697 Gerardo
3452 649 3703 704 nonnae,

461 695 554 749 tibi
577 694 875 751 sutiiciebat
898 707 1003 751 tam
1032 701 1212 772 gravis
1236 701 1512 772 iniquitas,
1543 706 1647 761 nisi
1682 708 1748 763 ad
1788 709 1862 764 tui
1892 725 2022 766 con—
2124 715 2439 787 particulam
2469 694 2734 787 porrexit,
2773 736 2935 792 quam
2982 724 3296 779 obedienter
3344 734 3505 782 antea
3545 740 3695 797 smn-

457 782 722 840 fusionem
754 786 946 841 itsrum
977 790 1028 841 in
1058 802 1235 845 mente
1264 793 1572 863 disponeres
1596 798 1661 852 ad
1686 806 1790 854 tam
1821 802 2024 872 grande
2124 782 2253 876 psit,
2283 807 2377 861 sed
2402 782 2587 878 postea
2611 810 2776 881 coepit
2803 812 2939 868 intra
2971 829 3029 869 se
3051 815 3214 871 multa
3242 816 3456 873 volvere
3502 817 3696 887 verba,

454 875 725 946 piaculum
753 880 988 935 reverti?
1017 880 1167 938 Tunc
1196 884 1283 939 ille
1328 897 1509 944 mente
1538 890 1813 958 confusus,
1838 895 2023 951 videns
2123 875 2390 964 quomodo
2436 905 2543 952 tam
2589 897 2745 955 facile
2790 904 3154 960 consensisset
3198 906 3377 961 cibum
3439 907 3692 979 accipere

454 980 513 1022 sc
542 968 806 1023 mendacii
840 972 1039 1041 proprii
1074 972 1265 1044 laqueo
1296 976 1709 1046 deprehensum,
1735 982 2018 1039 confestim
2120 996 2276 1053 quem
2306 984 2408 1040 sibi
2436 986 2707 1053 cogitabat
2756 997 2884 1045 tunc
2933 995 3297 1051 necessarium
3332 1011 3454 1069 non
3480 997 3688 1057 fuisse.

454 1054 521 1109 ad
546 1064 744 1111 terram
771 1060 996 1127 corruit,
1043 1063 1413 1131 paenitentiam
1444 1067 1526 1121 sui
1558 1070 1802 1143 criminis
1843 1072 2018 1146 lacry.
2120 1073 2271 1141 Quod
2303 1084 2454 1161 pater
2509 1077 2745 1136 Joannes
2776 1096 2871 1151 per
2898 1082 3157 1152 Spiritum
3188 1066 3438 1147 sanctum
3487 1091 3690 1157 intelli-

452 1143 554 1199 mis
582 1147 791 1215 qnazril.
820 1157 874 1202 et
895 1149 1075 1205 omnia
1099 1166 1216 1220 quae
1257 1163 1474 1210 sanctus
1503 1154 1662 1211 Pater
1692 1143 2021 1218 indicaverat

449 1251 570 1295 esse
599 1256 725 1297 vera
770 1242 991 1299 fatetur.
1972 1240 1987 1247 ”

1039 1337 1264 1398 eaeor
1303 1340 1429 1399 Litt.
1504 1408 1509 1414 ,

516 1445 648 1504 item
678 1449 809 1504 dum
837 1451 888 1505 in
920 1453 1107 1517 eodem
1150 1460 1474 1515 monasteﬁo
1499 1469 1679 1526 esset,
1708 1464 1790 1516 vir
1814 1464 2012 1522 nobilis

448 1535 688 1593 Ubaldus
730 1540 969 1605 nomine,
1010 1543 1076 1597 de
1105 1554 1286 1602 castro
1332 1547 1545 1617 Figlini,
1590 1552 1905 1609 notissimus
1946 1571 2011 1611 ac

447 1626 899 1689 familiarissimus
944 1645 1133 1690 sancto
1175 1637 1316 1702 viro,
1360 1642 1646 1709 prmvalida
1691 1645 2009 1715 aegritudine

446 1731 735 1789 correptus
752 1723 1034 1780 videbatur
1067 1727 1135 1782 ad
1167 1739 1406 1785 extrema
1433 1731 1642 1788 deduci.
1671 1734 1772 1802 Qui
1803 1739 2006 1793 vocatis

442 1809 703 1866 militibus
744 1814 858 1870 suis
886 1823 940 1870 et
972 1827 1167 1871 cuncta
1214 1818 1441 1887 familia,
1487 1823 1555 1878 de
1580 1827 1798 1894 propria
1847 1828 2006 1884 deum

439 1897 663 1967 suisque
714 1904 873 1959 reius
934 1904 1218 1975 disponere
1267 1912 1595 1981 procuravit.
1659 1914 1810 1973 Tunc
1873 1934 2008 1974 uxor

440 2001 605 2040 unum
636 2003 666 2045 e
702 1991 966 2049 nobilibus
1011 1995 1146 2062 suis,
1194 1997 1495 2057 Benzonem
1528 2004 1768 2072 nomine,
1812 2010 2007 2064 marito

429 2071 543 2143 jam
576 2077 627 2130 in
659 2093 829 2149 agone
865 2084 1177 2153 constituto,
1221 2098 1397 2156 vocat,
1442 2106 1675 2163 eumque
1713 2096 1779 2150 ad
1820 2097 2003 2157 Passi-

438 2164 682 2232 uianum,
710 2169 849 2224 unde
878 2173 1101 2229 maritus
1129 2188 1511 2246 compatronus
1537 2194 1674 2249 erat,
1714 2202 1795 2242 ire
1834 2202 2004 2257 quan-

410 2255 609 2321 tocius
634 2257 873 2323 mandat,
895 2269 948 2314 et
978 2261 1262 2320 adventum
1292 2267 1407 2338 ejus
1437 2269 1641 2329 funeris
1670 2255 1863 2333 sancto
1885 2279 2001 2334 viro

433 2348 701 2406 nuntiare.
746 2351 989 2421 Cumque
1038 2354 1268 2412 festinus
1299 2360 1425 2427 iret,
1475 2363 1715 2421 obviavit
1761 2369 1997 2433 cuidam,

415 2438 523 2506 qui
549 2439 683 2493 dixit
712 2441 763 2495 ei
784 2457 843 2497 se
867 2444 1043 2500 redire
1077 2461 1107 2501 a
1138 2450 1310 2505 sancti
1346 2451 1586 2510 Cassiani
1614 2459 1880 2523 coenobio,
1909 2460 1997 2516 ubi

414 2536 673 2594 sanctum
704 2529 876 2586 virum
918 2548 983 2588 eo
1023 2535 1110 2590 die
1155 2537 1450 2595 dimiserat.
1502 2542 1729 2601 Nuntius
1772 2548 1874 2604 hoc
1904 2565 1999 2603 au-

426 2614 601 2690 diens,
625 2620 691 2671 ad
721 2632 952 2676 montem
978 2623 1276 2682 Scalarium
1313 2629 1452 2686 illico
1474 2635 1640 2703 venit,
1669 2645 1723 2690 et
1748 2650 1993 2695 sanctum

414 2694 698 2762 hominem
732 2719 858 2764 ante
897 2710 1040 2768 fores
1071 2719 1383 2773 monasterii
1432 2723 1667 2792 psalmos
1715 2736 1807 2781 aut
1844 2729 1991 2785 aliud

423 2793 555 2851 auid
603 2799 804 2876 reperit
848 2801 1450 2885 ιιιέιίίἱιηηιεωνρυςιιι
1506 2829 1627 2875 clm
1680 2816 1987 2885 saluassct,

422 2899 649 2967 requirit
672 2911 741 2956 ab
764 2917 834 2957 eo
872 2919 1097 2972 quamet
1143 2919 1287 2964 esset
1310 2914 1407 2965 itti.
1442 2912 1779 2982 Respondit:
1816 2935 1835 2971 ι
1872 2919 1989 2973 Tri-

406 2994 520 3047 ist’s
544 3002 598 3048 et
623 2993 784 3049 nimis
832 3011 1067 3052 maerens
1097 3014 1180 3065 me
1226 3000 1342 3058 fore
1381 3005 1643 3061 conﬁteor
1683 3023 1779 3077 pro
1823 3009 1984 3066 nobili

418 3081 557 3149 viro,
600 3094 888 3157 vestroque
920 3088 1061 3144 ﬁdeli
1101 3092 1297 3156 amico,
1335 3095 1423 3162 qui
1470 3112 1615 3151 nunc
1645 3098 1877 3169 migrare
1903 3102 1982 3163 vi-

415 3172 577 3227 detur
620 3189 652 3228 a
692 3177 911 3232 saeculo.
956 3197 974 3230 ι
1024 3179 1120 3237 Cui
1171 3182 1393 3253 inquit:
1431 3204 1450 3237 ‹
1501 3185 1637 3253 Quis
1676 3200 1760 3244 est
1784 3190 1923 3247 ille?
1958 3213 1977 3245 ι

416 3262 715 3334 Respondit
758 3267 976 3327 Benzo:
1035 3290 1054 3326 ι
1103 3274 1292 3330 Vester
1334 3277 1489 3333 valde
1541 3278 1715 3336 ﬁdelis
1758 3281 1984 3339 illustris

418 3354 677 3413 Ubaldus.
723 3379 743 3412 ι
792 3359 991 3419 Statim
1044 3368 1368 3424 venerabilis
1410 3366 1662 3439 Joannes,
1712 3376 1883 3431 versis
1913 3377 1982 3433 ad

407 3446 672 3503 orientem
700 3449 1017 3520 luminibus,
1045 3457 1096 3511 in
1121 3458 1284 3525 multa
1304 3464 1721 3531 compunctione
1759 3482 1980 3536 parum-

390 3547 508 3603 .per
541 3536 799 3606 substitit,
830 3557 895 3598 ac
918 3544 1135 3612 deinde,
1174 3550 1422 3609 oratione
1452 3555 1738 3623 completa,
1778 3557 1981 3613 Bcnzo-

394 3641 534 3691 item
579 3630 811 3698 aspexit,
873 3650 1106 3706 eumque
1159 3643 1415 3711 praecepit
1460 3645 1631 3710 abire,
1689 3650 1979 3709 consolans

406 3712 582 3781 ipsum
610 3726 665 3771 et
693 3720 922 3777 dicens:
962 3743 981 3775 ι
1029 3725 1199 3793 Quam
1237 3731 1389 3787 ocius
1429 3735 1495 3788 ad
1540 3737 1755 3806 propria
1790 3756 1976 3812 regre.

402 3803 556 3871 (lere,
582 3810 838 3877 quoniam
884 3813 1131 3872 inﬁrmus
1170 3819 1257 3874 ille
1286 3837 1449 3893 super
1472 3840 1581 3894 quo
1622 3839 1850 3886 mmstus
1884 3847 1974 3886 ve-

392 3908 582 3957 ,ncras.
608 3896 949 3966 incolumem,
984 3904 1092 3959 Deo
1115 3919 1428 3975 praestante,
1455 3915 1713 3984 reperies.
1752 3937 1770 3969 ι
1832 3920 1975 3976 Ειυι

388 3984 671 4051 promisit,
719 3990 1054 4048 orationibus
1094 3996 1212 4066 ejus
1261 4014 1357 4069 per
1386 4001 1476 4057 Dei
1524 4007 1755 4074 gratiam
1791 4018 1969 4064 actum

390 4080 503 4158 est.
542 4072 695 4141 Quod
724 4076 936 4145 plurimi
967 4082 1034 4137 de
1081 4085 1239 4143 domo
1281 4090 1489 4158 praefati
1521 4072 1709 4150 Ubaldi
1755 4097 1963 4153 oculata

390 4157 504 4223 ﬁde
527 4176 651 4216 cum
677 4180 844 4222 uxore
865 4169 1128 4238 videntes,
1159 4191 1223 4231 ac
1245 4157 1483 4234 nonnulli
1515 4182 1581 4236 de
1603 4195 1965 4242 Circumstan-

392 4248 542 4325 tibus
564 4253 863 4320 audientes,
906 4258 1329 4320 misericordiam
1364 4266 1639 4327 Creatoris
1667 4274 1720 4327 in
1761 4273 1964 4331 beneﬁ—

383 4336 482 4405 ‘cio
507 4339 588 4395 sui
621 4341 809 4401 famuli
835 4345 1230 4408 collaudabant.

981 4479 1208 4541 CAPUT
1243 4486 1374 4542 LIV.

461 4583 632 4656 Hujus
659 4591 902 4660 praeclari
931 4594 1030 4648 viri
1059 4598 1377 4667 gravitatem
1404 4612 1458 4658 et
1486 4606 1798 4673 patientiam
1830 4610 1959 4668 Grc-

386 4675 591 4744 gorius,
619 4679 743 4732 dum
785 4681 961 4737 adhuc
992 4682 1045 4737 in
1085 4686 1377 4754 apostolica
1416 4692 1543 4747 sede
1590 4695 1955 4755 archidiaconi

386 4762 618 4819 omcium
643 4778 877 4836 gereret,
902 4772 990 4840 qui
1017 4782 1201 4844 postea
1224 4779 1479 4848 septimus
1505 4782 1797 4856 Gregorius
1819 4805 1952 4861 papa

384 4854 508 4921 fuit,
535 4856 621 4911 vir
645 4861 867 4915 omnino
895 4860 1061 4918 Deum
1087 4881 1304 4935 amans;
1331 4884 1454 4925 cum
1476 4887 1597 4928 eum
1622 4854 1755 4933 dure
1772 4878 1951 4937 incre-

382 4956 513 5013 pare
547 4947 874 5017 disponeret,
924 4956 1284 5021 praaordinata
1328 4975 1446 5029 qua:
1495 4963 1676 5021 dicere
1726 4970 1952 5037 putabat

381 5034 577 5091 oblitus
602 5050 683 5093 est
710 5042 894 5096 verba.
926 5042 1039 5111 Qua
1063 5047 1231 5115 ipsius
1274 5050 1602 5118 perfectione
1649 5034 1741 5113 sic.
1773 5061 1842 5116 ab
1887 5078 1951 5117 eo

381 5124 682 5198 Comperta,
714 5131 969 5204 deinceps
1018 5145 1201 5192 tantus
1232 5139 1372 5198 inter
1398 5153 1684 5215 utrumque
1708 5148 1952 5209 ﬁrmatus

378 5224 466 5273 est
490 5233 660 5287 amor,
692 5233 929 5291 quantus
949 5225 1094 5282 inter
1122 5229 1327 5285 amicos
1375 5233 1723 5290 charissimos
1754 5248 1809 5294 et
1836 5249 1949 5297 ute-

380 5304 528 5330 ..:-.....
562 5310 634 5330 -..ι

2116 1178 2268 1232 gens,
2300 1167 2511 1236 expleta
2541 1169 2850 1241 refectione,
2884 1174 3021 1230 dixit
3043 1178 3093 1231 ei
3123 1189 3317 1236 cuncta
3340 1197 3462 1253 qua:
3484 1184 3688 1257 βοείω-

2094 1238 2289 1325 ξνθτιιι,
2317 1256 2526 1328 sibique
2549 1274 2646 1330 per
2672 1262 2919 1319 ordinem
2965 1267 3258 1323 enarravit.
3294 1268 3445 1329 Tunc
3491 1254 3684 1341 prtuli-

2114 1358 2232 1404 ctus
2259 1350 2426 1406 frater
2448 1367 2704 1408 arcanum
2730 1357 2812 1411 sui
2835 1359 3071 1427 pectoris
3097 1359 3381 1435 diligenter
3412 1369 3682 1437 exposuit,

2112 1444 2163 1490 et
2180 1439 2377 1505 omnia,
2396 1455 2513 1509 qua:
2535 1442 2616 1496 vir
2634 1443 2841 1501 Domini
2857 1447 3086 1513 dixerat,
3110 1464 3229 1506 esse
3257 1468 3380 1507 vera
3407 1455 3683 1513 confessus

2112 1537 2216 1585 est.
2245 1529 2310 1585 Et
2341 1541 2497 1589 nocte
2527 1537 2769 1606 sequenti
2797 1541 3169 1607 abscessurus,
3201 1547 3497 1605 matutinali
3539 1549 3682 1607 cele-

2112 1621 2261 1676 brata
2289 1626 2481 1694 synaxi
2518 1642 2638 1681 cum
2669 1630 2857 1685 eodem
2894 1631 3077 1699 Patre,
3110 1634 3278 1691 isdem
3330 1638 3417 1691 siti
3470 1640 3686 1709 gravis-

2111 1711 2244 1767 sima
2274 1711 2409 1769 clam
2453 1714 2750 1776 laborabat.
2797 1718 2951 1789 Quod
2990 1721 3227 1785 Joannes
3256 1724 3417 1785 Pater
3444 1743 3685 1799 percur-

2036 1793 2081 1852 B
2110 1801 2191 1855 dis
2222 1801 2664 1863 illuminationem
2689 1824 3007 1881 agnoscens,
3031 1817 3495 1875 ntttumiuistrum
3513 1833 3678 1886 suum

2110 1890 2360 1956 advocat,
2389 1907 2451 1948 ac
2480 1895 2738 1967 scyphum
2772 1899 2898 1957 vino
2927 1917 3064 1974 aqua
3093 1905 3261 1965 mixto
3290 1906 3547 1978 repletum
3570 1908 3682 1987 dis-

2107 1997 2359 2039 cessurd
2388 1984 2542 2041 fratri
2595 1989 2711 2045 dari
2754 1991 3005 2063 signavit.
3054 1994 3159 2063 Qui
3196 2008 3514 2068 porrectum
3556 1984 3680 2071 scv-

2105 2073 2267 2142 phum
2299 2090 2419 2129 cum
2455 2076 2579 2132 vino
2602 2082 2854 2153 sumpsit,
2885 2092 2941 2138 et
2985 2086 3253 2143 exstincta
3293 2089 3405 2156 siti,
3448 2104 3574 2157 cum
3608 2091 3678 2147 li-

2081 2166 2280 2233 ,centia
2310 2165 2487 2222 Patris
2518 2170 2758 2239 gaudens
2780 2174 3074 2243 abscessit,
3106 2192 3275 2249 agens
3320 2180 3523 2251 gratias
3566 2181 3676 2257 Deo

2102 2269 2201 2325 pro
2233 2265 2339 2312 tam
2370 2259 2551 2313 eximii
2587 2265 2891 2325 reverentia
2934 2265 3131 2335 Patris,
3170 2269 3262 2339 qui
3315 2272 3527 2329 mentis.
3554 2285 3673 2337 sum

2100 2355 2311 2402 secreta
2344 2356 2451 2405 tam
2481 2359 2728 2419 patenter
2751 2364 3061 2425 agnoverat,
3092 2369 3149 2412 et
3192 2359 3244 2414 in
3282 2360 3532 2417 omnibus
3579 2375 3673 2423 ex-

2100 2447 2367 2505 posuerat.

2679 2532 2907 2592 CAPUT
2939 2536 3085 2593 LVI.
3136 2580 3141 2587 ι
3620 2592 3625 2601 ,

2168 2617 2318 2675 Unus
2370 2622 2567 2679 exinde
2624 2623 2855 2682 clericus
2897 2627 3190 2698 plurimum
3238 2632 3387 2689 dives
3428 2633 3679 2692 vendidit.

2078 2713 2272 2787 omnia
2300 2729 2418 2779 sua,
2448 2725 2503 2771 et
2523 2716 2718 2773 multos
2742 2733 2811 2774 ex
2835 2719 2999 2787 rebus
3048 2721 3164 2779 suis
3207 2724 3478 2795 accipiens
3516 2742 3671 2785 num-

2091 2816 2230 2868 mos,
2260 2803 2405 2862 venit
2429 2806 2496 2861 ad
2521 2821 2669 2863 eum.
2696 2807 2867 2875 Quem
2894 2826 3016 2867 cum
3046 2810 3157 2881 ille,
3176 2816 3506 2885 paupertatis
3532 2816 3669 2883 ami-

2084 2905 2202 2961 cas,
2238 2891 2447 2950 audiret
2477 2909 2582 2965 qua
2611 2896 2678 2952 de
2697 2913 2862 2954 causa
2894 2899 3264 2972 venisset,.sic
3288 2917 3411 2971 eum
3439 2904 3666 2979 alloqui-

2089 2996 2217 3041 tur:
2277 3007 2294 3041 ι
2329 2985 2575 3057 Quandiu
2607 3002 2893 3045 nummum.
2912 3005 3077 3045 unum
3111 3007 3178 3047 ex
3230 2991 3316 3049 his
3348 3002 3524 3053 tecum
3566 2995 3674 3055 ειη-ι

2080 3076 2266 3134 bueris
2287 3079 2369 3133 vel
2387 3078 2529 3151 apud
2558 3087 2608 3139 te
2635 3080 2958 3149 servaveris,
2976 3097 3082 3143 nco
3106 3098 3313 3145 mecum
3337 3086 3662 3160 participare

2088 3182 2187 3222 nec
2216 3170 2422 3227 amicus
2471 3186 2593 3229 esse
2636 3174 2857 3233 valebis.
2893 3194 2914 3229 ι
2962 3176 3107 3233 ιιωο
3140 3178 3367 3235 clericus
3413 3180 3657 3248 audiens,

2083 3253 2369 3323 abscessit,
2398 3260 2739 3332 pretiumque
2764 3264 2968 3320 venditi
3002 3265 3336 3334 patrimonii,
3386 3269 3532 3338 quod
3575 3269 3659 3324 vir

2080 3343 2292 3401 Domini
2356 3361 2683 3418 spreverat,
2733 3353 2787 3407 in
2854 3368 3149 3425 pauperum
3196 3359 3655 3419 sustentationem

2080 3432 2374 3503 distribuit,
2413 3452 2479 3495 ac
2506 3439 2697 3495 deinde
2728 3443 2980 3500 remeavit
3018 3445 3089 3500 ad
3121 3444 3292 3512 illum,
3343 3447 3434 3517 qui
3483 3448 3650 3513 Deum

2077 3540 2211 3581 auro
2251 3535 2308 3581 et
2333 3528 2521 3598 inopes
2553 3530 2808 3589 divitibus
2849 3535 3211 3605 praeponebat.
3264 3536 3377 3594 Hoc
3417 3537 3663 3611 Joannes

2077 3624 2232 3685 pater
2256 3617 2459 3686 audito,
2488 3628 2544 3674 et
2578 3621 2708 3690 quid
2735 3622 2934 3693 egisset
2959 3623 3014 3680 in
3059 3627 3284 3684 veritate
3331 3627 3648 3699 discutiens,

2076 3706 2166 3775 qui
2203 3716 2328 3770 ante
2356 3708 2673 3780 locupletem
2699 3722 2998 3782 spreverat,
3027 3716 3240 3786 ;factum
3288 3733 3387 3788 pro
3429 3717 3648 3779 Christo

2075 3808 2366 3866 pauperem
2393 3808 2513 3869 post
2543 3800 2656 3857 haec
2687 3801 2944 3859 dilectum
2975 3806 3198 3877 suscipit
3223 3808 3278 3864 in
3311 3808 3501 3865 ﬁlium.

2646 3891 2874 3950 CAPUT
2914 3896 3069 3951 Lvu.
3466 3976 3467 3979 γ
3628 3974 3629 3977 γ

2142 3976 2381 4035 Subinde
2412 3980 2593 4038 divino
2617 3983 2809 4053 spiritu
2837 3985 3222 4056 inﬂammatus,
3272 4008 3422 4050 more
3463 3976 3645 4063 solito.

2073 4079 2178 4120 non
2206 4075 2492 4125 contentus
2520 4079 2726 4128 tantum
2754 4089 2881 4131 suos
2904 4076 3198 4148 subjectos,
3226 4083 3319 4139 sed
3350 4085 3513 4141 etiam
3545 4085 3639 4151 al»

2070 4166 2249 4213 sentes
2275 4159 2543 4217 instruere
2579 4173 2634 4218 et
2664 4166 2940 4237 corrigere
2982 4172 3277 4241 satagebat,
3321 4173 3640 4244 quibusdam

2069 4245 2326 4315 epistolas
2355 4251 2621 4309 mandans
2647 4270 2661 4308 :
2692 4269 2921 4324 quarum
2964 4273 3122 4313 unam
3151 4262 3400 4333 episcopo
3429 4265 3659 4327 Vulter-.

2066 4338 2209 4393 t‘ensi
2250 4339 2384 4394 satis
2429 4341 2613 4396 utilem
2664 4359 2761 4414 pro
2804 4348 3138 4402 correctione
3181 4351 3264 4406 sui
3311 4367 3667 4425 suorumque.

2066 4427 2359 4492 mandavit,
2390 4443 2550 4500 quam
2578 4433 2647 4487 ob
2673 4433 2895 4492 nimiam
2932 4436 3317 4509 prolLvitatem,
3346 4441 3472 4497 huic
3498 4459 3634 4513 opu:

1936 4500 1947 4525 ⁵
1989 4498 2041 4558 ι)
2066 4512 2213 4569 sculo
2247 4518 2485 4574 inserere
2518 4523 2784 4578 recusavi.

2609 4611 2839 4668 CAPUT
2900 4613 3079 4670 LVlll‘.

2128 4692 2255 4749 Post
2290 4695 2422 4762 haec,
2456 4714 2578 4754 cum
2602 4700 2755 4772 longe
2783 4704 2994 4776 lateque
3015 4706 3149 4762 odor
3183 4709 3483 4764 sanctitatis
3517 4712 3661 4782 ejus.

2056 4783 2122 4835 ad
2161 4784 2447 4843 multorum
2478 4790 2721 4863 notitiam
2751 4793 3076 4863 devertisset,
3106 4799 3172 4853 ad
3200 4814 3322 4856 eum
3361 4804 3425 4857 de
3452 4801 3629 4858 diver-

2052 4875 2127 4930 sis
2158 4878 2316 4934 terris
2351 4893 2407 4935 et
2435 4884 2615 4955 regnis
2638 4887 2925 4945 veniebant
2950 4891 3222 4965 tnonacbi.
3262 4894 3443 4949 clerici
3483 4895 3622 4948 tide-

2055 4966 2238 5039 lesque
2288 4971 2447 5039 laici,
2502 4979 2769 5049 praecipue
2820 4979 3270 5039 Mediolaneuscs.
3333 4985 3651 5039 Audiebant

2052 5058 2249 5129 quippe
2279 5059 2640 5121 Simoniacam
2675 5068 2931 5128 hmresim
2988 5068 3251 5125 Joannem
3277 5081 3483 5141 patrem
3509 5083 3655 5127 cum.

2053 5150 2165 5205 suis
2207 5149 2465 5212 fratribus
2511 5156 2720 5226 publice
2748 5160 3139 5227 condemnare,
3184 5168 3239 5211 et
3266 5175 3424 5229 supra
3452 5172 3641 5213 omnes

2052 5245 2314 5303 mortales
2361 5250 2536 5306 modis
2574 5251 2830 5307 omnibus
2871 5264 3203 5327 expugnare.
3243 5248 3530 5319 Propterea
3559 5263 3645 5303 ve-
