  <div class='ocr_page' id='page_1' title='image "/cluster/home/n/w/nwhite01/storage/ocr_20150623/146/hvd.32044015471832/361.png"; bbox 0 0 4122 5330; ppageno 0'>
   <div class='ocr_carea' id='block_1_1' title="bbox 467 363 564 419">
    <p class='ocr_par' dir='ltr' id='par_1_1' title="bbox 467 363 564 419">
     <span class='ocr_line' id='line_1_1' title="bbox 467 363 564 419; baseline 0 0"><span class='ocrx_word' id='word_1_1' title='bbox 467 363 564 419; x_wconf 75' lang='lat'><strong>691</strong></span> 
     </span>
    </p>
   </div>
   <div class='ocr_carea' id='block_1_2' title="bbox 1522 363 2646 424">
    <p class='ocr_par' dir='ltr' id='par_1_2' title="bbox 1522 363 2646 424">
     <span class='ocr_line' id='line_1_2' title="bbox 1522 363 2646 424; baseline 0.004 -6"><span class='ocrx_word' id='word_1_2' title='bbox 1522 364 1577 418; x_wconf 87' lang='lat' dir='ltr'><strong>S.</strong></span> <span class='ocrx_word' id='word_1_3' title='bbox 1616 364 1894 420; x_wconf 69' lang='lat' dir='ltr'><strong>JOANNIS</strong></span> <span class='ocrx_word' id='word_1_4' title='bbox 1930 363 2320 419; x_wconf 71' lang='lat' dir='ltr'><strong>GUALBERTI</strong></span> <span class='ocrx_word' id='word_1_5' title='bbox 2356 366 2646 424; x_wconf 79' lang='lat' dir='ltr'><strong>ABBATIS</strong></span> 
     </span>
    </p>
   </div>
   <div class='ocr_carea' id='block_1_3' title="bbox 3597 369 3705 425">
    <p class='ocr_par' dir='ltr' id='par_1_3' title="bbox 3597 369 3705 425">
     <span class='ocr_line' id='line_1_3' title="bbox 3597 369 3705 425; baseline -0.028 0"><span class='ocrx_word' id='word_1_6' title='bbox 3597 369 3705 425; x_wconf 69' lang='lat'><strong>699</strong></span> 
     </span>
    </p>
   </div>
   <div class='ocr_carea' id='block_1_4' title="bbox 466 473 3705 552">
    <p class='ocr_par' dir='ltr' id='par_1_4' title="bbox 466 473 3705 552">
     <span class='ocr_line' id='line_1_4' title="bbox 466 473 3705 552; baseline -0.002 -21"><span class='ocrx_word' id='word_1_7' title='bbox 466 476 576 531; x_wconf 80' lang='lat' dir='ltr'><strong>tide</strong></span> <span class='ocrx_word' id='word_1_8' title='bbox 605 473 871 529; x_wconf 83' lang='lat' dir='ltr'><strong>firmatum</strong></span> <span class='ocrx_word' id='word_1_9' title='bbox 901 480 1198 543; x_wconf 77' lang='lat' dir='ltr'><strong>reportans,</strong></span> <span class='ocrx_word' id='word_1_10' title='bbox 1236 481 1286 528; x_wconf 90' lang='lat' dir='ltr'><strong>et</strong></span> <span class='ocrx_word' id='word_1_11' title='bbox 1319 473 1644 541; x_wconf 87' lang='lat' dir='ltr'><strong>marsupium</strong></span> <span class='ocrx_word' id='word_1_12' title='bbox 1672 475 1910 541; x_wconf 77' lang='lat' dir='ltr'><strong>proiecto</strong></span> <span class='ocrx_word' id='word_1_13' title='bbox 1934 489 2038 528; x_wconf 86' lang='lat' dir='ltr'><strong>non</strong></span> <span class='ocrx_word' id='word_1_14' title='bbox 2070 479 2112 533; x_wconf 82' lang='lat' dir='ltr'><strong>A</strong></span> <span class='ocrx_word' id='word_1_15' title='bbox 2143 476 2396 547; x_wconf 87' lang='lat' dir='ltr'><strong>deinceps</strong></span> <span class='ocrx_word' id='word_1_16' title='bbox 2420 481 2700 537; x_wconf 75' lang='lat' dir='ltr'><strong>monachis</strong></span> <span class='ocrx_word' id='word_1_17' title='bbox 2734 479 2860 536; x_wconf 71' lang='lat' dir='ltr'><strong>facii</strong></span> <span class='ocrx_word' id='word_1_18' title='bbox 2884 489 3008 537; x_wconf 72' lang='lat' dir='ltr'><strong>sunt</strong></span> <span class='ocrx_word' id='word_1_19' title='bbox 3037 481 3331 552; x_wconf 59' lang='lat' dir='ltr'><strong>adjutores,</strong></span> <span class='ocrx_word' id='word_1_20' title='bbox 3379 483 3546 552; x_wconf 69' lang='lat' dir='ltr'><strong>ipsius</strong></span> <span class='ocrx_word' id='word_1_21' title='bbox 3575 499 3705 539; x_wconf 74' lang='grc' dir='ltr'><strong>ροη-</strong></span> 
     </span>
    </p>
   </div>
   <div class='ocr_carea' id='block_1_5' title="bbox 466 558 2035 634">
    <p class='ocr_par' dir='ltr' id='par_1_5' title="bbox 466 558 2035 634">
     <span class='ocr_line' id='line_1_5' title="bbox 466 558 2035 634; baseline -0.004 -13"><span class='ocrx_word' id='word_1_22' title='bbox 466 580 719 621; x_wconf 86' lang='lat' dir='ltr'><strong>vacuum.</strong></span> <span class='ocrx_word' id='word_1_23' title='bbox 764 565 1058 634; x_wconf 80' lang='lat' dir='ltr'><strong>Aeceperat</strong></span> <span class='ocrx_word' id='word_1_24' title='bbox 1097 564 1240 618; x_wconf 89' lang='lat' dir='ltr'><strong>enim</strong></span> <span class='ocrx_word' id='word_1_25' title='bbox 1288 578 1318 616; x_wconf 89' lang='lat' dir='ltr'><strong>a</strong></span> <span class='ocrx_word' id='word_1_26' title='bbox 1368 562 1595 616; x_wconf 91' lang='lat' dir='ltr'><strong>Domino</strong></span> <span class='ocrx_word' id='word_1_27' title='bbox 1649 561 1774 617; x_wconf 69' lang='lat' dir='ltr'><strong>Iesu</strong></span> <span class='ocrx_word' id='word_1_28' title='bbox 1820 558 2035 618; x_wconf 79' lang='lat' dir='ltr'><strong>Chiisto</strong></span> 
     </span>
    </p>
   </div>
   <div class='ocr_carea' id='block_1_6' title="bbox 467 657 2035 727">
    <p class='ocr_par' dir='ltr' id='par_1_6' title="bbox 467 657 2035 727">
     <span class='ocr_line' id='line_1_6' title="bbox 467 657 2035 727; baseline -0.001 -14"><span class='ocrx_word' id='word_1_29' title='bbox 467 659 672 713; x_wconf 91' lang='lat' dir='ltr'><strong>vultum</strong></span> <span class='ocrx_word' id='word_1_30' title='bbox 696 657 945 713; x_wconf 88' lang='lat' dir='ltr'><strong>omnibus</strong></span> <span class='ocrx_word' id='word_1_31' title='bbox 967 664 1198 727; x_wconf 80' lang='lat' dir='ltr'><strong>gratum,</strong></span> <span class='ocrx_word' id='word_1_32' title='bbox 1233 665 1289 712; x_wconf 88' lang='lat' dir='ltr'><strong>et</strong></span> <span class='ocrx_word' id='word_1_33' title='bbox 1315 671 1612 712; x_wconf 81' lang='lat' dir='ltr'><strong>sermonem</strong></span> <span class='ocrx_word' id='word_1_34' title='bbox 1649 657 1910 727; x_wconf 88' lang='lat' dir='ltr'><strong>placidum</strong></span> <span class='ocrx_word' id='word_1_35' title='bbox 1942 672 2035 711; x_wconf 76' lang='lat' dir='ltr'><strong>ex-</strong></span> 
     </span>
    </p>
   </div>
   <div class='ocr_carea' id='block_1_7' title="bbox 467 744 2038 818">
    <p class='ocr_par' dir='ltr' id='par_1_7' title="bbox 467 744 2038 818">
     <span class='ocr_line' id='line_1_7' title="bbox 467 744 2038 818; baseline -0.002 -16"><span class='ocrx_word' id='word_1_36' title='bbox 467 747 675 811; x_wconf 79' lang='lat' dir='ltr'><strong>hibere,</strong></span> <span class='ocrx_word' id='word_1_37' title='bbox 707 760 1028 815; x_wconf 89' lang='lat' dir='ltr'><strong>manumque</strong></span> <span class='ocrx_word' id='word_1_38' title='bbox 1064 744 1266 818; x_wconf 77' lang='lat' dir='ltr'><strong>largam</strong></span> <span class='ocrx_word' id='word_1_39' title='bbox 1294 745 1361 801; x_wconf 87' lang='lat' dir='ltr'><strong>ad</strong></span> <span class='ocrx_word' id='word_1_40' title='bbox 1391 746 1757 817; x_wconf 65' lang='lat' dir='ltr'><strong>prxbendum,</strong></span> <span class='ocrx_word' id='word_1_41' title='bbox 1805 747 1931 800; x_wconf 87' lang='lat' dir='ltr'><strong>dum</strong></span> <span class='ocrx_word' id='word_1_42' title='bbox 1957 745 2038 799; x_wconf 80' lang='lat' dir='ltr'><strong>fa-</strong></span> 
     </span>
    </p>
   </div>
   <div class='ocr_carea' id='block_1_8' title="bbox 467 838 1068 909">
    <p class='ocr_par' dir='ltr' id='par_1_8' title="bbox 467 838 1068 909">
     <span class='ocr_line' id='line_1_8' title="bbox 467 838 1068 909; baseline -0.002 -15"><span class='ocrx_word' id='word_1_43' title='bbox 467 839 643 894; x_wconf 85' lang='lat' dir='ltr'><strong>cultas</strong></span> <span class='ocrx_word' id='word_1_44' title='bbox 667 838 717 893; x_wconf 90' lang='lat' dir='ltr'><strong>ei</strong></span> <span class='ocrx_word' id='word_1_45' title='bbox 743 846 1068 909; x_wconf 77' lang='lat' dir='ltr'><strong>suppeteret.</strong></span> 
     </span>
    </p>
   </div>
   <div class='ocr_carea' id='block_1_9' title="bbox 991 929 1462 987">
    <p class='ocr_par' dir='ltr' id='par_1_9' title="bbox 991 929 1462 987">
     <span class='ocr_line' id='line_1_9' title="bbox 991 929 1462 987; baseline -0.002 -1"><span class='ocrx_word' id='word_1_46' title='bbox 991 948 997 953; x_wconf 77' lang='lat'><strong>&#39;</strong></span> <span class='ocrx_word' id='word_1_47' title='bbox 1044 929 1271 987; x_wconf 81' lang='lat' dir='ltr'><strong>CAPUT</strong></span> <span class='ocrx_word' id='word_1_48' title='bbox 1326 931 1462 986; x_wconf 83' lang='lat' dir='ltr'><strong>LIX.</strong></span> 
     </span>
    </p>
   </div>
   <div class='ocr_carea' id='block_1_10' title="bbox 536 1019 2041 1092">
    <p class='ocr_par' dir='ltr' id='par_1_10' title="bbox 536 1019 2041 1092">
     <span class='ocr_line' id='line_1_10' title="bbox 536 1019 2041 1092; baseline 0 -17"><span class='ocrx_word' id='word_1_49' title='bbox 536 1020 658 1076; x_wconf 80' lang='lat' dir='ltr'><strong>Jam</strong></span> <span class='ocrx_word' id='word_1_50' title='bbox 702 1020 916 1076; x_wconf 78' lang='lat' dir='ltr'><strong>omissis</strong></span> <span class='ocrx_word' id='word_1_51' title='bbox 952 1019 1195 1091; x_wconf 82' lang='lat' dir='ltr'><strong>plurimis</strong></span> <span class='ocrx_word' id='word_1_52' title='bbox 1232 1038 1352 1091; x_wconf 83' lang='lat' dir='ltr'><strong>quae</strong></span> <span class='ocrx_word' id='word_1_53' title='bbox 1385 1022 1526 1077; x_wconf 87' lang='lat' dir='ltr'><strong>Deus</strong></span> <span class='ocrx_word' id='word_1_54' title='bbox 1569 1034 1666 1092; x_wconf 91' lang='lat' dir='ltr'><strong>per</strong></span> <span class='ocrx_word' id='word_1_55' title='bbox 1705 1021 1821 1089; x_wconf 83' lang='lat' dir='ltr'><strong>ejus</strong></span> <span class='ocrx_word' id='word_1_56' title='bbox 1849 1020 2041 1076; x_wconf 90' lang='lat' dir='ltr'><strong>merita</strong></span> 
     </span>
    </p>
   </div>
   <div class='ocr_carea' id='block_1_11' title="bbox 470 1112 2042 1183">
    <p class='ocr_par' dir='ltr' id='par_1_11' title="bbox 470 1112 2042 1183">
     <span class='ocr_line' id='line_1_11' title="bbox 470 1112 2042 1183; baseline -0.003 -15"><span class='ocrx_word' id='word_1_57' title='bbox 470 1112 858 1179; x_wconf 84' lang='lat' dir='ltr'><strong>declaraverat,</strong></span> <span class='ocrx_word' id='word_1_58' title='bbox 891 1120 1096 1181; x_wconf 89' lang='lat' dir='ltr'><strong>tempus</strong></span> <span class='ocrx_word' id='word_1_59' title='bbox 1111 1112 1314 1183; x_wconf 83' lang='lat' dir='ltr'><strong>expetit</strong></span> <span class='ocrx_word' id='word_1_60' title='bbox 1340 1112 1539 1167; x_wconf 79' lang='lat' dir='ltr'><strong>referre</strong></span> <span class='ocrx_word' id='word_1_61' title='bbox 1562 1112 1772 1182; x_wconf 87' lang='lat' dir='ltr'><strong>qualem</strong></span> <span class='ocrx_word' id='word_1_62' title='bbox 1795 1122 1848 1166; x_wconf 89' lang='lat' dir='ltr'><strong>et</strong></span> <span class='ocrx_word' id='word_1_63' title='bbox 1866 1126 2042 1180; x_wconf 88' lang='lat' dir='ltr'><strong>quan-</strong></span> 
     </span>
    </p>
   </div>
   <div class='ocr_carea' id='block_1_12' title="bbox 473 1200 2042 1272">
    <p class='ocr_par' dir='ltr' id='par_1_12' title="bbox 473 1200 2042 1272">
     <span class='ocr_line' id='line_1_12' title="bbox 473 1200 2042 1272; baseline -0.003 -15"><span class='ocrx_word' id='word_1_64' title='bbox 473 1213 584 1259; x_wconf 90' lang='lat' dir='ltr'><strong>tam</strong></span> <span class='ocrx_word' id='word_1_65' title='bbox 608 1216 840 1272; x_wconf 83' lang='lat' dir='ltr'><strong>pugnam</strong></span> <span class='ocrx_word' id='word_1_66' title='bbox 880 1214 1065 1257; x_wconf 88' lang='lat' dir='ltr'><strong>contra</strong></span> <span class='ocrx_word' id='word_1_67' title='bbox 1097 1202 1456 1257; x_wconf 59' lang='lat' dir='ltr'><strong>Simoniaca‘m</strong></span> <span class='ocrx_word' id='word_1_68' title='bbox 1493 1202 1736 1257; x_wconf 68' lang='lat' dir='ltr'><strong>haeresim</strong></span> <span class='ocrx_word' id='word_1_69' title='bbox 1769 1200 2042 1255; x_wconf 70' lang='lat' dir='ltr'><strong>Iohannes</strong></span> 
     </span>
    </p>
   </div>
   <div class='ocr_carea' id='block_1_13' title="bbox 470 1290 2045 1363">
    <p class='ocr_par' dir='ltr' id='par_1_13' title="bbox 470 1290 2045 1363">
     <span class='ocr_line' id='line_1_13' title="bbox 470 1290 2045 1363; baseline -0.001 -18"><span class='ocrx_word' id='word_1_70' title='bbox 470 1299 624 1363; x_wconf 88' lang='lat' dir='ltr'><strong>pater</strong></span> <span class='ocrx_word' id='word_1_71' title='bbox 650 1306 770 1345; x_wconf 90' lang='lat' dir='ltr'><strong>cum</strong></span> <span class='ocrx_word' id='word_1_72' title='bbox 799 1291 930 1357; x_wconf 93' lang='lat' dir='ltr'><strong>suis,</strong></span> <span class='ocrx_word' id='word_1_73' title='bbox 959 1298 1098 1346; x_wconf 87' lang='lat' dir='ltr'><strong>teste</strong></span> <span class='ocrx_word' id='word_1_74' title='bbox 1118 1290 1350 1345; x_wconf 81' lang='lat' dir='ltr'><strong>maxima</strong></span> <span class='ocrx_word' id='word_1_75' title='bbox 1373 1300 1525 1359; x_wconf 88' lang='lat' dir='ltr'><strong>parte</strong></span> <span class='ocrx_word' id='word_1_76' title='bbox 1551 1290 1756 1355; x_wconf 89' lang='lat' dir='ltr'><strong>mundi,</strong></span> <span class='ocrx_word' id='word_1_77' title='bbox 1787 1290 1893 1343; x_wconf 88' lang='lat' dir='ltr'><strong>Deo</strong></span> <span class='ocrx_word' id='word_1_78' title='bbox 1919 1302 2045 1359; x_wconf 89' lang='lat' dir='ltr'><strong>pro-</strong></span> 
     </span>
    </p>
   </div>
   <div class='ocr_carea' id='block_1_14' title="bbox 473 1383 840 1454">
    <p class='ocr_par' dir='ltr' id='par_1_14' title="bbox 473 1383 840 1454">
     <span class='ocr_line' id='line_1_14' title="bbox 473 1383 840 1454; baseline 0.003 -18"><span class='ocrx_word' id='word_1_79' title='bbox 473 1383 623 1454; x_wconf 87' lang='lat' dir='ltr'><strong>pitio,</strong></span> <span class='ocrx_word' id='word_1_80' title='bbox 652 1383 840 1453; x_wconf 71' lang='lat' dir='ltr'><strong>gessit.</strong></span> 
     </span>
    </p>
   </div>
   <div class='ocr_carea' id='block_1_15' title="bbox 1068 1472 1443 1530">
    <p class='ocr_par' dir='ltr' id='par_1_15' title="bbox 1068 1472 1443 1530">
     <span class='ocr_line' id='line_1_15' title="bbox 1068 1472 1443 1530; baseline -0.005 0"><span class='ocrx_word' id='word_1_81' title='bbox 1068 1472 1294 1530; x_wconf 81' lang='lat' dir='ltr'><strong>CAPUT</strong></span> <span class='ocrx_word' id='word_1_82' title='bbox 1330 1473 1443 1529; x_wconf 77' lang='lat' dir='ltr'><strong>LX.</strong></span> 
     </span>
    </p>
   </div>
   <div class='ocr_carea' id='block_1_16' title="bbox 544 1562 2047 1638">
    <p class='ocr_par' dir='ltr' id='par_1_16' title="bbox 544 1562 2047 1638">
     <span class='ocr_line' id='line_1_16' title="bbox 544 1562 2047 1638; baseline -0.004 -16"><span class='ocrx_word' id='word_1_83' title='bbox 544 1566 697 1623; x_wconf 87' lang='lat' dir='ltr'><strong>Sicut</strong></span> <span class='ocrx_word' id='word_1_84' title='bbox 731 1581 894 1638; x_wconf 86' lang='lat' dir='ltr'><strong>supra</strong></span> <span class='ocrx_word' id='word_1_85' title='bbox 946 1566 1146 1622; x_wconf 89' lang='lat' dir='ltr'><strong>dictum</strong></span> <span class='ocrx_word' id='word_1_86' title='bbox 1190 1575 1293 1633; x_wconf 90' lang='lat' dir='ltr'><strong>est,</strong></span> <span class='ocrx_word' id='word_1_87' title='bbox 1342 1566 1577 1622; x_wconf 83' lang='lat' dir='ltr'><strong>Joannes</strong></span> <span class='ocrx_word' id='word_1_88' title='bbox 1627 1573 1779 1635; x_wconf 84' lang='lat' dir='ltr'><strong>pater</strong></span> <span class='ocrx_word' id='word_1_89' title='bbox 1827 1562 2047 1619; x_wconf 79' lang='lat' dir='ltr'><strong>Petrum</strong></span> 
     </span>
    </p>
   </div>
   <div class='ocr_carea' id='block_1_17' title="bbox 472 1655 2049 1724">
    <p class='ocr_par' dir='ltr' id='par_1_17' title="bbox 472 1655 2049 1724">
     <span class='ocr_line' id='line_1_17' title="bbox 472 1655 2049 1724; baseline -0.002 -12"><span class='ocrx_word' id='word_1_90' title='bbox 472 1658 800 1714; x_wconf 74' lang='lat' dir='ltr'><strong>Florentinze</strong></span> <span class='ocrx_word' id='word_1_91' title='bbox 824 1656 1077 1714; x_wconf 72' lang='lat' dir='ltr'><strong>Ecclesiae</strong></span> <span class='ocrx_word' id='word_1_92' title='bbox 1114 1655 1477 1712; x_wconf 89' lang='lat' dir='ltr'><strong>Simoniaeum</strong></span> <span class='ocrx_word' id='word_1_93' title='bbox 1523 1658 1821 1711; x_wconf 87' lang='lat' dir='ltr'><strong>invasorem</strong></span> <span class='ocrx_word' id='word_1_94' title='bbox 1867 1665 2049 1724; x_wconf 85' lang='lat' dir='ltr'><strong>aperte</strong></span> 
     </span>
    </p>
   </div>
   <div class='ocr_carea' id='block_1_18' title="bbox 474 1744 2047 1814">
    <p class='ocr_par' dir='ltr' id='par_1_18' title="bbox 474 1744 2047 1814">
     <span class='ocr_line' id='line_1_18' title="bbox 474 1744 2047 1814; baseline -0.002 -14"><span class='ocrx_word' id='word_1_95' title='bbox 474 1747 826 1812; x_wconf 84' lang='lat' dir='ltr'><strong>clamaverat;</strong></span> <span class='ocrx_word' id='word_1_96' title='bbox 862 1746 1036 1801; x_wconf 86' lang='lat' dir='ltr'><strong>adhuc</strong></span> <span class='ocrx_word' id='word_1_97' title='bbox 1079 1745 1240 1800; x_wconf 90' lang='lat' dir='ltr'><strong>etiam</strong></span> <span class='ocrx_word' id='word_1_98' title='bbox 1293 1746 1498 1814; x_wconf 78' lang='lat' dir='ltr'><strong>eligens</strong></span> <span class='ocrx_word' id='word_1_99' title='bbox 1544 1760 1665 1801; x_wconf 88' lang='lat' dir='ltr'><strong>eum</strong></span> <span class='ocrx_word' id='word_1_100' title='bbox 1710 1744 1822 1799; x_wconf 87' lang='lat' dir='ltr'><strong>suis</strong></span> <span class='ocrx_word' id='word_1_101' title='bbox 1869 1744 2047 1814; x_wconf 90' lang='lat' dir='ltr'><strong>potius</strong></span> 
     </span>
    </p>
   </div>
   <div class='ocr_carea' id='block_1_19' title="bbox 2137 568 3704 645">
    <p class='ocr_par' dir='ltr' id='par_1_19' title="bbox 2137 568 3704 645">
     <span class='ocr_line' id='line_1_19' title="bbox 2137 568 3704 645; baseline 0.005 -26"><span class='ocrx_word' id='word_1_102' title='bbox 2137 568 2549 645; x_wconf 31' lang='lat' dir='ltr'><strong>deninatttes,.et</strong></span> <span class='ocrx_word' id='word_1_103' title='bbox 2613 571 3045 642; x_wconf 87' lang='lat' dir='ltr'><strong>blasphemantes</strong></span> <span class='ocrx_word' id='word_1_104' title='bbox 3099 574 3460 629; x_wconf 85' lang='lat' dir='ltr'><strong>omnimodam</strong></span> <span class='ocrx_word' id='word_1_105' title='bbox 3528 584 3704 643; x_wconf 78' lang='lat' dir='ltr'><strong>pravi-</strong></span> 
     </span>
    </p>
   </div>
   <div class='ocr_carea' id='block_1_20' title="bbox 2139 664 2324 711">
    <p class='ocr_par' dir='ltr' id='par_1_20' title="bbox 2139 664 2324 711">
     <span class='ocr_line' id='line_1_20' title="bbox 2139 664 2324 711; baseline 0.011 -2"><span class='ocrx_word' id='word_1_106' title='bbox 2139 664 2324 711; x_wconf 86' lang='lat' dir='ltr'><strong>tatem.</strong></span> 
     </span>
    </p>
   </div>
   <div class='ocr_carea' id='block_1_21' title="bbox 2721 752 3116 809">
    <p class='ocr_par' dir='ltr' id='par_1_21' title="bbox 2721 752 3116 809">
     <span class='ocr_line' id='line_1_21' title="bbox 2721 752 3116 809; baseline 0.003 -2"><span class='ocrx_word' id='word_1_107' title='bbox 2721 752 2945 808; x_wconf 77' lang='lat' dir='ltr'><strong>CAPUT</strong></span> <span class='ocrx_word' id='word_1_108' title='bbox 2979 753 3116 809; x_wconf 79' lang='lat' dir='ltr'><strong>LXI.</strong></span> 
     </span>
    </p>
   </div>
   <div class='ocr_carea' id='block_1_22' title="bbox 2211 834 3723 912">
    <p class='ocr_par' dir='ltr' id='par_1_22' title="bbox 2211 834 3723 912">
     <span class='ocr_line' id='line_1_22' title="bbox 2211 834 3723 912; baseline 0.005 -21"><span class='ocrx_word' id='word_1_109' title='bbox 2211 834 2468 906; x_wconf 88' lang='lat' dir='ltr'><strong>Sequenti</strong></span> <span class='ocrx_word' id='word_1_110' title='bbox 2495 856 2622 895; x_wconf 86' lang='lat' dir='ltr'><strong>vero</strong></span> <span class='ocrx_word' id='word_1_111' title='bbox 2668 842 2753 897; x_wconf 88' lang='lat' dir='ltr'><strong>die</strong></span> <span class='ocrx_word' id='word_1_112' title='bbox 2801 851 2908 895; x_wconf 89' lang='lat' dir='ltr'><strong>tam</strong></span> <span class='ocrx_word' id='word_1_113' title='bbox 2956 844 3202 898; x_wconf 86' lang='lat' dir='ltr'><strong>homines</strong></span> <span class='ocrx_word' id='word_1_114' title='bbox 3246 856 3409 912; x_wconf 88' lang='lat' dir='ltr'><strong>quam</strong></span> <span class='ocrx_word' id='word_1_115' title='bbox 3455 841 3723 898; x_wconf 58' lang='lat' dir='ltr'><strong>mulieres</strong></span> 
     </span>
    </p>
   </div>
   <div class='ocr_carea' id='block_1_23' title="bbox 2140 924 3712 1001">
    <p class='ocr_par' dir='ltr' id='par_1_23' title="bbox 2140 924 3712 1001">
     <span class='ocr_line' id='line_1_23' title="bbox 2140 924 3712 1001; baseline 0.004 -21"><span class='ocrx_word' id='word_1_116' title='bbox 2140 924 2427 984; x_wconf 67' lang='lat' dir='ltr'><strong>Florentia:</strong></span> <span class='ocrx_word' id='word_1_117' title='bbox 2462 930 2527 984; x_wconf 88' lang='lat' dir='ltr'><strong>ad</strong></span> <span class='ocrx_word' id='word_1_118' title='bbox 2556 932 2923 1001; x_wconf 85' lang='lat' dir='ltr'><strong>supradictum</strong></span> <span class='ocrx_word' id='word_1_119' title='bbox 2972 933 3276 988; x_wconf 68' lang='lat' dir='ltr'><strong>coauobium</strong></span> <span class='ocrx_word' id='word_1_120' title='bbox 3323 940 3605 997; x_wconf 87' lang='lat' dir='ltr'><strong>venerunt,</strong></span> <span class='ocrx_word' id='word_1_121' title='bbox 3651 943 3712 987; x_wconf 80' lang='lat' dir='ltr'><strong>et</strong></span> 
     </span>
    </p>
   </div>
   <div class='ocr_carea' id='block_1_24' title="bbox 2141 1018 3709 1092">
    <p class='ocr_par' dir='ltr' id='par_1_24' title="bbox 2141 1018 3709 1092">
     <span class='ocr_line' id='line_1_24' title="bbox 2141 1018 3709 1092; baseline 0.005 -24"><span class='ocrx_word' id='word_1_122' title='bbox 2141 1018 2448 1090; x_wconf 81' lang='lat' dir='ltr'><strong>quicunque</strong></span> <span class='ocrx_word' id='word_1_123' title='bbox 2469 1023 3144 1092; x_wconf 80' lang='lat' dir='ltr'><strong>poterant_necessitatibus</strong></span> <span class='ocrx_word' id='word_1_124' title='bbox 3164 1021 3387 1076; x_wconf 92' lang='lat' dir='ltr'><strong>fratrum</strong></span> <span class='ocrx_word' id='word_1_125' title='bbox 3402 1019 3709 1078; x_wconf 78' lang='lat' dir='ltr'><strong>necessaria</strong></span> 
     </span>
    </p>
   </div>
   <div class='ocr_carea' id='block_1_25' title="bbox 2142 1108 3709 1183">
    <p class='ocr_par' dir='ltr' id='par_1_25' title="bbox 2142 1108 3709 1183">
     <span class='ocr_line' id='line_1_25' title="bbox 2142 1108 3709 1183; baseline 0.001 -20"><span class='ocrx_word' id='word_1_126' title='bbox 2142 1108 2374 1166; x_wconf 86' lang='lat' dir='ltr'><strong>fideliter</strong></span> <span class='ocrx_word' id='word_1_127' title='bbox 2400 1112 2728 1167; x_wconf 86' lang='lat' dir='ltr'><strong>obtulerunt.</strong></span> <span class='ocrx_word' id='word_1_128' title='bbox 2754 1112 2987 1168; x_wconf 80' lang='lat' dir='ltr'><strong>Felicem</strong></span> <span class='ocrx_word' id='word_1_129' title='bbox 3027 1127 3084 1166; x_wconf 89' lang='lat' dir='ltr'><strong>se</strong></span> <span class='ocrx_word' id='word_1_130' title='bbox 3115 1111 3620 1183; x_wconf 84' lang='lat' dir='ltr'><strong>quisquecredebat</strong></span> <span class='ocrx_word' id='word_1_131' title='bbox 3658 1112 3709 1166; x_wconf 91' lang='lat' dir='ltr'><strong>si</strong></span> 
     </span>
    </p>
   </div>
   <div class='ocr_carea' id='block_1_26' title="bbox 2144 1198 3708 1268">
    <p class='ocr_par' dir='ltr' id='par_1_26' title="bbox 2144 1198 3708 1268">
     <span class='ocr_line' id='line_1_26' title="bbox 2144 1198 3708 1268; baseline 0.003 -17"><span class='ocrx_word' id='word_1_132' title='bbox 2144 1198 2377 1268; x_wconf 70' lang='lat' dir='ltr'><strong>aliquem</strong></span> <span class='ocrx_word' id='word_1_133' title='bbox 2409 1202 2795 1256; x_wconf 79' lang='lat' dir='ltr'><strong>monachorum</strong></span> <span class='ocrx_word' id='word_1_134' title='bbox 2824 1203 3007 1258; x_wconf 80' lang='lat' dir='ltr'><strong>videre</strong></span> <span class='ocrx_word' id='word_1_135' title='bbox 3033 1200 3264 1267; x_wconf 86' lang='lat' dir='ltr'><strong>valebat,</strong></span> <span class='ocrx_word' id='word_1_136' title='bbox 3291 1210 3387 1256; x_wconf 93' lang='lat' dir='ltr'><strong>aut</strong></span> <span class='ocrx_word' id='word_1_137' title='bbox 3410 1216 3594 1257; x_wconf 91' lang='lat' dir='ltr'><strong>eorum</strong></span> <span class='ocrx_word' id='word_1_138' title='bbox 3618 1216 3708 1255; x_wconf 58' lang='lat' dir='ltr'><strong>sa-</strong></span> 
     </span>
    </p>
   </div>
   <div class='ocr_carea' id='block_1_27' title="bbox 2144 1291 3712 1363">
    <p class='ocr_par' dir='ltr' id='par_1_27' title="bbox 2144 1291 3712 1363">
     <span class='ocr_line' id='line_1_27' title="bbox 2144 1291 3712 1363; baseline -0.002 -15"><span class='ocrx_word' id='word_1_139' title='bbox 2144 1307 2294 1348; x_wconf 89' lang='lat' dir='ltr'><strong>crum</strong></span> <span class='ocrx_word' id='word_1_140' title='bbox 2323 1294 2636 1363; x_wconf 75' lang='lat' dir='ltr'><strong>sanguinem</strong></span> <span class='ocrx_word' id='word_1_141' title='bbox 2666 1292 2840 1349; x_wconf 84' lang='lat' dir='ltr'><strong>fusum</strong></span> <span class='ocrx_word' id='word_1_142' title='bbox 2872 1309 2934 1348; x_wconf 75' lang='lat' dir='ltr'><strong>ex</strong></span> <span class='ocrx_word' id='word_1_143' title='bbox 2970 1304 3134 1357; x_wconf 82' lang='lat' dir='ltr'><strong>terra,</strong></span> <span class='ocrx_word' id='word_1_144' title='bbox 3163 1293 3427 1363; x_wconf 75' lang='lat' dir='ltr'><strong>lapidibus</strong></span> <span class='ocrx_word' id='word_1_145' title='bbox 3450 1300 3505 1346; x_wconf 90' lang='lat' dir='ltr'><strong>et</strong></span> <span class='ocrx_word' id='word_1_146' title='bbox 3532 1291 3712 1361; x_wconf 83' lang='lat' dir='ltr'><strong>lignis,</strong></span> 
     </span>
    </p>
   </div>
   <div class='ocr_carea' id='block_1_28' title="bbox 2143 1380 3713 1451">
    <p class='ocr_par' dir='ltr' id='par_1_28' title="bbox 2143 1380 3713 1451">
     <span class='ocr_line' id='line_1_28' title="bbox 2143 1380 3713 1451; baseline -0.002 -16"><span class='ocrx_word' id='word_1_147' title='bbox 2143 1381 2256 1435; x_wconf 88' lang='lat' dir='ltr'><strong>suis</strong></span> <span class='ocrx_word' id='word_1_148' title='bbox 2278 1381 2474 1449; x_wconf 88' lang='lat' dir='ltr'><strong>pannis</strong></span> <span class='ocrx_word' id='word_1_149' title='bbox 2517 1391 2698 1451; x_wconf 84' lang='lat' dir='ltr'><strong>posset</strong></span> <span class='ocrx_word' id='word_1_150' title='bbox 2744 1391 3046 1451; x_wconf 66' lang='lat' dir='ltr'><strong>extergere,</strong></span> <span class='ocrx_word' id='word_1_151' title='bbox 3100 1383 3375 1450; x_wconf 86' lang='lat' dir='ltr'><strong>cupientes</strong></span> <span class='ocrx_word' id='word_1_152' title='bbox 3421 1380 3568 1435; x_wconf 88' lang='lat' dir='ltr'><strong>illum</strong></span> <span class='ocrx_word' id='word_1_153' title='bbox 3613 1394 3713 1449; x_wconf 83' lang='lat' dir='ltr'><strong>pro</strong></span> 
     </span>
    </p>
   </div>
   <div class='ocr_carea' id='block_1_29' title="bbox 2145 1468 3081 1540">
    <p class='ocr_par' dir='ltr' id='par_1_29' title="bbox 2145 1468 3081 1540">
     <span class='ocr_line' id='line_1_29' title="bbox 2145 1468 3081 1540; baseline 0 -16"><span class='ocrx_word' id='word_1_154' title='bbox 2145 1470 2356 1540; x_wconf 80' lang='lat' dir='ltr'><strong>magnis</strong></span> <span class='ocrx_word' id='word_1_155' title='bbox 2387 1468 2630 1538; x_wconf 86' lang='lat' dir='ltr'><strong>reliquiis</strong></span> <span class='ocrx_word' id='word_1_156' title='bbox 2655 1485 2833 1524; x_wconf 88' lang='lat' dir='ltr'><strong>secum</strong></span> <span class='ocrx_word' id='word_1_157' title='bbox 2863 1472 3081 1525; x_wconf 84' lang='lat' dir='ltr'><strong>habere.</strong></span> 
     </span>
    </p>
   </div>
   <div class='ocr_carea' id='block_1_30' title="bbox 2722 1564 3138 1620">
    <p class='ocr_par' dir='ltr' id='par_1_30' title="bbox 2722 1564 3138 1620">
     <span class='ocr_line' id='line_1_30' title="bbox 2722 1564 3138 1620; baseline -0.005 -1"><span class='ocrx_word' id='word_1_158' title='bbox 2722 1564 2946 1620; x_wconf 77' lang='lat' dir='ltr'><strong>CAPUT</strong></span> <span class='ocrx_word' id='word_1_159' title='bbox 2988 1565 3138 1619; x_wconf 74' lang='lat' dir='ltr'><strong>LXII.</strong></span> 
     </span>
    </p>
   </div>
   <div class='ocr_carea' id='block_1_31' title="bbox 2217 1654 3717 1725">
    <p class='ocr_par' dir='ltr' id='par_1_31' title="bbox 2217 1654 3717 1725">
     <span class='ocr_line' id='line_1_31' title="bbox 2217 1654 3717 1725; baseline -0.001 -17"><span class='ocrx_word' id='word_1_160' title='bbox 2217 1655 2417 1710; x_wconf 72' lang='lat' dir='ltr'><strong>Beatus</strong></span> <span class='ocrx_word' id='word_1_161' title='bbox 2442 1665 2620 1709; x_wconf 89' lang='lat' dir='ltr'><strong>autem</strong></span> <span class='ocrx_word' id='word_1_162' title='bbox 2651 1655 2887 1710; x_wconf 69' lang='lat' dir='ltr'><strong>Joannes</strong></span> <span class='ocrx_word' id='word_1_163' title='bbox 2918 1655 3302 1711; x_wconf 80' lang='lat' dir='ltr'><strong>Vallumbrosac</strong></span> <span class='ocrx_word' id='word_1_164' title='bbox 3336 1664 3461 1710; x_wconf 92' lang='lat' dir='ltr'><strong>tunc</strong></span> <span class='ocrx_word' id='word_1_165' title='bbox 3487 1654 3717 1725; x_wconf 86' lang='lat' dir='ltr'><strong>positus,</strong></span> 
     </span>
    </p>
   </div>
   <div class='ocr_carea' id='block_1_32' title="bbox 2151 1747 3793 1819">
    <p class='ocr_par' dir='ltr' id='par_1_32' title="bbox 2151 1747 3793 1819">
     <span class='ocr_line' id='line_1_32' title="bbox 2151 1747 3793 1819; baseline -0.001 -18"><span class='ocrx_word' id='word_1_166' title='bbox 2151 1749 2378 1802; x_wconf 88' lang='lat' dir='ltr'><strong>audiens</strong></span> <span class='ocrx_word' id='word_1_167' title='bbox 2401 1748 2540 1817; x_wconf 89' lang='lat' dir='ltr'><strong>quod</strong></span> <span class='ocrx_word' id='word_1_168' title='bbox 2570 1747 2862 1810; x_wconf 85' lang='lat' dir='ltr'><strong>acciderat,</strong></span> <span class='ocrx_word' id='word_1_169' title='bbox 2892 1763 3076 1803; x_wconf 90' lang='lat' dir='ltr'><strong>amore</strong></span> <span class='ocrx_word' id='word_1_170' title='bbox 3120 1749 3363 1819; x_wconf 83' lang='lat' dir='ltr'><strong>martyrii</strong></span> <span class='ocrx_word' id='word_1_171' title='bbox 3395 1747 3625 1818; x_wconf 79' lang='lat' dir='ltr'><strong>flagrans</strong></span> <span class='ocrx_word' id='word_1_172' title='bbox 3647 1747 3718 1801; x_wconf 83' lang='lat' dir='ltr'><strong>ad</strong></span> <span class='ocrx_word' id='word_1_173' title='bbox 3783 1778 3793 1785; x_wconf 91' lang='lat'><em>-</em></span> 
     </span>
    </p>
   </div>
   <div class='ocr_carea' id='block_1_33' title="bbox 475 1812 3719 1907">
    <p class='ocr_par' dir='ltr' id='par_1_33' title="bbox 475 1812 3719 1907">
     <span class='ocr_line' id='line_1_33' title="bbox 475 1812 3719 1907; baseline 0.001 -17"><span class='ocrx_word' id='word_1_174' title='bbox 475 1838 725 1892; x_wconf 87' lang='lat' dir='ltr'><strong>amittere</strong></span> <span class='ocrx_word' id='word_1_175' title='bbox 761 1836 1040 1892; x_wconf 79' lang='lat' dir='ltr'><strong>mortalem</strong></span> <span class='ocrx_word' id='word_1_176' title='bbox 1081 1837 1268 1900; x_wconf 72' lang='lat' dir='ltr'><strong>vitam,</strong></span> <span class='ocrx_word' id='word_1_177' title='bbox 1312 1812 1474 1907; x_wconf 76' lang='lat' dir='ltr'><strong>quam</strong></span> <span class='ocrx_word' id='word_1_178' title='bbox 1526 1835 1702 1891; x_wconf 90' lang='lat' dir='ltr'><strong>celare</strong></span> <span class='ocrx_word' id='word_1_179' title='bbox 1743 1812 2045 1900; x_wconf 73' lang='lat' dir='ltr'><strong>veritatem,</strong></span> <span class='ocrx_word' id='word_1_180' title='bbox 2080 1812 2124 1871; x_wconf 68' lang='grc' dir='ltr'><strong>Β</strong></span> <span class='ocrx_word' id='word_1_181' title='bbox 2153 1812 2684 1892; x_wconf 37' lang='lat' dir='ltr'><strong>Sanctum&#39;Salvium</strong></span> <span class='ocrx_word' id='word_1_182' title='bbox 2728 1838 2956 1894; x_wconf 82' lang='lat' dir='ltr'><strong>festinus</strong></span> <span class='ocrx_word' id='word_1_183' title='bbox 2976 1840 3141 1893; x_wconf 83' lang='lat' dir='ltr'><strong>venit.</strong></span> <span class='ocrx_word' id='word_1_184' title='bbox 3170 1812 3429 1894; x_wconf 76' lang='lat' dir='ltr'><strong>Abbatem</strong></span> <span class='ocrx_word' id='word_1_185' title='bbox 3468 1812 3719 1893; x_wconf 62' lang='lat' dir='ltr'><strong>caeteros»</strong></span> 
     </span>
    </p>
   </div>
   <div class='ocr_carea' id='block_1_34' title="bbox 480 1926 2048 1998">
    <p class='ocr_par' dir='ltr' id='par_1_34' title="bbox 480 1926 2048 1998">
     <span class='ocr_line' id='line_1_34' title="bbox 480 1926 2048 1998; baseline -0.003 -15"><span class='ocrx_word' id='word_1_186' title='bbox 480 1931 654 1998; x_wconf 84' lang='lat' dir='ltr'><strong>ipsum</strong></span> <span class='ocrx_word' id='word_1_187' title='bbox 694 1926 911 1982; x_wconf 87' lang='lat' dir='ltr'><strong>Petrum</strong></span> <span class='ocrx_word' id='word_1_188' title='bbox 952 1943 1057 1982; x_wconf 90' lang='lat' dir='ltr'><strong>non</strong></span> <span class='ocrx_word' id='word_1_189' title='bbox 1092 1936 1296 1984; x_wconf 89' lang='lat' dir='ltr'><strong>tantum</strong></span> <span class='ocrx_word' id='word_1_190' title='bbox 1342 1926 1726 1992; x_wconf 82' lang='lat' dir='ltr'><strong>Simoniacum,</strong></span> <span class='ocrx_word' id='word_1_191' title='bbox 1754 1927 1849 1982; x_wconf 90' lang='lat' dir='ltr'><strong>sed</strong></span> <span class='ocrx_word' id='word_1_192' title='bbox 1886 1926 2048 1981; x_wconf 84' lang='lat' dir='ltr'><strong>ctiam</strong></span> 
     </span>
    </p>
   </div>
   <div class='ocr_carea' id='block_1_35' title="bbox 479 2017 2053 2088">
    <p class='ocr_par' dir='ltr' id='par_1_35' title="bbox 479 2017 2053 2088">
     <span class='ocr_line' id='line_1_35' title="bbox 479 2017 2053 2088; baseline -0.001 -17"><span class='ocrx_word' id='word_1_193' title='bbox 479 2017 787 2072; x_wconf 62' lang='lat' dir='ltr'><strong>haereticum</strong></span> <span class='ocrx_word' id='word_1_194' title='bbox 838 2032 978 2087; x_wconf 70' lang='lat' dir='ltr'><strong>saepe</strong></span> <span class='ocrx_word' id='word_1_195' title='bbox 1014 2017 1430 2073; x_wconf 77' lang='lat' dir='ltr'><strong>dicebatzunde</strong></span> <span class='ocrx_word' id='word_1_196' title='bbox 1476 2018 1742 2088; x_wconf 87' lang='lat' dir='ltr'><strong>pervalida</strong></span> <span class='ocrx_word' id='word_1_197' title='bbox 1781 2017 2053 2073; x_wconf 83' lang='lat' dir='ltr'><strong>contentio</strong></span> 
     </span>
    </p>
   </div>
   <div class='ocr_carea' id='block_1_36' title="bbox 481 2107 2051 2179">
    <p class='ocr_par' dir='ltr' id='par_1_36' title="bbox 481 2107 2051 2179">
     <span class='ocr_line' id='line_1_36' title="bbox 481 2107 2051 2179; baseline 0 -16"><span class='ocrx_word' id='word_1_198' title='bbox 481 2111 538 2163; x_wconf 89' lang='lat' dir='ltr'><strong>in</strong></span> <span class='ocrx_word' id='word_1_199' title='bbox 584 2109 785 2163; x_wconf 89' lang='lat' dir='ltr'><strong>clerum</strong></span> <span class='ocrx_word' id='word_1_200' title='bbox 829 2119 882 2163; x_wconf 89' lang='lat' dir='ltr'><strong>et</strong></span> <span class='ocrx_word' id='word_1_201' title='bbox 927 2108 1179 2179; x_wconf 86' lang='lat' dir='ltr'><strong>populum</strong></span> <span class='ocrx_word' id='word_1_202' title='bbox 1231 2108 1597 2164; x_wconf 87' lang='lat' dir='ltr'><strong>Florentinum</strong></span> <span class='ocrx_word' id='word_1_203' title='bbox 1646 2118 1763 2163; x_wconf 88' lang='lat' dir='ltr'><strong>orta</strong></span> <span class='ocrx_word' id='word_1_204' title='bbox 1809 2116 1911 2164; x_wconf 89' lang='lat' dir='ltr'><strong>cst.</strong></span> <span class='ocrx_word' id='word_1_205' title='bbox 1948 2107 2051 2164; x_wconf 82' lang='lat' dir='ltr'><strong>Alii</strong></span> 
     </span>
    </p>
   </div>
   <div class='ocr_carea' id='block_1_37' title="bbox 482 2199 2053 2270">
    <p class='ocr_par' dir='ltr' id='par_1_37' title="bbox 482 2199 2053 2270">
     <span class='ocr_line' id='line_1_37' title="bbox 482 2199 2053 2270; baseline 0.001 -18"><span class='ocrx_word' id='word_1_206' title='bbox 482 2200 720 2267; x_wconf 84' lang='lat' dir='ltr'><strong>quidem,</strong></span> <span class='ocrx_word' id='word_1_207' title='bbox 763 2199 1076 2269; x_wconf 83' lang='lat' dir='ltr'><strong>temporalia</strong></span> <span class='ocrx_word' id='word_1_208' title='bbox 1118 2202 1394 2255; x_wconf 82' lang='lat' dir='ltr'><strong>commoda</strong></span> <span class='ocrx_word' id='word_1_209' title='bbox 1427 2199 1726 2270; x_wconf 77' lang='lat' dir='ltr'><strong>diligentes,</strong></span> <span class='ocrx_word' id='word_1_210' title='bbox 1758 2201 1928 2269; x_wconf 89' lang='lat' dir='ltr'><strong>ipsum</strong></span> <span class='ocrx_word' id='word_1_211' title='bbox 1957 2201 2053 2254; x_wconf 85' lang='lat' dir='ltr'><strong>de-</strong></span> 
     </span>
    </p>
   </div>
   <div class='ocr_carea' id='block_1_38' title="bbox 480 2290 2058 2363">
    <p class='ocr_par' dir='ltr' id='par_1_38' title="bbox 480 2290 2058 2363">
     <span class='ocr_line' id='line_1_38' title="bbox 480 2290 2058 2363; baseline -0.001 -17"><span class='ocrx_word' id='word_1_212' title='bbox 480 2290 798 2355; x_wconf 82' lang='lat' dir='ltr'><strong>fendebant;</strong></span> <span class='ocrx_word' id='word_1_213' title='bbox 828 2291 918 2346; x_wconf 90' lang='lat' dir='ltr'><strong>alii</strong></span> <span class='ocrx_word' id='word_1_214' title='bbox 947 2306 1067 2346; x_wconf 89' lang='lat' dir='ltr'><strong>cum</strong></span> <span class='ocrx_word' id='word_1_215' title='bbox 1098 2292 1394 2357; x_wconf 82' lang='lat' dir='ltr'><strong>monachis,</strong></span> <span class='ocrx_word' id='word_1_216' title='bbox 1434 2292 1544 2363; x_wconf 89' lang='lat' dir='ltr'><strong>jam</strong></span> <span class='ocrx_word' id='word_1_217' title='bbox 1589 2292 1798 2348; x_wconf 90' lang='lat' dir='ltr'><strong>illorum</strong></span> <span class='ocrx_word' id='word_1_218' title='bbox 1827 2292 2058 2347; x_wconf 83' lang='lat' dir='ltr'><strong>crudeli-</strong></span> 
     </span>
    </p>
   </div>
   <div class='ocr_carea' id='block_1_39' title="bbox 478 2381 2052 2448">
    <p class='ocr_par' dir='ltr' id='par_1_39' title="bbox 478 2381 2052 2448">
     <span class='ocr_line' id='line_1_39' title="bbox 478 2381 2052 2448; baseline -0.002 -10"><span class='ocrx_word' id='word_1_219' title='bbox 478 2382 581 2438; x_wconf 81' lang='lat' dir='ltr'><strong>bus</strong></span> <span class='ocrx_word' id='word_1_220' title='bbox 625 2382 835 2448; x_wconf 81' lang='lat' dir='ltr'><strong>verbis,</strong></span> <span class='ocrx_word' id='word_1_221' title='bbox 878 2381 1051 2438; x_wconf 89' lang='lat' dir='ltr'><strong>eidem</strong></span> <span class='ocrx_word' id='word_1_222' title='bbox 1094 2384 1464 2438; x_wconf 84' lang='lat' dir='ltr'><strong>vehementius</strong></span> <span class='ocrx_word' id='word_1_223' title='bbox 1508 2382 1860 2438; x_wconf 88' lang='lat' dir='ltr'><strong>obsistebant.</strong></span> <span class='ocrx_word' id='word_1_224' title='bbox 1919 2382 2052 2435; x_wconf 88' lang='lat' dir='ltr'><strong>Dum</strong></span> 
     </span>
    </p>
   </div>
   <div class='ocr_carea' id='block_1_40' title="bbox 480 2471 2057 2544">
    <p class='ocr_par' dir='ltr' id='par_1_40' title="bbox 480 2471 2057 2544">
     <span class='ocr_line' id='line_1_40' title="bbox 480 2471 2057 2544; baseline -0.001 -17"><span class='ocrx_word' id='word_1_225' title='bbox 480 2475 596 2529; x_wconf 59' lang='lat' dir='ltr'><strong>haec</strong></span> <span class='ocrx_word' id='word_1_226' title='bbox 624 2473 784 2544; x_wconf 72' lang='lat' dir='ltr'><strong>igitur</strong></span> <span class='ocrx_word' id='word_1_227' title='bbox 810 2472 1085 2527; x_wconf 74' lang='lat' dir='ltr'><strong>contentio</strong></span> <span class='ocrx_word' id='word_1_228' title='bbox 1110 2487 1204 2542; x_wconf 89' lang='lat' dir='ltr'><strong>per</strong></span> <span class='ocrx_word' id='word_1_229' title='bbox 1231 2473 1347 2528; x_wconf 88' lang='lat' dir='ltr'><strong>dies</strong></span> <span class='ocrx_word' id='word_1_230' title='bbox 1374 2473 1567 2528; x_wconf 89' lang='lat' dir='ltr'><strong>multos</strong></span> <span class='ocrx_word' id='word_1_231' title='bbox 1596 2473 1735 2527; x_wconf 87' lang='lat' dir='ltr'><strong>inter</strong></span> <span class='ocrx_word' id='word_1_232' title='bbox 1771 2471 1971 2526; x_wconf 85' lang='lat' dir='ltr'><strong>clerum</strong></span> <span class='ocrx_word' id='word_1_233' title='bbox 2001 2482 2057 2525; x_wconf 90' lang='lat' dir='ltr'><strong>et</strong></span> 
     </span>
    </p>
   </div>
   <div class='ocr_carea' id='block_1_41' title="bbox 480 2561 2059 2634">
    <p class='ocr_par' dir='ltr' id='par_1_41' title="bbox 480 2561 2059 2634">
     <span class='ocr_line' id='line_1_41' title="bbox 480 2561 2059 2634; baseline -0.003 -16"><span class='ocrx_word' id='word_1_234' title='bbox 480 2562 735 2634; x_wconf 87' lang='lat' dir='ltr'><strong>populum</strong></span> <span class='ocrx_word' id='word_1_235' title='bbox 763 2562 1073 2628; x_wconf 85' lang='lat' dir='ltr'><strong>haberetur,-</strong></span> <span class='ocrx_word' id='word_1_236' title='bbox 1112 2571 1165 2617; x_wconf 92' lang='lat' dir='ltr'><strong>et</strong></span> <span class='ocrx_word' id='word_1_237' title='bbox 1192 2563 1387 2617; x_wconf 85' lang='lat' dir='ltr'><strong>seditio</strong></span> <span class='ocrx_word' id='word_1_238' title='bbox 1431 2563 1554 2618; x_wconf 91' lang='lat' dir='ltr'><strong>inde</strong></span> <span class='ocrx_word' id='word_1_239' title='bbox 1597 2561 1908 2630; x_wconf 85' lang='lat' dir='ltr'><strong>frequenter</strong></span> <span class='ocrx_word' id='word_1_240' title='bbox 1948 2561 2059 2615; x_wconf 83' lang='lat' dir='ltr'><strong>ori-</strong></span> 
     </span>
    </p>
   </div>
   <div class='ocr_carea' id='block_1_42' title="bbox 479 2650 2059 2718">
    <p class='ocr_par' dir='ltr' id='par_1_42' title="bbox 479 2650 2059 2718">
     <span class='ocr_line' id='line_1_42' title="bbox 479 2650 2059 2718; baseline -0.001 -11"><span class='ocrx_word' id='word_1_241' title='bbox 479 2660 653 2718; x_wconf 88' lang='lat' dir='ltr'><strong>retur,</strong></span> <span class='ocrx_word' id='word_1_242' title='bbox 681 2652 1008 2707; x_wconf 77' lang='lat' dir='ltr'><strong>existimavit</strong></span> <span class='ocrx_word' id='word_1_243' title='bbox 1033 2652 1314 2707; x_wconf 78' lang='lat' dir='ltr'><strong>baereticus</strong></span> <span class='ocrx_word' id='word_1_244' title='bbox 1350 2652 1540 2706; x_wconf 88' lang='lat' dir='ltr'><strong>Petrus</strong></span> <span class='ocrx_word' id='word_1_245' title='bbox 1569 2650 1794 2707; x_wconf 86' lang='lat' dir='ltr'><strong>clericos</strong></span> <span class='ocrx_word' id='word_1_246' title='bbox 1818 2661 1870 2706; x_wconf 93' lang='lat' dir='ltr'><strong>et</strong></span> <span class='ocrx_word' id='word_1_247' title='bbox 1893 2651 2059 2706; x_wconf 84' lang='lat' dir='ltr'><strong>taicos</strong></span> 
     </span>
    </p>
   </div>
   <div class='ocr_carea' id='block_1_43' title="bbox 481 2743 2059 2813">
    <p class='ocr_par' dir='ltr' id='par_1_43' title="bbox 481 2743 2059 2813">
     <span class='ocr_line' id='line_1_43' title="bbox 481 2743 2059 2813; baseline 0 -15"><span class='ocrx_word' id='word_1_248' title='bbox 481 2744 587 2799; x_wconf 87' lang='lat' dir='ltr'><strong>hoc</strong></span> <span class='ocrx_word' id='word_1_249' title='bbox 614 2745 771 2799; x_wconf 91' lang='lat' dir='ltr'><strong>modo</strong></span> <span class='ocrx_word' id='word_1_250' title='bbox 798 2751 1024 2810; x_wconf 88' lang='lat' dir='ltr'><strong>terrere,</strong></span> <span class='ocrx_word' id='word_1_251' title='bbox 1072 2746 1117 2799; x_wconf 89' lang='lat' dir='ltr'><strong>si</strong></span> <span class='ocrx_word' id='word_1_252' title='bbox 1164 2746 1456 2800; x_wconf 77' lang='lat' dir='ltr'><strong>monachos</strong></span> <span class='ocrx_word' id='word_1_253' title='bbox 1500 2758 1735 2808; x_wconf 84' lang='lat' dir='ltr'><strong>necaret,</strong></span> <span class='ocrx_word' id='word_1_254' title='bbox 1783 2759 1812 2796; x_wconf 91' lang='lat' dir='ltr'><strong>a</strong></span> <span class='ocrx_word' id='word_1_255' title='bbox 1866 2743 2059 2813; x_wconf 83' lang='lat' dir='ltr'><strong>quibus</strong></span> 
     </span>
    </p>
   </div>
   <div class='ocr_carea' id='block_1_44' title="bbox 480 2833 2059 2905">
    <p class='ocr_par' dir='ltr' id='par_1_44' title="bbox 480 2833 2059 2905">
     <span class='ocr_line' id='line_1_44' title="bbox 480 2833 2059 2905; baseline 0 -18"><span class='ocrx_word' id='word_1_256' title='bbox 480 2834 644 2891; x_wconf 85' lang='lat' dir='ltr'><strong>verba</strong></span> <span class='ocrx_word' id='word_1_257' title='bbox 674 2834 776 2890; x_wconf 86' lang='lat' dir='ltr'><strong>sibi</strong></span> <span class='ocrx_word' id='word_1_258' title='bbox 804 2836 1073 2890; x_wconf 82' lang='lat' dir='ltr'><strong>contraria</strong></span> <span class='ocrx_word' id='word_1_259' title='bbox 1119 2835 1378 2905; x_wconf 88' lang='lat' dir='ltr'><strong>principia</strong></span> <span class='ocrx_word' id='word_1_260' title='bbox 1413 2841 1771 2903; x_wconf 90' lang='lat' dir='ltr'><strong>sumpserant.</strong></span> <span class='ocrx_word' id='word_1_261' title='bbox 1812 2833 1915 2887; x_wconf 86' lang='lat' dir='ltr'><strong>Pro</strong></span> <span class='ocrx_word' id='word_1_262' title='bbox 1951 2848 2059 2902; x_wconf 89' lang='lat' dir='ltr'><strong>qua</strong></span> 
     </span>
    </p>
   </div>
   <div class='ocr_carea' id='block_1_45' title="bbox 485 2923 2061 2991">
    <p class='ocr_par' dir='ltr' id='par_1_45' title="bbox 485 2923 2061 2991">
     <span class='ocr_line' id='line_1_45' title="bbox 485 2923 2061 2991; baseline -0.001 -13"><span class='ocrx_word' id='word_1_263' title='bbox 485 2939 546 2978; x_wconf 90' lang='lat' dir='ltr'><strong>re</strong></span> <span class='ocrx_word' id='word_1_264' title='bbox 576 2925 753 2979; x_wconf 36' lang='lat' dir='ltr'><strong>missa.</strong></span> <span class='ocrx_word' id='word_1_265' title='bbox 779 2923 1118 2979; x_wconf 84' lang='lat' dir='ltr'><strong>multitudine</strong></span> <span class='ocrx_word' id='word_1_266' title='bbox 1153 2925 1388 2991; x_wconf 83' lang='lat' dir='ltr'><strong>peditum</strong></span> <span class='ocrx_word' id='word_1_267' title='bbox 1418 2932 1471 2977; x_wconf 87' lang='lat' dir='ltr'><strong>et</strong></span> <span class='ocrx_word' id='word_1_268' title='bbox 1500 2923 1761 2991; x_wconf 61' lang='lat' dir='ltr'><strong>equitum,</strong></span> <span class='ocrx_word' id='word_1_269' title='bbox 1800 2932 2061 2977; x_wconf 84' lang='lat' dir='ltr'><strong>nocturno</strong></span> 
     </span>
    </p>
   </div>
   <div class='ocr_carea' id='block_1_46' title="bbox 482 3006 2057 3082">
    <p class='ocr_par' dir='ltr' id='par_1_46' title="bbox 482 3006 2057 3082">
     <span class='ocr_line' id='line_1_46' title="bbox 482 3006 2057 3082; baseline -0.001 -15"><span class='ocrx_word' id='word_1_270' title='bbox 482 3008 746 3080; x_wconf 78' lang='lat' dir='ltr'><strong>tempere,</strong></span> <span class='ocrx_word' id='word_1_271' title='bbox 766 3011 926 3082; x_wconf 84' lang='lat' dir='ltr'><strong>jussit</strong></span> <span class='ocrx_word' id='word_1_272' title='bbox 944 3012 1112 3066; x_wconf 87' lang='lat' dir='ltr'><strong>sancti</strong></span> <span class='ocrx_word' id='word_1_273' title='bbox 1138 3006 1299 3065; x_wconf 87' lang='lat' dir='ltr'><strong>Salvii</strong></span> <span class='ocrx_word' id='word_1_274' title='bbox 1325 3011 1625 3066; x_wconf 72' lang='lat' dir='ltr'><strong>cmizobium</strong></span> <span class='ocrx_word' id='word_1_275' title='bbox 1657 3012 1774 3081; x_wconf 79' lang='lat' dir='ltr'><strong>igne</strong></span> <span class='ocrx_word' id='word_1_276' title='bbox 1795 3011 2057 3075; x_wconf 80' lang='lat' dir='ltr'><strong>comburi,</strong></span> 
     </span>
    </p>
   </div>
   <div class='ocr_carea' id='block_1_47' title="bbox 489 3101 2059 3171">
    <p class='ocr_par' dir='ltr' id='par_1_47' title="bbox 489 3101 2059 3171">
     <span class='ocr_line' id='line_1_47' title="bbox 489 3101 2059 3171; baseline -0.001 -14"><span class='ocrx_word' id='word_1_277' title='bbox 489 3112 545 3158; x_wconf 88' lang='lat' dir='ltr'><strong>et</strong></span> <span class='ocrx_word' id='word_1_278' title='bbox 591 3104 886 3158; x_wconf 87' lang='lat' dir='ltr'><strong>monachos</strong></span> <span class='ocrx_word' id='word_1_279' title='bbox 923 3102 995 3156; x_wconf 86' lang='lat' dir='ltr'><strong>ibi</strong></span> <span class='ocrx_word' id='word_1_280' title='bbox 1040 3112 1279 3171; x_wconf 82' lang='lat' dir='ltr'><strong>repertos</strong></span> <span class='ocrx_word' id='word_1_281' title='bbox 1324 3101 1884 3157; x_wconf 69' lang='lat' dir='ltr'><strong>in!e.tici.~Joannem</strong></span> <span class='ocrx_word' id='word_1_282' title='bbox 1932 3115 2059 3156; x_wconf 88' lang='lat' dir='ltr'><strong>vero</strong></span> 
     </span>
    </p>
   </div>
   <div class='ocr_carea' id='block_1_48' title="bbox 2152 1925 3715 1998">
    <p class='ocr_par' dir='ltr' id='par_1_48' title="bbox 2152 1925 3715 1998">
     <span class='ocr_line' id='line_1_48' title="bbox 2152 1925 3715 1998; baseline 0 -19"><span class='ocrx_word' id='word_1_283' title='bbox 2152 1943 2258 1998; x_wconf 81' lang='lat' dir='ltr'><strong>que</strong></span> <span class='ocrx_word' id='word_1_284' title='bbox 2310 1928 2506 1982; x_wconf 84' lang='lat' dir='ltr'><strong>fratres</strong></span> <span class='ocrx_word' id='word_1_285' title='bbox 2550 1925 2868 1997; x_wconf 76' lang='lat' dir='ltr'><strong>flagellatos,</strong></span> <span class='ocrx_word' id='word_1_286' title='bbox 2918 1942 3107 1992; x_wconf 63' lang='lat' dir='ltr'><strong>caasos,</strong></span> <span class='ocrx_word' id='word_1_287' title='bbox 3152 1928 3323 1983; x_wconf 89' lang='lat' dir='ltr'><strong>nudos</strong></span> <span class='ocrx_word' id='word_1_288' title='bbox 3345 1929 3715 1993; x_wconf 85' lang='lat' dir='ltr'><strong>considerans,</strong></span> 
     </span>
    </p>
   </div>
   <div class='ocr_carea' id='block_1_49' title="bbox 2153 2015 3733 2083">
    <p class='ocr_par' dir='ltr' id='par_1_49' title="bbox 2153 2015 3733 2083">
     <span class='ocr_line' id='line_1_49' title="bbox 2153 2015 3733 2083; baseline -0.003 -10"><span class='ocrx_word' id='word_1_289' title='bbox 2153 2020 2326 2074; x_wconf 78' lang='lat' dir='ltr'><strong>dixit:</strong></span> <span class='ocrx_word' id='word_1_290' title='bbox 2361 2037 2379 2068; x_wconf 72' lang='grc' dir='ltr'><em>ς</em></span> <span class='ocrx_word' id='word_1_291' title='bbox 2428 2015 2581 2072; x_wconf 84' lang='lat' dir='ltr'><strong>Nune</strong></span> <span class='ocrx_word' id='word_1_292' title='bbox 2609 2032 2736 2071; x_wconf 84' lang='lat' dir='ltr'><strong>vere</strong></span> <span class='ocrx_word' id='word_1_293' title='bbox 2773 2018 3019 2071; x_wconf 88' lang='lat' dir='ltr'><strong>monachi</strong></span> <span class='ocrx_word' id='word_1_294' title='bbox 3046 2018 3198 2083; x_wconf 89' lang='lat' dir='ltr'><strong>estis,</strong></span> <span class='ocrx_word' id='word_1_295' title='bbox 3227 2020 3320 2072; x_wconf 89' lang='lat' dir='ltr'><strong>sed</strong></span> <span class='ocrx_word' id='word_1_296' title='bbox 3346 2033 3443 2071; x_wconf 84' lang='lat' dir='ltr'><strong>cur</strong></span> <span class='ocrx_word' id='word_1_297' title='bbox 3471 2019 3587 2071; x_wconf 82' lang='lat' dir='ltr'><strong>sine</strong></span> <span class='ocrx_word' id='word_1_298' title='bbox 3632 2031 3733 2070; x_wconf 12' lang='lat' dir='ltr'><strong>mea</strong></span> 
     </span>
    </p>
   </div>
   <div class='ocr_carea' id='block_1_50' title="bbox 2156 2104 3722 2177">
    <p class='ocr_par' dir='ltr' id='par_1_50' title="bbox 2156 2104 3722 2177">
     <span class='ocr_line' id='line_1_50' title="bbox 2156 2104 3722 2177; baseline -0.003 -12"><span class='ocrx_word' id='word_1_299' title='bbox 2156 2111 2257 2165; x_wconf 85' lang='lat' dir='ltr'><strong>hoc</strong></span> <span class='ocrx_word' id='word_1_300' title='bbox 2309 2109 2549 2177; x_wconf 85' lang='lat' dir='ltr'><strong>perferre</strong></span> <span class='ocrx_word' id='word_1_301' title='bbox 2594 2104 2875 2163; x_wconf 70' lang='lat' dir='ltr'><strong>voluistis?</strong></span> <span class='ocrx_word' id='word_1_302' title='bbox 2911 2126 2929 2158; x_wconf 75' lang='grc' dir='ltr'><strong>ι</strong></span> <span class='ocrx_word' id='word_1_303' title='bbox 2974 2107 3137 2162; x_wconf 82' lang='lat' dir='ltr'><strong>Valde</strong></span> <span class='ocrx_word' id='word_1_304' title='bbox 3167 2108 3310 2161; x_wconf 88' lang='lat' dir='ltr'><strong>enim</strong></span> <span class='ocrx_word' id='word_1_305' title='bbox 3369 2108 3535 2163; x_wconf 83' lang='lat' dir='ltr'><strong>doluit</strong></span> <span class='ocrx_word' id='word_1_306' title='bbox 3578 2108 3722 2176; x_wconf 68' lang='lat' dir='ltr'><strong>quin}</strong></span> 
     </span>
    </p>
   </div>
   <div class='ocr_carea' id='block_1_51' title="bbox 2138 2194 3721 2270">
    <p class='ocr_par' dir='ltr' id='par_1_51' title="bbox 2138 2194 3721 2270">
     <span class='ocr_line' id='line_1_51' title="bbox 2138 2194 3721 2270; baseline -0.005 -15"><span class='ocrx_word' id='word_1_307' title='bbox 2138 2199 2391 2270; x_wconf 57' lang='lat' dir='ltr'><strong>praefatae</strong></span> <span class='ocrx_word' id='word_1_308' title='bbox 2415 2197 2779 2268; x_wconf 87' lang='lat' dir='ltr'><strong>persecutioni</strong></span> <span class='ocrx_word' id='word_1_309' title='bbox 2812 2196 2988 2252; x_wconf 85' lang='lat' dir='ltr'><strong>minus</strong></span> <span class='ocrx_word' id='word_1_310' title='bbox 3035 2194 3296 2251; x_wconf 80' lang='lat' dir='ltr'><strong>interfuit.</strong></span> <span class='ocrx_word' id='word_1_311' title='bbox 3339 2197 3721 2251; x_wconf 74' lang='lat' dir='ltr'><strong>Verumtamen</strong></span> 
     </span>
    </p>
   </div>
   <div class='ocr_carea' id='block_1_52' title="bbox 2155 2287 3725 2360">
    <p class='ocr_par' dir='ltr' id='par_1_52' title="bbox 2155 2287 3725 2360">
     <span class='ocr_line' id='line_1_52' title="bbox 2155 2287 3725 2360; baseline -0.004 -14"><span class='ocrx_word' id='word_1_312' title='bbox 2155 2294 2211 2346; x_wconf 92' lang='lat' dir='ltr'><strong>in</strong></span> <span class='ocrx_word' id='word_1_313' title='bbox 2241 2293 2342 2347; x_wconf 89' lang='lat' dir='ltr'><strong>hoc</strong></span> <span class='ocrx_word' id='word_1_314' title='bbox 2369 2292 2481 2360; x_wconf 88' lang='lat' dir='ltr'><strong>ipse</strong></span> <span class='ocrx_word' id='word_1_315' title='bbox 2510 2290 2753 2360; x_wconf 83' lang='lat' dir='ltr'><strong>martyrii</strong></span> <span class='ocrx_word' id='word_1_316' title='bbox 2786 2289 3030 2345; x_wconf 88' lang='lat' dir='ltr'><strong>bravium</strong></span> <span class='ocrx_word' id='word_1_317' title='bbox 3084 2290 3335 2354; x_wconf 87' lang='lat' dir='ltr'><strong>obtinuit,</strong></span> <span class='ocrx_word' id='word_1_318' title='bbox 3367 2291 3461 2359; x_wconf 89' lang='lat' dir='ltr'><strong>qui</strong></span> <span class='ocrx_word' id='word_1_319' title='bbox 3487 2287 3725 2357; x_wconf 86' lang='lat' dir='ltr'><strong>discipu-</strong></span> 
     </span>
    </p>
   </div>
   <div class='ocr_carea' id='block_1_53' title="bbox 2157 2376 3725 2435">
    <p class='ocr_par' dir='ltr' id='par_1_53' title="bbox 2157 2376 3725 2435">
     <span class='ocr_line' id='line_1_53' title="bbox 2157 2376 3725 2435; baseline -0.002 -1"><span class='ocrx_word' id='word_1_320' title='bbox 2157 2380 2330 2435; x_wconf 89' lang='lat' dir='ltr'><strong>lorum</strong></span> <span class='ocrx_word' id='word_1_321' title='bbox 2361 2390 2566 2434; x_wconf 86' lang='lat' dir='ltr'><strong>mentes</strong></span> <span class='ocrx_word' id='word_1_322' title='bbox 2588 2380 2654 2433; x_wconf 87' lang='lat' dir='ltr'><strong>ad</strong></span> <span class='ocrx_word' id='word_1_323' title='bbox 2681 2393 2895 2433; x_wconf 85' lang='lat' dir='ltr'><strong>omnem</strong></span> <span class='ocrx_word' id='word_1_324' title='bbox 2940 2377 3277 2433; x_wconf 81' lang='lat' dir='ltr'><strong>tolerantiam</strong></span> <span class='ocrx_word' id='word_1_325' title='bbox 3326 2377 3588 2432; x_wconf 79' lang='lat' dir='ltr'><strong>incitavit.</strong></span> <span class='ocrx_word' id='word_1_326' title='bbox 3637 2376 3725 2433; x_wconf 81' lang='lat' dir='ltr'><strong>Ad</strong></span> 
     </span>
    </p>
   </div>
   <div class='ocr_carea' id='block_1_54' title="bbox 2158 2467 3722 2541">
    <p class='ocr_par' dir='ltr' id='par_1_54' title="bbox 2158 2467 3722 2541">
     <span class='ocr_line' id='line_1_54' title="bbox 2158 2467 3722 2541; baseline -0.004 -13"><span class='ocrx_word' id='word_1_327' title='bbox 2158 2474 2262 2529; x_wconf 90' lang='lat' dir='ltr'><strong>hoc</strong></span> <span class='ocrx_word' id='word_1_328' title='bbox 2286 2472 2446 2526; x_wconf 87' lang='lat' dir='ltr'><strong>etiam</strong></span> <span class='ocrx_word' id='word_1_329' title='bbox 2479 2472 2648 2536; x_wconf 89' lang='lat' dir='ltr'><strong>venit,</strong></span> <span class='ocrx_word' id='word_1_330' title='bbox 2676 2471 2820 2541; x_wconf 87' lang='lat' dir='ltr'><strong>quod</strong></span> <span class='ocrx_word' id='word_1_331' title='bbox 2850 2484 2907 2525; x_wconf 88' lang='lat' dir='ltr'><strong>se</strong></span> <span class='ocrx_word' id='word_1_332' title='bbox 2933 2470 3124 2535; x_wconf 87' lang='lat' dir='ltr'><strong>teneri,</strong></span> <span class='ocrx_word' id='word_1_333' title='bbox 3170 2467 3452 2539; x_wconf 78' lang='lat' dir='ltr'><strong>ﬂagellari,</strong></span> <span class='ocrx_word' id='word_1_334' title='bbox 3494 2470 3722 2524; x_wconf 85' lang='lat' dir='ltr'><strong>detrun-</strong></span> 
     </span>
    </p>
   </div>
   <div class='ocr_carea' id='block_1_55' title="bbox 2157 2559 3729 2633">
    <p class='ocr_par' dir='ltr' id='par_1_55' title="bbox 2157 2559 3729 2633">
     <span class='ocr_line' id='line_1_55' title="bbox 2157 2559 3729 2633; baseline -0.006 -12"><span class='ocrx_word' id='word_1_335' title='bbox 2157 2564 2270 2622; x_wconf 77' lang='lat' dir='ltr'><strong>cati</strong></span> <span class='ocrx_word' id='word_1_336' title='bbox 2301 2563 2573 2633; x_wconf 80' lang='lat' dir='ltr'><strong>sperabat,</strong></span> <span class='ocrx_word' id='word_1_337' title='bbox 2604 2572 2658 2618; x_wconf 92' lang='lat' dir='ltr'><strong>et</strong></span> <span class='ocrx_word' id='word_1_338' title='bbox 2697 2562 2869 2618; x_wconf 87' lang='lat' dir='ltr'><strong>occidi</strong></span> <span class='ocrx_word' id='word_1_339' title='bbox 2900 2577 2999 2631; x_wconf 86' lang='lat' dir='ltr'><strong>pro</strong></span> <span class='ocrx_word' id='word_1_340' title='bbox 3023 2561 3334 2616; x_wconf 88' lang='lat' dir='ltr'><strong>defensione</strong></span> <span class='ocrx_word' id='word_1_341' title='bbox 3361 2559 3637 2615; x_wconf 66' lang='lat' dir='ltr'><strong>catholicae</strong></span> <span class='ocrx_word' id='word_1_342' title='bbox 3662 2559 3729 2612; x_wconf 80' lang='lat' dir='ltr'><strong>ii-</strong></span> 
     </span>
    </p>
   </div>
   <div class='ocr_carea' id='block_1_56' title="bbox 2158 2652 3725 2715">
    <p class='ocr_par' dir='ltr' id='par_1_56' title="bbox 2158 2652 3725 2715">
     <span class='ocr_line' id='line_1_56' title="bbox 2158 2652 3725 2715; baseline -0.006 -1"><span class='ocrx_word' id='word_1_343' title='bbox 2158 2660 2265 2715; x_wconf 84' lang='lat' dir='ltr'><strong>dei.</strong></span> <span class='ocrx_word' id='word_1_344' title='bbox 2296 2658 2544 2713; x_wconf 81' lang='lat' dir='ltr'><strong>Monaclii</strong></span> <span class='ocrx_word' id='word_1_345' title='bbox 2569 2673 2697 2711; x_wconf 88' lang='lat' dir='ltr'><strong>vero</strong></span> <span class='ocrx_word' id='word_1_346' title='bbox 2723 2666 2870 2710; x_wconf 87' lang='lat' dir='ltr'><strong>tanto</strong></span> <span class='ocrx_word' id='word_1_347' title='bbox 2898 2656 3148 2711; x_wconf 87' lang='lat' dir='ltr'><strong>fortiores</strong></span> <span class='ocrx_word' id='word_1_348' title='bbox 3184 2654 3377 2709; x_wconf 78' lang='lat' dir='ltr'><strong>exinde</strong></span> <span class='ocrx_word' id='word_1_349' title='bbox 3425 2652 3549 2707; x_wconf 84' lang='lat' dir='ltr'><strong>facti</strong></span> <span class='ocrx_word' id='word_1_350' title='bbox 3577 2660 3725 2711; x_wconf 84' lang='lat' dir='ltr'><strong>sunt.</strong></span> 
     </span>
    </p>
   </div>
   <div class='ocr_carea' id='block_1_57' title="bbox 2160 2739 3728 2820">
    <p class='ocr_par' dir='ltr' id='par_1_57' title="bbox 2160 2739 3728 2820">
     <span class='ocr_line' id='line_1_57' title="bbox 2160 2739 3728 2820; baseline -0.006 -17"><span class='ocrx_word' id='word_1_351' title='bbox 2160 2759 2366 2820; x_wconf 88' lang='lat' dir='ltr'><strong>quanto</strong></span> <span class='ocrx_word' id='word_1_352' title='bbox 2407 2748 2711 2804; x_wconf 78' lang='lat' dir='ltr'><strong>securiores</strong></span> <span class='ocrx_word' id='word_1_353' title='bbox 2759 2746 2825 2802; x_wconf 87' lang='lat' dir='ltr'><strong>de</strong></span> <span class='ocrx_word' id='word_1_354' title='bbox 2867 2761 3067 2802; x_wconf 88' lang='lat' dir='ltr'><strong>corona</strong></span> <span class='ocrx_word' id='word_1_355' title='bbox 3117 2745 3565 2814; x_wconf 84' lang='lat' dir='ltr'><strong>martyrii,quam</strong></span> <span class='ocrx_word' id='word_1_356' title='bbox 3611 2739 3728 2809; x_wconf 75' lang='lat' dir='ltr'><strong>iam</strong></span> 
     </span>
    </p>
   </div>
   <div class='ocr_carea' id='block_1_58' title="bbox 2161 2829 3731 2913">
    <p class='ocr_par' dir='ltr' id='par_1_58' title="bbox 2161 2829 3731 2913">
     <span class='ocr_line' id='line_1_58' title="bbox 2161 2829 3731 2913; baseline -0.009 -17"><span class='ocrx_word' id='word_1_357' title='bbox 2161 2848 2638 2913; x_wconf 56' lang='lat' dir='ltr'><strong>praegustaverant.</strong></span> <span class='ocrx_word' id='word_1_358' title='bbox 2688 2837 2823 2892; x_wconf 83' lang='lat' dir='ltr'><strong>Nam</strong></span> <span class='ocrx_word' id='word_1_359' title='bbox 2871 2846 3108 2906; x_wconf 90' lang='lat' dir='ltr'><strong>tempore</strong></span> <span class='ocrx_word' id='word_1_360' title='bbox 3151 2834 3339 2906; x_wconf 77' lang='lat' dir='ltr'><strong>synodi</strong></span> <span class='ocrx_word' id='word_1_361' title='bbox 3389 2841 3578 2888; x_wconf 86' lang='lat' dir='ltr'><strong>euntes</strong></span> <span class='ocrx_word' id='word_1_362' title='bbox 3618 2829 3731 2883; x_wconf 80' lang='lat' dir='ltr'><strong>Ro-</strong></span> 
     </span>
    </p>
   </div>
   <div class='ocr_carea' id='block_1_59' title="bbox 2164 2924 3737 3000">
    <p class='ocr_par' dir='ltr' id='par_1_59' title="bbox 2164 2924 3737 3000">
     <span class='ocr_line' id='line_1_59' title="bbox 2164 2924 3737 3000; baseline -0.008 -13"><span class='ocrx_word' id='word_1_363' title='bbox 2164 2949 2328 2998; x_wconf 86' lang='lat' dir='ltr'><strong>mam,</strong></span> <span class='ocrx_word' id='word_1_364' title='bbox 2361 2938 2673 2986; x_wconf 84' lang='lat' dir='ltr'><strong>constanter</strong></span> <span class='ocrx_word' id='word_1_365' title='bbox 2699 2938 2753 2985; x_wconf 92' lang='lat' dir='ltr'><strong>et</strong></span> <span class='ocrx_word' id='word_1_366' title='bbox 2780 2930 2990 3000; x_wconf 89' lang='lat' dir='ltr'><strong>publice</strong></span> <span class='ocrx_word' id='word_1_367' title='bbox 3029 2926 3248 2982; x_wconf 87' lang='lat' dir='ltr'><strong>Petrum</strong></span> <span class='ocrx_word' id='word_1_368' title='bbox 3289 2924 3651 2980; x_wconf 88' lang='lat' dir='ltr'><strong>Simoniacum</strong></span> <span class='ocrx_word' id='word_1_369' title='bbox 3671 2930 3737 2976; x_wconf 69' lang='lat' dir='ltr'><strong>et.</strong></span> 
     </span>
    </p>
   </div>
   <div class='ocr_carea' id='block_1_60' title="bbox 2166 3015 3731 3091">
    <p class='ocr_par' dir='ltr' id='par_1_60' title="bbox 2166 3015 3731 3091">
     <span class='ocr_line' id='line_1_60' title="bbox 2166 3015 3731 3091; baseline -0.008 -11"><span class='ocrx_word' id='word_1_370' title='bbox 2166 3024 2485 3080; x_wconf 77' lang='lat' dir='ltr'><strong>luereticum</strong></span> <span class='ocrx_word' id='word_1_371' title='bbox 2544 3022 3037 3091; x_wconf 88' lang='lat' dir='ltr'><strong>proclamaverunt,</strong></span> <span class='ocrx_word' id='word_1_372' title='bbox 3090 3019 3266 3090; x_wconf 78' lang='lat' dir='ltr'><strong>ignem</strong></span> <span class='ocrx_word' id='word_1_373' title='bbox 3320 3032 3377 3073; x_wconf 89' lang='lat' dir='ltr'><strong>se</strong></span> <span class='ocrx_word' id='word_1_374' title='bbox 3419 3015 3731 3085; x_wconf 87' lang='lat' dir='ltr'><strong>profitentes</strong></span> 
     </span>
    </p>
   </div>
   <div class='ocr_carea' id='block_1_61' title="bbox 2168 3106 3733 3181">
    <p class='ocr_par' dir='ltr' id='par_1_61' title="bbox 2168 3106 3733 3181">
     <span class='ocr_line' id='line_1_61' title="bbox 2168 3106 3733 3181; baseline -0.011 -9"><span class='ocrx_word' id='word_1_375' title='bbox 2168 3118 2374 3172; x_wconf 86' lang='lat' dir='ltr'><strong>intrare</strong></span> <span class='ocrx_word' id='word_1_376' title='bbox 2420 3116 2490 3171; x_wconf 90' lang='lat' dir='ltr'><strong>ad</strong></span> <span class='ocrx_word' id='word_1_377' title='bbox 2518 3113 2696 3169; x_wconf 88' lang='lat' dir='ltr'><strong>scelus</strong></span> <span class='ocrx_word' id='word_1_378' title='bbox 2724 3113 2892 3181; x_wconf 87' lang='lat' dir='ltr'><strong>ipsius</strong></span> <span class='ocrx_word' id='word_1_379' title='bbox 2928 3111 3283 3181; x_wconf 79' lang='lat' dir='ltr'><strong>probandum.</strong></span> <span class='ocrx_word' id='word_1_380' title='bbox 3313 3106 3616 3161; x_wconf 79' lang='lat' dir='ltr'><strong>Alexander</strong></span> <span class='ocrx_word' id='word_1_381' title='bbox 3636 3119 3733 3156; x_wconf 82' lang='lat' dir='ltr'><strong>au—</strong></span> 
     </span>
    </p>
   </div>
   <div class='ocr_carea' id='block_1_62' title="bbox 440 3165 3730 3276">
    <p class='ocr_par' dir='ltr' id='par_1_62' title="bbox 440 3165 3730 3276">
     <span class='ocr_line' id='line_1_62' title="bbox 440 3165 3730 3276; baseline -0.002 -27"><span class='ocrx_word' id='word_1_382' title='bbox 440 3190 443 3191; x_wconf 52' lang='grc'><strong><em>⁷</em></strong></span> <span class='ocrx_word' id='word_1_383' title='bbox 486 3202 694 3265; x_wconf 81' lang='lat' dir='ltr'><strong>patrem</strong></span> <span class='ocrx_word' id='word_1_384' title='bbox 725 3192 832 3248; x_wconf 89' lang='lat' dir='ltr'><strong>illic</strong></span> <span class='ocrx_word' id='word_1_385' title='bbox 860 3192 1187 3247; x_wconf 80' lang='lat' dir='ltr'><strong>existimavit</strong></span> <span class='ocrx_word' id='word_1_386' title='bbox 1211 3201 1336 3247; x_wconf 86' lang='lat' dir='ltr'><strong>tunc</strong></span> <span class='ocrx_word' id='word_1_387' title='bbox 1365 3190 1611 3255; x_wconf 84' lang='lat' dir='ltr'><strong>inveniri,</strong></span> <span class='ocrx_word' id='word_1_388' title='bbox 1653 3189 1746 3245; x_wconf 84' lang='lat' dir='ltr'><strong>sed</strong></span> <span class='ocrx_word' id='word_1_389' title='bbox 1791 3192 1901 3261; x_wconf 90' lang='lat' dir='ltr'><strong>ipse</strong></span> <span class='ocrx_word' id='word_1_390' title='bbox 1921 3206 2060 3261; x_wconf 84' lang='lat' dir='ltr'><strong>prae-</strong></span> <span class='ocrx_word' id='word_1_391' title='bbox 2089 3165 2133 3227; x_wconf 62' lang='grc' dir='ltr'>ϐ</span> <span class='ocrx_word' id='word_1_392' title='bbox 2167 3165 3182 3276; x_wconf 34' lang='grc' dir='ltr'><strong>ἰέὧῂ-Ῑζθιζίίήέιῖιί-Ἶιέιῐηξὲὸοδιοιξίέω</strong></span> <span class='ocrx_word' id='word_1_393' title='bbox 3234 3199 3346 3254; x_wconf 72' lang='lat' dir='ltr'><strong>sedi</strong></span> <span class='ocrx_word' id='word_1_394' title='bbox 3385 3194 3730 3267; x_wconf 47' lang='lat' dir='ltr'><strong>praesidebat,</strong></span> 
     </span>
    </p>
   </div>
   <div class='ocr_carea' id='block_1_63' title="bbox 490 3281 2061 3354">
    <p class='ocr_par' dir='ltr' id='par_1_63' title="bbox 490 3281 2061 3354">
     <span class='ocr_line' id='line_1_63' title="bbox 490 3281 2061 3354; baseline -0.005 -11"><span class='ocrx_word' id='word_1_395' title='bbox 490 3288 654 3343; x_wconf 87' lang='lat' dir='ltr'><strong>terito</strong></span> <span class='ocrx_word' id='word_1_396' title='bbox 682 3285 771 3342; x_wconf 88' lang='lat' dir='ltr'><strong>die</strong></span> <span class='ocrx_word' id='word_1_397' title='bbox 802 3292 1120 3341; x_wconf 86' lang='lat' dir='ltr'><strong>recesserat.</strong></span> <span class='ocrx_word' id='word_1_398' title='bbox 1158 3282 1391 3354; x_wconf 80' lang='lat' dir='ltr'><strong>lugressi</strong></span> <span class='ocrx_word' id='word_1_399' title='bbox 1420 3284 1585 3352; x_wconf 77' lang='lat' dir='ltr'><strong>igitur</strong></span> <span class='ocrx_word' id='word_1_400' title='bbox 1610 3281 1912 3347; x_wconf 86' lang='lat' dir='ltr'><strong>ecclesiam,</strong></span> <span class='ocrx_word' id='word_1_401' title='bbox 1934 3282 2061 3335; x_wconf 91' lang='lat' dir='ltr'><strong>dum</strong></span> 
     </span>
    </p>
   </div>
   <div class='ocr_carea' id='block_1_64' title="bbox 490 3372 2064 3444">
    <p class='ocr_par' dir='ltr' id='par_1_64' title="bbox 490 3372 2064 3444">
     <span class='ocr_line' id='line_1_64' title="bbox 490 3372 2064 3444; baseline -0.003 -11"><span class='ocrx_word' id='word_1_402' title='bbox 490 3378 702 3433; x_wconf 76' lang='lat' dir='ltr'><strong>fratres</strong></span> <span class='ocrx_word' id='word_1_403' title='bbox 734 3385 1055 3433; x_wconf 87' lang='lat' dir='ltr'><strong>nocturnum</strong></span> <span class='ocrx_word' id='word_1_404' title='bbox 1102 3373 1333 3431; x_wconf 79' lang='lat' dir='ltr'><strong>oﬂicium</strong></span> <span class='ocrx_word' id='word_1_405' title='bbox 1370 3374 1719 3437; x_wconf 81' lang='lat' dir='ltr'><strong>celebrarent,</strong></span> <span class='ocrx_word' id='word_1_406' title='bbox 1767 3372 2064 3444; x_wconf 82' lang='lat' dir='ltr'><strong>evagiuatis</strong></span> 
     </span>
    </p>
   </div>
   <div class='ocr_carea' id='block_1_65' title="bbox 487 3462 2065 3535">
    <p class='ocr_par' dir='ltr' id='par_1_65' title="bbox 487 3462 2065 3535">
     <span class='ocr_line' id='line_1_65' title="bbox 487 3462 2065 3535; baseline -0.004 -12"><span class='ocrx_word' id='word_1_407' title='bbox 487 3469 730 3535; x_wconf 84' lang='lat' dir='ltr'><strong>ensibus,</strong></span> <span class='ocrx_word' id='word_1_408' title='bbox 765 3476 823 3521; x_wconf 92' lang='lat' dir='ltr'><strong>ut</strong></span> <span class='ocrx_word' id='word_1_409' title='bbox 850 3466 1085 3525; x_wconf 87' lang='lat' dir='ltr'><strong>immites</strong></span> <span class='ocrx_word' id='word_1_410' title='bbox 1112 3464 1416 3531; x_wconf 88' lang='lat' dir='ltr'><strong>carnifices,</strong></span> <span class='ocrx_word' id='word_1_411' title='bbox 1435 3479 1565 3520; x_wconf 80' lang='lat' dir='ltr'><strong>oves</strong></span> <span class='ocrx_word' id='word_1_412' title='bbox 1597 3462 1796 3519; x_wconf 87' lang='lat' dir='ltr'><strong>Christi</strong></span> <span class='ocrx_word' id='word_1_413' title='bbox 1827 3471 2065 3518; x_wconf 87' lang='lat' dir='ltr'><strong>mactare</strong></span> 
     </span>
    </p>
   </div>
   <div class='ocr_carea' id='block_1_66' title="bbox 491 3554 2067 3631">
    <p class='ocr_par' dir='ltr' id='par_1_66' title="bbox 491 3554 2067 3631">
     <span class='ocr_line' id='line_1_66' title="bbox 491 3554 2067 3631; baseline -0.005 -14"><span class='ocrx_word' id='word_1_414' title='bbox 491 3570 791 3631; x_wconf 62' lang='lat' dir='ltr'><strong>coeperunt.</strong></span> <span class='ocrx_word' id='word_1_415' title='bbox 831 3559 935 3614; x_wconf 80' lang='lat' dir='ltr'><strong>Alii</strong></span> <span class='ocrx_word' id='word_1_416' title='bbox 964 3557 1228 3629; x_wconf 84' lang='lat' dir='ltr'><strong>siquidem</strong></span> <span class='ocrx_word' id='word_1_417' title='bbox 1256 3558 1307 3612; x_wconf 85' lang='lat' dir='ltr'><strong>in</strong></span> <span class='ocrx_word' id='word_1_418' title='bbox 1334 3554 1509 3611; x_wconf 76' lang='lat' dir='ltr'><strong>fronte</strong></span> <span class='ocrx_word' id='word_1_419' title='bbox 1553 3563 1658 3610; x_wconf 88' lang='lat' dir='ltr'><strong>tam</strong></span> <span class='ocrx_word' id='word_1_420' title='bbox 1688 3570 1850 3627; x_wconf 84' lang='lat' dir='ltr'><strong>grave</strong></span> <span class='ocrx_word' id='word_1_421' title='bbox 1876 3554 2067 3609; x_wconf 83' lang='lat' dir='ltr'><strong>vulnus</strong></span> 
     </span>
    </p>
   </div>
   <div class='ocr_carea' id='block_1_67' title="bbox 492 3648 2068 3721">
    <p class='ocr_par' dir='ltr' id='par_1_67' title="bbox 492 3648 2068 3721">
     <span class='ocr_line' id='line_1_67' title="bbox 492 3648 2068 3721; baseline -0.004 -12"><span class='ocrx_word' id='word_1_422' title='bbox 492 3654 808 3717; x_wconf 73' lang='lat' dir='ltr'><strong>indixerunt,</strong></span> <span class='ocrx_word' id='word_1_423' title='bbox 853 3661 910 3707; x_wconf 94' lang='lat' dir='ltr'><strong>nt</strong></span> <span class='ocrx_word' id='word_1_424' title='bbox 948 3668 1133 3721; x_wconf 85' lang='lat' dir='ltr'><strong>usque</strong></span> <span class='ocrx_word' id='word_1_425' title='bbox 1160 3652 1226 3707; x_wconf 88' lang='lat' dir='ltr'><strong>ad</strong></span> <span class='ocrx_word' id='word_1_426' title='bbox 1273 3649 1636 3706; x_wconf 88' lang='lat' dir='ltr'><strong>testitudinem</strong></span> <span class='ocrx_word' id='word_1_427' title='bbox 1686 3648 1893 3705; x_wconf 85' lang='lat' dir='ltr'><strong>cerebri</strong></span> <span class='ocrx_word' id='word_1_428' title='bbox 1923 3648 2068 3703; x_wconf 84' lang='lat' dir='ltr'><strong>acies</strong></span> 
     </span>
    </p>
   </div>
   <div class='ocr_carea' id='block_1_68' title="bbox 492 3742 2070 3813">
    <p class='ocr_par' dir='ltr' id='par_1_68' title="bbox 492 3742 2070 3813">
     <span class='ocr_line' id='line_1_68' title="bbox 492 3742 2070 3813; baseline -0.003 -15"><span class='ocrx_word' id='word_1_429' title='bbox 492 3746 622 3801; x_wconf 84' lang='lat' dir='ltr'><strong>ferri</strong></span> <span class='ocrx_word' id='word_1_430' title='bbox 678 3746 925 3810; x_wconf 86' lang='lat' dir='ltr'><strong>veniret;</strong></span> <span class='ocrx_word' id='word_1_431' title='bbox 983 3745 1208 3798; x_wconf 88' lang='lat' dir='ltr'><strong>alterum</strong></span> <span class='ocrx_word' id='word_1_432' title='bbox 1246 3759 1375 3799; x_wconf 82' lang='lat' dir='ltr'><strong>vero</strong></span> <span class='ocrx_word' id='word_1_433' title='bbox 1415 3751 1522 3797; x_wconf 88' lang='lat' dir='ltr'><strong>tam</strong></span> <span class='ocrx_word' id='word_1_434' title='bbox 1560 3742 1744 3811; x_wconf 85' lang='lat' dir='ltr'><strong>impie,</strong></span> <span class='ocrx_word' id='word_1_435' title='bbox 1795 3751 1905 3796; x_wconf 88' lang='lat' dir='ltr'><strong>tam</strong></span> <span class='ocrx_word' id='word_1_436' title='bbox 1945 3756 2070 3813; x_wconf 75' lang='lat' dir='ltr'><strong>gra-</strong></span> 
     </span>
    </p>
   </div>
   <div class='ocr_carea' id='block_1_69' title="bbox 492 3835 2071 3905">
    <p class='ocr_par' dir='ltr' id='par_1_69' title="bbox 492 3835 2071 3905">
     <span class='ocr_line' id='line_1_69' title="bbox 492 3835 2071 3905; baseline -0.003 -13"><span class='ocrx_word' id='word_1_437' title='bbox 492 3841 645 3892; x_wconf 84' lang='lat' dir='ltr'><strong>viter</strong></span> <span class='ocrx_word' id='word_1_438' title='bbox 677 3839 776 3892; x_wconf 89' lang='lat' dir='ltr'><strong>sub</strong></span> <span class='ocrx_word' id='word_1_439' title='bbox 813 3837 984 3891; x_wconf 90' lang='lat' dir='ltr'><strong>oculis</strong></span> <span class='ocrx_word' id='word_1_440' title='bbox 1022 3844 1421 3905; x_wconf 87' lang='lat' dir='ltr'><strong>percusserunt,</strong></span> <span class='ocrx_word' id='word_1_441' title='bbox 1459 3843 1518 3888; x_wconf 91' lang='lat' dir='ltr'><strong>ut</strong></span> <span class='ocrx_word' id='word_1_442' title='bbox 1564 3849 1728 3888; x_wconf 89' lang='lat' dir='ltr'><strong>nasus</strong></span> <span class='ocrx_word' id='word_1_443' title='bbox 1774 3841 1829 3887; x_wconf 93' lang='lat' dir='ltr'><strong>et</strong></span> <span class='ocrx_word' id='word_1_444' title='bbox 1884 3835 2071 3887; x_wconf 90' lang='lat' dir='ltr'><strong>dentes</strong></span> 
     </span>
    </p>
   </div>
   <div class='ocr_carea' id='block_1_70' title="bbox 494 3922 2073 3993">
    <p class='ocr_par' dir='ltr' id='par_1_70' title="bbox 494 3922 2073 3993">
     <span class='ocr_line' id='line_1_70' title="bbox 494 3922 2073 3993; baseline -0.004 -12"><span class='ocrx_word' id='word_1_445' title='bbox 494 3941 619 3982; x_wconf 84' lang='lat' dir='ltr'><strong>eum</strong></span> <span class='ocrx_word' id='word_1_446' title='bbox 657 3925 919 3993; x_wconf 86' lang='lat' dir='ltr'><strong>superiori</strong></span> <span class='ocrx_word' id='word_1_447' title='bbox 970 3924 1110 3978; x_wconf 86' lang='lat' dir='ltr'><strong>lahio</strong></span> <span class='ocrx_word' id='word_1_448' title='bbox 1145 3940 1175 3977; x_wconf 91' lang='lat' dir='ltr'><strong>a</strong></span> <span class='ocrx_word' id='word_1_449' title='bbox 1215 3924 1530 3993; x_wconf 81' lang='lat' dir='ltr'><strong>compagine</strong></span> <span class='ocrx_word' id='word_1_450' title='bbox 1575 3923 1731 3977; x_wconf 86' lang='lat' dir='ltr'><strong>solita</strong></span> <span class='ocrx_word' id='word_1_451' title='bbox 1772 3922 2073 3977; x_wconf 82' lang='lat' dir='ltr'><strong>divideren-</strong></span> 
     </span>
    </p>
   </div>
   <div class='ocr_carea' id='block_1_71' title="bbox 495 4013 2069 4084">
    <p class='ocr_par' dir='ltr' id='par_1_71' title="bbox 495 4013 2069 4084">
     <span class='ocr_line' id='line_1_71' title="bbox 495 4013 2069 4084; baseline -0.003 -16"><span class='ocrx_word' id='word_1_452' title='bbox 495 4026 586 4069; x_wconf 87' lang='lat' dir='ltr'><strong>tur</strong></span> <span class='ocrx_word' id='word_1_453' title='bbox 608 4055 624 4080; x_wconf 92' lang='lat'><strong>,</strong></span> <span class='ocrx_word' id='word_1_454' title='bbox 661 4024 717 4069; x_wconf 91' lang='lat' dir='ltr'><strong>et</strong></span> <span class='ocrx_word' id='word_1_455' title='bbox 753 4029 915 4084; x_wconf 88' lang='lat' dir='ltr'><strong>super</strong></span> <span class='ocrx_word' id='word_1_456' title='bbox 946 4013 1166 4069; x_wconf 88' lang='lat' dir='ltr'><strong>barbam</strong></span> <span class='ocrx_word' id='word_1_457' title='bbox 1208 4014 1259 4067; x_wconf 89' lang='lat' dir='ltr'><strong>in</strong></span> <span class='ocrx_word' id='word_1_458' title='bbox 1300 4013 1537 4068; x_wconf 85' lang='lat' dir='ltr'><strong>inferiori</strong></span> <span class='ocrx_word' id='word_1_459' title='bbox 1574 4013 1691 4066; x_wconf 90' lang='lat' dir='ltr'><strong>loco</strong></span> <span class='ocrx_word' id='word_1_460' title='bbox 1730 4014 2069 4082; x_wconf 86' lang='lat' dir='ltr'><strong>penderent:</strong></span> 
     </span>
    </p>
   </div>
   <div class='ocr_carea' id='block_1_72' title="bbox 497 4100 2072 4173">
    <p class='ocr_par' dir='ltr' id='par_1_72' title="bbox 497 4100 2072 4173">
     <span class='ocr_line' id='line_1_72' title="bbox 497 4100 2072 4173; baseline -0.003 -15"><span class='ocrx_word' id='word_1_461' title='bbox 497 4103 588 4159; x_wconf 74' lang='lat' dir='ltr'><strong>alii</strong></span> <span class='ocrx_word' id='word_1_462' title='bbox 651 4112 909 4173; x_wconf 71' lang='lat' dir='ltr'><strong>praeterea</strong></span> <span class='ocrx_word' id='word_1_463' title='bbox 957 4102 1251 4172; x_wconf 75' lang='lat' dir='ltr'><strong>gladiorum</strong></span> <span class='ocrx_word' id='word_1_464' title='bbox 1293 4102 1486 4158; x_wconf 89' lang='lat' dir='ltr'><strong>vulnus</strong></span> <span class='ocrx_word' id='word_1_465' title='bbox 1530 4102 1584 4155; x_wconf 92' lang='lat' dir='ltr'><strong>in</strong></span> <span class='ocrx_word' id='word_1_466' title='bbox 1630 4101 1890 4156; x_wconf 88' lang='lat' dir='ltr'><strong>interiora</strong></span> <span class='ocrx_word' id='word_1_467' title='bbox 1939 4100 2072 4154; x_wconf 77' lang='lat' dir='ltr'><strong>fixe-</strong></span> 
     </span>
    </p>
   </div>
   <div class='ocr_carea' id='block_1_73' title="bbox 498 4189 2071 4261">
    <p class='ocr_par' dir='ltr' id='par_1_73' title="bbox 498 4189 2071 4261">
     <span class='ocr_line' id='line_1_73' title="bbox 498 4189 2071 4261; baseline -0.001 -15"><span class='ocrx_word' id='word_1_468' title='bbox 498 4200 644 4247; x_wconf 87' lang='lat' dir='ltr'><strong>runt.</strong></span> <span class='ocrx_word' id='word_1_469' title='bbox 694 4192 901 4249; x_wconf 86' lang='lat' dir='ltr'><strong>Dehine</strong></span> <span class='ocrx_word' id='word_1_470' title='bbox 926 4207 1089 4261; x_wconf 89' lang='lat' dir='ltr'><strong>super</strong></span> <span class='ocrx_word' id='word_1_471' title='bbox 1116 4206 1210 4248; x_wconf 87' lang='lat' dir='ltr'><strong>eos</strong></span> <span class='ocrx_word' id='word_1_472' title='bbox 1239 4191 1404 4247; x_wconf 89' lang='lat' dir='ltr'><strong>variis</strong></span> <span class='ocrx_word' id='word_1_473' title='bbox 1429 4191 1597 4261; x_wconf 76' lang='lat' dir='ltr'><strong>plagis</strong></span> <span class='ocrx_word' id='word_1_474' title='bbox 1636 4189 1818 4257; x_wconf 83' lang='lat' dir='ltr'><strong>illatis,</strong></span> <span class='ocrx_word' id='word_1_475' title='bbox 1858 4192 2071 4245; x_wconf 90' lang='lat' dir='ltr'><strong>demum</strong></span> 
     </span>
    </p>
   </div>
   <div class='ocr_carea' id='block_1_74' title="bbox 501 4282 2072 4355">
    <p class='ocr_par' dir='ltr' id='par_1_74' title="bbox 501 4282 2072 4355">
     <span class='ocr_line' id='line_1_74' title="bbox 501 4282 2072 4355; baseline 0 -18"><span class='ocrx_word' id='word_1_476' title='bbox 501 4284 692 4339; x_wconf 80' lang='lat' dir='ltr'><strong>altaria</strong></span> <span class='ocrx_word' id='word_1_477' title='bbox 721 4285 933 4355; x_wconf 90' lang='lat' dir='ltr'><strong>penitus</strong></span> <span class='ocrx_word' id='word_1_478' title='bbox 958 4292 1284 4346; x_wconf 86' lang='lat' dir='ltr'><strong>everterunt,</strong></span> <span class='ocrx_word' id='word_1_479' title='bbox 1312 4282 1676 4353; x_wconf 86' lang='lat' dir='ltr'><strong>etdepracdati</strong></span> <span class='ocrx_word' id='word_1_480' title='bbox 1725 4292 1851 4337; x_wconf 87' lang='lat' dir='ltr'><strong>sunt</strong></span> <span class='ocrx_word' id='word_1_481' title='bbox 1890 4283 2072 4337; x_wconf 88' lang='lat' dir='ltr'><strong>omnia</strong></span> 
     </span>
    </p>
   </div>
   <div class='ocr_carea' id='block_1_75' title="bbox 499 4373 2076 4446">
    <p class='ocr_par' dir='ltr' id='par_1_75' title="bbox 499 4373 2076 4446">
     <span class='ocr_line' id='line_1_75' title="bbox 499 4373 2076 4446; baseline 0.001 -20"><span class='ocrx_word' id='word_1_482' title='bbox 499 4389 620 4444; x_wconf 82' lang='lat' dir='ltr'><strong>quae</strong></span> <span class='ocrx_word' id='word_1_483' title='bbox 672 4375 1011 4431; x_wconf 80' lang='lat' dir='ltr'><strong>invenerant.</strong></span> <span class='ocrx_word' id='word_1_484' title='bbox 1062 4373 1192 4430; x_wconf 87' lang='lat' dir='ltr'><strong>Post</strong></span> <span class='ocrx_word' id='word_1_485' title='bbox 1233 4375 1390 4440; x_wconf 86' lang='lat' dir='ltr'><strong>haec,</strong></span> <span class='ocrx_word' id='word_1_486' title='bbox 1440 4376 1560 4446; x_wconf 78' lang='lat' dir='ltr'><strong>igne</strong></span> <span class='ocrx_word' id='word_1_487' title='bbox 1610 4376 1855 4430; x_wconf 87' lang='lat' dir='ltr'><strong>domibus</strong></span> <span class='ocrx_word' id='word_1_488' title='bbox 1906 4375 2076 4444; x_wconf 86' lang='lat' dir='ltr'><strong>impo-</strong></span> 
     </span>
    </p>
   </div>
   <div class='ocr_carea' id='block_1_76' title="bbox 499 4465 2072 4536">
    <p class='ocr_par' dir='ltr' id='par_1_76' title="bbox 499 4465 2072 4536">
     <span class='ocr_line' id='line_1_76' title="bbox 499 4465 2072 4536; baseline 0.001 -19"><span class='ocrx_word' id='word_1_489' title='bbox 499 4466 632 4529; x_wconf 85' lang='lat' dir='ltr'><strong>sito,</strong></span> <span class='ocrx_word' id='word_1_490' title='bbox 688 4466 968 4519; x_wconf 90' lang='lat' dir='ltr'><strong>monachis</strong></span> <span class='ocrx_word' id='word_1_491' title='bbox 1023 4465 1075 4519; x_wconf 93' lang='lat' dir='ltr'><strong>in</strong></span> <span class='ocrx_word' id='word_1_492' title='bbox 1121 4465 1346 4520; x_wconf 85' lang='lat' dir='ltr'><strong>ecclesia</strong></span> <span class='ocrx_word' id='word_1_493' title='bbox 1404 4477 1606 4536; x_wconf 89' lang='lat' dir='ltr'><strong>septem</strong></span> <span class='ocrx_word' id='word_1_494' title='bbox 1664 4466 1899 4535; x_wconf 86' lang='lat' dir='ltr'><strong>psalmos</strong></span> <span class='ocrx_word' id='word_1_495' title='bbox 1951 4480 2072 4519; x_wconf 90' lang='lat' dir='ltr'><strong>cum</strong></span> 
     </span>
    </p>
   </div>
   <div class='ocr_carea' id='block_1_77' title="bbox 504 4553 2067 4621">
    <p class='ocr_par' dir='ltr' id='par_1_77' title="bbox 504 4553 2067 4621">
     <span class='ocr_line' id='line_1_77' title="bbox 504 4553 2067 4621; baseline 0.002 -14"><span class='ocrx_word' id='word_1_496' title='bbox 504 4553 714 4609; x_wconf 72' lang='lat' dir='ltr'><strong>lctaniis</strong></span> <span class='ocrx_word' id='word_1_497' title='bbox 784 4556 1164 4621; x_wconf 65' lang='lat' dir='ltr'><strong>cantantibuso,</strong></span> <span class='ocrx_word' id='word_1_498' title='bbox 1220 4564 1276 4610; x_wconf 93' lang='lat' dir='ltr'><strong>et</strong></span> <span class='ocrx_word' id='word_1_499' title='bbox 1329 4557 1383 4611; x_wconf 90' lang='lat' dir='ltr'><strong>in</strong></span> <span class='ocrx_word' id='word_1_500' title='bbox 1439 4557 1584 4612; x_wconf 89' lang='lat' dir='ltr'><strong>nullo</strong></span> <span class='ocrx_word' id='word_1_501' title='bbox 1641 4556 2067 4621; x_wconf 79' lang='lat' dir='ltr'><strong>reluctantibus,</strong></span> 
     </span>
    </p>
   </div>
   <div class='ocr_carea' id='block_1_78' title="bbox 504 4644 2075 4718">
    <p class='ocr_par' dir='ltr' id='par_1_78' title="bbox 504 4644 2075 4718">
     <span class='ocr_line' id='line_1_78' title="bbox 504 4644 2075 4718; baseline 0.003 -19"><span class='ocrx_word' id='word_1_502' title='bbox 504 4660 603 4700; x_wconf 89' lang='lat' dir='ltr'><strong>nec</strong></span> <span class='ocrx_word' id='word_1_503' title='bbox 648 4644 921 4701; x_wconf 88' lang='lat' dir='ltr'><strong>silentium</strong></span> <span class='ocrx_word' id='word_1_504' title='bbox 968 4645 1334 4717; x_wconf 80' lang='lat' dir='ltr'><strong>frangentibus</strong></span> <span class='ocrx_word' id='word_1_505' title='bbox 1361 4689 1376 4714; x_wconf 95' lang='lat'><strong>,</strong></span> <span class='ocrx_word' id='word_1_506' title='bbox 1425 4649 1570 4718; x_wconf 89' lang='lat' dir='ltr'><strong>ipsos</strong></span> <span class='ocrx_word' id='word_1_507' title='bbox 1619 4650 1849 4706; x_wconf 88' lang='lat' dir='ltr'><strong>nudatos</strong></span> <span class='ocrx_word' id='word_1_508' title='bbox 1901 4658 1955 4703; x_wconf 91' lang='lat' dir='ltr'><strong>et</strong></span> <span class='ocrx_word' id='word_1_509' title='bbox 1989 4663 2075 4704; x_wconf 88' lang='lat' dir='ltr'><strong>se-</strong></span> 
     </span>
    </p>
   </div>
   <div class='ocr_carea' id='block_1_79' title="bbox 503 4735 2072 4809">
    <p class='ocr_par' dir='ltr' id='par_1_79' title="bbox 503 4735 2072 4809">
     <span class='ocr_line' id='line_1_79' title="bbox 503 4735 2072 4809; baseline 0 -17"><span class='ocrx_word' id='word_1_510' title='bbox 503 4737 732 4792; x_wconf 62' lang='lat' dir='ltr'><strong>miviros</strong></span> <span class='ocrx_word' id='word_1_511' title='bbox 792 4735 1156 4806; x_wconf 73' lang='lat' dir='ltr'><strong>relinquentes</strong></span> <span class='ocrx_word' id='word_1_512' title='bbox 1183 4739 1480 4805; x_wconf 88' lang='lat' dir='ltr'><strong>abierunt;</strong></span> <span class='ocrx_word' id='word_1_513' title='bbox 1532 4755 1653 4793; x_wconf 90' lang='lat' dir='ltr'><strong>nam</strong></span> <span class='ocrx_word' id='word_1_514' title='bbox 1715 4740 1876 4795; x_wconf 85' lang='lat' dir='ltr'><strong>etiam</strong></span> <span class='ocrx_word' id='word_1_515' title='bbox 1927 4739 2072 4809; x_wconf 54' lang='lat' dir='ltr'><strong>ejnsv</strong></span> 
     </span>
    </p>
   </div>
   <div class='ocr_carea' id='block_1_80' title="bbox 503 4829 2077 4898">
    <p class='ocr_par' dir='ltr' id='par_1_80' title="bbox 503 4829 2077 4898">
     <span class='ocr_line' id='line_1_80' title="bbox 503 4829 2077 4898; baseline -0.001 -15"><span class='ocrx_word' id='word_1_516' title='bbox 503 4829 625 4883; x_wconf 82' lang='lat' dir='ltr'><strong>(lem</strong></span> <span class='ocrx_word' id='word_1_517' title='bbox 687 4830 997 4883; x_wconf 85' lang='lat' dir='ltr'><strong>monasterii</strong></span> <span class='ocrx_word' id='word_1_518' title='bbox 1043 4839 1247 4898; x_wconf 89' lang='lat' dir='ltr'><strong>patrem</strong></span> <span class='ocrx_word' id='word_1_519' title='bbox 1291 4831 1508 4885; x_wconf 89' lang='lat' dir='ltr'><strong>nomine</strong></span> <span class='ocrx_word' id='word_1_520' title='bbox 1558 4830 1915 4893; x_wconf 88' lang='lat' dir='ltr'><strong>Dominicum,</strong></span> <span class='ocrx_word' id='word_1_521' title='bbox 1947 4844 2077 4882; x_wconf 84' lang='lat' dir='ltr'><strong>con-</strong></span> 
     </span>
    </p>
   </div>
   <div class='ocr_carea' id='block_1_81' title="bbox 504 4918 2073 4986">
    <p class='ocr_par' dir='ltr' id='par_1_81' title="bbox 504 4918 2073 4986">
     <span class='ocr_line' id='line_1_81' title="bbox 504 4918 2073 4986; baseline 0.001 -15"><span class='ocrx_word' id='word_1_522' title='bbox 504 4918 813 4974; x_wconf 83' lang='lat' dir='ltr'><strong>versatione</strong></span> <span class='ocrx_word' id='word_1_523' title='bbox 872 4920 1291 4986; x_wconf 87' lang='lat' dir='ltr'><strong>sanctissimum,</strong></span> <span class='ocrx_word' id='word_1_524' title='bbox 1344 4921 1489 4974; x_wconf 88' lang='lat' dir='ltr'><strong>omni</strong></span> <span class='ocrx_word' id='word_1_525' title='bbox 1553 4922 1889 4976; x_wconf 88' lang='lat' dir='ltr'><strong>nudaverunt</strong></span> <span class='ocrx_word' id='word_1_526' title='bbox 1937 4921 2073 4974; x_wconf 85' lang='lat' dir='ltr'><strong>ami-</strong></span> 
     </span>
    </p>
   </div>
   <div class='ocr_carea' id='block_1_82' title="bbox 512 5008 2077 5079">
    <p class='ocr_par' dir='ltr' id='par_1_82' title="bbox 512 5008 2077 5079">
     <span class='ocr_line' id='line_1_82' title="bbox 512 5008 2077 5079; baseline -0.001 -14"><span class='ocrx_word' id='word_1_527' title='bbox 512 5020 623 5066; x_wconf 92' lang='lat' dir='ltr'><strong>ctu.</strong></span> <span class='ocrx_word' id='word_1_528' title='bbox 651 5008 750 5076; x_wconf 86' lang='lat' dir='ltr'><strong>Qui</strong></span> <span class='ocrx_word' id='word_1_529' title='bbox 781 5016 961 5062; x_wconf 88' lang='lat' dir='ltr'><strong>tamen</strong></span> <span class='ocrx_word' id='word_1_530' title='bbox 992 5008 1071 5062; x_wconf 89' lang='lat' dir='ltr'><strong>sic</strong></span> <span class='ocrx_word' id='word_1_531' title='bbox 1095 5010 1285 5069; x_wconf 89' lang='lat' dir='ltr'><strong>nudus,</strong></span> <span class='ocrx_word' id='word_1_532' title='bbox 1319 5009 1483 5078; x_wconf 65' lang='lat' dir='ltr'><strong>erepit</strong></span> <span class='ocrx_word' id='word_1_533' title='bbox 1510 5010 1740 5065; x_wconf 89' lang='lat' dir='ltr'><strong>sollicite</strong></span> <span class='ocrx_word' id='word_1_534' title='bbox 1766 5024 2005 5079; x_wconf 82' lang='lat' dir='ltr'><strong>quaerere</strong></span> <span class='ocrx_word' id='word_1_535' title='bbox 2030 5010 2077 5063; x_wconf 89' lang='lat' dir='ltr'><strong>si</strong></span> 
     </span>
    </p>
   </div>
   <div class='ocr_carea' id='block_1_83' title="bbox 505 5096 2078 5144">
    <p class='ocr_par' dir='ltr' id='par_1_83' title="bbox 505 5096 2078 5144">
     <span class='ocr_line' id='line_1_83' title="bbox 505 5096 2078 5144; baseline -0.001 0"><span class='ocrx_word' id='word_1_536' title='bbox 505 5099 634 5144; x_wconf 68' lang='lat' dir='ltr'><strong>mtirl</strong></span> <span class='ocrx_word' id='word_1_537' title='bbox 663 5106 841 5144; x_wconf 74' lang='lat' dir='ltr'><strong>nosset.</strong></span> <span class='ocrx_word' id='word_1_538' title='bbox 869 5097 1107 5144; x_wconf 77' lang='lat' dir='ltr'><strong>invenire</strong></span> <span class='ocrx_word' id='word_1_539' title='bbox 1129 5096 1269 5144; x_wconf 75' lang='lat' dir='ltr'><strong>mum</strong></span> <span class='ocrx_word' id='word_1_540' title='bbox 1296 5113 1355 5144; x_wconf 74' lang='lat' dir='ltr'><strong>se.</strong></span> <span class='ocrx_word' id='word_1_541' title='bbox 1393 5097 1667 5144; x_wconf 74' lang='lat' dir='ltr'><strong>indueret:</strong></span> <span class='ocrx_word' id='word_1_542' title='bbox 1712 5099 1926 5144; x_wconf 78' lang='lat' dir='ltr'><strong>tandem</strong></span> <span class='ocrx_word' id='word_1_543' title='bbox 1967 5098 2078 5144; x_wconf 75' lang='lat' dir='ltr'><strong>nel.</strong></span> 
     </span>
    </p>
   </div>
   <div class='ocr_carea' id='block_1_84' title="bbox 2162 3284 3732 3360">
    <p class='ocr_par' dir='ltr' id='par_1_84' title="bbox 2162 3284 3732 3360">
     <span class='ocr_line' id='line_1_84' title="bbox 2162 3284 3732 3360; baseline -0.012 -5"><span class='ocrx_word' id='word_1_544' title='bbox 2162 3314 2263 3355; x_wconf 88' lang='lat' dir='ltr'><strong>nec</strong></span> <span class='ocrx_word' id='word_1_545' title='bbox 2292 3307 2420 3353; x_wconf 91' lang='lat' dir='ltr'><strong>tunc</strong></span> <span class='ocrx_word' id='word_1_546' title='bbox 2465 3303 2775 3351; x_wconf 85' lang='lat' dir='ltr'><strong>accusatum</strong></span> <span class='ocrx_word' id='word_1_547' title='bbox 2834 3284 3011 3348; x_wconf 85' lang='lat' dir='ltr'><strong>voluit</strong></span> <span class='ocrx_word' id='word_1_548' title='bbox 3032 3294 3322 3360; x_wconf 87' lang='lat' dir='ltr'><strong>deponere,</strong></span> <span class='ocrx_word' id='word_1_549' title='bbox 3376 3304 3477 3342; x_wconf 85' lang='lat' dir='ltr'><strong>nec</strong></span> <span class='ocrx_word' id='word_1_550' title='bbox 3520 3287 3732 3355; x_wconf 71' lang='lat' dir='ltr'><strong>igneam</strong></span> 
     </span>
    </p>
   </div>
   <div class='ocr_carea' id='block_1_85' title="bbox 2164 3372 3735 3460">
    <p class='ocr_par' dir='ltr' id='par_1_85' title="bbox 2164 3372 3735 3460">
     <span class='ocr_line' id='line_1_85' title="bbox 2164 3372 3735 3460; baseline -0.013 -14"><span class='ocrx_word' id='word_1_551' title='bbox 2164 3391 2335 3460; x_wconf 78' lang='lat' dir='ltr'><strong>legem</strong></span> <span class='ocrx_word' id='word_1_552' title='bbox 2366 3385 2709 3442; x_wconf 14' lang='lat' dir='ltr'><strong>aenionaeliis</strong></span> <span class='ocrx_word' id='word_1_553' title='bbox 2732 3398 2968 3439; x_wconf 88' lang='lat' dir='ltr'><strong>sumere.</strong></span> <span class='ocrx_word' id='word_1_554' title='bbox 2998 3381 3131 3436; x_wconf 80' lang='lat' dir='ltr'><strong>Pars</strong></span> <span class='ocrx_word' id='word_1_555' title='bbox 3159 3379 3321 3434; x_wconf 19' lang='lat' dir='ltr'><strong>enim.</strong></span> <span class='ocrx_word' id='word_1_556' title='bbox 3344 3376 3578 3431; x_wconf 75' lang='lat' dir='ltr'><strong>maxima</strong></span> <span class='ocrx_word' id='word_1_557' title='bbox 3623 3372 3735 3442; x_wconf 86' lang='lat' dir='ltr'><strong>epi-</strong></span> 
     </span>
    </p>
   </div>
   <div class='ocr_carea' id='block_1_86' title="bbox 2164 3463 3739 3551">
    <p class='ocr_par' dir='ltr' id='par_1_86' title="bbox 2164 3463 3739 3551">
     <span class='ocr_line' id='line_1_86' title="bbox 2164 3463 3739 3551; baseline -0.014 -14"><span class='ocrx_word' id='word_1_558' title='bbox 2164 3494 2450 3551; x_wconf 85' lang='lat' dir='ltr'><strong>scoporum</strong></span> <span class='ocrx_word' id='word_1_559' title='bbox 2501 3478 2664 3533; x_wconf 87' lang='lat' dir='ltr'><strong>Petro</strong></span> <span class='ocrx_word' id='word_1_560' title='bbox 2705 3475 2939 3536; x_wconf 82' lang='lat' dir='ltr'><strong>favebat,</strong></span> <span class='ocrx_word' id='word_1_561' title='bbox 2970 3481 3025 3527; x_wconf 86' lang='lat' dir='ltr'><strong>et</strong></span> <span class='ocrx_word' id='word_1_562' title='bbox 3059 3484 3246 3526; x_wconf 86' lang='lat' dir='ltr'><strong>omnes</strong></span> <span class='ocrx_word' id='word_1_563' title='bbox 3276 3483 3415 3539; x_wconf 87' lang='lat' dir='ltr'><strong>pene</strong></span> <span class='ocrx_word' id='word_1_564' title='bbox 3459 3463 3739 3521; x_wconf 85' lang='lat' dir='ltr'><strong>monachis</strong></span> 
     </span>
    </p>
   </div>
   <div class='ocr_carea' id='block_1_87' title="bbox 2166 3558 3741 3633">
    <p class='ocr_par' dir='ltr' id='par_1_87' title="bbox 2166 3558 3741 3633">
     <span class='ocr_line' id='line_1_87' title="bbox 2166 3558 3741 3633; baseline -0.011 -8"><span class='ocrx_word' id='word_1_565' title='bbox 2166 3578 2325 3625; x_wconf 88' lang='lat' dir='ltr'><strong>erant</strong></span> <span class='ocrx_word' id='word_1_566' title='bbox 2354 3567 2608 3633; x_wconf 79' lang='lat' dir='ltr'><strong>adversi;</strong></span> <span class='ocrx_word' id='word_1_567' title='bbox 2642 3567 2738 3622; x_wconf 84' lang='lat' dir='ltr'><strong>sed</strong></span> <span class='ocrx_word' id='word_1_568' title='bbox 2785 3564 3200 3619; x_wconf 85' lang='lat' dir='ltr'><strong>archidiaconus</strong></span> <span class='ocrx_word' id='word_1_569' title='bbox 3242 3558 3587 3629; x_wconf 85' lang='lat' dir='ltr'><strong>lldeprandus</strong></span> <span class='ocrx_word' id='word_1_570' title='bbox 3622 3570 3741 3609; x_wconf 81' lang='lat' dir='ltr'><strong>tuo-</strong></span> 
     </span>
    </p>
   </div>
   <div class='ocr_carea' id='block_1_88' title="bbox 2167 3650 3753 3717">
    <p class='ocr_par' dir='ltr' id='par_1_88' title="bbox 2167 3650 3753 3717">
     <span class='ocr_line' id='line_1_88' title="bbox 2167 3650 3753 3717; baseline -0.011 0"><span class='ocrx_word' id='word_1_571' title='bbox 2167 3661 2463 3717; x_wconf 80' lang='lat' dir='ltr'><strong>nachorum</strong></span> <span class='ocrx_word' id='word_1_572' title='bbox 2514 3660 2568 3713; x_wconf 91' lang='lat' dir='ltr'><strong>in</strong></span> <span class='ocrx_word' id='word_1_573' title='bbox 2618 3658 2870 3711; x_wconf 90' lang='lat' dir='ltr'><strong>omnibus</strong></span> <span class='ocrx_word' id='word_1_574' title='bbox 2917 3655 3133 3709; x_wconf 86' lang='lat' dir='ltr'><strong>auditor</strong></span> <span class='ocrx_word' id='word_1_575' title='bbox 3175 3661 3231 3708; x_wconf 91' lang='lat' dir='ltr'><strong>et</strong></span> <span class='ocrx_word' id='word_1_576' title='bbox 3268 3651 3518 3707; x_wconf 88' lang='lat' dir='ltr'><strong>defensor</strong></span> <span class='ocrx_word' id='word_1_577' title='bbox 3565 3650 3753 3702; x_wconf 73' lang='lat' dir='ltr'><strong>factus.</strong></span> 
     </span>
    </p>
   </div>
   <div class='ocr_carea' id='block_1_89' title="bbox 2166 3758 2274 3805">
    <p class='ocr_par' dir='ltr' id='par_1_89' title="bbox 2166 3758 2274 3805">
     <span class='ocr_line' id='line_1_89' title="bbox 2166 3758 2274 3805; baseline -0.037 0"><span class='ocrx_word' id='word_1_578' title='bbox 2166 3758 2274 3805; x_wconf 71' lang='grc' dir='ltr'><strong>εει.</strong></span> 
     </span>
    </p>
   </div>
   <div class='ocr_carea' id='block_1_90' title="bbox 2721 3832 3174 3892">
    <p class='ocr_par' dir='ltr' id='par_1_90' title="bbox 2721 3832 3174 3892">
     <span class='ocr_line' id='line_1_90' title="bbox 2721 3832 3174 3892; baseline -0.004 -2"><span class='ocrx_word' id='word_1_579' title='bbox 2721 3835 2947 3892; x_wconf 86' lang='lat' dir='ltr'><strong>CAPUT</strong></span> <span class='ocrx_word' id='word_1_580' title='bbox 2994 3832 3174 3889; x_wconf 78' lang='lat' dir='ltr'><strong>LXIII.</strong></span> 
     </span>
    </p>
   </div>
   <div class='ocr_carea' id='block_1_91' title="bbox 2240 3917 3741 3996">
    <p class='ocr_par' dir='ltr' id='par_1_91' title="bbox 2240 3917 3741 3996">
     <span class='ocr_line' id='line_1_91' title="bbox 2240 3917 3741 3996; baseline -0.009 -12"><span class='ocrx_word' id='word_1_581' title='bbox 2240 3927 2444 3984; x_wconf 86' lang='lat' dir='ltr'><strong>Deinde</strong></span> <span class='ocrx_word' id='word_1_582' title='bbox 2473 3941 2595 3981; x_wconf 91' lang='lat' dir='ltr'><strong>cum</strong></span> <span class='ocrx_word' id='word_1_583' title='bbox 2646 3926 2714 3982; x_wconf 90' lang='lat' dir='ltr'><strong>lis</strong></span> <span class='ocrx_word' id='word_1_584' title='bbox 2767 3926 2879 3996; x_wconf 84' lang='lat' dir='ltr'><strong>ipsa</strong></span> <span class='ocrx_word' id='word_1_585' title='bbox 2925 3924 3165 3995; x_wconf 91' lang='lat' dir='ltr'><strong>quotidie</strong></span> <span class='ocrx_word' id='word_1_586' title='bbox 3225 3927 3503 3978; x_wconf 87' lang='lat' dir='ltr'><strong>cresceret</strong></span> <span class='ocrx_word' id='word_1_587' title='bbox 3539 3920 3591 3973; x_wconf 91' lang='lat' dir='ltr'><strong>in</strong></span> <span class='ocrx_word' id='word_1_588' title='bbox 3640 3917 3741 3972; x_wconf 92' lang='lat' dir='ltr'><strong>im-</strong></span> 
     </span>
    </p>
   </div>
   <div class='ocr_carea' id='block_1_92' title="bbox 2171 4006 3744 4086">
    <p class='ocr_par' dir='ltr' id='par_1_92' title="bbox 2171 4006 3744 4086">
     <span class='ocr_line' id='line_1_92' title="bbox 2171 4006 3744 4086; baseline -0.008 -11"><span class='ocrx_word' id='word_1_589' title='bbox 2171 4035 2446 4085; x_wconf 88' lang='lat' dir='ltr'><strong>mensum,</strong></span> <span class='ocrx_word' id='word_1_590' title='bbox 2476 4027 2621 4072; x_wconf 86' lang='lat' dir='ltr'><strong>tanta</strong></span> <span class='ocrx_word' id='word_1_591' title='bbox 2667 4016 2975 4086; x_wconf 89' lang='lat' dir='ltr'><strong>persecutio</strong></span> <span class='ocrx_word' id='word_1_592' title='bbox 3011 4015 3153 4069; x_wconf 85' lang='lat' dir='ltr'><strong>facta</strong></span> <span class='ocrx_word' id='word_1_593' title='bbox 3197 4022 3281 4068; x_wconf 86' lang='lat' dir='ltr'><strong>est</strong></span> <span class='ocrx_word' id='word_1_594' title='bbox 3317 4013 3576 4067; x_wconf 87' lang='lat' dir='ltr'><strong>adversus</strong></span> <span class='ocrx_word' id='word_1_595' title='bbox 3616 4006 3744 4063; x_wconf 85' lang='lat' dir='ltr'><strong>Flo-</strong></span> 
     </span>
    </p>
   </div>
   <div class='ocr_carea' id='block_1_93' title="bbox 2172 4098 3743 4174">
    <p class='ocr_par' dir='ltr' id='par_1_93' title="bbox 2172 4098 3743 4174">
     <span class='ocr_line' id='line_1_93' title="bbox 2172 4098 3743 4174; baseline -0.008 -10"><span class='ocrx_word' id='word_1_596' title='bbox 2172 4110 2445 4164; x_wconf 88' lang='lat' dir='ltr'><strong>rentimnn</strong></span> <span class='ocrx_word' id='word_1_597' title='bbox 2476 4108 2680 4162; x_wconf 89' lang='lat' dir='ltr'><strong>clerum</strong></span> <span class='ocrx_word' id='word_1_598' title='bbox 2703 4107 2983 4162; x_wconf 77' lang='lat' dir='ltr'><strong>catholica:</strong></span> <span class='ocrx_word' id='word_1_599' title='bbox 3010 4104 3197 4174; x_wconf 88' lang='lat' dir='ltr'><strong>partis,</strong></span> <span class='ocrx_word' id='word_1_600' title='bbox 3229 4111 3286 4156; x_wconf 92' lang='lat' dir='ltr'><strong>ut</strong></span> <span class='ocrx_word' id='word_1_601' title='bbox 3324 4117 3443 4156; x_wconf 91' lang='lat' dir='ltr'><strong>eam</strong></span> <span class='ocrx_word' id='word_1_602' title='bbox 3472 4114 3577 4154; x_wconf 92' lang='lat' dir='ltr'><strong>non</strong></span> <span class='ocrx_word' id='word_1_603' title='bbox 3600 4098 3743 4154; x_wconf 89' lang='lat' dir='ltr'><strong>ferre</strong></span> 
     </span>
    </p>
   </div>
   <div class='ocr_carea' id='block_1_94' title="bbox 2171 4192 3748 4266">
    <p class='ocr_par' dir='ltr' id='par_1_94' title="bbox 2171 4192 3748 4266">
     <span class='ocr_line' id='line_1_94' title="bbox 2171 4192 3748 4266; baseline -0.007 -13"><span class='ocrx_word' id='word_1_604' title='bbox 2171 4197 2416 4253; x_wconf 87' lang='lat' dir='ltr'><strong>valentes</strong></span> <span class='ocrx_word' id='word_1_605' title='bbox 2441 4198 2881 4266; x_wconf 83' lang='lat' dir='ltr'><strong>archipresbyter</strong></span> <span class='ocrx_word' id='word_1_606' title='bbox 2919 4195 3115 4263; x_wconf 89' lang='lat' dir='ltr'><strong>aliique</strong></span> <span class='ocrx_word' id='word_1_607' title='bbox 3142 4192 3505 4264; x_wconf 85' lang='lat' dir='ltr'><strong>quamplures,</strong></span> <span class='ocrx_word' id='word_1_608' title='bbox 3546 4203 3748 4244; x_wconf 81' lang='lat' dir='ltr'><strong>exeun-</strong></span> 
     </span>
    </p>
   </div>
   <div class='ocr_carea' id='block_1_95' title="bbox 2175 4279 3742 4354">
    <p class='ocr_par' dir='ltr' id='par_1_95' title="bbox 2175 4279 3742 4354">
     <span class='ocr_line' id='line_1_95' title="bbox 2175 4279 3742 4354; baseline -0.011 -9"><span class='ocrx_word' id='word_1_609' title='bbox 2175 4299 2256 4346; x_wconf 88' lang='lat' dir='ltr'><strong>tes</strong></span> <span class='ocrx_word' id='word_1_610' title='bbox 2280 4291 2346 4344; x_wconf 88' lang='lat' dir='ltr'><strong>de</strong></span> <span class='ocrx_word' id='word_1_611' title='bbox 2369 4288 2587 4342; x_wconf 69' lang='lat' dir='ltr'><strong>civitate</strong></span> <span class='ocrx_word' id='word_1_612' title='bbox 2617 4287 2971 4354; x_wconf 82' lang='lat' dir='ltr'><strong>confugerent</strong></span> <span class='ocrx_word' id='word_1_613' title='bbox 3022 4284 3360 4353; x_wconf 87' lang='lat' dir='ltr'><strong>Septimense</strong></span> <span class='ocrx_word' id='word_1_614' title='bbox 3386 4279 3701 4336; x_wconf 70' lang='lat' dir='ltr'><strong>coenobium.</strong></span> <span class='ocrx_word' id='word_1_615' title='bbox 3726 4294 3742 4329; x_wconf 90' lang='lat'><strong>:</strong></span> 
     </span>
    </p>
   </div>
   <div class='ocr_carea' id='block_1_96' title="bbox 2175 4370 3749 4452">
    <p class='ocr_par' dir='ltr' id='par_1_96' title="bbox 2175 4370 3749 4452">
     <span class='ocr_line' id='line_1_96' title="bbox 2175 4370 3749 4452; baseline -0.009 -16"><span class='ocrx_word' id='word_1_616' title='bbox 2175 4381 2370 4452; x_wconf 89' lang='lat' dir='ltr'><strong>quibus</strong></span> <span class='ocrx_word' id='word_1_617' title='bbox 2415 4378 2656 4435; x_wconf 84' lang='lat' dir='ltr'><strong>Joannes</strong></span> <span class='ocrx_word' id='word_1_618' title='bbox 2697 4388 2852 4448; x_wconf 88' lang='lat' dir='ltr'><strong>pater</strong></span> <span class='ocrx_word' id='word_1_619' title='bbox 2878 4376 3108 4445; x_wconf 75' lang='lat' dir='ltr'><strong>benigne</strong></span> <span class='ocrx_word' id='word_1_620' title='bbox 3135 4375 3416 4442; x_wconf 83' lang='lat' dir='ltr'><strong>susceptis,</strong></span> <span class='ocrx_word' id='word_1_621' title='bbox 3451 4371 3595 4426; x_wconf 90' lang='lat' dir='ltr'><strong>omni</strong></span> <span class='ocrx_word' id='word_1_622' title='bbox 3617 4370 3749 4424; x_wconf 88' lang='lat' dir='ltr'><strong>cha-</strong></span> 
     </span>
    </p>
   </div>
   <div class='ocr_carea' id='block_1_97' title="bbox 2178 4459 3747 4538">
    <p class='ocr_par' dir='ltr' id='par_1_97' title="bbox 2178 4459 3747 4538">
     <span class='ocr_line' id='line_1_97' title="bbox 2178 4459 3747 4538; baseline -0.011 -11"><span class='ocrx_word' id='word_1_623' title='bbox 2178 4476 2340 4528; x_wconf 87' lang='lat' dir='ltr'><strong>ritate</strong></span> <span class='ocrx_word' id='word_1_624' title='bbox 2366 4472 2665 4529; x_wconf 89' lang='lat' dir='ltr'><strong>subsidium</strong></span> <span class='ocrx_word' id='word_1_625' title='bbox 2695 4483 2793 4538; x_wconf 90' lang='lat' dir='ltr'><strong>pro</strong></span> <span class='ocrx_word' id='word_1_626' title='bbox 2822 4481 2980 4536; x_wconf 89' lang='lat' dir='ltr'><strong>posse</strong></span> <span class='ocrx_word' id='word_1_627' title='bbox 3008 4465 3233 4519; x_wconf 87' lang='lat' dir='ltr'><strong>ferebat.</strong></span> <span class='ocrx_word' id='word_1_628' title='bbox 3259 4464 3333 4518; x_wconf 83' lang='lat' dir='ltr'><strong>Eo</strong></span> <span class='ocrx_word' id='word_1_629' title='bbox 3366 4471 3603 4530; x_wconf 90' lang='lat' dir='ltr'><strong>tempore</strong></span> <span class='ocrx_word' id='word_1_630' title='bbox 3639 4459 3747 4512; x_wconf 79' lang='lat' dir='ltr'><strong>dux</strong></span> 
     </span>
    </p>
   </div>
   <div class='ocr_carea' id='block_1_98' title="bbox 2177 4549 3752 4626">
    <p class='ocr_par' dir='ltr' id='par_1_98' title="bbox 2177 4549 3752 4626">
     <span class='ocr_line' id='line_1_98' title="bbox 2177 4549 3752 4626; baseline -0.011 -9"><span class='ocrx_word' id='word_1_631' title='bbox 2177 4561 2512 4617; x_wconf 88' lang='lat' dir='ltr'><strong>Gottifredus</strong></span> <span class='ocrx_word' id='word_1_632' title='bbox 2564 4560 2635 4612; x_wconf 86' lang='lat' dir='ltr'><strong>ita</strong></span> <span class='ocrx_word' id='word_1_633' title='bbox 2672 4556 2813 4626; x_wconf 91' lang='lat' dir='ltr'><strong>parti</strong></span> <span class='ocrx_word' id='word_1_634' title='bbox 2862 4554 3007 4609; x_wconf 87' lang='lat' dir='ltr'><strong>Petri</strong></span> <span class='ocrx_word' id='word_1_635' title='bbox 3060 4552 3294 4617; x_wconf 74' lang='lat' dir='ltr'><strong>favebat,</strong></span> <span class='ocrx_word' id='word_1_636' title='bbox 3343 4560 3403 4604; x_wconf 94' lang='lat' dir='ltr'><strong>ut</strong></span> <span class='ocrx_word' id='word_1_637' title='bbox 3451 4549 3752 4603; x_wconf 86' lang='lat' dir='ltr'><strong>minaretur</strong></span> 
     </span>
    </p>
   </div>
   <div class='ocr_carea' id='block_1_99' title="bbox 2178 4642 3746 4708">
    <p class='ocr_par' dir='ltr' id='par_1_99' title="bbox 2178 4642 3746 4708">
     <span class='ocr_line' id='line_1_99' title="bbox 2178 4642 3746 4708; baseline -0.012 0"><span class='ocrx_word' id='word_1_638' title='bbox 2178 4652 2492 4708; x_wconf 89' lang='lat' dir='ltr'><strong>interimere</strong></span> <span class='ocrx_word' id='word_1_639' title='bbox 2520 4649 2811 4705; x_wconf 87' lang='lat' dir='ltr'><strong>monachos</strong></span> <span class='ocrx_word' id='word_1_640' title='bbox 2835 4655 2891 4701; x_wconf 87' lang='lat' dir='ltr'><strong>et</strong></span> <span class='ocrx_word' id='word_1_641' title='bbox 2950 4646 3178 4702; x_wconf 89' lang='lat' dir='ltr'><strong>clericos</strong></span> <span class='ocrx_word' id='word_1_642' title='bbox 3230 4645 3404 4700; x_wconf 91' lang='lat' dir='ltr'><strong>eidem</strong></span> <span class='ocrx_word' id='word_1_643' title='bbox 3453 4642 3746 4703; x_wconf 85' lang='lat' dir='ltr'><strong>adversos;</strong></span> 
     </span>
    </p>
   </div>
   <div class='ocr_carea' id='block_1_100' title="bbox 2178 4726 3748 4811">
    <p class='ocr_par' dir='ltr' id='par_1_100' title="bbox 2178 4726 3748 4811">
     <span class='ocr_line' id='line_1_100' title="bbox 2178 4726 3748 4811; baseline -0.013 -13"><span class='ocrx_word' id='word_1_644' title='bbox 2178 4758 2284 4811; x_wconf 89' lang='lat' dir='ltr'><strong>qua</strong></span> <span class='ocrx_word' id='word_1_645' title='bbox 2311 4743 2377 4797; x_wconf 91' lang='lat' dir='ltr'><strong>de</strong></span> <span class='ocrx_word' id='word_1_646' title='bbox 2405 4757 2568 4797; x_wconf 89' lang='lat' dir='ltr'><strong>causa</strong></span> <span class='ocrx_word' id='word_1_647' title='bbox 2624 4737 2767 4793; x_wconf 89' lang='lat' dir='ltr'><strong>Petri</strong></span> <span class='ocrx_word' id='word_1_648' title='bbox 2825 4751 2951 4807; x_wconf 88' lang='lat' dir='ltr'><strong>pars</strong></span> <span class='ocrx_word' id='word_1_649' title='bbox 2984 4746 3111 4790; x_wconf 91' lang='lat' dir='ltr'><strong>tunc</strong></span> <span class='ocrx_word' id='word_1_650' title='bbox 3139 4734 3417 4804; x_wconf 87' lang='lat' dir='ltr'><strong>aliquanto</strong></span> <span class='ocrx_word' id='word_1_651' title='bbox 3447 4726 3748 4802; x_wconf 68' lang='lat' dir='ltr'><strong>praevaluit.</strong></span> 
     </span>
    </p>
   </div>
   <div class='ocr_carea' id='block_1_101' title="bbox 2179 4824 3752 4901">
    <p class='ocr_par' dir='ltr' id='par_1_101' title="bbox 2179 4824 3752 4901">
     <span class='ocr_line' id='line_1_101' title="bbox 2179 4824 3752 4901; baseline -0.011 -14"><span class='ocrx_word' id='word_1_652' title='bbox 2179 4834 2309 4901; x_wconf 71' lang='lat' dir='ltr'><strong>Qum</strong></span> <span class='ocrx_word' id='word_1_653' title='bbox 2332 4843 2509 4888; x_wconf 88' lang='lat' dir='ltr'><strong>autem</strong></span> <span class='ocrx_word' id='word_1_654' title='bbox 2534 4833 2713 4900; x_wconf 86' lang='lat' dir='ltr'><strong>lingua</strong></span> <span class='ocrx_word' id='word_1_655' title='bbox 2744 4829 2841 4883; x_wconf 89' lang='lat' dir='ltr'><strong>fari</strong></span> <span class='ocrx_word' id='word_1_656' title='bbox 2871 4836 3051 4897; x_wconf 90' lang='lat' dir='ltr'><strong>potest</strong></span> <span class='ocrx_word' id='word_1_657' title='bbox 3079 4824 3483 4896; x_wconf 86' lang='lat' dir='ltr'><strong>persecutiones</strong></span> <span class='ocrx_word' id='word_1_658' title='bbox 3511 4834 3565 4877; x_wconf 91' lang='lat' dir='ltr'><strong>et</strong></span> <span class='ocrx_word' id='word_1_659' title='bbox 3584 4832 3752 4889; x_wconf 74' lang='lat' dir='ltr'><strong>angu—</strong></span> 
     </span>
    </p>
   </div>
   <div class='ocr_carea' id='block_1_102' title="bbox 2179 4910 3751 4991">
    <p class='ocr_par' dir='ltr' id='par_1_102' title="bbox 2179 4910 3751 4991">
     <span class='ocr_line' id='line_1_102' title="bbox 2179 4910 3751 4991; baseline -0.01 -14"><span class='ocrx_word' id='word_1_660' title='bbox 2179 4923 2313 4977; x_wconf 89' lang='lat' dir='ltr'><strong>stias</strong></span> <span class='ocrx_word' id='word_1_661' title='bbox 2334 4937 2469 4991; x_wconf 88' lang='lat' dir='ltr'><strong>quas</strong></span> <span class='ocrx_word' id='word_1_662' title='bbox 2519 4937 2581 4976; x_wconf 88' lang='lat' dir='ltr'><strong>ea</strong></span> <span class='ocrx_word' id='word_1_663' title='bbox 2635 4926 2955 4988; x_wconf 87' lang='lat' dir='ltr'><strong>tempestate</strong></span> <span class='ocrx_word' id='word_1_664' title='bbox 3006 4916 3257 4971; x_wconf 87' lang='lat' dir='ltr'><strong>catholici</strong></span> <span class='ocrx_word' id='word_1_665' title='bbox 3307 4921 3434 4968; x_wconf 91' lang='lat' dir='ltr'><strong>sunt</strong></span> <span class='ocrx_word' id='word_1_666' title='bbox 3479 4910 3751 4983; x_wconf 72' lang='lat' dir='ltr'><strong>perpessi?</strong></span> 
     </span>
    </p>
   </div>
   <div class='ocr_carea' id='block_1_103' title="bbox 2180 5002 3750 5083">
    <p class='ocr_par' dir='ltr' id='par_1_103' title="bbox 2180 5002 3750 5083">
     <span class='ocr_line' id='line_1_103' title="bbox 2180 5002 3750 5083; baseline -0.01 -15"><span class='ocrx_word' id='word_1_667' title='bbox 2180 5014 2396 5068; x_wconf 85' lang='lat' dir='ltr'><strong>Eisdem</strong></span> <span class='ocrx_word' id='word_1_668' title='bbox 2429 5025 2643 5083; x_wconf 90' lang='lat' dir='ltr'><strong>quoque</strong></span> <span class='ocrx_word' id='word_1_669' title='bbox 2689 5011 2876 5064; x_wconf 91' lang='lat' dir='ltr'><strong>diebus</strong></span> <span class='ocrx_word' id='word_1_670' title='bbox 2926 5007 3182 5079; x_wconf 72' lang='lat' dir='ltr'><strong>przefatus</strong></span> <span class='ocrx_word' id='word_1_671' title='bbox 3227 5005 3369 5072; x_wconf 85' lang='lat' dir='ltr'><strong>Papa</strong></span> <span class='ocrx_word' id='word_1_672' title='bbox 3423 5002 3750 5060; x_wconf 85' lang='lat' dir='ltr'><strong>Florentiant</strong></span> 
     </span>
    </p>
   </div>
   <div class='ocr_carea' id='block_1_104' title="bbox 2179 5095 3752 5144">
    <p class='ocr_par' dir='ltr' id='par_1_104' title="bbox 2179 5095 3752 5144">
     <span class='ocr_line' id='line_1_104' title="bbox 2179 5095 3752 5144; baseline 0 0"><span class='ocrx_word' id='word_1_673' title='bbox 2179 5103 2320 5144; x_wconf 76' lang='grc' dir='ltr'>νριιίι</span> <span class='ocrx_word' id='word_1_674' title='bbox 2378 5103 2593 5144; x_wconf 71' lang='grc' dir='ltr'>ριΙΞσιηι</span> <span class='ocrx_word' id='word_1_675' title='bbox 2620 5108 2913 5144; x_wconf 74' lang='lat' dir='ltr'><strong>nrmnnrata</strong></span> <span class='ocrx_word' id='word_1_676' title='bbox 2971 5107 3026 5144; x_wconf 72' lang='lat' dir='ltr'><strong>et</strong></span> <span class='ocrx_word' id='word_1_677' title='bbox 3069 5097 3368 5144; x_wconf 70' lang='lat' dir='ltr'><strong>concinnata</strong></span> <span class='ocrx_word' id='word_1_678' title='bbox 3420 5104 3545 5144; x_wconf 83' lang='lat' dir='ltr'><strong>sunt</strong></span> <span class='ocrx_word' id='word_1_679' title='bbox 3568 5095 3634 5144; x_wconf 87' lang='lat' dir='ltr'><strong>ad</strong></span> <span class='ocrx_word' id='word_1_680' title='bbox 3661 5108 3752 5144; x_wconf 82' lang='lat' dir='ltr'><strong>ac-</strong></span> 
     </span>
    </p>
   </div>
  </div>
