4122 5330
414 322 523 378 893

1934 301 2112 372 vos;

3543 312 3644 369 (tot

418 439 673 499 tium-um,
699 431 924 503 praelato
959 420 1116 503 ρθρτέ
1135 422 1359 499 directa,
1390 448 1486 504 per
1524 432 1764 489 ordinem
1796 431 1847 486 in
1880 433 1979 485 hoc
2008 435 2052 492 Λ
2083 433 2378 487 oratorium
2407 431 2520 500 ejus
2550 432 2919 504 confugerant,
2951 439 3042 485 aut
3074 429 3173 485 sibi
3204 415 3647 495 conciliarentur,

416 526 536 580 loco
563 524 840 590 scribitur,
863 531 917 579 et
946 524 1089 593 quod
1123 533 1248 578 tunc
1275 524 1560 580 ostendere
1588 523 1843 579 Dominus
1866 537 1981 576 om-

417 618 666 686 u'poteus
688 616 937 686 digna'us
969 625 1072 680 est,
1100 617 1165 671 ad
1191 617 1328 672 beati
1356 617 1500 672 Petri
1532 614 1979 672 corroboraudam

417 708 598 767 tidem.
637 715 693 761 et
720 708 790 761 ad
837 707 1074 763 Simonis
1124 709 1265 777 magi
1321 709 1697 764 detestandum
1743 723 1979 764 errorem

418 796 720 866 legentibus
748 807 802 852 et
832 798 1175 852 audientibus
1203 798 1402 867 liquido
1428 807 1625 869 pateat.

963 886 1189 941 CAPUT
1238 887 1421 942 LXlVa

492 995 513 1028 ι
556 978 883 1040 Alexandro,
915 978 1102 1047 primae
1127 979 1270 1034 sedis
1299 980 1748 1035 reverendissimo
1775 996 1837 1034 ac
1863 980 1981 1035 uni-

414 1068 608 1123 versati
631 1069 907 1137 episcopo,
940 1068 1119 1123 clerus
1142 1078 1195 1125 et
1221 1071 1448 1139 populus
1472 1071 1834 1129 Florentium.
1869 1071 1983 1125 sin-

415 1172 557 1215 cera:
583 1158 883 1213 devotionis
908 1158 1245 1228 obsequium.
1266 1160 1477 1215 Jamdiu
1508 1162 1721 1217 taedium
1754 1170 1806 1215 et
1830 1160 1982 1216 labo-

416 1264 530 1302 rem
561 1258 823 1315 nostrum,
855 1264 1060 1305 necnon
1076 1261 1349 1306 certamen
1382 1254 1763 1308 monachorum
1795 1265 1980 1309 COllll'il

415 1338 775 1394 Simoniacam
808 1340 1057 1394 hrcresim
1076 1342 1373 1409 paternitas
1396 1350 1572 1397 vestra
1618 1351 1755 1398 bene
1783 1346 1929 1397 novit
1967 1364 1977 1397 :

413 1435 472 1482 ct
505 1443 645 1484 nunc
683 1444 896 1499 quoque
928 1431 1146 1500 dignum
1194 1442 1278 1486 est
1302 1441 1361 1485 ut
1386 1431 1619 1501 qualiter
1645 1431 1783 1486 Deus
1804 1434 1981 1488 excel-

414 1534 509 1573 sus
545 1518 630 1589 pie
654 1533 719 1581 ac
773 1520 1195 1577 misericorditer
1236 1523 1544 1592 scrupulum
1586 1523 1745 1593 hujus
1792 1527 1870 1580 rei
1917 1527 1982 1579 de

413 1608 668 1663 cordibus
694 1610 893 1664 nostris
926 1611 1212 1676 abraserrt,
1244 1612 1614 1681 prtenoscatis.
1643 1612 1805 1681 Signa
1836 1616 1979 1669 enim

412 1703 468 1750 ot
495 1696 759 1751 mirabilia
790 1697 1047 1756 Dominus
1080 1710 1264 1755 noster
1288 1703 1338 1755 iu
1364 1704 1518 1759 nobis
1545 1701 1692 1764 fecit.
1716 1717 1770 1757 et
1802 1721 1897 1774 per
1919 1721 1981 1761 ca

2082 533 2174 577 aut
2203 525 2319 578 sine
2355 539 2450 595 spe
2479 525 2764 579 audientim
2794 532 2946 579 extra
2995 522 3266 577 civitatem
3299 522 3648 592 pellerentur.

2081 611 2217 667 Hinc
2245 612 2442 668 factum
2465 622 2547 669 est
2576 623 2649 676 ut,
2680 621 3094 681 vesperascente
3135 611 3359 667 sabbato
3384 613 3518 668 initii
3571 611 3651 681 je-

2075 703 2234 773 junii.
2265 718 2385 757 cum
2423 703 2563 771 apud
2623 703 2930 771 praedictam
2984 701 3267 757 ecclesiam
3303 700 3448 755 Beati
3499 690 3650 755 Petri

2082 793 2310 863 apostoli
2362 793 2460 862 ipsi
2500 793 2683 847 clerici
2740 791 3028 846 lectionum
3077 807 3139 845 ac
3185 791 3643 861 responsoriorum

2080 882 2355 950 sequentis
2424 880 2713 936 Dominica:
2789 883 3230 945 recordarentur,
3297 880 3647 953 municipales

2080 971 2350 1041 prtesidis,
2389 985 2455 1024 eo
2490 970 2629 1038 quod
2660 984 2719 1025 se
2776 986 2898 1023 cum
2956 970 3105 1025 salva
3154 972 3456 1026 reverentia
3503 971 3655 1027 Petri

2084 1062 2307 1131 apostoli
2337 1062 2644 1117 Simoniaco
2677 1061 2930 1116 hmretico
2961 1076 3065 1115 non
3096 1076 3251 1127 posse
3279 1063 3519 1118 obedire
3565 1076 3648 1116 re-

2083 1154 2415 1223 sponderint,
2448 1154 2567 1209 illos
2590 1162 2741 1208 extra
2772 1153 3122 1208 emunitatem
3154 1154 3397 1219 oratorii,
3431 1155 3646 1209 beatum

2083 1244 2299 1299 Petrum
2328 1243 2688 1313 apostolorum
2738 1243 3037 1314 principem
3082 1245 3528 1314 parvipeudeutes
3552 1244 3648 1313 eji-

2082 1344 2285 1391 cercnt.
2319 1336 2405 1391 Fit
2434 1336 2665 1407 denique
2715 1350 2813 1407 pro
2862 1336 2963 1390 hoc
2989 1335 3193 1391 scelere
3227 1351 3519 1393 concursus
3561 1352 3649 1392 ca-

2083 1427 2403 1481 tholicorum
2424 1427 2685 1487 virorum.
2713 1434 2769 1480 et
2812 1425 3047 1480 maxime
3079 1423 3395 1480 feminarum
3425 1426 3646 1482 velami-

2082 1532 2148 1570 na
2172 1520 2402 1585 capitum
2435 1515 2852 1585 projicientium,
2905 1522 2956 1570 et
2991 1515 3241 1584 expansis
3271 1516 3509 1570 crinibus
3536 1516 3634 1570 fle-

2082 1608 2670 1673 biliterincedeutuun,
2696 1617 2916 1676 pectora
2965 1607 3177 1679 pugnis,
3222 1607 3554 1662 miserabiles
3583 1608 3650 1662 ad

2084 1701 2252 1754 Deum
2282 1714 2441 1754 voces
2492 1699 2777 1764 mittendo,
2825 1699 2958 1754 dure
3006 1697 3365 1763 tundentium,
3414 1706 3468 1752 et
3493 1712 3652 1766 super

410 1789 712 1845 caecitatem
764 1791 1096 1859 ignorantiae,
1143 1803 1192 1846 et
1237 1795 1527 1849 dubietatis
1570 1794 1877 1866 caliginem,
1920 1815 1982 1853 ac
2017 1778 2057 1835 η
2088 1789 2322 1842 virorum
2345 1803 2409 1843 ac
2438 1788 2667 1843 filiorum
2691 1797 2862 1843 morte
2886 1789 3040 1843 triste
3060 1788 3489 1844 lamentantium.
3518 1788 3652 1842 Nam

411 1878 668 1935 tenebras
689 1882 893 1935 erroris
920 1882 986 1935 dc
1007 1892 1226 1951 pectore
1252 1884 1528 1937 hominum
1576 1888 1796 1955 pepulit.
1838 1898 1891 1942 et
1924 1891 1983 1942 ti-

412 1970 532 2023 dem
560 1970 715 2025 nobis
734 1972 975 2039 augendo
1004 1982 1058 2024 et
1085 1973 1377 2036 dilatando,
1407 1986 1462 2028 et
1498 1991 1551 2029 Ill
1587 1992 1647 2030 se
1679 1977 1885 2031 solidan
1911 1980 1978 2042 lo,

413 2058 499 2111 lux
527 2059 794 2115 mentibus
822 2075 931 2114 suae
950 2062 1195 2117 veritatis
1216 2063 1510 2119 clementer
1538 2066 1764 2121 iufulsit.
1795 2067 1982 2122 Pastor

410 2148 627 2215 quidem
651 2149 820 2203 bonus
841 2149 906 2204 de
927 2150 1063 2203 caelo
1093 2153 1258 2216 venit,
1288 2162 1340 2206 et
1364 2154 1555 2207 ovibus
1580 2156 1979 2221 assistentibus,

411 2250 576 2305 aique
601 2238 667 2291 ad
694 2252 752 2292 se
804 2240 933 2295 totis
957 2242 1202 2296 medullis
1233 2243 1613 2310 clamantibus,
1659 2247 1980 2302 sententiam

410 2343 607 2382 sereno
641 2329 948 2394 clariorem,
981 2332 1201 2402 soleque
1251 2329 1878 2407 lucidiorem,‘bmuique
1902 2338 1979 2392 di-

413 2428 503 2473 cto
524 2420 871 2490 apertiorem,
896 2425 1154 2494 omnique
1197 2427 1314 2482 visu
1352 2425 1661 2493 certiorem,
1699 2430 1766 2486 de
1802 2432 1982 2486 medio

411 2507 571 2574 ignis,
610 2511 805 2579 populo
833 2526 931 2568 suo
961 2514 1125 2568 dedit.
1151 2516 1303 2583 Quod
1338 2532 1465 2573 vero
1496 2518 1635 2589 plebi
1658 2519 1979 2576 Florentium

409 2598 478 2650 de
506 2599 662 2653 Petro
694 2599 1067 2674 Papiensi,qui
1094 2621 1151 2660 se
1180 2617 1421 2663 nostrum
1454 2609 1764 2680 episcopum
1792 2610 1977 2668 haberi

411 2688 645 2755 volebat,
669 2694 958 2746 tenendum
991 2694 1079 2757 sit,
1113 2696 1165 2748 iu
1207 2712 1305 2751 suo
1337 2701 1617 2756 tremendo
1655 2700 1863 2769 judicio
1890 2703 1984 2759 de-

409 2774 661 2830 claravit.
713 2776 818 2833 Sed
873 2779 1000 2835 licet
1047 2782 1433 2841 miraculorum
1473 2791 1711 2845 narratio
1738 2792 1984 2847 videatur

412 2864 801 2934 aliquantulum
841 2870 1119 2939 protelari,
1174 2890 1367 2930 causas
1413 2887 1588 2934 tamen
1640 2880 1781 2937 unde
1808 2883 1984 2939 adhuc

412 2967 632 3013 ventum
664 2969 765 3024 est,
819 2977 1157 3033 nequaquam
1199 2966 1461 3022 inutiliter
1510 2979 1757 3039 putamus
1788 2973 1984 3029 debere

413 3051 690 3106 succincte
764 3054 1061 3123 praises-ibi.
1115 3055 1356 3121 Quadam
1407 3061 1605 3115 etenim
1656 3063 1744 3118 die
1794 3078 1982 3120 omnes

416 3140 737 3198 Florentium
766 3143 1002 3201 civitatis
1031 3145 1211 3202 clerici
1249 3164 1352 3203 una
1391 3155 1696 3223 congregati
1721 3155 1981 3225 coepimus

417 3240 526 3286 tam
560 3234 628 3288 de
673 3233 889 3300 clericis
936 3236 1002 3292 de
1044 3238 1174 3293 locis
1202 3240 1317 3294 suis
1347 3241 1604 3310 expulsis,
1631 3258 1790 3313 quam
1816 3247 1979 3302 etiam

413 3321 481 3376 de
508 3322 663 3379 nobis
691 3324 841 3394 ipsis,
864 3338 990 3383 ante
1018 3327 1334 3397 Papieusem
1355 3330 1573 3387 Petrum
1601 3340 1877 3406 conqueri.
1907 3340 1981 3394 De

415 3409 638 3478 abiectis
670 3414 835 3481 enim,
884 3416 1011 3485 quia
1066 3418 1346 3472 consilium
1394 3429 1451 3476 et
1496 3421 1751 3479 solatium
1796 3428 1980 3483 eorum

415 3503 790 3572 amiseramus,
841 3514 896 3560 et
921 3506 1049 3576 quia
1083 3508 1247 3563 etiam
1289 3511 1438 3578 prior
1466 3520 1523 3567 et
1551 3515 1983 3587 archipresbyter

416 3603 619 3660 noster,
677 3605 823 3652 metu
882 3598 1125 3665 haeresis,
1162 3617 1193 3656 o
1223 3602 1441 3660 civitate
1495 3619 1865 3673 secesserant;
1916 3611 1983 3664 de

416 3682 572 3739 nobis
593 3693 795 3749 autem,
828 3687 952 3756 quia
981 3689 1120 3744 bona
1151 3705 1279 3759 pars
1305 3692 1503 3750 civium
1541 3706 1846 3752 nostrorum
1887 3715 1985 3754 uos

414 3774 695 3830 haereticos
725 3775 1057 3833 acclamabat
1082 3795 1100 3845 ;
1133 3796 1255 3834 nam
1281 3782 1470 3838 videns
1498 3799 1596 3840 nos
1632 3785 1711 3840 ire
1740 3789 1807 3842 ad
1837 3804 1980 3856 eum,

415 3864 624 3919 dicebat
656 3884 669 3919 :
703 3884 723 3918 ι
758 3866 850 3933 lte,
877 3869 968 3934 ite,
997 3869 1235 3925 lueretici
1266 3872 1334 3926 ad
1367 3873 1706 3943 hat-relicum;
1734 3877 1829 3943 ite,
1859 3880 1983 3947 quia

354 4036 367 4041 Α
421 3981 438 4012 ι
487 3978 584 4032 per
626 3977 720 4018 vos
777 3964 889 4018 haec
930 3965 1124 4021 civitas
1154 3967 1397 4037 voragini
1432 3970 1672 4035 dabitur;
1711 3972 1799 4040 qui
1828 3972 1984 4028 Chri-

421 4070 442 4103 ι
484 4063 623 4107 stum
656 4054 927 4123 impietate
953 4065 1129 4110 vestra
1154 4057 1221 4112 de
1248 4058 1359 4128 ipsa
1386 4059 1743 4130 expellitis,et
1764 4064 1983 4121 beatum

424 4162 443 4195 ι
487 4141 702 4198 Petrum
724 4146 1023 4214 apostolum
1048 4158 1437 4219 expugnantes,
1471 4151 1744 4208 Simonem
1769 4169 1982 4226 magum

420 4250 438 4281 ι
485 4247 583 4300 pro
608 4231 721 4286 Deo
751 4232 1054 4288 inducendo
1087 4236 1286 4291 colitis.
1335 4256 1354 4289 ›
1394 4239 1532 4305 Quid
1580 4240 1765 4308 plura?
1811 4241 1985 4314 Roga-

415 4340 536 4379 mus
561 4339 684 4379 eum
703 4332 761 4379 ut
784 4334 891 4379 tam
921 4341 1019 4382 nos
1045 4342 1204 4396 quam
1235 4345 1292 4385 se
1328 4329 1396 4384 ab
1422 4330 1525 4386 hac
1578 4331 1796 4387 infamia
1846 4333 1982 4389 libe-

416 4424 518 4481 ret,
547 4417 783 4472 diccutes
816 4436 829 4469 :
864 4435 884 4468 ‹
914 4418 1052 4473 Ecce
1088 4436 1184 4475 nos
1240 4423 1283 4476 si
1337 4430 1388 4476 te
1419 4426 1674 4479 mundum
1726 4427 1981 4495 senseris,

418 4525 440 4559 ι
485 4508 529 4562 si
559 4517 610 4561 tu
662 4508 815 4564 nobis
842 4510 1089 4579 jusseris,
1136 4514 1228 4567 Dei
1258 4530 1355 4585 pro
1389 4524 1436 4569 te
1482 4514 1742 4582 judicium
1796 4520 1982 4574 subire

419 4614 442 4651 ι
485 4614 593 4655 ucu
620 4600 955 4668 dubitamus;
988 4604 1155 4659 aut'si
1194 4606 1568 4674 probationem
1599 4623 1758 4679 quam
1796 4626 1981 4666 mona-

416 4705 442 4743 c
478 4689 567 4746 chi
595 4689 682 4747 hic
712 4699 768 4746 et
799 4692 982 4748 Romae
1032 4694 1212 4751 facere
1248 4696 1554 4764 voluerunt,
1587 4700 1828 4768 recipere
1877 4702 1978 4767 vis,

421 4798 441 4831 ι
484 4781 549 4834 ad
574 4796 667 4836 eos
715 4781 873 4847 imus,
916 4797 1115 4854 eosque
1162 4785 1359 4843 obnixe
1390 4802 1660 4858 rogamus.
1704 4808 1723 4841 ι
1757 4789 1833 4844 Ad
1869 4791 1983 4847 haec

416 4868 505 4925 ille
531 4870 705 4941 inquit
740 4880 991 4927 neutrum
1044 4888 1104 4928 se
1147 4873 1356 4942 jubere,
1391 4885 1639 4931 neutrum
1667 4878 1825 4942 velle,
1850 4895 1983 4934 neu-

414 4967 560 5015 trum
591 4962 855 5031 recipere.
913 4961 1051 5029 Quin
1091 4964 1252 5018 etiam
1300 4966 1533 5022 edictum
1564 4982 1595 5022 a
1624 4969 1850 5037 praeside
1887 4984 1984 5040 per

414 5051 623 5122 legatos
665 5068 791 5109 suos
840 5055 1187 5125 impetravit,
1246 5068 1305 5112 ut
1351 5061 1658 5130 quicunque
1700 5060 1980 5127 laicorum,

494 5147 720 5172 ἶΑ-ιηηιιΛ
764 5147 1079 5172 ΑῘΑ-ἶιδΑ-.-.υι
1111 5162 1166 5172 ..Α
1204 5156 1255 5172 ..ι

2007 3112 2054 3175 C

2089 1878 2140 1932 iu
2170 1878 2374 1949 plateas
2406 1878 2518 1934 luto
2570 1878 2754 1949 plenas
2807 1893 2864 1935 se
2913 1887 3336 1950 prosternentes,
3387 1879 3653 1935 aiebant:

2090 1988 2108 2019 ι
2158 1971 2289 2033 lleu,
2322 1971 2423 2023 heu
2452 1972 2464 2023 !
2503 1986 2535 2023 ο
2569 1970 2803 2034 Christe,
2837 1978 2914 2031 tu,
2963 1970 3086 2024 hinc
3115 1968 3325 2037 ejiceris
3352 2010 3366 2033 .
3412 1977 3467 2023 et
3523 1984 3655 2038 quo‘

2088 2081 2106 2111 ς
2156 2062 2313 2115 modo
2357 2078 2456 2115 nos
2485 2062 2758 2116 desolatas
2791 2061 3089 2131 relinquis?
3118 2061 3197 2115 Tu
3240 2061 3518 2117 nobiscum
3552 2062 3651 2115 ha.

2084 2169 2106 2199 ς
2153 2150 2328 2204 hilare
2380 2168 2486 2205 non
2536 2151 2733 2206 sineris
2756 2193 2769 2216 ,
2799 2159 2854 2206 et
2891 2166 3007 2206 nos,
3035 2152 3303 2221 quomodo
3332 2152 3420 2207 hic
3446 2152 3656 2207 habita-

2089 2259 2107 2289 ι
2155 2256 2275 2295 mus
2305 2242 2329 2293 ἲ
2361 2240 2601 2295 Vidimus
2648 2242 2772 2310 quia
2820 2243 3100 2297 nobiscum
3164 2258 3383 2298 manere
3416 2243 3652 2306 voluisti,

2090 2350 2107 2381 σ
2156 2332 2249 2386 sed
2279 2333 2450 2394 vadis,
2480 2347 2605 2401 quia
2654 2332 2839 2386 Simon
2869 2348 3051 2402 magus
3081 2343 3136 2388 te
3165 2350 3269 2386 non
3298 2334 3580 2402 permittit.
3610 2334 3656 2387 Ο

2092 2443 2115 2475 «η
2161 2435 2348 2480 sancte
2391 2424 2571 2488 l’ctre,
2626 2425 2862 2493 nunquid
2901 2443 2929 2479 a
2964 2425 3369 2495 Simonevmago
3399 2425 3653 2487 vinceris,

2094 2536 2112 2568 ι
2159 2519 2283 2586 quia
2323 2517 2388 2569 ad
2424 2516 2872 2586 tercoulugieutes
2918 2530 3019 2568 non
3060 2514 3337 2570 defendis?
3364 2515 3472 2570 Nos
3501 2525 3659 2584 puta-

2096 2627 2116 2659 ι
2163 2609 2336 2662 vimus
2382 2608 2553 2677 ipsum
2582 2606 2636 2660 iu
2694 2606 3040 2661 infernalibus
3066 2606 3241 2675 pmnis
3270 2620 3389 2660 esse
3416 2606 3664 2659 vinctum

2093 2721 2111 2752 ι
2157 2710 2209 2754 et
2236 2707 2571 2753 catenatum:
2607 2698 2700 2751 sed
2739 2712 2865 2751 cccc
2894 2698 3163 2750 cernimus
3206 2695 3352 2747 illum
3389 2696 3453 2749 ad
3504 2703 3669 2748 tuuuv

2080 2809 2111 2839 4
2157 2789 2387 2842 dedecus
2428 2786 2698 2841 hostiliter
2726 2786 3069 2839 suscitatum.
3118 2804 3136 2835 ι
3180 2783 3428 2837 Virorum
3461 2781 3663 2854 quippe

2085 2882 2175 2935 alii
2207 2881 2273 2935 ad
2304 2879 2439 2934 alios
2471 2877 2724 2933 dicebant
2754 2893 2767 2927 :
2808 2894 2826 2925 ι
2874 2874 3097 2940 Videtis,
3130 2882 3184 2930 et
3227 2882 3411 2944 aperte
3432 2872 3659 2935 videtis;

2095 2992 2111 3022 ι
2159 2972 2408 3027 Christus
2456 2969 2583 3024 hinc
2638 2968 2887 3033 discedit,
2951 2968 3085 3034 abit,
3122 2967 3245 3038 quia
3295 2967 3466 3037 legem
3504 2964 3656 3020 Suam

2092 3085 2111 3116 ι
2158 3065 2477 3136 adimpleus,
2511 3076 2569 3118 se
2613 3060 2834 3131 pelleuti
2887 3075 2994 3115 non
3044 3060 3263 3115 resistit.
3295 3057 3362 3112 Et
3402 3071 3519 3122 nos,
3551 3054 3653 3110 viri

2089 3177 2108 3209 ‹
2159 3158 2377 3219 fratres,
2400 3153 2673 3209 civitatem
2702 3151 2864 3217 hanc,
2896 3164 3002 3222 quo
3028 3150 3277 3205 bzeretica
3305 3163 3432 3219 pars
3461 3162 3521 3201 ea
3549 3160 3661 3201 non

2091 3267 2110 3299 ι
2156 3247 2405 3318 gaudeat,
2431 3242 2801 3309 incendamus,
2830 3244 2990 3313 atque
3012 3257 3134 3296 cum
3178 3240 3415 3311 parvulis
3443 3247 3497 3295 et
3523 3254 3660 3292 uxo-

2091 3363 2110 3394 ι
2161 3342 2306 3396 ribus
2330 3338 2552 3404 nostris,
2609 3350 2929 3407 quocunque
2977 3334 3225 3390 Christus
3272 3331 3416 3397 ierit,
3474 3345 3662 3386 secum

2090 3452 2109 3484 ‹
2157 3444 2376 3494 camus;
2399 3428 2443 3484 si
2475 3426 2767 3482 Christiani
2801 3423 3209 3490 sumus,.Deum
3238 3434 3571 3490 sequamur._
3594 3439 3612 3470 ο
3647 3452 3656 3464 .

2160 3543 2178 3573 ι
2206 3522 2299 3575 llis
2327 3535 2457 3589 ergo
2483 3516 2783 3587 _cjulatibus
2806 3515 2997 3583 hisque
3024 3512 3299 3568 doloribus
3320 3525 3419 3566 nos
3442 3524 3661 3579 quoque

2086 3614 2289 3677 clerici,
2315 3613 2405 3682 qui
2440 3612 2539 3680 ipsi
2577 3608 2829 3678 Papieusi
2857 3605 3172 3659 videbamur
3218 3602 3456 3658 fautores
3479 3608 3535 3656 et
3570 3615 3657 3655 as-

2085 3706 2259 3769 seclze,
2298 3712 2354 3759 et
2402 3700 2492 3774 qui
2548 3699 2616 3753 ab
2660 3697 2781 3753 aliis
2833 3695 3073 3752 haeretici
3113 3694 3562 3759 acclamabamur,
3589 3708 3657 3747 eo

2085 3794 2228 3865 quod
2261 3794 2435 3863 ipsum
2487 3792 2866 3860 sequebamur,
2904 3786 3158 3856 permoti,
3194 3798 3439 3840 seramus
3475 3781 3654 3837 eccle-

2086 3888 2216 3951 sias,
2248 3894 2322 3949 et,
2371 3900 2520 3939 more
2565 3883 2949 3953 projectorum,
2986 3893 3092 3932 non
3140 3877 3404 3947 tangimus
3434 3888 3655 3944 campa-

2087 3996 2207 4045 uas,
2261 3977 2471 4049 populis
2522 3992 2625 4030 non
2674 3974 2932 4044 psalmos,
2987 3985 3096 4025 non
3144 3969 3373 4037 denique
3414 3967 3658 4021 canimus

2088 4070 2302 4124 missas.
2354 4066 2463 4122 Nec
2515 4081 2687 4129 mora,
2727 4063 2883 4120 uobis
2923 4059 3277 4131 congregatis,
3326 4057 3385 4110 fit
3431 4056 3658 4110 Domino

2088 4158 2387 4227 inspirante
2427 4156 2732 4211 consilium.
2774 4154 2857 4208 Ad
2910 4151 3003 4207 Dei
3056 4149 3366 4209 monachos.
3418 4148 3505 4216 qui
3565 4146 3658 4201 Se-

2087 4249 2257 4321 ptimo
2278 4248 2331 4303 iu
2357 4245 2689 4302 monasterio
2716 4243 2899 4298 Sancti
2931 4240 3234 4296 Salvator-is
3260 4240 3478 4306 degunt,
3504 4252 3653 4303 eom-

2088 4339 2236 4394 muui
2262 4349 2387 4393 voto
2417 4336 2675 4404 quosdam
2710 4342 2953 4388 nostrum
3008 4330 3288 4390 mittimus,
3322 4335 3564 4397 petentes
3602 4335 3659 4382 et

2087 4437 2307 4484 orantes
2329 4427 2652 4481 dubietatem
2682 4422 2849 4490 hujus
2875 4423 2950 4475 rei
2984 4419 3121 4475 velle
3168 4417 3421 4488 prodere,
3447 4425 3501 4471 et
3522 4417 3657 4471 veri-

2090 4526 2251 4571 tatem
2285 4528 2634 4585 coguoscerc,
2664 4510 3044 4579 cognitumque
3090 4506 3318 4560 firmiter
3336 4504 3658 4575 promitten-

2086 4614 2166 4661 tes
2214 4614 2414 4660 tenere.
2470 4602 2808 4672 Responsum
2856 4609 3035 4653 autem
3065 4605 3151 4651 est
3197 4594 3350 4650 nobis
3405 4595 3555 4666 quia,
3609 4595 3656 4649 si

2086 4695 2406 4751 catholicam
2444 4690 2603 4746 fidem
2656 4705 2756 4760 pro
2809 4689 3014 4744 viribus
3067 4686 3324 4741 vellemus
3352 4693 3539 4742 tenere
3577 4693 3660 4738 at-

2085 4804 2190 4857 que
2247 4786 2556 4847 defendere,
2610 4794 2665 4838 et
2736 4782 3099 4839 Simouiacam
3165 4780 3433 4834 haeresim-
3487 4777 3660 4845 impu-

2088 4877 2301 4947 gnando
2337 4876 2633 4936 destruere,
2660 4872 2837 4925 virtus
2860 4868 3177 4932 Salvatoris,
3214 4877 3319 4921 tam
3348 4864 3507 4932 hujus
3561 4876 3659 4916 ue-

2089 4966 2218 5036 gotii
2267 4965 2595 5020 dubietatem
2644 4975 2809 5032 quam
2837 4961 3003 5015 etiam
3028 4958 3322 5027 caecitatem
3366 4957 3428 5010 de
3479 4952 3660 5008 cordi-

2090 5060 2189 5113 bus
2216 5057 2416 5113 nostris
2465 5054 2794 5111 eliminata.
2849 5051 3137 5112 Fatemur,
3182 5044 3526 5115 promisimus
3594 5040 3667 5093 de

2089 5150 2187 5172 Ι..-
2240 5164 2296 5172 ...-
2347 5148 2447 5172 I---
2503 5146 2650 5172 ..ιιι-.ιέ
2713 5143 2857 5172 ιιι-η..
2912 5149 2963 5172 Δ.
3014 5138 3108 5172 ἰηρῖ

2240 5164 2296 5172 ...-
2347 5148 2447 5172 I---
2503 5146 2650 5172 ..ιιι-.ιέ
2713 5143 2857 5172 ιιι-η..
2912 5149 2963 5172 Δ.
3014 5138 3109 5172 ἰηρῖ
3205 5136 3247 5172 εἰ
3297 5132 3407 5172 αηίς
3461 5129 3664 5172 Γθοιηιιι
