4122 5330
413 244 517 313 ωδ

1475 251 1535 308 S.
1569 249 1850 308 JOANNIS
1887 248 2277 307 GUALBERTI
2317 249 2607 309 ABBATIS

3564 258 3697 313 ,ιω

417 380 659 433 oramus,
704 376 759 423 et
787 375 844 422 ut
875 367 1037 429 Dens,
1071 365 1163 436 qui
1193 363 1349 419 unica
1379 371 1463 418 est
1495 367 1711 427 veritas,
1754 361 2000 416 veritatis

2125 361 2176 416 L't
2189 369 2368 416 autem
2380 368 2600 417 ventum
2615 370 2699 418 est
2725 363 2793 419 ad
2821 364 3001 434 Agnus
3020 363 3135 425 Dei.
3150 368 3387 435 quatuor
3410 367 3683 429 moment,

417 458 580 528 hujus
629 464 899 513 reseraret
950 455 1180 519 ostium,
1234 454 1601 508 obsecramus.
1656 452 2003 507 Illncescente

418 561 549 603 vero
575 552 769 615 quarta
799 543 958 609 feria,
996 559 1025 597 a
1056 544 1291 613 quodam
1330 550 1574 595 nostrum
1598 542 1707 595 itur
1737 542 1804 594 ad
1827 540 2001 594 virum

418 636 758 704 Papiensem°
799 634 891 705 qui
941 648 1140 703 rogans
1174 646 1299 686 eum
1334 631 1510 702 inquit
1541 649 1556 684 :
1599 650 1617 682 ι
1647 631 1755 685 Fac
1779 646 1878 702 pro
1909 629 2002 684 Dei

422 744 443 780 ι
494 725 749 792 tremore,
771 739 980 795 proque
1007 724 1249 780 remedio
1271 723 1465 778 anima:
1497 732 1631 789 tute,
1663 724 1705 777 si
1733 732 1817 778 est
1846 724 1911 778 de
1953 732 2005 776 te

426 842 451 872 ο
490 818 633 889 quod
660 818 909 873 nveniachi
936 808 1145 872 dicunt.
1174 815 1290 871 Noli
1317 816 1577 880 clericos,
1613 815 1718 869 noli
1746 814 2001 885 populum

423 928 446 963 ο
491 911 545 966 in
573 910 753 965 eundo
783 907 1062 963 laboribus
1088 905 1325 972 allicere;
1357 905 1471 962 noli
1492 907 1656 961 Deum
1680 906 2009 975 experiendo

424 1025 444 1056 ι
491 1010 721 1064 tentare,
745 1000 839 1056 sed
867 1000 986 1070 ejus
1006 999 1204 1069 negotii
1249 999 1561 1062 veritatem,
1608 998 1674 1052 ad
1719 997 2005 1052 Dominum

426 1114 443 1144 ι
492 1101 545 1148 te
596 1091 996 1148 convertenda.
1048 1091 1253 1161 pande;
1306 1099 1418 1155 aut,
1470 1090 1519 1143 si
1571 1089 1675 1143 hoc
1724 1099 1776 1144 te
1828 1089 2007 1144 noscis

426 1206 444 1234 ο
493 1186 786 1240 immunem
816 1193 989 1244 reatu.
1021 1182 1303 1237 nobiscum
1331 1182 1519 1237 venire
1558 1182 1810 1252 "dignare.
1845 1202 1865 1235 ι
1924 1182 2005 1236 Ad

430 1293 448 1325 ι
493 1288 613 1346 qua:
642 1274 767 1328 ille.
798 1290 825 1322 ω
862 1270 974 1328 Nec
996 1287 1098 1342 ego
1130 1271 1255 1326 iliuc
1287 1272 1463 1335 venio,
1508 1285 1685 1341 neque
1736 1281 1806 1336 te,
1857 1272 1901 1327 si
1953 1280 2007 1325 ttt

430 1384 448 1414 ι
495 1379 585 1419 me
634 1363 837 1432 diligis,
889 1362 969 1417 ire
994 1361 1133 1417 volo.
1171 1381 1191 1414 ι
1236 1361 1321 1417 Ad
1362 1361 1477 1416 haec
1505 1376 1635 1417 vero
1676 1362 1880 1418 dictum
1925 1371 2014 1417 est

430 1480 451 1509 ο
495 1457 627 1513 sibi:
664 1475 684 1509 ι
720 1455 967 1511 Profecto
997 1454 1091 1509 Dei
1116 1455 1401 1523 judicium,
1426 1456 1552 1524 quia
1574 1470 1762 1511 omnes
1784 1456 2005 1520 vadunt,

433 1570 450 1601 ι
494 1550 682 1604 videre
700 1547 815 1611 ibo;
846 1556 900 1603 et
932 1546 1061 1617 quid
1092 1547 1161 1601 ibi
1206 1555 1420 1619 agatur,
1459 1546 1687 1602 solerter
1727 1549 1869 1602 scire
1909 1562 2010 1602 cu-

432 1661 453 1693 ο
497 1641 659 1708 rabo;
685 1641 1123 1716 et-quodcunque
1160 1638 1487 1708 Deusjudex
1511 1640 1693 1709 justus
1732 1642 1786 1694 in
1803 1638 2011 1708 judicio

2104 469 2246 509 unus
2268 456 2557 524 imaginem
2586 454 2797 511 Domini
2820 455 3089 521 cruciﬁxi,
3110 456 3461 526 alteraquatn
3483 460 3687 513 sancti-

2105 545 2345 610 ficatatn,
2372 545 2857 601 tertiusduodecim
2870 561 3058 603 cereos
3079 548 3390 604 benedictus
3401 562 3682 608 accensus.

2104 644 2332 705 quartus
2361 635 2696 690 tburibulum
2729 636 2885 693 thure
2910 637 3124 708 plenum
3155 638 3692 710 bajulantes.-proce-

2106 728 2240 780 dunt
2264 725 2332 781 ad
2354 724 2790 782 succendendum
2840 727 3105 799 lignorum
3136 739 3484 801 praescriptas
3506 746 3693 802 pym.

2107 814 2202 868 His
2231 814 2393 884 igitur
2419 815 2570 879 visis,
2597 814 2801 873 clamor
2821 819 3061 873 omnium
3093 818 3148 873 in
3182 820 3380 874 ctelum
3408 822 3694 889 attollitur,

2106 904 2270 975 Kyrie
2295 904 2494 961 ειεξιοη
2525 904 2857 962 ﬂebilisslme
2893 907 3059 977 pleno
3089 922 3188 963 ore
3241 918 3511 965 cantatur.
3538 910 3698 968 lesus

2106 999 2357 1054 Christus
2380 999 2731 1065 creberrime,
2770 1010 2831 1055 ut
2872 1010 3152 1071 exsurgat,
3181 1017 3511 1072 causamque
3536 1018 3701 1058 etiam

2109 1089 2381 1156 defendat,
2427 1102 2636 1147 aratur.
2697 1090 2864 1146 Maria
2918 1090 3041 1160 ejus
3103 1102 3307 1159 mater,
3359 1102 3420 1149 ut
3449 1095 3568 1151 hoe‘
3588 1094 3699 1151 sibi

2109 1182 2355 1245 suadeat,
2386 1182 2612 1238 multum
2642 1197 2675 1237 a
2704 1183 2852 1249 viris,
2879 1181 3169 1254 plurimum
3194 1198 3225 1238 a
3258 1183 3700 1254 feminissnppli-

2109 1280 2293 1327 catur:
2331 1271 2474 1327 Petri
2529 1272 2757 1344 apostoli
2804 1287 3039 1339 nomen,
3081 1286 3195 1342 quo
3249 1272 3529 1329 Simonem
3571 1288 3697 1344 per-

2109 1362 2285 1418 dendo
2337 1363 2599 1428 damnet,
2653 1361 2853 1418 millies
2914 1364 3298 1433 ingeminatur.
3374 1364 3697 1434 Gregorius,

2112 1453 2262 1509 urbis
2310 1453 2530 1523 prtesul,
2583 1463 2644 1508 ιιι
2690 1454 2758 1509 ad
2811 1469 2941 1508 suas
3000 1455 3391 1510 verilicnndum
3446 1464 3703 1526 properet

2111 1544 2455 1613 sanctiones,
2528 1545 2841 1615 suppliciter
2917 1546 3259 1601 obsecratur.’
3307 1548 3517 1602 Interea
3571 1553 3700 1602 dum

2112 1652 2219 1707 pro.
2263 1638 2460 1707 ingenii
2509 1638 2810 1709 capacitate
2859 1641 2930 1695 ab
2973 1639 3228 1696 omnibus
3282 1640 3428 1696 Dctts
3472 1642 3698 1705 oratur,

433 1756 448 1787 ι
497 1748 597 1790 suo
641 1741 792 1789 recto
827 1732 1243 1799 monstraverit,
1289 1732 1586 1788 secundum
1619 1746 1799 1787 meum
1831 1732 2014 1787 valere
2044 1724 2086 1783 Β
2116 1728 2418 1798 presbyter,
2472 1729 2742 1799 perceptis
2784 1730 2977 1785 salutis
3027 1731 3323 1803 mysteriis,
3382 1733 3704 1803 et‘expletn

433 1848 450 1878 ι
496 1824 813 1881 defensabo.
840 1823 952 1880 Nec
980 1824 1075 1880 tibi
1100 1838 1279 1879 meum
1311 1823 1596 1879 molestum
1621 1825 1692 1879 sit
1723 1824 1857 1889 iter,
1890 1823 2016 1894 quia

431 1936 455 1971 ι
498 1928 549 1974 te
594 1919 754 1973 hodie
797 1917 973 1988 qualis
1014 1917 1109 1982 sis,
1152 1918 1423 1974 sententia
1449 1917 1545 1971 Dei
1575 1925 1718 1973 recte
1745 1920 2013 1974 ostendet.

431 2033 451 2062 σ
495 2012 608 2067 Aut
626 2011 772 2066 enim
824 2019 878 2065 te
915 2009 1100 2075 hodie,
1148 2010 1320 2079 tnagis
1347 2020 1511 2079 quam
1557 2025 1791 2079 unquam
1820 2008 2017 2076 fueris,

432 2121 451 2153 ι
501 2101 820 2156 habebimus
845 2101 1093 2167 charum,
1119 2110 1212 2155 aut
1232 2100 1475 2154 viliorem
1495 2109 1550 2155 et
1574 2108 1961 2171 contemptum.
1993 2120 2013 2154 ι

425 2193 535 2248 Nos
585 2192 829 2259 interim,
854 2194 1007 2263 quasi
1050 2193 1257 2251 caelesti
1287 2195 1595 2264 prtemonili
1638 2194 1880 2261 oraculo,
1910 2210 2018 2249 non

424 2294 804 2356 exspectamus
835 2287 1113 2341 nuntium:
1144 2286 1489 2356 curriturque
1522 2301 1552 2340 a
1582 2287 1736 2341 nobis
1780 2286 2018 2352 clericis,

425 2389 588 2448 atque
630 2377 806 2444 laicis,
857 2386 913 2433 et
959 2377 1173 2434 feminis
1194 2379 1261 2434 ad
1308 2376 1630 2449 Septimum,
1682 2378 1734 2433 in
1782 2394 1888 2448 quo
1937 2386 2023 2434 est

426 2470 598 2524 sancti
650 2468 948 2524 Salvatoris
991 2470 1402 2524 monasterium.
1449 2467 1495 2523 Ο
1521 2468 1657 2523 mira
1684 2468 1894 2525 Domini
1926 2484 2020 2539 po-

430 2563 621 2627 Ientia,
647 2562 892 2633 miraque
921 2561 1229 2629 clementia,
1257 2561 1348 2632 qui
1383 2561 1685 2616 voluntates
1712 2576 1816 2616 non
1845 2560 2018 2615 solum

427 2656 725 2727 expeditis,
751 2656 847 2711 sed
888 2654 1050 2709 etiam
1080 2655 1483 2725 praegnantibus
1511 2654 1657 2708 vires
1688 2652 1753 2707 ad
1779 2642 2018 2708 eundum

429 2747 682 2804 donavit!
736 2746 989 2817 Nunquid
1019 2747 1162 2800 enim
1205 2745 1483 2817 longitudo
1531 2757 1837 2813 matronas,
1882 2763 2021 2801 nun-

429 2838 560 2908 quid
602 2838 685 2891 via
732 2837 1029 2892 emnolenta
1080 2837 1422 2892 multitudine
1463 2852 1723 2907 aquarum
1764 2838 2021 2893 delicatas

430 2930 681 2985 terruit?
732 2929 975 2998 nunquid
1037 2944 1238 2998 pueros
1306 2927 1571 3000 jejunium
1636 2932 2025 3001 exasperavit?

430 3022 789 3093 Congregatis
819 3021 1050 3090 denique
1077 3021 1328 3077 omnibus
1356 3022 1570 3077 clericis
1616 3032 1670 3078 et
1701 3023 1851 3078 laicis
1895 3040 2023 3095 pro-

2126 1820 2317 1884 missa,
2341 1829 2614 1891 exutaqne
2643 1821 2850 1887 casula,
2881 1824 3205 1894 exterisque
3234 1825 3521 1882 sacerdotii
3534 1824 3707 1879 indu-

2126 1908 2324 1964 mentis
2367 1909 2469 1963 sibi
2526 1914 2765 1975 retentis,
2808 1928 3024 1968 crucem
3067 1914 3281 1970 Christi
3304 1923 3710 1985 portans,'cum

2126 1999 2413 2057 abbatibus
2444 2011 2498 2055 et
2530 2004 2813 2059 monachis
2856 2004 3087 2061 ietanias
3132 2004 3395 2070 faciendo,
3428 2008 3493 2063 ad
3525 2019 3707 2065 strues

2126 2092 2394 2161 lignorum
2411 2091 2523 2161 jam
2572 2111 2730 2166 rogos
2759 2095 2872 2151 fieri
2900 2096 3225 2167 incipientes
3278 2100 3703 2170 appropinquat:

2127 2183 2308 2254 ibique
2350 2184 2490 2240 Dens
2518 2200 2680 2255 quam
2718 2188 3088 2257 multipliciter
3137 2206 3200 2245 ac
3245 2190 3591 2245 unifortniter
3636 2192 3710 2244 ab

2126 2281 2379 2337 omnibus
2408 2281 2687 2335 amratur.
2744 2280 2897 2357 Nulla
2932 2282 3116 2352 lingua
3145 2283 3270 2347 fari,
3305 2278 3485 2340 nullus
3513 2299 3708 2340 sensus

2125 2370 2424 2442 colligendo
2442 2369 2585 2425 Valet
2615 2371 2885 2426 meditari.
2922 2368 3159 2428 Tandem
3181 2374 3453 2428 silentium
3497 2375 3708 2430 cunctis

2126 2463 2452 2534 imponitur,
2485 2474 2540 2519 et
2566 2476 2625 2520 ut
2651 2465 3013 2521 conditionem
3044 2469 3143 2531 rei,
3177 2482 3274 2538 pro
3304 2482 3409 2536 qua
3454 2467 3570 2523 haec
3613 2469 3708 2522 lie-

2125 2552 2279 2620 bnnt,
2319 2555 2523 2611 in'ente
2551 2556 2834 2611 audiamus
2873 2567 2930 2613 et
2960 2558 3101 2613 bene
3131 2559 3495 2629 intelligamus
3523 2574 3711 2614 mone-

2126 2659 2268 2700 mur.
2298 2644 2527 2717 Eligitur
2550 2647 2783 2718 denique
2807 2651 3061 2705 abbatum
3085 2664 3223 2711 unus
3246 2652 3519 2707 clamosus
3548 2667 3705 2717 voce,

2127 2745 2347 2805 apertus
2402 2738 2608 2809 lingua,
2637 2742 2727 2809 qui
2779 2736 2963 2811 aperte
3002 2743 3069 2797 ad
3114 2743 3519 2814 intelligendam
3583 2760 3708 2799 ora—

2130 2829 2329 2882 tionem
2356 2829 2409 2882 iu
2436 2844 2539 2900 qua
2570 2832 2810 2887 conditio
2852 2834 3127 2904 petitionis
3153 2835 3219 2889 ad
3266 2836 3432 2892 Deum
3463 2837 3711 2891 contine-

2127 2920 2291 2975 batur
2340 2922 2536 2991 populo
2584 2923 2734 2994 legit.
2781 2924 3225 2981 Collaudantibus
3267 2936 3447 2981 autem
3495 2928 3711 2983 cunctis

2128 3013 2512 3078 conditionem,
2565 3018 2909 3071 tuneitermn
2946 3018 3082 3073 alius
3133 3018 3384 3073 abbatum
3437 3018 3708 3074 silentium

431 3090 627 3167 miscui
654 3090 822 3167 sexus
850 3120 903 3168 et
929 3112 1103 3167 natalis
1131 3111 1242 3167 fere
1286 3111 1352 3166 ad
1404 3114 1509 3167 tria
1542 3113 1707 3168 millia
1738 3114 1803 3168 ad
1828 3090 2022 3185 prindi-
2048 3090 2094 3150 (ἶ
2127 3108 2283 3176 petit,
2314 3107 2643 3179 elevansque
2678 3123 2885 3176 vocem,
2928 3110 3223 3181 alloquitur
3260 3127 3450 3166 omnes
3483 3102 3712 3166 dicens:

430 3212 580 3260 clum
610 3203 1026 3268 monasterium,
1049 3204 1449 3277 interrogatnur
1468 3221 1498 3260 a
1528 3206 1662 3261 viris
1680 3206 1804 3261 Dci:
1841 3223 1858 3256 ι
1888 3204 2018 3272 Cur,

438 3315 461 3347 ι
507 3297 724 3362 fratres,
759 3296 1035 3353 venistis?
1065 3316 1086 3347 ι
1127 3297 1504 3367 Respondetur
1551 3313 1582 3352 a
1634 3298 1789 3353 nobis
1829 3314 1843 3351 :
1904 3318 1923 3349 ι
1952 3296 2022 3352 Ut

442 3409 461 3441 ι
508 3388 901 3455 illuminemur,
934 3397 1010 3455 et,
1035 3404 1275 3445 errorem
1298 3389 1701 3461 relinquentes,
1735 3388 2023 3444 veritatem

439 3497 471 3533 ι
505 3494 816 3549 sequamur,
852 3499 965 3534 ι-
990 3501 1006 3531 ι
1046 3480 1349 3549 Quomodo,
1399 3481 1673 3551 inquiunt,
1728 3481 2024 3536 illuminari

441 3591 460 3623 ι
503 3570 706 3626 vultis?
731 3590 751 3624 ι
775 3568 903 3637 Nos,
930 3571 1168 3641 inquam,
1200 3572 1620 3642 respondentes:
1658 3592 1676 3624 ι
1707 3571 1778 3629 Ut
1805 3575 2026 3645 cepioso

444 3684 473 3715 ο
506 3664 767 3735 probetur
814 3665 957 3736 igne,
989 3666 1130 3734 quod
1163 3666 1229 3721 de
1256 3664 1508 3735 Papiensi
1554 3664 1715 3722 Petro
1760 3666 1960 3722 dicitis.
1999 3686 2019 3720 ι

446 3773 465 3804 ι
509 3784 581 3795 --
610 3755 814 3821 Quem,
842 3754 1114 3824 inquiunt,
1152 3753 1386 3809 fructum
1418 3756 1518 3809 hoc
1561 3755 1705 3809 facto
1736 3756 2023 3821 habebitis,

445 3867 473 3897 ι
509 3856 601 3900 aut
622 3861 782 3916 quem
824 3847 1081 3900 honorem
1107 3845 1232 3900 inde
1275 3846 1385 3899 Deo
1425 3845 1699 3901 reddetis?
1726 3865 1744 3897 ι
1780 3845 2026 3914 Respuit-

441 3938 634 3991 demus
659 3949 850 3988 omnes
891 3952 904 3988 :
948 3952 967 3985 ι
998 3932 1065 3989 Et
1089 3935 1293 3989 erimus
1331 3936 1608 3990 vobiscum
1636 3946 1839 3991 rectam
1865 3935 2025 3990 fidem

446 4045 471 4079 ο
509 4026 890 4090 defendentes,
917 4033 972 4080 et
993 4024 1356 4079 Simoniacam
1374 4026 1621 4082 haeresim
1638 4011 2027 4094 abominanda,

445 4137 469 4171 ι
509 4118 618 4174 Deo
644 4131 856 4187 semper
877 4117 1079 4189 gratias
1101 4126 1342 4187 agentes.
1380 4137 1398 4169 ι

519 4225 539 4259 ι
574 4205 713 4274 Quid
742 4205 953 4276 longius
981 4206 1294 4261 moramur?
1344 4205 1503 4261 Fiunt
1550 4208 1732 4261 statim
1765 4223 1793 4261 a
1836 4208 2031 4277 populo

440 4297 561 4352 dum
588 4305 767 4352 strues
810 4296 1077 4369 lignorum
1105 4295 1425 4351 altrinsecus
1447 4296 1600 4365 juxta
1629 4313 1688 4352 se
1716 4297 1769 4350 in
1800 4295 2030 4369 longitu-

443 4387 574 4443 dine
615 4389 832 4459 positte:
890 4387 1205 4456 singillatim
1251 4402 1383 4443 vero
1422 4387 1697 4457 longitudo
1748 4388 2030 4458 utriusque

446 4479 549 4534 fuit
577 4481 773 4549 pedum
804 4481 1021 4546 decem;
1052 4479 1277 4534 latitudo
1305 4488 1484 4533 autem
1533 4478 1813 4533 ambarum
1846 4480 2027 4550 singil-

444 4570 594 4625 latim
624 4572 862 4642 qninque
912 4572 1132 4642 pedum,
1165 4581 1219 4627 et
1270 4570 1550 4626 dimidium
1585 4573 1791 4627 dimidii
1840 4575 2025 4643 pedis:

445 4661 675 4717 altitudo
713 4662 945 4731 denique
998 4662 1279 4734 utriusque
1323 4664 1615 4733 separatim
1665 4663 1766 4717 fuit
1801 4672 2032 4732 quatuor

445 4753 645 4825 pedum
676 4763 733 4808 et
763 4754 1062 4809 dimidium.
1119 4754 1266 4810 Inter
1314 4765 1571 4827 utrasque
1618 4771 1746 4810 vero
1786 4772 1947 4827 pyras
1980 4758 2030 4811 in

446 4844 779 4916 longitudine
820 4846 1009 4900 semita
1058 4845 1218 4902 unius
1268 4847 1471 4902 brachii
1531 4848 1756 4909 exstitit,
1808 4856 1863 4901 ct
1918 4848 2031 4917 ipsa

446 4942 618 4990 strata
673 4936 833 4991 siccis
881 4934 1061 5006 lignis,
1097 4946 1151 4993 et
1199 4937 1266 4991 ad
1301 4936 1598 4993 ardentium
1638 4938 1774 4992 bene
1803 4938 2029 5008 paratis,

447 5026 657 5081 Interea
700 5025 834 5081 fiunt
865 5041 964 5097 pro
1005 5027 1106 5081 hac
1136 5042 1195 5082 re
1245 5025 1578 5097 psﬁnodiaa,
1633 5028 1863 5088 leta'niaa,
1904 5043 2033 5096 snp-

448 5116 792 5185 plicationes.
821 5116 1115 5172 Monachus
1129 5117 1241 5188 (l0)
1261 5118 1559 5171 intraturus
1575 5117 1751 5187 ignem
1783 5115 2028 5186 cligitur;

443 5205 707 5278 jussuque
782 5208 994 5263 abbatis
1041 5207 1412 5264 celebraturus
1471 5206 1691 5261 missam
1749 5207 1814 5260 ad
1862 5207 2031 5260 altare

449 5301 686 5330 Ιιριιηιιιηι
740 5300 897 5330 ..ξι-(τη
932 5316 1067 5330 IiA-IL
1089 5308 1339 5330 nnnlnllln
1371 5314 1491 5330 nllm
1521 5313 1710 5330 Innan
1746 5296 2032 5330 1.nl'nI;l|na

2131 3218 2150 3250 ι
2198 3199 2309 3254 Viri
2369 3201 2567 3256 fratres
2606 3209 2660 3257 et
2718 3218 2958 3269 sorores,
3028 3220 3127 3274 pro
3178 3204 3353 3260 salute
3404 3204 3712 3260 animarum

2129 3311 2148 3345 t
2193 3302 2522 3358 vestrarum,
2572 3303 2707 3351 teste
2754 3297 2879 3358 Deo.
2910 3298 3013 3352 hoc
3042 3300 3293 3362 facimus.
3318 3310 3376 3355 ιιι
3402 3284 3653 3373 deinceps
3678 3316 3711 3355 ει

2131 3406 2150 3441 ι
2192 3389 2500 3447 Simoniaca
2552 3392 2716 3462 lepra.
2768 3411 2887 3465 qnze
2938 3394 3050 3450 fere
3082 3397 3194 3468 jam
3250 3407 3418 3451 totum
3473 3397 3715 3451 sordide!

2131 3499 2149 3532 ι
2200 3483 2481 3548 mundum,
2510 3485 2766 3540 caveatis.
2826 3485 2995 3557 llujns
3033 3488 3195 3557 lepra:
3241 3489 3550 3559 contagium
3602 3497 3711 3544 tam

2133 3590 2152 3623 ι
2196 3588 2446 3644 magnum
2486 3591 2607 3631 esse
2642 3577 2844 3641 sciatis,
2879 3581 3022 3650 quod
3049 3580 3206 3636 istius
3248 3580 3571 3636 humanitati
3610 3596 3714 3633 rae-

2135 3683 2153 3715 ι
2204 3672 2318 3721 tera
2362 3668 2592 3721 crimina
2629 3681 2937 3740 comparata
2991 3682 3115 3727 sunt
3156 3675 3309 3743 quasi
3355 3674 3509 3728 nihil.
3542 3693 3559 3725 ι
3620 3672 3717 3728 llis

2126 3774 2257 3828 ergo
2299 3759 2548 3826 expletis,
2583 3777 2705 3816 cum
2750 3765 2964 3832 utrique
3006 3769 3119 3838 rogi
3144 3768 3254 3837 jam
3304 3784 3364 3822 se
3403 3783 3468 3822 ex
3523 3766 3715 3836 majmi

2129 3858 2283 3917 parte
2309 3849 2360 3903 in
2405 3850 2798 3910 ﬂammivomos
2827 3858 3117 3913 vertissent
3161 3858 3456 3924 carbones,
3494 3868 3550 3913 et
3590 3874 3713 3912 cum

2131 3938 2306 3994 media
2352 3942 2544 3996 semita
2591 3943 2988 4013 iguivomarum
3033 3951 3188 4019 copia
3231 3965 3525 4019 prunarum
3571 3958 3713 4005 tacta

2128 4039 2403 4092 aestuaret.
2430 4042 2490 4087 ιιι
2514 4050 2684 4104 usque
2709 4036 2775 4090 ad
2811 4038 2944 4093 talos
2974 4042 3139 4107 pedes
3182 4041 3383 4109 euntis,
3413 4041 3550 4117 sicut
3595 4049 3717 4112 post

2134 4122 2184 4175 in
2214 4124 2532 4191 probatione
2557 4126 2753 4196 patuit,
2809 4129 2861 4183 in
2893 4145 3095 4198 prunas
3125 4130 3270 4203 inligi
3325 4141 3575 4202 possent;
3624 4147 3715 4188 sa-

2133 4214 2323 4268 cerdos
2362 4222 2413 4270 ct
2440 4218 2758 4285 monachus,
2780 4218 2930 4286 jussu
2966 4222 3199 4287 abbatis,
3242 4224 3382 4277 hanc
3414 4224 3716 4279 orationem

2135 4318 2256 4356 cum
2283 4320 2472 4374 magna
2497 4323 2648 4372 voce,
2677 4309 3020 4367 audientibus
3046 4322 3099 4366 et
3120 4311 3377 4367 Dentibus
3402 4312 3514 4367 fere
3546 4313 3721 4369 tribus

2140 4396 2398 4455 millibus.
2426 4397 2642 4454 l‘uditad
2668 4401 2970 4457 Dotninnm.
3005 4423 3022 4453 ι
3046 4404 3270 4459 Domine
3296 4403 3424 4460 Jesu
3479 4403 3716 4472 Christe,

2138 4506 2157 4539 ι
2206 4504 2329 4544 vera
2361 4491 2449 4545 lux
2477 4495 2718 4548 omnium
2748 4494 2801 4548 in
2843 4504 2894 4549 te
2921 4498 3279 4565 credentium,
3330 4506 3475 4553 tuam
3505 4499 3718 4555 miseri-

2137 4596 2155 4628 ι
2203 4579 2445 4633 cordiam
2478 4591 2623 4651 peto,
2664 4592 2806 4638 tuam
2855 4585 3197 4642 clementiam
3228 4603 3392 4643 exoro
3438 4598 3515 4655 nt,
3547 4588 3592 4643 si
3620 4587 3719 4645 Pe-

2138 4689 2160 4721 ι
2208 4681 2320 4727 trus
2343 4672 2644 4742 Pap‘ensis,
2675 4677 2765 4746 qui
2798 4677 3143 4736 Florentinus
3175 4682 3462 4754 episc0pus
3497 4682 3719 4747 dicitur,

2139 4782 2156 4812 ι
2206 4764 2513 4819 interventu
2547 4769 2813 4835 pecunia},
2846 4769 2897 4824 id
2928 4781 3011 4825 est
3048 4788 3272 4828 munere
3307 4791 3337 4828 a
3361 4789 3545 4839 manu,
3577 4775 3723 4845 quod

2138 4871 2156 4904 ι
2206 4864 2289 4908 est
2335 4855 2639 4912 Simoniaca
2690 4858 2931 4925 lucresis,
2984 4861 3350 4918 Florentinam
3381 4864 3719 4934 arripuitsc—

2143 4964 2160 4993 ι
2208 4945 2349 5007 dem,
2404 4962 2546 5000 nunc
2578 4956 2657 5012 tu,
2695 4949 2793 5004 Fili
2826 4954 3015 5006 :eterni
3063 4954 3261 5018 Patris,
3310 4955 3457 5010 salus
3484 4969 3638 5021 mea,
3665 4955 3717 5008 in

2144 5051 2163 5086 ι
2212 5034 2313 5089 hoc
2338 5038 2617 5092 tremendo
2640 5039 2845 5109 judicio
2876 5042 2943 5096 ad
2972 5045 3334 5113 atljnvandum
3374 5062 3461 5102 me
3501 5047 3718 5110 festina,

2143 5145 2162 5176 ι
2207 5135 2262 5180 et
2292 5142 2376 5180 me
2427 5127 2650 5184 illaesum
2698 5134 2814 5186 sine
2844 5134 3023 5204 aliqua
3070 5137 3457 5191 eombustionis
3510 5137 3721 5192 macula

2145 5233 2164 5265 ι
2212 5216 2531 5271 mirabiliter
2576 5236 2872 5288 conserva;
2903 5225 3044 5278 sicut
3076 5226 3345 5294 quondam
3380 5227 3575 5282 illaesos
3615 5228 3717 5281 sal-

2212 5315 2349 5330 ισΑΑΙί
2405 5316 2511 5330 Ι-Α-
2555 5323 2751 5330 ----..--
2798 5315 2841 5330 Ξ..
2890 5328 2927 5330 __
2962 5328 2967 5330 _
3002 5315 3013 5324 '
3238 5315 3249 5324 '
3392 5315 3404 5330 I
3484 5317 3517 5330 Α.
3621 5316 3658 5330 Α
3703 5317 3714 5328 ⁸
