4122 5330
349 268 467 329 ’137

1899 266 2073 325 \‘iTA.

3493 230 3657 315 ουδ’

373 405 392 435 α
420 398 576 438 'rum.
616 402 637 434 ι
670 382 914 452 Cumque
947 396 1158 446 omnes,
1189 382 1280 450 qui
1328 382 1573 443 aderant,
1620 380 1930 451 respondis-
1963 383 2007 439 Λ
2036 380 2204 442 ciunt,
2242 377 2456 433 demum
2502 376 2566 430 ad
2616 376 2990 446 paternitateut
3030 380 3264 431 vestram
3291 375 3599 446 supplican-

368 482 488 530 sent
562 489 583 525 ς
621 475 810 538 Amen,
846 491 865 524 ι
920 473 1068 543 pacis
1118 470 1366 526 osculum
1436 471 1692 526 fratribus
1759 468 1930 533 dedit,

367 578 425 621 et
469 564 695 633 accepit.

448 669 469 704 ι
488 651 886 722 lnterrogamur
907 667 1125 707 omnes:
1178 672 1196 704 ι
1226 651 1470 719 Quamliu
1498 651 1656 705 vultis
1681 654 1852 722 ipsum
1881 650 1934 705 in

369 745 493 816 igne
539 744 796 800 manere?
826 764 844 794 ι
887 743 1221 813 Responsum
1251 754 1335 798 est
1385 745 1453 797 ab
1481 744 1757 798 omnibus:
1803 741 1932 804 «At,

377 853 397 886 ι
437 845 492 889 at
526 836 653 904 quid
687 834 898 890 dicitis?
931 854 948 887 ι
973 865 1044 875 —
1068 854 1087 883 ι
1118 832 1342 898 Suﬂlcit,
1374 834 1597 895 domini.
1645 834 1778 888 satis
1813 851 1933 887 cum

348 940 395 976 λι
440 924 660 979 soletnni
688 924 975 995 gravitate,
1006 924 1331 994 pedetentim
1362 925 1541 994 ignem
1588 923 1937 991 ﬂammasque

377 1034 398 1068 ι
440 1016 694 1070 transire.
730 1036 749 1067 ι
784 1016 1011 1071 Jubetur
1039 1016 1254 1085 quidem
1301 1017 1560 1071 sacerdoti
1591 1025 1644 1069 ct
1673 1016 1937 1071 monacho

369 1106 626 1160 vvduntati
680 1115 877 1161 nostra:
923 1104 1256 1159 satisfacere.
1321 1103 1471 1158 Tunc
1522 1104 1637 1172 ipse
1684 1103 1937 1159 sacerdos

369 1207 558 1252 contra
586 1197 725 1265 ignis
771 1197 1019 1250 ardorem
1054 1195 1291 1249 salutare
1321 1195 1531 1263 signum
1562 1193 1783 1255 iaciens,
1813 1210 1937 1248 cru-

371 1300 592 1356 cemque.
616 1285 813 1340 Christi
842 1284 1112 1353 bajulans,
1139 1285 1436 1354 ipsamque,
1466 1299 1569 1337 non
1599 1283 1934 1338 ﬂammarum

370 1376 765 1433 multitudinem
808 1378 1117 1441 attendens,
1166 1376 1465 1448 intrepidus
1500 1387 1706 1440 mente,
1750 1377 1937 1433 hilaris

369 1487 419 1523 Vl
440 1470 538 1533 itu,
562 1484 685 1524 cum
713 1470 942 1539 quadam
965 1468 1280 1523 celebritate
1324 1468 1625 1538 gravitatis,
1657 1468 1854 1523 illmstts
1883 1469 1935 1523 in

369 1572 612 1630 corpore,
647 1560 844 1615 ill:csus
873 1570 927 1616 et
954 1561 1005 1614 in
1036 1560 1286 1615 omnibus
1312 1574 1431 1629 quae
1457 1574 1638 1615 secum
1665 1562 1932 1627 portabat,

370 1650 635 1709 invirtute
657 1649 782 1708 Jcsu
809 1652 1010 1708 Christi
1041 1652 1361 1708 mirabiliter
1394 1653 1568 1724 ignem
1594 1651 1930 1723 pertransiit.

2037 473 2162 526 dmn
2207 470 2581 525 concurrimus
2652 469 2757 523 Per
2813 470 2985 540 ipsum
3030 483 3158 525 vero
3208 470 3598 525 beatitudinem

2035 570 2272 616 vestram
2323 574 2562 623 oramus,
2619 559 2772 628 cujus
2823 560 3115 622 vicarium,
3168 568 3277 616 tam
3323 560 3383 615 in.
3450 559 3603 615 malis
3654 572 3657 575 '

2035 668 2197 721 quam
2239 649 2480 705 etiamin
2504 649 2683 712 terris,
2714 665 2815 705 vos
2840 665 2961 705 esse
2987 650 3602 720 desideramus.~Digm-

2036 742 2165 797 mini
2194 739 2337 809 plebi
2377 740 2529 810 longa
2571 748 2719 809 peste
2757 740 3025 795 demolita:
3083 741 3364 796 consilium
3401 742 3603 809 pariter

2035 845 2092 890 ct
2134 834 2463 890 defensionis
2508 832 2764 886 auxilium
2812 832 3135 901 impendere.
3171 833 3470 904 Dignamini
3503 848 3603 889 nos

2039 927 2268 982 miseros
2316 928 2384 978 ab
2436 922 2759 992 importunis
2792 922 3065 991 luporum
3105 922 3352 981 faucibus
3394 924 3596 983 abstitit.
3662 968 3665 973 .

2037 1015 2215 1070 bendo
2258 1014 2486 1083 eripere.
2531 1011 2858 1081 Dignamini,
2904 1026 3208 1082 precamur,
3237 1028 3388 1069 arma
3414 1022 3603 1069 contra

2038 1108 2223 1161 hostes
2260 1104 2404 1159 Petri
2447 1101 2673 1172 apostoli
2722 1116 2970 1166 movere,
3015 1103 3161 1159 acies
3194 1112 3427 1166 struere,
3460 1103 3604 1159 vires

2035 1212 2270 1260 sumere,
2296 1205 2482 1251 sancta
2507 1194 2644 1250 bella
2673 1194 3036 1258 committere,
3061 1203 3114 1250 et
3134 1211 3234 1251 nos
3251 1211 3379 1251 oves
3402 1194 3602 1263 Christi

2035 1288 2192 1342 brato
2246 1286 2428 1353 Petro,
2482 1287 2687 1357 tibique
2729 1287 2845 1342 vice
2881 1287 2996 1356 ejus
3034 1288 3375 1353 commissas,
3412 1297 3604 1345 contra

2037 1378 2376 1435 Simoniacos
2416 1380 2734 1450 prmliando,
2777 1382 2844 1437 de
2873 1380 3185 1449 captivitate
3210 1379 3458 1439 liberare.
3486 1378 3607 1435 Ple-
3662 1417 3669 1423 .

2023 1469 2220 1539 risque
2258 1469 2461 1523 etenim
2506 1480 2749 1524 nostrum
2792 1471 2985 1525 beatus
3031 1471 3145 1540 ipse
3190 1469 3497 1540 Apostolus.
3529 1478 3607 1525 .ut

2036 1560 2164 1614 olim
2217 1574 2247 1612 a
2294 1558 2510 1616 Nerone
2552 1561 2603 1613 in
2635 1575 2796 1617 cruce
2841 1561 3107 1628 conﬁxus,
3155 1577 3211 1616 tn
3253 1577 3370 1615 VtSll
3430 1563 3609 1623 noctis
3666 1606 3671 1611 .

2037 1661 2285 1724 apparet.
2320 1662 2399 1716 et,
2425 1653 2731 1722 passionem
2783 1668 2941 1721 suam
2976 1654 3333 1714 ostendendo.
3362 1664 3475 1710 utra
3513 1671 3615 1711 so»

369 1743 499 1799 liam
532 1746 758 1800 ﬂammte
786 1747 1019 1817 undique
1037 1723 1489 1801 concurrenteset
1517 1747 1935 1816 circumquaque
1967 1723 2010 1784 Β
2037 1723 2234 1800 cietate
2287 1740 2723 1800 Simoniacort'm
2790 1743 3163 1807 declinemus,
3226 1744 3317 1812 pie
3370 1743 3602 1799 suadet:

367 1844 751 1904 exsurgentes,
811 1834 986 1890 albam
1017 1837 1165 1905 quasi
1218 1837 1490 1906 byssinam
1543 1838 1838 1900 intrabant,
1882 1847 1938 1893 et

370 1924 638 1996 implendo
669 1924 954 1991 inﬂabant';
1009 1927 1103 1981 sed
1149 1940 1352 1982 natura:
1400 1943 1509 1983 sua:
1571 1929 1933 1994 immemores,

369 2016 500 2070 nihil
523 2016 622 2070 sibi
648 2018 877 2071 ustionis
905 2018 1390 2087 ml’errepoterant.
1421 2020 1750 2090 Manipulmn
1792 2023 1937 2077 deni-

366 2123 471 2178 que
500 2117 554 2162 et
607 2108 825 2174 stolam,
862 2123 1152 2178 eorumque
1192 2110 1433 2166 ﬁmbrias
1479 2126 1629 2165 more
1656 2122 1934 2167 ventorum

368 2200 720 2264 sustollendo,
768 2202 874 2257 bue
904 2202 1138 2272 illucque
1167 2205 1315 2257 varie
1344 2203 1607 2268 ferebant,
1636 2205 1728 2283 sed
1755 2203 1938 2258 calore

367 2291 578 2357 perdito
629 2291 774 2361 ipsas
833 2292 886 2346 in
939 2293 1085 2346 nullo
1137 2284 1454 2347 comburere
1503 2292 1773 2346 valebant.
1838 2290 1935 2347 Pili

365 2395 578 2453 quoque
598 2384 793 2452 pedum
821 2383 936 2453 ejus
957 2387 1097 2440 inter
1115 2385 1420 2441 ﬂammosos
1447 2387 1708 2439 carbones
1734 2386 1935 2457 immit-

366 2474 651 2540 tebantur;
695 2474 810 2540 sed,
861 2489 895 2530 ο
935 2477 1068 2531 mira
1097 2476 1304 2531 Domini
1338 2477 1604 2544 pou-nlla!
1654 2492 1687 2529 ο
1733 2473 1935 2529 Christi

364 2564 630 2619 laudanda
656 2565 971 2621 clementia!
1021 2581 1205 2621 eorum
1238 2567 1365 2621 nulli
1410 2566 1574 2622 odore
1594 2567 1732 2638 ignis
1780 2567 1938 2622 laede-

361 2654 582 2709 bantur.
636 2655 782 2710 Inter
833 2656 1055 2725 capillos
1109 2672 1298 2728 nempe
1342 2656 1570 2711 ﬂammae
1610 2658 1937 2712 circmnsur—

361 2753 554 2815 gentes
585 2746 876 2811 intrabant,
916 2762 1115 2817 eosque
1149 2747 1325 2803 ﬂando
1352 2747 1600 2803 levabant
1637 2758 1690 2803 et
1733 2749 1939 2804 releva-

358 2838 493 2893 bant
532 2857 545 2891 :
602 2838 695 2893 Sed
729 2852 829 2893 nec
878 2839 1242 2895 summitatem
1294 2840 1515 2910 alicujus
1556 2854 1762 2903 eorum,
1794 2842 1885 2895 vir.
1911 2857 1937 2896 s

361 2946 489 2985 suas
523 2930 723 2992 obiice,
767 2931 1041 2987 addrendo
1081 2941 1394 3002 retorquere
1446 2932 1714 2987 valebant.
1767 2933 1938 2987 Erant

363 3022 561 3092 quippe
600 3020 831 3075 ﬂammae
859 3030 924 3075 ex
974 3022 1119 3075 omni
1163 3031 1313 3092 parte
1344 3022 1515 3092 ipsum
1556 3024 1935 3078 concludentcs

362 3113 426 3167 ad
454 3113 751 3168 Salvatoris
779 3113 1116 3177 miraculum,
1150 3129 1253 3167 non
1284 3114 1350 3168 ad
1376 3117 1589 3172 ardoris
1610 3119 1932 3172 incendium.

360 3201 623 3257 Ardorem
667 3201 942 3256 catholicae
1010 3202 1129 3256 ﬂdei
1171 3203 1772 3277 sentiebant,.ideoque
1832 3222 1935 3262 non

362 3291 645 3347 ardebant.
702 3293 844 3348 Deus
888 3290 1131 3361 profecto
1181 3302 1368 3349 noster
1432 3296 1571 3366 ignis
1615 3313 1936 3352 consumens

363 3383 571 3447 aderat,
605 3381 848 3451 ideoque,
901 3381 1018 3450 ipso
1049 3382 1295 3447 nolente,
1328 3399 1617 3456 corporeus
1640 3387 1775 3455 ignis
1804 3387 1935 3440 nibil

363 3486 561 3527 nocere
605 3482 834 3543 poterat.
885 3473 1077 3528 Procul
1123 3475 1287 3530 dubio
1333 3491 1518 3532 verum
1564 3487 1683 3533 crat
1726 3480 1866 3549 quod
1904 3496 1933 3534 a

364 3555 535 3623 servis
574 3567 683 3622 suis
732 3569 1031 3632 dicebatur,
1065 3569 1189 3640 quia
1233 3569 1441 3624 illorum
1487 3571 1661 3636 testis,
1709 3573 1936 3627 veritate

362 3655 582 3727 juvante
600 3704 615 3725 ,
647 3662 716 3716 ab
745 3665 866 3734 igne
893 3665 1217 3720 miraculnse
1245 3666 1524 3720 liberatur.
1555 3665 1765 3721 Veritas
1790 3668 1932 3722 enim

363 3764 575 3820 semper
599 3752 789 3807 liberat
819 3769 955 3823 quos
975 3754 1228 3810 falsitatis
1246 3755 1453 3810 macula
1474 3771 1577 3809 non
1595 3758 1930 3827 coinquinat.

444 3861 463 3895 ι
494 3840 783 3913 Postquam
808 3856 985 3901 autem
1014 3862 1266 3916 egressus
1287 3857 1368 3904 est
1397 3848 1463 3902 de
1502 3848 1642 3919 igne,
1675 3849 1800 3903 dum
1830 3849 1931 3904 ite-

366 3947 485 3986 rum
522 3934 683 3989 vellet
730 3935 906 3991 l‘ocum
950 3940 1226 4006 repedare,
1276 3939 1487 4008 capitur
1515 3955 1543 3991 a
1572 3939 1795 4009 populo;
1843 3941 1935 3995 de-

364 4021 678 4077 osculantur
703 4026 865 4095 pedes
892 4042 1003 4097 prae
1025 4030 1310 4093 desiderio,
1344 4031 1461 4084 Prae
1483 4031 1676 4102 gaudio
1716 4031 1931 4100 quidem

365 4126 423 4166 se
475 4115 702 4184 quisque
759 4118 976 4173 beatum
1033 4106 1289 4189 putabat,
1350 4123 1439 4191 qui
1491 4123 1931 4178 vestimentorum

364 4216 738 4273 quamcunque
784 4208 1104 4274 particulam
1158 4212 1456 4266 deosculari
1502 4214 1736 4269 valebat.
1768 4213 1930 4269 Gravi

367 4306 596 4360 namque
621 4295 963 4362 premebatur
982 4300 1231 4367 angustia
1257 4300 1572 4370 populorum
1592 4304 1715 4367 ;sed
1740 4320 1932 4375 magna

362 4395 485 4433 cum
529 4379 838 4440 difﬁcultate
887 4385 1147 4442 liberatur
1177 4390 1380 4445 viribus
1406 4392 1751 4447 clericorum.
1791 4395 1931 4450 Laus

367 4468 475 4523 Deo
501 4470 572 4524 ab
601 4471 847 4528 omnibus
870 4492 975 4530 una
1002 4492 1112 4546 prae
1149 4480 1366 4549 gaudio,
1410 4482 1574 4535 etiam
1607 4481 1785 4537 ﬂendo
1807 4500 1932 4538 can-

362 4568 529 4622 tatur,
559 4562 690 4617 certi
715 4563 825 4632 jam
848 4567 973 4636 quia
1002 4568 1224 4624 verbum
1251 4572 1341 4624 Dei
1370 4588 1645 4641 nunquam
1670 4583 1929 4629 mutatur.

362 4650 553 4709 Simon
592 4653 784 4711 Petrus
825 4660 1037 4730 magnis
1082 4661 1328 4717 laudibus
1358 4664 1679 4718 sublimatur
1704 4683 1716 4719 :
1744 4664 1929 4721 Simon

359 4742 596 4813 denique
649 4762 837 4819 magus
886 4760 946 4806 ut
1003 4761 1213 4807 stercus
1270 4754 1496 4823 pedibus
1560 4755 1928 4811 conculcatur.

359 4834 568 4891 Nomen
598 4836 739 4894 Petri
782 4841 1024 4911 Apostoli
1070 4844 1120 4897 in
1165 4858 1260 4899 ore
1288 4845 1528 4899 omnium
1558 4859 1719 4915 super
1747 4847 1849 4903 mel
1878 4857 1931 4902 et

360 4925 546 5009 favum
595 4940 716 4986 cum
772 4932 1021 4989 laudibus
1080 4934 1250 5005 magis
1296 4936 1574 5008 magisque
1622 4937 1926 4995 dulcescit:

359 5032 560 5074 nomen
611 5022 761 5091 impii
817 5021 1053 5079 Simonis
1104 5039 1267 5095 super
1325 5025 1394 5079 l‘el
1438 5035 1493 5081 et
1538 5027 1765 5094 sulphur
1806 5046 1927 5084 cum

402 5112 756 5136 :I-nn.I--I:‘_-
791 5112 958 5136 ..ια-ξι-
996 5116 1268 5136 ~-_9-_.--
1302 5125 1392 5136 ιι--.

2043 1857 2062 1890 ι
2095 1838 2270 1904 Sicut,
2308 1837 2582 1908 inquiens,
2615 1853 2701 1892 me
2729 1835 2935 1893 Simoni
2961 1851 3121 1909 mago
3162 1852 3437 1908 nunquam
3472 1852 3606 1894 con-

2031 1931 2208 2001 junxi,
2233 1931 2313 1986 sic
2336 1945 2553 2001 quoque
2582 1946 2699 1994 vos,
2721 1931 2765 1985 si
2796 1931 2995 1987 Christi
3027 1938 3151 1987 esse
3181 1929 3364 1996 vultis,
3394 1929 3440 1983 si
3477 1944 3614 1987 oves

2037 2037 2249 2093 pascua:
2277 2020 2394 2090 ejus
2426 2023 2578 2086 estis,
2611 2022 2655 2076 si
2686 2038 2769 2077 me
2799 2022 3126 2091 clavigerum
3174 2023 3325 2094 regni
3370 2020 3607 2078 emisistis
3683 2055 3687 2059 -

2037 2114 2282 2177 creditis,
2313 2115 2357 2167 si
2388 2130 2476 2168 me
2502 2113 2656 2169 vobis
2692 2123 2876 2184 portas
2907 2129 3056 2184 regni
3092 2114 3348 2169 caelorum
3391 2117 3608 2179 aperire

2036 2205 2259 2273 cupitis,
2298 2193 2624 2261 Simoniacis
2672 2205 2836 2259 nolite
2879 2205 3097 2269 sociari,
3136 2206 3301 2260 nolite
3328 2204 3602 2272 conjungi,

2039 2296 2203 2349 nolite
2229 2298 2650 2352 communicare.
2682 2316 2699 2348 ο
2733 2296 2885 2351 Nunc
2920 2297 3123 2366 itaque,
3158 2297 3371 2350 domine
3397 2304 3607 2360 sancte,

2035 2388 2160 2454 quia
2191 2388 2381 2443 ﬁducia
2408 2389 2829 2458 recuperationis
2850 2397 3068 2451 nostrae,
3098 2387 3390 2441 secundum
3413 2387 3602 2450 Deum,

2036 2480 2093 2534 in
2125 2489 2308 2536 sancta
2339 2483 2465 2536 sede
2492 2481 2732 2537 Romana
2762 2490 2843 2536 est
2870 2481 3074 2550 posita;
3106 2494 3205 2534 vos
3232 2478 3323 2550 qui
3347 2480 3447 2550 ipsi
3470 2495 3607 2549 pra:-

2039 2573 2251 2638 sidetis,
2281 2589 2499 2629 oramus
2525 2583 2584 2627 ut
2614 2574 2897 2643 rapacibus
2919 2573 3059 2644 lupis
3079 2588 3143 2627 ex
3173 2572 3402 2626 adverso
3421 2586 3606 2626 ascen.

2035 2664 2199 2728 datis,
2249 2674 2409 2733 atque
2437 2665 2813 2719 auctoritatem
2843 2663 3194 2734 sacerdotalis
3224 2662 3475 2718 culminis
3504 2676 3603 2731 pro

2037 2759 2230 2815 ovibus
2249 2760 2405 2815 vobis
2441 2762 2558 2815 vice
2598 2759 2742 2814 Petri
2790 2760 3012 2815 creditis
3059 2750 3375 2828 opponatis.
3404 2757 3603 2829 lterum

2036 2852 2340 2918 iterumque
2381 2851 2565 2905 cernui
2612 2849 3028 2906 sollicitudinem
3076 2857 3312 2904 vestram
3361 2835 3602 2907 oramus.

2038 2940 2220 3006 Pater,
2236 2949 2314 3010 ut,
2340 2943 2478 3009 quod
2501 2942 2731 3010 pastoris
2749 2939 3020 3003 est,nobis
3044 2940 3316 2995 dilaniatis
3331 2940 3518 2995 ovibus
3540 2954 3608 2994 ne

2036 3032 2359 3104 pigrilentini
2384 3032 2679 3088 clementer
2707 3026 3037 3102 impendere.
3069 3053 3089 3084 ι
3158 3055 3160 3058 ν

2113 3124 2206 3178 His
2232 3133 2408 3178 autem
2431 3126 2681 3195 cognitis.
2710 3124 2966 3179 Dominus
2988 3123 3444 3193 Alexander'papa
3471 3139 3608 3192 prac-

2041 3214 2206 3268 t‘atum
2247 3211 2465 3268 Petrum
2503 3214 2872 3268 Simoniacum
2901 3214 2965 3269 de
2994 3214 3140 3270 omni
3178 3212 3465 3285 episcopali
3494 3213 3608 3269 oﬂi-

2038 3306 2123 3361 cio
2150 3306 2417 3376 deponere
2442 3305 2672 3359 curavit.

2594 3395 2821 3452 CAPUT
2877 3396 3037 3451 LXV.

2108 3488 2185 3543 Eo
2216 3497 2456 3558 tempore
2480 3502 2665 3543 comes
2700 3488 2963 3558 Bnlgarus
2991 3487 3300 3559 religionem
3326 3494 3382 3543 et
3406 3489 3607 3543 sancti-

2038 3586 2224 3640 tatem,
2258 3578 2663 3646 injunctamque
2696 3578 3052 3631 constantiam
3096 3576 3353 3632 adversus
3386 3576 3604 3635 haereti-

2036 3683 2131 3724 cos
2166 3668 2310 3723 beati
2361 3667 2585 3723 Joannis
2632 3682 2958 3737 suorumque
3005 3666 3387 3721 monachorum
3439 3681 3604 3736 agno-

2034 3772 2213 3825 scens,
2242 3759 2293 3811 in
2318 3758 2642 3812 monasterio
2669 3757 2950 3813 Ficiclensi
2978 3755 3336 3813 venerabilem
3359 3754 3601 3822 Petrum,

2035 3848 2125 3916 qui
2166 3862 2265 3917 per
2304 3862 2480 3918 ignem
2526 3846 2750 3902 mirifice
2797 3847 3102 3911 transierat,
3130 3846 3335 3917 rogavit
3358 3854 3606 3902 sanctum
3680 3912 3681 3915 η

2041 3935 2303 3992 Joannem
2337 3939 2388 3992 in
2418 3938 2628 3992 abbatis
2673 3937 2848 3992 oﬂicio
2895 3939 3238 3994 constituere.
3279 3935 3441 4004 Cujus
3472 3937 3606 4006 peti-

2037 4029 2277 4084 tionibus
2320 4044 2583 4092 annuens,
2632 4028 2804 4084 eidem
2843 4020 2961 4083 loco
3001 4029 3310 4098 prmdictum
3338 4028 3512 4083 virum
3551 4028 3603 4081 in

2033 4123 2243 4178 abbatis
2268 4120 2442 4177 oﬂlcio
2466 4123 2724 4192 prmfecit.
2754 4122 2853 4189 Qui
2883 4120 3219 4190 postmodum
3248 4120 3373 4174 inde
3395 4120 3606 4173 abstra-

2033 4219 2168 4274 ctus,
2199 4222 2253 4264 et
2281 4209 2532 4276 Romam,
2568 4211 2678 4265 Deo
2697 4209 2933 4275 volente,
2964 4210 3243 4270 deductus,
3271 4216 3390 4277 post
3427 4217 3606 4261 custo-

2035 4302 2176 4355 diam
2197 4315 2484 4356 vaccarum
2510 4309 2565 4355 et
2595 4300 2889 4361 asinorum,
2932 4314 3091 4369 quam
3134 4299 3186 4352 in
3228 4296 3608 4351 Vallumbrosa-

1965 4391 2182 4485 Diussu
2220 4392 2363 4446 beati
2404 4390 2628 4447 Joannis
2667 4389 2945 4445 humiliter
2986 4389 3170 4449 tenuit,
3215 4396 3335 4457 post
3377 4387 3601 4458 gradum

2037 4482 2305 4553 prmpositi
2350 4497 2517 4550 penes
2557 4479 2928 4534 Passinianum
2953 4519 2968 4537 .
3018 4487 3073 4533 et
3114 4478 3322 4531 abbatis
3370 4475 3611 4529 cilicium

2036 4574 2088 4627 in
2118 4572 2375 4640 praedicto
2417 4569 2636 4632 Ficiclo,
2687 4570 2940 4624 decenter
2982 4568 3188 4623 exstitit
3233 4566 3519 4622 cardinalis
3549 4572 3611 4620 et

2034 4665 2319 4734 episcopus
2343 4661 2679 4716 Albanensis.

2600 4752 2825 4808 CAPUT
2863 4750 3023 4808 LXVI

2113 4849 2322 4902 Interea
2383 4848 2598 4917 quidam
2660 4845 2844 4901 ﬁdeles
2896 4845 3078 4901 clerici
3131 4851 3186 4896 et
3236 4842 3357 4895 laici
3405 4841 3612 4895 Medio-

2035 4940 2158 4993 lano
2188 4939 2298 5010 (ll)
2328 4950 2570 5007 petentes
2599 4938 2857 4993 auxilium
2886 4937 3058 4994 sancti
3087 4933 3333 4998 Joannis,
3358 4946 3608 4988 assercu-

2034 5040 2116 5084 tes
2137 5029 2280 5099 quod
2303 5044 2397 5097 per
2421 5030 2616 5084 multos
2641 5043 2812 5083 annos
2834 5037 2946 5082 tam
2969 5027 3069 5100 ipsi
3098 5037 3259 5092 quam
3289 5020 3470 5091 plures
3495 5018 3615 5082 alii.

3055 5123 3478 5136 --ΜΜιι-ι-ΛηΑ-νι
3504 5121 3609 5136 οὶιὶη
