4122 5330
563 259 667 316 C99

1588 251 1645 306 S.
1688 246 1972 306 JOANNIS
2012 240 2411 302 GUALBERTI
2451 236 2737 294 ABBA'I‘IS

3700 228 3817 285 τω

562 372 652 440 qui
685 386 748 424 ex
781 376 959 423 noslra
992 372 1143 419 terra
1161 378 1257 433 pro
1285 363 1502 417 vitando
1543 362 1815 419 consortio
1844 361 2121 416 bmretico—
2148 362 2195 421 Α
2225 351 2443 422 propria
2482 349 2832 413 tuonasteria,
2872 348 2984 417 qui,
3023 346 3149 403 licet
3175 354 3470 401 manentes
3494 353 3548 398 et
3576 343 3807 401 nimium

564 478 684 515 rum
717 460 783 514 ad
828 467 881 513 te
926 455 1303 526 confugerunt,
1345 470 1373 508 a
1411 453 1693 509 catholicis
1735 452 1820 508 fac
1865 452 2125 519 ordinari,

565 555 702 607 tales
752 551 877 606 illuc
924 548 1159 612 remitte,
1212 554 1268 601 et
1317 545 1782 601 Christianitatem
1828 543 1942 612 jam
1994 556 2131 612 pene

569 646 800 701 deletam
848 650 1098 713 poterunt
1143 655 1463 696 renovare.»
1520 639 1658 707 Quid
1715 638 1920 694 multa?
1969 637 2132 693 Pater

558 738 702 806 pius,
743 748 894 788 more
935 732 1115 796 solito,
1159 730 1326 784 nimia
1373 730 1575 798 pietate
1624 737 1960 793 commotus,
2020 741 2127 780 non

560 826 731 881 solum
776 823 916 886 illos,
961 824 1055 877 sed
1102 824 1268 877 ctiam
1298 835 1435 891 quos
1468 819 1580 888 jam
1634 821 1685 874 in
1719 818 1963 873 interiori
1996 816 2129 872 cella

559 916 884 973 novitiorum
933 916 1188 981 habebat,
1240 923 1295 968 et
1328 913 1419 983 qui
1459 922 1721 967 Veneram
1751 912 1977 968 induere
2014 927 2129 965 mo-

558 1008 823 1061 nasticum
853 1005 1114 1067 habitum,
1156 1003 1277 1058 inde
1304 1001 1590 1065 abstraxit,
1622 1009 1676 1055 et
1701 1015 1730 1054 a
1755 998 1988 1054 Rodull‘o
2017 998 2130 1068 epi-

558 1113 723 1166 seopo
772 1096 1096 1157 Tudertiuo,
1156 1093 1499 1149 sanctissimo
1547 1102 1601 1147 et
1656 1092 1925 1147 catholico
1972 1093 2126 1157 viro,

555 1187 819 1258 gradatim
841 1185 1078 1241 ordinari
1112 1185 1262 1245 fecit.
1296 1198 1495 1252 eosque
1529 1181 1881 1236 Mediolanum
1909 1181 2127 1236 direxit.

1101 1274 1326 1330 CAPUT
1380 1273 1588 1330 LXVII.

498 1364 507 1437 Γ
626 1368 779 1423 Iluuc
808 1369 1115 1438 episcopum
1149 1376 1269 1436 post
1304 1366 1446 1419 Petri
1490 1364 1602 1436 (12)
1644 1364 1939 1419 Simoniaci
1968 1364 2127 1432 depo-

554 1459 805 1514 sitionetn
870 1458 937 1512 ad
998 1457 1286 1527 regendum
1346 1455 1712 1510 Florentinum
1761 1455 2126 1523 episcopatum

553 1565 690 1619 papa
736 1549 1125 1603 mandaverat:
1153 1557 1227 1613 et,
1264 1556 1324 1601 ut
1367 1547 1536 1617 magis
1576 1546 1772 1610 dicam,
1822 1547 1996 1613 ipsum
2036 1544 2127 1599 do-

552 1642 756 1694 minum
811 1639 1099 1694 Rotlulfum
1161 1640 1476 1709 episcopum
1534 1638 1758 1707 praefato
1821 1636 2122 1692 Mediolano

2232 441 2441 506 ﬁentes,
2471 454 2570 495 nec
2599 438 2770 508 patris
2801 437 3033 507 jussioui
3077 437 3449 493 contradicere
3473 449 3808 504 praesumen-

2239 544 2339 600 tes,
2374 533 2527 588 inviti
2558 531 2987 587 revertebantur.
3015 529 3410 584 Remanseruut
3439 535 3645 581 tantum
3679 539 3806 579 cum

2230 638 2296 678 eo
2333 624 2563 678 domnus
2600 620 2856 675 Rusticus
2883 619 3055 689 prior,
3082 628 3139 674 et
3166 618 3344 673 Lmtus
3370 614 3808 672 Passiniauensis

2229 716 2418 770 abbas.
2470 714 2562 770 lsti
2606 713 2926 768 accedentes
2973 714 3040 768 ad
3086 728 3207 767 eum
3240 712 3429 766 eadem
3468 708 3809 765 hebdomada

2229 819 2335 874 qua
2366 803 2518 870 obiit,
2553 802 2741 857 humili
2772 816 2933 872 prece
2961 810 3289 873 rogaverunt
3318 801 3491 871 ipsum
3526 807 3588 852 ut
3620 797 3807 852 fratri-

2228 894 2332 949 bus
2360 893 2789 948 exhortationem
2840 892 3075 962 aliquam
3118 891 3185 945 de
3227 889 3512 944 concordia
3551 886 3703 958 pacis
3746 893 3806 939 et

2228 985 2513 1040 cbaritatis
2543 985 2749 1038 unitate
2784 983 3132 1052 relinqueret.
3168 981 3318 1035 Tunc
3340 980 3504 1050 jussit
3539 979 3654 1032 haec
3682 990 3805 1044 quae

2228 1076 2317 1131 hic
2355 1076 2699 1130 continentur
2743 1073 2939 1128 dictari
2996 1082 3051 1127 et
3088 1073 3272 1139 scribi,
3307 1085 3406 1141 pro
3445 1068 3805 1125 aediﬁcatione

2231 1166 2468 1221 ﬁdelium
2502 1166 2557 1219 in
2588 1174 2864 1234 posterum
2892 1165 3282 1218 conservanda.

2787 1257 3014 1313 CAPUT
3052 1256 3241 1311 LXXI.

2304 1368 2322 1402 ι
2352 1347 2588 1404 Joannes
2642 1348 2807 1403 abbas
2857 1347 3110 1402 omnibus
3165 1346 3425 1401 fratribus
3466 1346 3519 1399 in
3557 1356 3801 1398 amorem

2229 1440 2587 1496 fraternitatis
2619 1456 2802 1495 secum
2845 1438 3049 1507 junctis
3094 1438 3323 1492 salutem
3362 1444 3418 1490 et
3463 1433 3802 1490 benedictio-

2226 1546 2370 1585 nem.
2400 1530 2482 1586 Me
2505 1532 2604 1585 sub
2630 1529 2778 1601 gravi
2808 1528 3130 1583 inﬁrmitate
3154 1528 3245 1581 diu
3278 1528 3633 1590 laborantem,
3658 1522 3802 1577 Deus

2230 1628 2289 1674 ut
2330 1621 2566 1675 animam
2609 1621 2856 1691 recipiat,
2903 1634 3097 1689 corpus
3124 1632 3304 1673 meum
3338 1626 3504 1682 terra,
3530 1623 3801 1685 quatenus

551 1746 675 1785 cum
718 1731 851 1787 viris
874 1730 1100 1786 eruditis
1125 1705 1311 1799 postea
1332 1705 1507 1789 emisit.
1538 1705 1618 1792 ut,
1656 1728 1865 1783 cunctis
1896 1727 2117 1782 catholi-

2224 1710 2292 1764 ad
2334 1712 2610 1781 pulverem
2665 1719 2973 1765 revertatur
3021 1709 3162 1764 unde
3214 1708 3495 1762 materiam
3546 1705 3797 1776 sumpsit,

552 1822 634 1876 cis
666 1821 715 1875 id
745 1821 962 1876 omnino
996 1820 1322 1891 petentibus,
1369 1817 1659 1889 episcopali
1707 1816 1891 1871 officio
1937 1816 2125 1872 subve-

552 1911 695 1965 niret
744 1911 808 1965 ad
863 1910 1186 1966 consolando
1232 1906 1397 1964 corda
1448 1907 1719 1970 fideliora,
1768 1908 1858 1963 diu
1905 1916 2122 1963 pastore

550 2000 816 2056 catholico
844 2001 1118 2055 destituta.

1089 2088 1313 2145 CAPUT
1350 2087 1575 2143 LXVIII.

618 2178 675 2232 lu
704 2178 908 2249 eisdem
946 2178 1134 2234 diebus
1170 2194 1275 2233 una
1314 2178 1506 2232 mulier
1526 2164 1656 2232 cum
1683 2177 1852 2232 tribus
1880 2177 2119 2247 parvulis

547 2268 693 2333 filiis,
739 2283 967 2338 quorum
1000 2285 1175 2323 unum
1220 2285 1250 2323 a
1297 2270 1521 2336 dextris,
1561 2284 1591 2323 a
1630 2269 1865 2324 sinistris
1893 2269 2120 2323 alterum

550 2358 777 2424 ducens,
831 2358 1049 2412 tertium
1093 2359 1146 2413 in
1188 2359 1429 2414 humeris
1476 2359 1678 2421 ferens,
1737 2358 1861 2412 ﬁliis
1907 2373 1972 2413 ac
2016 2358 2119 2414 sibi

546 2449 751 2503 victum
786 2448 1205 2519 circumquaque
1228 2451 1498 2520 pergendo
1523 2450 1815 2518 quaerebat.
1844 2448 1973 2515 Qua:
1996 2463 2119 2504 cum

550 2536 616 2592 ad
635 2537 953 2609 hospitalem
969 2540 1152 2595 Sancti
1173 2538 1361 2603 Salvii,
1383 2538 1778 2610 cleemosynam
1802 2540 2115 2610 quaesitura,

545 2628 829 2693 venisset,
881 2644 1110 2699 eamque
1169 2630 1361 2685 beatus
1422 2630 1656 2685 Joannes
1712 2629 2116 2700 multiplicatam

548 2718 694 2784 filiis,
726 2727 782 2775 et
806 2720 1115 2789 depressam
1163 2721 1340 2791 inopia
1384 2730 1653 2787 cerneret,
1696 2722 1900 2792 pietate
1940 2732 2118 2779 motus

545 2808 820 2864 custodem
884 2810 1168 2877 hospitalis
1222 2810 1494 2865 Andream
1551 2811 1773 2867 nomine
1824 2821 2013 2878 vocat,
2062 2821 2118 2868 et

539 2895 693 2963 jubet
739 2905 801 2951 nt
849 2897 1047 2966 aliquid
1104 2899 1430 2955 mulierculae
1478 2900 1760 2969 largiatur.
1816 2899 1909 2956 Ille
1955 2916 2113 2967 vero,

549 3003 710 3057 quem
739 2990 996 3059 egestatis
1028 2992 1179 3060 copia
1213 2994 1368 3048 valde
1409 2994 1708 3064 premebat,
1745 2994 2032 3064 respondet
2058 3010 2117 3051 se

2225 1801 2462 1870 quotidie
2520 1810 2793 1869 exspecto.
2845 1800 2915 1855 Et
2959 1800 3062 1855 hoc
3115 1799 3317 1852 mirum
3375 1811 3482 1852 non
3517 1795 3798 1863 est,quia

2224 1899 2354 1945 aetas
2374 1890 2536 1944 etiam
2556 1889 2756 1959 absque
2781 1899 2942 1943 tanta:
2962 1886 3291 1942 infirmitatis
3310 1884 3660 1956 oppressione
3694 1884 3798 1937 hoe

2224 1995 2310 2034 me
2350 1979 2605 2033 admonet
2649 1977 2890 2047 quotidie
2942 1986 3281 2047 exspectare.
3333 1974 3400 2028 Et
3442 1972 3572 2027 hinc
3621 1981 3799 2026 trans—

2222 2070 2303 2124 ire
2360 2068 2514 2137 quasi
2571 2067 2672 2121 sub
2726 2066 2947 2121 silentio
3001 2066 3337 2120 testimabam
3387 2079 3403 2122 ;
3454 2061 3549 2117 sed
3616 2060 3797 2117 locum

2221 2167 2277 2213 et
2313 2172 2507 2212 nomen
2546 2157 2686 2225 quod
2728 2156 2780 2209 in
2812 2156 2913 2209 hac
2948 2153 3281 2222 corruptibili
3328 2164 3511 2215 carne,
3550 2149 3798 2218 quamvis

2222 2265 2327 2304 non
2369 2250 2507 2305 sicut
2544 2248 2740 2311 decuit,
2785 2247 2954 2309 tenui,
3003 2259 3254 2314 pensans,
3296 2256 3419 2297 esse
3473 2241 3601 2297 utile
3640 2241 3796 2304 duxi,

2220 2340 2371 2394 vobis
2432 2338 2631 2407 aliquid
2696 2338 2762 2394 de
2827 2336 3041 2392 vinculo
3106 2335 3389 2391 charitatis
3465 2332 3609 2404 loqui
3651 2350 3685 2398 ;.
3740 2343 3799 2388 et

2219 2420 2330 2486 hoc.
2353 2446 2456 2484 non
2503 2444 2533 2482 a
2583 2427 2775 2494 nobis,
2824 2437 2880 2482 et
2908 2426 3138 2481 ‘noviter
3168 2466 3183 2491 ,
3245 2425 3339 2480 sed
3384 2439 3504 2493 qua:
3554 2422 3799 2494 quotidie

2219 2521 2456 2583 auditis,
2525 2517 2942 2574 transcurrendo
3008 2516 3266 2586 replicare
3316 2515 3573 2569 breviter.
3636 2513 3800 2569 Certe

2219 2614 2334 2669 haec
2382 2623 2463 2667 est
2515 2612 2601 2667 illa
2652 2611 2822 2666 virtus
2869 2626 2988 2679 qua:
3043 2623 3284 2664 omnium
3339 2622 3519 2662 rerum
3573 2606 3800 2660 Creato-

2217 2718 2332 2757 rem
2399 2700 2534 2756 (είίἰοί
2599 2700 2855 2771 compulit
2935 2710 3257 2754 creaturam.
3328 2698 3452 2752 Haec
3512 2705 3598 2751 est
3661 2695 3797 2762 illa,

2219 2807 2381 2865 quam
2419 2793 2648 2848 indicem
2702 2793 2818 2863 ipse
2867 2806 3085 2846 suorum
3121 2790 3361 2845 omnium
3417 2789 3798 2842 mandatorum

2220 2884 2475 2953 apostolis
2526 2883 2948 2946 commendans,
3002 2881 3077 2935 ait
3125 2896 3140 2934 :
3187 2879 3303 2933 Hoc
3349 2888 3423 2932 est
3479 2886 3797 2947 pra'ceptum

2221 2991 2412 3039 uicum,
2474 2984 2531 3027 ut
2560 2974 2791 3045 diligatis
2842 2972 3077 3026 invicem.
3113 2971 3187 3026 De
3227 2970 3326 3024 ista
3384 2967 3615 3024 Jacobus
3662 2982 3783 3036 apo-

547 3078 762 3133 nonnisi
786 3094 976 3148 panem
1008 3097 1169 3135 unum
1203 3082 1421 3138 habere.
1464 3083 1559 3139 Cui
1595 3085 1925 3140 reverendus
1956 3085 2117 3141 Pater

2223 3065 2395 3119 stolus
2431 3065 2690 3133 loquitur,
2748 3064 2933 3118 dicens
2965 3080 2979 3116 :
3020 3061 3121 3127 Qui
3161 3070 3321 3114 totam
3360 3060 3522 3129 legem
3555 3057 3787 3111 observa-

542 3167 611 3223 de
630 3168 977 3237 eodemjuhet
999 3171 1208 3227 mulieri
1230 3188 1326 3243 pro
1341 3174 1433 3229 Dei
1445 3175 1708 3232 ebaritate
1728 3184 1932 3245 partem
1947 3179 2119 3245 porri-

543 3270 688 3325 gere.
706 3256 868 3326 Cujus
882 3259 1103 3328 jussioni
1128 3262 1369 3319 minister
1386 3264 1662 3332 obediens,
1678 3265 1743 3320 ad
1769 3265 1982 3322 furnum
2000 3283 2119 3337 pro-

541 3354 717 3415 perat,
743 3348 796 3402 in
831 3364 939 3419 quo
958 3365 1150 3421 panem
1176 3354 1422 3409 eumdem
1455 3366 1788 3425 reposuerat,
1820 3366 1875 3412 et
1901 3358 2117 3414 intuens

540 3438 676 3494 vidit
707 3448 875 3496 totum
900 3441 1114 3497 furnum
1141 3443 1355 3514 plenum
1384 3446 1633 3516 panibus.
1660 3447 1760 3514 Qui
1791 3446 1942 3503 valde
1964 3448 2117 3505 laetus

544 3528 786 3596 cﬁ‘ectus,
829 3533 897 3588 ad
938 3532 1087 3588 illum
1141 3536 1324 3603 rediit,
1374 3537 1582 3608 sibique
1642 3539 1786 3609 quod
1842 3540 2116 3595 acciderat

541 3622 832 3688 nuntiavit,
886 3627 1092 3682 meritis
1137 3627 1253 3695 ejus
1296 3629 1348 3685 id
1385 3630 1631 3686 evenisse
1680 3647 1784 3685 non
1841 3631 2110 3687 dubitans.

538 3710 691 3774 Quod
734 3712 924 3768 beatus
972 3715 1055 3768 vir
1092 3717 1333 3783 audiens,
1391 3719 1527 3773 dixit
1555 3720 1603 3774 ei
1637 3739 1649 3773 :
1688 3738 1706 3771 α
1736 3721 1895 3787 Tace,
1924 3731 1979 3776 et
2008 3723 2113 3777 hoe

539 3801 745 3942 gemini
791 3803 969 3870 dicas;
1018 3823 1209 3876 panem
1261 3819 1460 3876 autem,
1501 3821 1556 3865 ut
1589 3811 1746 3879 jussi,
1780 3814 1980 3882 petenti
2013 3815 2110 3866 tri-

579 3902 692 3942 nas.
723 3907 744 3942 ι
1635 3905 1646 3913 ’

579 3902 692 3945 ιιειδ.
723 3907 744 3942 ι
1635 3905 1646 3913 ’

1106 3987 1333 4045 CAPUT
1391 3990 1573 4046 LXIX.

608 4067 737 4123 Post
775 4069 887 4127 hate
917 4074 983 4128 ad
1012 4074 1386 4134 Passimanum
1425 4082 1604 4145 rediit,
1653 4081 1740 4137 ubi
1774 4082 1916 4138 diem
1948 4083 2016 4137 ab
2045 4098 2110 4138 eo

537 4154 696 4227 longo
730 4166 971 4230 tempore
1013 4164 1399 4237 desideratum,
1446 4170 1651 4225 scilicet
1689 4181 1747 4225 ut
1793 4173 2111 4228 dissolvere-

539 4256 626 4302 tur
665 4258 722 4305 et
761 4262 906 4308 esset
953 4270 1074 4311 cum
1123 4258 1360 4331 Christo,
1404 4261 1628 4317 devotus
1660 4271 1717 4318 et
1763 4265 1987 4336 supplex
2016 4280 2109 4320 ex-

536 4352 782 4410 spectare
825 4354 989 4414 cmptt
1032 4362 1154 4401 cum
1206 4364 1399 4420 magna
1461 4353 1640 4407 cordis
1699 4354 2097 4431 exsultatione;

2220 3160 2369 3222 verit,
2426 3157 2655 3226 offendat
2706 3165 2880 3210 autem
2934 3156 2987 3208 in
3044 3170 3187 3219 uno,
3224 3153 3394 3221 factus
3441 3160 3517 3204 est
3560 3148 3794 3204 omnium

2218 3265 2357 3304 reus.
2415 3249 2516 3304 Ista
2547 3258 2631 3304 est
2689 3247 2754 3302 de
2823 3263 2929 3318 qua
3002 3246 3192 3301 beatus
3261 3241 3537 3314 apostolus
3597 3240 3795 3295 Paulus

2218 3339 2349 3395 dicit
2391 3356 2404 3391 :
2449 3338 2691 3393 Charitas
2739 3336 2961 3406 cooperit
3010 3334 3395 3390 multitudinem
3437 3340 3789 3402 peccatorum.

2218 3431 2355 3486 Hinc
2401 3446 2529 3501 ergo
2564 3429 2816 3499 colligere
2856 3441 3160 3498 possumus,
3205 3424 3347 3496 quod
3392 3422 3621 3478 tenendo
3661 3421 3805 3485 clia-_

2216 3523 2474 3583 rituum,
2542 3518 2725 3572 ouinia
2794 3524 3011 3586 peccata
3065 3514 3304 3584 operiri;
3376 3520 3605 3567 caeteras
3662 3525 3794 3564 vero

2216 3612 2442 3663 virtutes
2472 3607 2864 3662 existimantibus
2909 3619 2967 3660 se
3018 3604 3261 3658 obtinere
3290 3616 3468 3674 posse,
3518 3601 3635 3656 sine
3692 3601 3797 3653 hac

2215 3702 2349 3755 nihil
2401 3701 2594 3755 valere.
2653 3700 2759 3753 Sed
2809 3698 2921 3752 hanc
2970 3696 3193 3750 audiens
3240 3694 3470 3763 quisque
3523 3694 3791 3761 superbus

2212 3805 2266 3849 et
2315 3795 2651 3861 inohediens,
2692 3794 2830 3848 hanc
2870 3793 2923 3846 in
2960 3792 3191 3846 veritate
3229 3788 3430 3857 cogitat
3474 3788 3704 3850 habere,
3744 3785 3791 3838 si

2213 3902 2271 3941 se
2304 3886 2658 3955 corporaliter
2687 3886 2741 3939 in
2769 3884 3147 3939 communione
3175 3879 3410 3933 fraterna
3444 3878 3635 3933 viderit
3665 3891 3789 3945 per-

2212 3979 2430 4032 durare.
2460 3977 2507 4030 Α
2535 3991 2660 4046 qua,
2693 3983 2751 4029 ut
2794 3975 2866 4029 ita
2899 3973 3094 4039 dicam,
3132 3959 3384 4041 Opinione
3420 3969 3552 4031 falsa
3599 3983 3799 4020 unum-

2211 4084 2477 4140 quemque
2516 4069 2706 4123 beatus
2770 4066 3083 4135 Gregorius;
3130 4077 3253 4117 vere
3301 4059 3583 4116 cbaritatis
3627 4056 3791 4112 finem

2214 4161 2520 4223 indicando,
2568 4158 2825 4224 excludit,
2876 4157 3107 4211 dicens:
3147 4171 3165 4203 ι
3209 4151 3300 4207 Ille
3327 4151 3566 4221 perfecte
3616 4148 3792 4202 Deum

2210 4249 2405 4317 diligit,
2445 4247 2537 4317 qui
2573 4247 2674 4302 sibi
2715 4249 2779 4302 de
2816 4260 2875 4301 se
2904 4245 3037 4300 nihil
3074 4242 3345 4311 relinquit.
3396 4259 3415 4293 ι
3470 4239 3608 4307 Quid
3661 4251 3792 4294 vero

2210 4342 2277 4395 de
2325 4341 2590 4395 charitate
2628 4340 2973 4410 singulariter
3021 4337 3210 4406 loquar
3240 4336 3427 4405 ignoro
3465 4348 3478 4383 :
3531 4333 3791 4402 quoniam

536 4431 731 4500 saepius
757 4434 898 4490 hunc
928 4438 1252 4504 versiculum
1279 4450 1529 4509 repetens
1552 4460 1565 4495 :
1598 4444 1772 4499 Sitivit
1795 4448 1971 4501 anima
1994 4424 2107 4501 mea

2219 4435 2391 4489 onmia
2445 4434 2721 4489 Dominica
2760 4433 3008 4486 mandata
3039 4430 3108 4484 ab
3154 4429 3258 4483 hac
3292 4426 3556 4497 pullulare
3605 4424 3793 4479 radice

537 4521 608 4573 ad
632 4521 799 4577 Deum
826 4527 1026 4594 vivum;
1063 4530 1272 4600 quando
1319 4534 1553 4596 veniam,
1606 4545 1653 4589 et
1698 4537 1954 4606 apparebo
1992 4550 2111 4592 ante

537 4610 725 4679 faciem
754 4615 891 4669 Dei?
922 4625 977 4671 et
1022 4618 1407 4691 subjungebat:
1447 4621 1697 4679 Satiubor
1734 4643 1852 4679 cum
1888 4628 2110 4695 manife-

533 4700 758 4757 stabitur
777 4705 907 4759 mihi
933 4707 1097 4776 gloria
1125 4721 1233 4764 tua.

562 4852 569 4855 η
1096 4798 1323 4857 CAPUT
1358 4802 1522 4857 LXX.

603 4880 888 4955 Lauguore
935 4885 1117 4957 itaque
1161 4900 1552 4960 gravescente,
1604 4893 1772 4964 cmpit
1822 4892 2104 4949 evidenter

531 4969 714 5029 dicere
731 4975 874 5044 quod
897 4977 1020 5032 vita:
1041 4994 1151 5035 suae
1173 4981 1435 5037 terminus
1459 4981 1871 5053 propinquabat.
1890 4981 2103 5037 Mandal

530 5059 715 5132 itaque
758 5065 1038 5137 discipulis
1077 5083 1213 5138 quos
1259 5069 1517 5125 fratribus
1546 5079 1931 5139 praeposuerat,
1960 5078 2015 5122 et
2037 5069 2102 5123 ad

529 5166 592 5205 se
615 5150 745 5208 facit
768 5155 972 5226 absque
1002 5174 1154 5214 mora
1185 5160 1385 5215 venire.
1415 5159 1560 5225 Quos
1584 5160 1651 5213 de
1678 5160 1883 5213 ordinis
1911 5159 2095 5214 obser-

528 5245 762 5310 vatione,
794 5251 1069 5305 commissi
1096 5252 1274 5322 gregis
1293 5250 1536 5316 custodia
1564 5265 1922 5319 praemonens,
1962 5261 2011 5305 et
2041 5251 2095 5305 in

2213 4527 2364 4580 scio:
2395 4527 2519 4595 quia
2559 4526 2603 4580 si
2651 4524 2802 4579 multi
2833 4533 2959 4578 sunt
2989 4521 3125 4574 rami
3169 4519 3293 4575 boni
3329 4516 3529 4587 operis,
3571 4530 3677 4570 una
3706 4525 3794 4569 est

2215 4626 2390 4672 tamen
2430 4617 2581 4671 radix
2618 4616 2919 4671 cbaritatis.
2957 4612 3015 4666 lu
3053 4610 3206 4680 cujus
3233 4609 3411 4664 calore
3450 4621 3792 4677 nequaquam

2216 4711 2427 4780 reprobi
2456 4717 2679 4780 possunt
2728 4708 2819 4763 diu
2872 4707 3183 4776 perdurare,
3232 4701 3460 4757 Domino
3506 4698 3792 4753 Salvatore

2212 4802 2427 4856 dicente
2473 4818 2488 4854 :
2560 4799 2874 4869 Refrigerat
2933 4798 3162 4852 Charitas
3215 4794 3499 4848 multorum
3554 4808 3572 4845 :
3652 4804 3791 4861 quos

2210 4888 2440 4959 frigidos
2468 4897 2526 4943 et
2584 4890 2649 4942 ab
2706 4888 2910 4942 unitate
2959 4886 3162 4942 divisos
3212 4882 3487 4952 apostolus
3552 4879 3789 4937 Joannis

2209 4979 2433 5049 plangit,
2462 4979 2648 5032 dicens
2682 4996 2694 5031 :
2728 4977 2813 5031 Ea:
2861 4978 3007 5032 nobis
3060 4976 3325 5037 exierunt,
3383 4972 3473 5027 sed
3504 4988 3610 5026 non
3638 4987 3768 5025 erait

2209 5085 2274 5123 ex
2332 5070 2518 5133 nobis;
2586 5083 2708 5121 nam
2760 5071 2806 5123 si
2854 5068 3073 5137 fuissent
3124 5081 3187 5119 ea:
3247 5064 3417 5129 nobis,
3479 5060 3769 5115 mansisse»

2203 5163 2379 5232 utique
2426 5160 2713 5215 nobiscum.
2764 5159 2831 5214 Et
2863 5159 2910 5213 si
2961 5157 3036 5212 ita
3084 5162 3188 5217 est,
3239 5154 3349 5207 imo
3391 5152 3518 5220 quia
3556 5151 3629 5203 ita
3681 5151 3790 5208 est;

2205 5253 2367 5307 debet
2396 5254 2765 5321 unusquisque
2808 5247 2976 5302 ﬁdelis
3027 5258 3241 5314 semper
3291 5254 3523 5312 pensare
3556 5237 3793 5309 qualiter
