4122 5330
148 1998 179 2016 χ

360 2922 437 2982 ἐι
480 2929 601 2982 alibi
645 2943 659 2982 :

382 2942 437 2986 et
480 2929 601 2984 alibi
645 2943 659 2982 :
714 2929 840 2995 Quis
895 2929 1172 2998 requiescet
1234 2929 1287 2980 in
1358 2936 1529 2979 monte
1578 2933 1755 2977 sancto
1812 2929 1952 2974 tuo?

381 3022 464 3077 Ad
510 3021 682 3090 ipsum
744 3019 1006 3090 siquidem
1050 3026 1288 3073 montem
1338 3032 1434 3087 per
1479 3015 1707 3086 gratiam
1752 3012 1951 3069 Christi
1978 3010 2023 3071 C

326 4948 327 4957 ι
390 4927 525 4984 citer
563 4945 703 4986 anno
747 4927 904 4993 1075,
944 4928 1234 4983 Dominica:
1277 4927 1687 4991 incarnationis,

365 188 461 245 701
1867 191 1950 247 vr;

3494 191 3603 248 Ἰοῖ

366 303 432 357 Ει
466 302 605 357 sicut
643 302 1049 372 reprobi,hanc
1106 302 1480 372 relinquendo,
1517 318 1547 356 a
1582 302 1782 359 Christi
1810 319 1933 359 cor-
1965 322 2008 376 Α
2041 303 2325 357 credentes
2375 303 2541 358 Deum
2592 304 2710 360 sine
2762 304 2931 360 fetore
2987 319 3144 374 posse
3207 318 3420 358 servare
3479 318 3597 358 ma—

367 408 498 462 pore
552 390 942 447 abscinduntur
996 410 1009 445 :
1062 393 1142 448 sic
1193 392 1392 458 electi,
1442 408 1561 448 eam
1612 394 1666 447 in
1712 395 1936 449 veritate

366 481 756 551 amplectende,
799 482 972 536 eidem
1008 482 1208 538 Christi
1262 484 1475 552 corpori
1525 483 1932 538 confirmantur.

366 572 449 627 Ad
506 572 644 625 hanc
693 587 821 627 vero
887 571 1268 626 inviolabiliter
1334 573 1739 627 custodiendam
1785 573 1938 628 valde

369 659 515 717 utilis
545 671 629 716 est
671 662 850 716 unitas
884 660 1142 726 fraterna,
1190 677 1311 731 qua:
1366 678 1426 717 se
1472 664 1793 734 constringit
1839 662 1937 716 sub

370 750 527 805 unius
575 767 815 820 persona:
871 766 1097 816 curam,
1149 752 1401 821 quoniam
1455 753 1596 806 sicut
1662 751 1857 806 flumen
1905 766 1937 805 a

370 855 468 895 suo
498 841 650 895 alveo
695 842 954 906 siccatur,
1003 841 1051 894 si
1080 842 1133 894 in
1167 841 1348 895 multis
1396 840 1582 896 rivulis
1629 840 1936 894 dividatur:

369 931 447 985 sic
475 928 711 985 fraterna
742 929 918 983 unitas
948 928 1128 983 minus
1177 927 1319 983 valet
1348 927 1412 982 ad
1445 928 1676 999 singula,
1704 929 1747 983 si
1780 929 1943 984 fuerit

368 1035 553 1088 sparsa
584 1036 677 1088 per
707 1018 940 1074 diversa.
964 1018 1194 1084 Idcirco,
1224 1028 1285 1073 ut
1307 1018 1358 1072 in
1388 1018 1545 1090 longo
1575 1020 1675 1073 ista
1703 1019 1940 1073 Charitas

370 1110 694 1166 inviolabilis
721 1119 1037 1181 permaneat
1066 1111 1366 1177 vobiscum,
1397 1112 1519 1166 volo
1548 1120 1607 1165 ut
1636 1111 1689 1164 in
1721 1109 1940 1165 domino

370 1198 598 1256 Rodulfo
668 1210 845 1256 vestra
908 1216 1037 1254 cura
1112 1213 1166 1255 et
1244 1202 1523 1255 consilium
1586 1208 1710 1270 post
1760 1215 1940 1255 meum

366 1292 571 1346 obitum
625 1292 875 1360 pendeat,
933 1291 1121 1345 saltem
1176 1292 1315 1346 sicut
1345 1292 1398 1346 in
1451 1308 1536 1345 me
1584 1291 1838 1362 pependit
1885 1290 1939 1344 in

370 1399 489 1438 mea
520 1385 645 1436 vita.
684 1383 884 1437 Valete.
929 1402 948 1433 ι

921 1474 1148 1531 CAPUT
1187 1472 1392 1528 LXXII.

439 1564 621 1625 Tertia
672 1576 857 1641 postea
912 1567 999 1625 die
1052 1567 1365 1639 priusquam
1413 1565 1608 1629 obiret,
1647 1565 1783 1619 vidit
1833 1562 1937 1620 sibi

2032 393 2260 460 gistrum
2293 395 2347 446 in
2386 395 2586 449 :estatis
2617 395 2850 460 fervore,
2894 396 2984 464 qui
3026 394 3348 464 discipulum
3385 392 3501 462 ejus
3543 395 3600 450 in

2034 482 2156 550 igne
2204 481 2351 550 prius
2397 493 2707 537 servaverat
2747 484 2947 553 absque
2987 484 3135 537 omni
3186 483 3605 552 contbnstiono,

2034 568 2468 624 deliberaveruut
2516 569 2675 625 funus
2722 570 2901 625 Patris
2952 571 3275 639 insepultum
3330 571 3606 637 retinere,

2035 659 2206 715 donec
2233 662 2457 717 abbates
2494 661 2560 714 ad
2587 660 2703 728 ejus
2739 663 3027 731 exsequias
3072 663 3306 733 undique
3347 663 3608 718 conveni-

2035 759 2178 805 rent.
2209 750 2319 805 Hac
2347 754 2525 820 itaque
2554 766 2712 806 causa
2741 751 3060 819 insepultum
3092 766 3187 821 per
3215 753 3448 806 triduum
3490 766 3610 821 per-

2037 840 2281 893 mansit:
2331 840 2383 894 in
2441 841 2638 910 quibus
2684 840 2911 903 diebus,
2971 841 3039 893 ad
3088 838 3409 895 celebranda
3474 840 3608 893 tanti

2037 929 2215 985 Patris
2249 931 2531 1001 obsequia,
2572 944 2710 1001 pene
2764 931 3135 985 inumerabilis
3181 931 3500 995 clericorum
3547 945 3610 983 ac

2040 1024 2427 1078 monachorum
2470 1022 2756 1079 multitudo
2799 1023 3070 1077 convenit.
3128 1022 3233 1076 Per
3274 1024 3373 1077 hos
3424 1030 3609 1076 autem

2037 1112 2154 1167 dies
2180 1121 2235 1167 et
2272 1122 2457 1169 noctes
2485 1114 2574 1183 qui
2603 1122 2984 1175 convenerant,
3030 1121 3184 1168 tanto
3219 1113 3363 1167 Patri
3400 1114 3605 1168 honore

2039 1201 2275 1256 debitum
2301 1203 2691 1273 impendentes,
2723 1202 3131 1273 iufatigahiliter
3161 1203 3362 1273 gratias
3387 1212 3607 1274 agentes

2037 1290 2275 1355 Christo.
2316 1292 2407 1361 qui
2444 1307 2661 1348 cursum
2698 1294 2813 1363 ejus
2850 1294 2903 1346 in
2947 1294 3091 1347 omni
3132 1294 3385 1361 religione
3420 1309 3605 1348 serva-

2038 1389 2217 1445 verat,
2243 1382 2628 1437 benedicebant
2659 1382 2820 1437 Deum
2847 1384 2900 1438 iu
2927 1384 3012 1437 his
3032 1398 3150 1453 qua:
3167 1384 3241 1437 de
3260 1398 3326 1438 eo
3347 1393 3609 1439 noverant

2038 1478 2097 1524 et
2120 1470 2421 1525 audierant.

2589 1562 2817 1619 CAPUT
2854 1562 3063 1618 LXXV.

365 1660 614 1729 juvenem
661 1660 1021 1723 assistentcm,
1067 1671 1239 1744 quem
1275 1654 1440 1709 fuisse
1487 1655 1651 1724 ipsius
1693 1655 1937 1718 angelum
1968 1671 2017 1731 Β
2111 1669 2240 1725 Ροει
2273 1670 2390 1724 hac
2418 1669 2589 1725 sane“
2627 1670 2731 1725 νίτί
2769 1686 2963 1742 corpus
3000 1672 3052 1727 in
3092 1670 3307 1744 hymnis
3350 1680 3404 1725 ει
3443 1669 3615 1725 iam“,

370 1752 714 1805 aestimamus.
767 1750 935 1817 Quem
982 1766 1101 1804 cum
1154 1737 1321 1814 soliis,
1357 1754 1407 1799 et
1457 1747 1631 1800 nullus
1674 1747 1807 1801 alius
1832 1761 1945 1801 cer-

372 1853 562 1907 neret,
617 1842 693 1895 ait
739 1840 1040 1895 fratribus:
1079 1859 1096 1891 α
1132 1839 1311 1907 Quare
1358 1835 1580 1893 fratrem
1630 1835 1776 1889 illum
1838 1850 1945 1890 non

369 1932 571 1986 vocasti
611 1931 910 1996 vobiscum,
964 1930 1089 1984 dum
1136 1929 1462 1984 comedisti?
1498 1948 1515 1979 ι
1565 1926 1661 1981 Cui
1708 1926 1941 1980 fratres:

377 2040 396 2071 ι
441 2021 518 2075 De
548 2038 654 2091 quo
678 2064 693 2089 ,
724 2022 1009 2091 inquiunt,
1040 2018 1207 2075 fratre
1245 2020 1403 2084 dicis,
1430 2018 1636 2073 Pater?
1672 2036 1689 2069 ι
1730 2017 1789 2069 Et
1817 2015 1899 2070 ille
1926 2032 1939 2067 :

379 2131 398 2164 ι
438 2112 515 2167 De
539 2112 649 2175 illo,
683 2112 878 2181 inquit,
908 2111 1132 2181 pulchro
1155 2112 1372 2180 juvene,
1420 2108 1511 2179 qui
1554 2109 1620 2161 ad
1650 2124 1747 2161 nos
1779 2106 1940 2169 venit,

375 2216 431 2259 ct
489 2205 764 2261 nobiscum
824 2213 1065 2258 moratur
1101 2203 1432 2271 ingrediens.
1498 2212 1552 2256 et
1586 2200 1883 2271 egrediens.
1920 2217 1939 2250 ι

373 2298 443 2352 At
470 2296 545 2351 illi
575 2312 590 2351 :
623 2315 642 2348 ι
678 2294 832 2351 Unde
858 2303 963 2361 est,
1015 2303 1071 2350 et
1093 2310 1199 2364 quo
1255 2294 1471 2348 nomine
1526 2302 1750 2346 vocatur
1772 2282 1846 2343 ἵν»
1877 2318 1947 2328 —-

381 2407 399 2438 ι
435 2386 683 2452 Nescitis,
728 2386 921 2453 inquit,
966 2385 1087 2454 quia
1134 2384 1201 2439 de
1249 2394 1429 2437 monte
1474 2381 1686 2436 Domini
1732 2392 1851 2443 (-st,
1892 2387 1948 2434 et

376 2477 645 2549 Benignus
687 2476 948 2531 vocatur?
983 2495 1002 2528 ι
1056 2474 1207 2530 Tunc
1252 2474 1339 2529 ille
1384 2473 1587 2545 Spiritu
1622 2481 1809 2529 sancto
1854 2472 1948 2525 do-

379 2577 533 2623 cente
557 2566 820 2624 intellexit
843 2566 1092 2636 angelum
1127 2582 1268 2630 esse,
1297 2574 1354 2619 ct
1388 2581 1515 2619 vere
1549 2565 1614 2619 de
1644 2571 1824 2621 monte
1849 2562 1950 2615 Do—

378 2658 533 2723 mini,
567 2658 616 2711 id
643 2657 812 2711 estde
835 2657 971 2713 cmlo
997 2656 1134 2720 fore,
1167 2656 1365 2726 talique
1395 2656 1529 2709 dixit
1557 2655 1705 2708 illum
1733 2652 1950 2707 nomine

380 2747 656 2819 appellari,
690 2748 741 2802 id
768 2754 852 2803 est
876 2747 1165 2818 Benignus.
1215 2747 1292 2801 De
1350 2746 1441 2801 illo
1467 2744 1729 2813 siquidem
1767 2750 1951 2797 monte

378 2832 660 2892 Psalmista
704 2836 781 2890 ait
822 2853 836 2889 :
876 2835 1006 2903 Quis
1054 2836 1293 2890 ascendet
1345 2836 1399 2889 in
1425 2844 1647 2888 montem
1693 2829 1952 2886 Domini?

714 2926 840 2995 Quis
895 2928 1172 2998 requiescet
1234 2926 1287 2980 in
1358 2936 1529 2979 monte
1578 2933 1755 2977 sancto
1812 2920 1952 2974 tuo?

385 3117 676 3173 ascendere
720 3118 991 3188 cupiebat,
1036 3116 1122 3170 cui
1170 3114 1371 3170 diutius
1416 3113 1529 3182 ipse
1549 3112 1830 3167 servierat.
1877 3108 1945 3163 Et

386 3218 531 3262 recte
553 3209 711 3264 beato
757 3207 950 3264 Joanni
997 3205 1259 3277 Angelum
1322 3203 1445 3258 talis
1504 3200 1738 3257 nominis
1784 3200 1950 3269 depu-

374 3282 613 3365 laverat,
658 3314 816 3370 quem
863 3295 1283 3352 misericorditer
1325 3293 1583 3348 immensa
1624 3289 1954 3359 benignitate

383 3403 496 3458 pra:
538 3387 1078 3444 multismortalihus
1138 3387 1421 3441 ditaverat.
1484 3384 1688 3451 Quibus
1731 3380 1952 3444 auditis,

385 3476 582 3534 fratres
623 3478 902 3544 abierunt,
936 3488 991 3533 et
1031 3492 1197 3547 super
1255 3489 1499 3531 mensam
1542 3473 1743 3527 victum
1796 3469 1955 3524 unius

388 3569 622 3624 hominis
659 3578 955 3640 posuerunt
980 3608 997 3635 ,
1039 3580 1189 3623 extra
1229 3566 1462 3621 fratrum
1529 3562 1781 3618 victualia
1825 3576 1958 3616 conv

387 3663 571 3717 stituta
599 3701 616 3728 ,
674 3677 788 3731 quo
823 3660 1111 3730 adimpleto
1136 3702 1151 3728 ,
1200 3659 1424 3730 quievit.
1481 3655 1683 3711 Deinde
1725 3670 1846 3710 cum
1888 3651 1953 3706 ad

387 3754 590 3809 exitqu
631 3753 1033 3824 propinquaret,
1062 3752 1190 3807 fecit
1231 3753 1346 3807 hac
1370 3750 1421 3804 in
1452 3746 1728 3805 breviculo
1770 3745 1954 3810 scribi,

386 3852 439 3897 et
493 3844 544 3896 in
596 3858 756 3896 manu
804 3843 963 3912 poni,
1021 3842 1236 3910 sibique
1280 3837 1598 3908 consepeliri
1665 3832 1954 3904 praecepit:

387 3946 489 3988 EGO
518 3939 743 3989 JOANNES
767 3948 936 3988 εκεοο
982 3949 1052 3987 ετ
1078 3947 1373 3988 CONFITEOR
1414 3944 1573 3984 FIDE!
1603 3940 1746 3990 ρυιηι
1773 3938 1957 3979 SANCTI

387 4040 644 4080 APOSTOLI
703 4038 1197 4089 PRAEDICAVERUNT,
1265 4038 1337 4077 ετ
1384 4035 1571 4075 εΑΝοτι
1643 4030 1847 4072 PATBES
1906 4029 1959 4068 IN

387 4130 635 4178 QUATUOB
673 4130 934 4171 CONCILIIS
977 4127 1498 4174 CONFIRIAVERUNT;
1561 4118 1619 4163 ιιι
1649 4107 1961 4163 crederetur

389 4206 579 4263 intimo
607 4220 726 4261 eam
754 4206 917 4261 corde
954 4206 1210 4270 tenuisse,
1249 4217 1409 4273 quam
1463 4200 1746 4255 videbatur
1782 4194 1963 4251 verbis

387 4306 441 4351 et
466 4297 720 4368 operibus
755 4306 979 4352 eatenus
1029 4295 1232 4349 utiliter
1275 4291 1595 4347 defendisse.

916 4385 1143 4441 CAPUT
1192 4383 1421 4439 LXXIII.

459 4473 588 4531 Post
631 4476 748 4531 haec
792 4475 1006 4531 Christo
1042 4474 1262 4528 tradidit
1300 4473 1574 4541 spiritum,
1627 4470 1869 4538 corporis
1911 4475 1966 4523 et

390 4565 664 4635 sanguinis
718 4565 884 4633 ipsius
931 4563 1273 4633 perceptione
1349 4563 1610 4615 munitum
1640 4600 1654 4624 ,
1723 4561 1774 4614 iu
1805 4575 1964 4630 quem

391 4656 599 4726 integra
646 4655 751 4709 fide
793 4654 1119 4718 crediderat,
1159 4668 1319 4723 quem
1367 4669 1502 4722 pure
1550 4653 1833 4717 dilexerat,
1879 4652 1965 4708 cui

388 4748 476 4815 pia
516 4747 816 4801 intentione
859 4746 1141 4809 servierat,
1186 4758 1369 4799 secum
1394 4743 1653 4798 talentum
1697 4742 1797 4797 sibi
1842 4758 1965 4798 cre-

391 4839 558 4893 ditum
609 4837 1022 4907 multiplicatum
1066 4846 1370 4906 reportans.
1429 4836 1576 4890 Obiit
1629 4843 1806 4889 autem
1850 4833 1967 4889 feli-

390 5020 700 5075 ventissimo
740 5020 946 5075 aestatis
1006 5018 1199 5073 ardore
1225 5056 1243 5084 ,
1282 5027 1476 5086 quarto
1518 5017 1721 5073 scilicet
1776 5016 1964 5073 Iduum

392 5109 681 5166 Iuliarum.

911 5201 1138 5259 CAPUT
1192 5198 1424 5254 LXXIV.

458 5294 604 5330 Τιιηη
669 5295 893 5330 «hin:an
944 5294 1034 5330 nni
1092 5300 1386 5330 ηναιαρηιρε
1439 5298 1588 5330 nrnnl
1680 5304 1773 5330 cnn
1810 5302 1956 5330 nnrlo

1756 4927 1808 4980 in
1859 4926 1969 4981 fer-

2041 1760 2143 1815 bus
2178 1760 2369 1815 debitis
2406 1760 2691 1829 sepulturae
2720 1761 2833 1833 (l3)
2864 1762 3218 1826 tradiderunt,
3263 1762 3338 1815 ita
3368 1762 3607 1815 immune

2041 1853 2109 1906 ab
2174 1853 2320 1906 omni
2385 1851 2554 1907 fetore
2587 1891 2603 1917 ,
2664 1853 3108 1921 quemadmodum
3172 1851 3391 1906 illmsam
3450 1850 3612 1910 fidem

2041 1957 2236 2006 suam,
2286 1944 2457 1998 donec
2510 1943 2684 2008 vixit,
2731 1943 2799 1997 ab
2841 1944 2986 1997 omni
3046 1942 3379 2012 contagionis
3427 1956 3614 1996 errore

2041 2041 2368 2093 servaverat,
2398 2041 2452 2086 et
2479 2031 2625 2085 velut
2666 2031 3017 2101 Omnipotens
3048 2032 3295 2102 discipuli
3331 2043 3612 2085 transeun-

2044 2121 2112 2174 tis
2138 2135 2234 2190 per
2267 2122 2442 2191 ignem
2489 2122 2708 2176 carnem
2736 2129 2791 2175 et
2821 2120 3189 2177 incombustas
3231 2130 3409 2175 vestes
3437 2121 3615 2174 omni-

2043 2213 2202 2269 modo
2230 2212 2575 2269 custodierat.

2587 2308 2814 2365 CAPUT
2844 2308 3072 2365 LXXVI.

2116 2422 2232 2489 Quo
2294 2431 2525 2493 scpu.to,
2564 2424 2836 2478 communi
2870 2422 3102 2478 fratrum
3152 2422 3418 2477 electione
3450 2422 3619 2475 domi—

2046 2529 2147 2568 nus
2178 2511 2434 2566 Rodulfus
2477 2511 2815 2567 obedentiam
2869 2511 2971 2566 sibi
3021 2526 3051 2565 a
3103 2510 3267 2564 Patre
3327 2510 3619 2580 injunctam

2048 2604 2275 2671 accepit,
2305 2611 2358 2657 et
2395 2603 2608 2658 trienno
2660 2603 2821 2668 rexit,
2854 2612 2932 2668 et,
2985 2603 3115 2657 dum
3148 2603 3284 2657 vixit
3335 2603 3621 2672 Vajanum,

2048 2693 2516 2759 Fontem—Taonis,
2549 2702 2605 2751 et
2627 2692 2865 2750 Coneum
2896 2696 2995 2751 sub
3024 2709 3122 2749 suo
3177 2693 3457 2763 regimine,
3477 2709 3623 2747 sum-

2049 2784 2177 2854 psit.
2220 2784 2349 2839 Post
2380 2784 2531 2854 cujus
2577 2801 2859 2840 excessum
2888 2785 3041 2856 prior
3075 2783 3332 2839 Rusticus
3388 2780 3622 2854 regimen

2053 2879 2218 2932 totius
2251 2879 2683 2950 congregationis
2721 2879 2913 2944 tenuit,
2943 2892 3105 2948 quam
3150 2876 3424 2932 sexdecim
3466 2876 3624 2931 annis

2054 2970 2187 3024 satis
2216 2970 2445 3025 fideliter
2473 2970 2759 3026 custodivit
2787 2989 2800 3024 :
2833 2969 2934 3025 sub
2964 2984 3070 3039 quo
3099 2969 3401 3025 coenobium
3434 2967 3623 3022 Sancti

2054 3059 2241 3129 Augeli
2273 3060 2327 3114 in
2354 3058 2607 3126 Pistoria,
2640 3059 2856 3115 Sancta:
2886 3059 3065 3112 Maria:
3101 3057 3154 3111 in
3183 3058 3413 3121 Nerana,
3439 3052 3625 3112 Saneti

2048 3148 2249 3204 Fidelis
2296 3149 2549 3213 Strumis,
2603 3148 2787 3204 Sancti
2823 3148 2975 3202 Pauli
3028 3147 3189 3212 Pisis,
3222 3148 3404 3201 Sancti
3434 3147 3623 3201 Salva-

2052 3237 2187 3291 toris
2233 3237 2286 3290 in
2332 3235 2625 3306 Sopheua;
2673 3253 2839 3291 unum
2873 3236 2926 3289 in
2989 3243 3169 3289 monte
3201 3235 3449 3300 Armate,
3491 3234 3622 3288 alte-

2053 3343 2173 3382 rum
2218 3326 2429 3394 Osellaa,
2478 3327 2530 3381 in
2575 3328 2819 3398 partibus
2876 3325 3196 3381 Castellauis
3241 3325 3450 3380 noviter
3501 3336 3626 3379 sunt

2053 3419 2319 3475 instituta.

2590 3507 2815 3566 CAPUT
2875 3506 3135 3565 LXXVII.

2125 3624 2347 3689 Deinde,
2374 3629 2496 3694 post
2523 3621 2913 3691 depositionem
2938 3619 3120 3675 carnis
3165 3627 3220 3673 et
3246 3616 3425 3673 Patris
3444 3616 3629 3672 eximii

2058 3717 2413 3786 sepulturam,
2446 3713 2614 3769 multa
2663 3728 2761 3783 per
2788 3711 2906 3780 ejus
2943 3711 3135 3766 merita
3172 3710 3311 3763 Deus
3353 3709 3624 3763 ostendit:

2058 3824 2283 3878 quorum
2323 3807 2555 3876 aliquam
2588 3814 2797 3875 partem
2825 3802 3149 3872 subiungere
3178 3799 3309 3854 mihi
3342 3803 3513 3852 visum
3543 3805 3631 3851 est

2058 3899 2189 3952 utile
2219 3912 2316 3966 pro
2349 3895 2580 3950 utilitate
2629 3894 2943 3965 tegentium,
2975 3902 3031 3947 et
3077 3891 3365 3945 multorum
3397 3888 3630 3943 :editiea—

2063 3990 2206 4044 tione
2243 3985 2499 4043 ﬁdelium.

2566 4072 2795 4129 CAPUT
2844 4068 3123 4126 LXXVIII.

2129 4191 2387 4255 Joannes,
2420 4191 2513 4260 qui
2557 4187 2892 4245 camerarius
2931 4194 2985 4239 et
3014 4182 3327 4239 cellerarius
3376 4189 3516 4245 erat,
3548 4179 3630 4232 vi-

2063 4285 2197 4340 dens
2226 4284 2541 4338 immensam
2580 4281 2794 4334 turbam
2862 4275 3268 4341 monachorum,
3318 4272 3632 4327 clericorum

1956 4348 2038 4433 κθ
2063 4390 2129 4430 ac
2178 4375 2438 4430 laicorum
2494 4374 2562 4428 ad
2616 4371 2902 4440 exsequias
2949 4367 3121 4423 sancti
3179 4365 3355 4421 Patris
3397 4365 3635 4433 undique

2061 4466 2377 4530 convenire,
2401 4466 2528 4520 dum
2559 4479 2666 4518 non
2692 4462 2916 4517 haberet
2966 4459 3106 4528 quod
3141 4458 3305 4514 tantis
3338 4465 3520 4526 posset
3542 4470 3634 4523 ap-

2061 4572 2281 4629 ponere.
2315 4556 2483 4625 coepit
2531 4554 2883 4608 vehementer
2931 4558 3182 4611 aestuare,
3232 4547 3482 4601 nesciens
3521 4559 3638 4597 om-

2062 4648 2191 4702 nino
2224 4645 2353 4716 quid
2381 4651 2587 4716 ageret.
2618 4640 2858 4696 Tandem
2886 4641 2952 4694 ad
2976 4654 3035 4693 se
3065 4651 3333 4707 reversus,
3362 4632 3639 4689 conlidens

2067 4740 2121 4794 in
2172 4739 2427 4802 Domino,
2476 4736 2796 4806 meritisque
2836 4732 3016 4786 Patris
3064 4727 3237 4783 sancti
3285 4738 3636 4795 praesumens,

2067 4830 2181 4885 ait:
2225 4849 2243 4881 ‹
2282 4828 2385 4896 Qui
2414 4831 2482 4884 de
2511 4829 2752 4899 quinque
2801 4824 3035 4895 panibus
3083 4818 3320 4887 quinque
3350 4816 3514 4871 millia
3553 4824 3646 4899 sa-

2069 4921 2245 4985 tiaVit,
2293 4930 2468 4990 potest
2501 4897 2809 4975 interventu
2855 4914 3030 4972 nostri
3061 4909 3237 4967 Patris
3263 4907 3438 4973 olera,
3466 4897 3650 4990 simul-

2068 5027 2175 5083 que
2200 4986 2490 5082 legumiua,
2516 5025 2640 5066 cum
2672 5009 2795 5064 aliis
2822 5004 3157 5061 victualibus
3203 4995 3363 5084 hodie
3398 4986 3654 5084 multipli-

2071 5074 2214 5157 care.
2242 5074 2280 5152 ἶ
2293 5101 2412 5166 Quo
2435 5102 2603 5164 dicto,
2626 5095 2867 5158 vascula,
2897 5107 3021 5164 qum
3038 5097 3186 5144 more
3206 5081 3370 5135 solito
3400 5074 3657 5172 fratribus

2070 5192 2252 5262 parari
2281 5193 2548 5255 solebant,
2579 5205 2699 5259 qua:
2729 5181 3070 5257 quotidianis
3113 5184 3299 5227 eorum
3351 5167 3540 5262 usibus
3568 5167 3659 5213 vix

2070 5261 2429 5330 stilIiniehanL
2465 5286 2676 5330 integra
2715 5272 2841 5330 ﬁde.
2900 5291 2998 5330 sne
3035 5275 3206 5327 certa.
3238 5261 3513 5316 Charle
3542 5266 3663 5322 Per"
