4122 5330
297 2353 393 2411 (Χ

404 304 510 381 703
531 392 537 398 ί

1938 312 2140 370 ACTA.
2217 368 2223 372 .

3556 317 3662 375 706

403 435 576 495 satiati
610 432 836 489 hannis
879 429 1149 501 precibus,
1188 426 1296 483 lati
1323 435 1379 482 et
1418 424 1717 483 incolumes
1744 426 1812 480 ad
1840 439 1969 495 pro-
1997 434 2045 491 Α
2072 440 2220 481 care.
2249 424 2345 479 Cui
2371 424 2617 494 quoidam
2671 426 2847 495 imago
2876 425 3085 497 fulgens
3103 428 3348 499 protinus
3374 439 3655 495 assistens,

406 529 518 600 pria
572 531 936 580 revertuntur.
991 519 1219 588 Quidam
1286 517 1582 573 monachus
1624 514 1974 571 Pistoriensis

405 617 718 675 monasterii
748 614 932 670 Sancti
960 612 1172 681 Angeli,
1203 609 1599 667 interveniente
1625 608 1972 673 necessitate,

403 706 531 762 dum
558 705 662 760 iter
694 712 903 773 ageret,
947 702 1016 757 ad
1047 700 1338 771 quemdam
1381 706 1600 769 pontem
1632 697 1973 766 perveniens,
2004 705 2019 718 ‘

406 794 644 867 neglexit
668 809 735 851 ex
760 808 901 863 equo
931 789 1281 854 descendere,
1313 803 1481 858 seque
1525 787 1806 843 conlidens
1833 800 1976 855 equo

404 884 476 940 ad
516 882 742 941 salutem
790 881 1172 937 convenienter
1220 877 1515 940 transvebi,
1566 877 1699 932 nihil
1753 876 1980 932 timebat

407 971 757 1029 incommodi.
813 971 949 1027 Dum
1019 978 1199 1025 autem
1272 984 1370 1038 per
1428 976 1645 1038 pontem
1700 967 1975 1031 transiret,

407 1077 580 1133 equus
606 1078 670 1121 ex
712 1061 1005 1130 improviso
1029 1061 1130 1115 sub
1170 1059 1307 1129 pede
1344 1059 1529 1130 lapsus
1552 1058 1777 1113 corruit.
1827 1055 1979 1112 Unde

408 1153 702 1207 monachus
726 1153 816 1221 qui
848 1152 896 1204 ei
920 1151 1325 1220 supersedebat,
1357 1151 1407 1203 vi
1433 1149 1678 1204 cadentis
1711 1150 1835 1217 equi
1864 1146 1976 1202 l'ur-

408 1241 533 1295 titer
589 1243 876 1312 impulsus,
929 1250 1097 1296 extra
1141 1249 1361 1311 pontem
1407 1240 1625 1305 cecidit,
1674 1249 1731 1295 ct
1777 1253 1977 1309 pavore

409 1334 599 1389 mortis
644 1333 937 1403 repentina:
984 1332 1330 1396 perterritus,
1380 1330 1733 1386 reverendum
1768 1338 1976 1399 patrem

406 1424 663 1481 Joannem
692 1424 920 1481 ﬁdeliter
961 1426 1236 1487 invocans,
1286 1438 1502 1491 semper
1538 1431 1787 1493 paratum
1825 1419 1977 1489 adju-

406 1532 554 1581 vare,
582 1527 641 1572 ut
664 1518 711 1572 ei
745 1528 1104 1583 succurreret,
1145 1516 1326 1571 valido
1346 1516 1586 1571 riainore
1630 1513 1794 1584 C(Bpit
1824 1513 1974 1567 invo-

480 1627 594 1698 (id)
635 1627 893 1698 Sequitur
917 1629 971 1683 in
1005 1629 1240 1684 editione
1269 1628 1511 1682 Romana
1539 1628 1676 1681 alius
1707 1626 1720 1677 Ι
1747 1627 1842 1680 ber
1872 1624 1975 1678 mi-

407 1698 731 1761 raculorum,
764 1715 884 1767 qum
911 1715 941 1752 a
992 1700 1280 1754 recentiori
1324 1707 1546 1754 auctore
1589 1713 1777 1767 parum
1809 1711 1975 1767 aecus

407 1776 525 1823 rate
543 1769 746 1837 scripta
768 1765 910 1823 sunt.
936 1768 1308 1824 Praeferendus
1334 1779 1473 1825 esset
1498 1769 1631 1825 liber
1653 1765 1966 1837 llieronymi

2078 524 2134 571 et
2180 514 2295 582 ejus
2339 515 2493 569 lateri
2542 526 2826 585 utramque
2881 532 3099 572 manum
3150 533 3446 589 apponens,
3497 521 3655 578 illum

2080 605 2205 659 forti
2235 604 2403 660 veloci
2433 604 2665 674 impulsu
2690 620 2850 675 super
2865 609 3511 679 pontetnrednxit;eique
3528 622 3649 664 mox

2080 695 2400 750 vestimenta
2426 698 2666 752 caballus
2711 697 2778 751 de
2806 713 2914 767 quo
2939 697 3232 762 ceciderat,
3270 698 3397 752 dum
3423 714 3651 753 conare-

2083 791 2172 837 tur
2196 799 2501 854 assurgere,
2532 801 2670 854 genu
2700 800 2972 855 premens,
3029 786 3214 840 tandiu
3239 787 3436 841 -tenuit
3482 789 3655 842 donec

2082 875 2381 930 menaclius
2424 877 2671 930 manibus
2713 877 2949 931 reductis
2985 892 3180 946 equum
3226 877 3654 947 comprehende-

2083 975 2186 1031 ret,
2217 965 2440 1037 ejusque
2502 977 2746 1022 ventrem
2796 969 3133 1035 subintrans,
3190 979 3407 1034 pontem
3452 969 3655 1026 illaesus

2080 1060 2416 1114 ascenderet.
2448 1058 2645 1128 Sicque
2673 1059 2873 1114 factum
2898 1074 2998 1125 est,
3039 1062 3164 1116 dum
3213 1062 3529 1126 monachus,
3562 1061 3654 1131 qui

2078 1148 2242 1202 morti
2276 1149 2556 1203 videbatur
2597 1163 2719 1202 esse
2762 1150 2992 1210 vicinus,
3042 1150 3183 1205 beati
3223 1151 3393 1218 patris
3421 1149 3646 1208 Joannis

2078 1253 2277 1293 nomen
2350 1240 2778 1308 congeminando
2844 1239 3075 1294 ﬁdeliter
3141 1249 3445 1309 repeteret,
3511 1240 3654 1294 illius

2076 1332 2328 1401 praesidio
2376 1346 2482 1386 non
2535 1332 2707 1387 solum
2764 1332 2961 1385 meruit
3017 1331 3086 1386 ab
3140 1330 3439 1387 imminenti
3472 1339 3651 1387 morte

2076 1420 2236 1489 eripi,
2276 1434 2464 1474 verum
2491 1421 2656 1475 etiam
2690 1421 2931 1489 pristinae
2968 1420 3191 1475 sanitati
3217 1434 3284 1474 ex
3320 1419 3534 1489 integro
3560 1430 3655 1474 re—
3682 1406 3706 1490 ξ

2076 1510 2231 1565 stitui
2259 1512 2400 1579 (Μ).

2085 1624 2153 1681 dc
2186 1627 2466 1699 Raggiolo,
2496 1628 2745 1699 superius
2789 1628 3013 1692 laudati,
3053 1628 3141 1697 qui
3176 1626 3252 1699 de
3286 1624 3453 1679 variis
3491 1637 3649 1678 ener—

2076 1696 2330 1768 gumenis
2371 1715 2403 1753 ιι
2438 1696 2627 1755 sancto
2652 1698 2859 1753 Joanne
2890 1696 3131 1752 liberatis
3173 1696 3302 1767 agit.

460 1942 3610 1972 W

384 2070 627 2284 ac
721 2121 916 2244 DE
1014 2011 1623 2248 SA'NCTO
1713 2088 2315 2272 JOANNE
2414 2110 3359 2290 GUALBERTO
3460 2096 3465 2101 ·

1803 2364 2250 2455 ΑΒΒΑΤΕ
2960 2404 2964 2410 ·

619 2560 887 2623 οιιιιιΝιε
920 2557 1499 2620 νΑιιυιιιιιιοδΑΝι
1531 2555 1951 2615 FUNDATORE
1985 2555 2054 2612 ΙΝ
2089 2553 2533 2615 MONASTERIO
2569 2550 2970 2647 PASSlNlANO
3006 2550 3073 2609 IN
3106 2551 3405 2611 ETRURIA
3502 2642 3508 2648 Ι
3542 2536 3545 2537 ν

1419 2722 2589 2850 COMMENTARIUS.

1298 2958 1475 3030 (Apud
1498 2954 1764 3021 Bolland.,
1789 2953 1917 3010 Julii
1950 2964 2086 3009 tom.
2116 2954 2205 3020 ιιι,
2237 2954 2324 3010 die
2356 2954 2441 3022 ιε,
2470 2966 2590 3026 pag.
2614 2952 2764 3023 3H.)

1792 3112 2224 3130 *-

664 3246 694 3320 §
722 3247 760 3301 l.
783 3244 965 3302 Sancti
989 3243 1180 3313 patria.
1213 3258 1399 3298 nomen
1436 3253 1483 3297 et
1507 3252 1743 3297 stemma.

479 3337 863 3394 Sanctissimus
922 3332 1347 3388 Vallumbmsani
1394 3332 1615 3388 Ordinis
1667 3332 1971 3398 institutos,

404 3428 673 3500 simulque
693 3425 990 3483 acerrimus
1007 3423 1334 3479 Simoniacae
1351 3424 1618 3496 lia-reseas
1638 3434 1975 3494 oppugnator
2006 3487 2012 3492 ,

397 3524 553 3595 juxta
570 3519 1067 3577 communissimam
1102 3519 1482 3573 historicorum
1532 3519 1852 3573 sententiam
1878 3535 1974 3574 na-

405 3625 494 3671 tus
518 3623 600 3671 est
625 3612 907 3667 Florentiae
929 3610 1126 3666 celebri
1158 3610 1323 3664 Italizr
1352 3610 1570 3660 rivimo
1628 3610 1843 3664 Patrem
1878 3613 1975 3666 ha—

404 3707 521 3763 buit
542 3704 889 3761 Guaibertum
930 3720 944 3755 :
977 3711 1207 3756 matrem
1234 3716 1385 3762 vero,
1424 3710 1481 3755 ut
1516 3700 1734 3769 quidam
1765 3700 1972 3765 volunt,

402 3796 625 3852 Willam
651 3810 743 3849 seu
779 3792 1084 3857 Camillam,
1111 3793 1177 3845 de
1212 3806 1316 3859 qua
1356 3799 1533 3844 tamen
1586 3789 1788 3858 antiqui
1839 3789 1974 3844 Vita:

402 3886 697 3954 scriptores
723 3897 825 3937 non
872 3881 1256 3935 meminerunt.
1284 3878 1497 3933 Nemini
1525 3877 1582 3933 8.
1614 3877 1838 3934 Joannis
1881 3879 1975 3932 ad-

403 3973 509 4027 didi
535 3973 588 4026 in
620 3971 776 4025 titulo
806 3969 1183 4035 Gualbertum,
1215 3970 1463 4038 quamvis
1524 3968 1755 4024 Didacus
1802 3970 1975 4024 Fran-

403 4063 555 4117 cbins
585 4062 637 4115 in
667 4059 787 4114 Vita
818 4061 964 4115 illius
991 4059 1175 4114 Italiae
1202 4060 1344 4114 edita
1388 4059 1481 4113 lib.
1513 4059 1537 4112 l
1572 4074 1695 4128 pag.
1747 4059 1780 4115 9
1831 4058 1974 4114 dicat

403 4153 571 4223 ipsum
601 4152 1026 4206 tantummodoa
1061 4151 1335 4206 modernis
1382 4152 1452 4204 ita
1498 4150 1784 4222 appellari.
1841 4152 1971 4208 Nam

401 4244 701 4315 antiquitus
723 4245 886 4299 etiam
927 4244 977 4297 ei
1024 4242 1263 4299 Galberti
1305 4244 1419 4299 sive
1444 4242 1704 4299 Walberti
1754 4259 1972 4311 nomen,

400 4336 542 4406 quod
583 4345 740 4407 pater
773 4336 917 4391 illius
972 4335 1214 4405 gerebat,
1270 4338 1454 4389 datum
1503 4335 1690 4399 fuisse,
1720 4344 1868 4405 patet
1905 4352 1973 4391 ex

400 4437 550 4481 num.
580 4426 682 4505 127
718 4427 772 4481 in
818 4427 939 4481 Vita
984 4441 1081 4495 per
1109 4426 1168 4479 Β.
1197 4426 1469 4481 Andream
1499 4426 1720 4495 scripta,
1747 4427 1836 4481 ubi
1870 4428 1973 4483 Ze-

401 4516 597 4571 nobius
639 4518 923 4588 presbyter
972 4516 1274 4585 lampadem
1325 4517 1622 4571 accendere
1672 4515 1857 4569 volens
1895 4514 1973 4569 sic

399 4608 669 4665 exclamat
700 4625 715 4662 :
772 4626 789 4659 ι
812 4608 867 4663 Si
894 4624 1020 4663 vera
1043 4618 1186 4671 sunt,
1221 4622 1341 4677 quia:
1369 4608 1434 4662 de
1472 4605 1749 4662 Walberto
1765 4605 1973 4683 Joapne

400 4698 638 4770 propriis
657 4699 828 4754 oculis
848 4700 956 4753 vidi
993 4709 1048 4753 et
1073 4699 1274 4762 audivi,
1302 4699 1355 4752 in
1382 4698 1551 4767 ipsius
1581 4697 1797 4751 nomine
1837 4711 1971 4767 pm-

402 4786 543 4854 eipio
572 4786 686 4851 tibi,
713 4795 771 4841 ut
811 4786 1062 4842 celeriter
1087 4801 1338 4850 accensa,
1388 4786 1711 4840 inesstiucta
1763 4799 1972 4853 perma-

403 4890 552 4931 neas.
618 4896 637 4929 ι
695 4876 839 4931 fdem
890 4877 1244 4931 confirmatur
1286 4890 1349 4930 ex
1413 4875 1646 4945 capitulo
1701 4874 1972 4930 celebrato

407 4986 427 5019 ι
460 4983 604 5022 anno
626 4967 694 5022 ab
727 4969 1099 5024 incarnatione
1143 4968 1351 5024 Domini
1384 4967 1553 5023 nostri
1592 4966 1716 5023 Jesvt
1769 4966 1970 5021 (lbristi

403 5055 710 5113 MCXXVII.
757 5077 777 5110 ι
828 5057 885 5114 ln
937 5076 1045 5129 quo
1084 5066 1345 5113 statutum
1389 5066 1494 5123 est,
1534 5066 1592 5111 ut
1640 5056 1768 5135 milli
1812 5056 1971 5112 liceat

2007 3248 2050 3305 Β
2079 3241 2365 3309 nandoque
2391 3239 2508 3308 ejus
2537 3238 2816 3293 nobilitate
2843 3234 3062 3306 quidam
3090 3237 3313 3292 nimium
3363 3240 3491 3295 mihi
3529 3245 3643 3296 sol-

2076 3328 2208 3383 liciti
2258 3330 2427 3383 f'uisse
2472 3326 2741 3381 videntur.
2790 3325 2935 3379 Inter
2974 3325 3110 3379 alios
3161 3325 3227 3379 li.
3287 3329 3349 3383 Ι).
3394 3329 3644 3386 Tiberius

2077 3418 2392 3474 Petraccins
2440 3417 2693 3470 arborem
2738 3414 3139 3484 genealogicam
3186 3417 3382 3482 erexit,
3428 3419 3481 3470 in
3534 3435 3641 3489 qua

2076 3516 2381 3561 maternum
2414 3506 2556 3560 illius
2578 3520 2745 3574 genus
2772 3503 2988 3558 deducit
3017 3518 3078 3558 ex
3112 3504 3449 3575 Carniingieo
3471 3506 3645 3561 Fraa-

2074 3612 2260 3654 cormn
2284 3606 2592 3661 stemmate,
2618 3611 2681 3649 ac
2703 3595 2826 3649 dein
2851 3609 2947 3663 per
2983 3609 3192 3648 ramum
3225 3595 3349 3649 illud
3374 3600 3648 3652 connectit

2074 3677 2197 3742 c'um
2233 3686 2427 3740 illustri
2470 3686 2793 3740 Ubertorum
2846 3684 3073 3747 familia,
3110 3699 3271 3753 quam
3322 3699 3388 3739 ex
3418 3696 3644 3755 augusta

2074 3787 2315 3831 veterum
2340 3776 2703 3830 Romanorum
2742 3783 2901 3844 gente
2932 3776 3261 3843 processisse
3296 3791 3423 3830 cum
3462 3777 3649 3831 [licer-

2052 3870 2215 3941 ,dano
2247 3868 2537 3936 ilalaspina
2574 3867 2805 3935 aliisque
2853 3867 3146 3921 existimat.
3193 3868 3480 3922 Paternum
3517 3883 3647 3922 vero

2075 3960 2297 4029 stirpem
2354 3976 2417 4013 ex
2461 3958 2934 4028 Langobardorum
2993 3959 3205 4029 regibus
3252 3961 3381 4014 oriri
3427 3962 3643 4015 asserit.

2074 4046 2228 4103 Unde
2250 4049 2429 4102 varios
2464 4049 2945 4117 consanguinitatis
2973 4052 3171 4119 gradus
3218 4051 3455 4107 ostendit
3502 4052 3647 4105 inter

2075 4136 2133 4191 S.
2158 4135 2372 4190 Petrum
2404 4136 2631 4207 lgneum.
2665 4152 2731 4191 ex
2760 4135 2962 4193 Ordine
2999 4136 3442 4196 Vallumlirosano
3476 4142 3535 4196 S.
3579 4141 3646 4195 li.

2072 4227 2137 4281 Ε.
2168 4225 2530 4298 Cardinaiem,
2583 4225 2643 4279 S.
2675 4226 3006 4280 Bernardum
3050 4227 3307 4282 Ubertum
3347 4245 3410 4283 ex
3456 4231 3645 4285 eodem

2072 4315 2274 4372 Ordine
2320 4317 2632 4386 episcopum
2691 4316 3041 4371 Parmensem
3082 4328 3139 4372 et
3186 4317 3382 4373 Cardin
3420 4319 3547 4373 lem.
3582 4335 3648 4375 ac

2071 4409 2303 4478 denique
2350 4409 2493 4480 inter
2539 4408 2598 4463 S.
2643 4406 2965 4475 Gregorium
3022 4408 3106 4463 Vll
3153 4409 3466 4466 Pontifieem
3492 4422 3549 4466 et
3581 4410 3644 4471 S.

2075 4499 2334 4555 Joannem
2362 4500 2738 4567 Gualbertnm,
2773 4502 2841 4554 ita
2883 4511 2943 4555 ιιι
2979 4503 3033 4557 hi
3077 4517 3268 4557 omnes
3296 4518 3402 4558 non
3434 4513 3645 4558 tantum

1999 4571 2042 4629 ο
2077 4588 2433 4659 professionis
2482 4599 2575 4644 aut
2623 4591 2958 4653 sanctitatis,
3012 4594 3106 4646 sed
3151 4594 3315 4647 etiam
3368 4594 3647 4665 sanguinis

2077 4684 2290 4737 vinculo
2338 4684 2540 4738 fuerint
2589 4684 2883 4753 conjuncti,
2933 4695 2992 4739 ut
3037 4686 3210 4741 fusius
3252 4688 3551 4756 explicatur
3591 4690 3644 4743 in

2076 4776 2228 4830 Actis
2249 4784 2448 4830 nostris
2476 4786 2607 4831 tom.
2636 4775 2672 4831 6
2694 4775 2818 4830 Maii
2842 4777 2894 4830 in
2927 4775 3045 4831 Vita
3068 4777 3311 4846 Gregorii
3338 4778 3442 4833 Vl].

2145 4865 2203 4931 ‘5.
2237 4865 2505 4935 Quidquid
2528 4866 2601 4921 sit
2628 4867 2695 4922 de
2724 4875 2835 4920 tam
2877 4867 3097 4937 antiqua
3130 4865 3188 4921 S.
3221 4868 3442 4922 Joannis
3481 4866 3647 4921 Gual-

2076 4955 2215 5009 berti
2254 4958 2482 5027 origine,
2510 4972 2672 5026 quam
2701 4956 2873 5012 solide
2901 4956 3120 5026 probari
3158 4958 3546 5020 desideramus,
3584 4960 3651 5011 de

2076 5041 2237 5111 lmjus
2258 5046 2470 5102 arboris
2498 5045 2863 5116 genealogieze
2898 5045 3065 5101 ramis
3099 5042 3328 5098 aliorum
3358 5043 3653 5097 sententias

2076 5133 2375 5170 raras-amn-
2432 5148 2485 5170 nl
2518 5151 2703 5170 mnu-uo
2732 5150 2914 5170 mor-Im
2942 5135 3237 5170 malimnlnr
3282 5132 3350 5170 (ιο
3401 5138 3507 5170 mla
3561 5143 3653 5170 ειν.
