4122 5330
460 247 556 302 707

1523 230 1584 285 S.
1625 225 1906 303 JOANNIS
1945 220 2336 282 GUALBEBTI
2379 218 2665 276 ABBATIS

3616 212 3722 269 708

456 357 837 415 auctoritatem
865 394 882 421 ,
927 353 1029 409 nisi
1079 348 1320 423 proferat
1369 354 1615 400 veterum
1672 343 2033 403 documenta,

2160 355 2227 411 rei
2256 355 2447 410 melius
2497 353 2814 419 Soanensis,
2859 365 2979 422 qua:
3009 359 3095 408 est
3124 351 3256 407 urbs
3287 351 3521 406 Etruria-
3548 366 3726 422 prope

414 462 419 471 '
458 455 656 524 quibus
683 452 819 507 adeo
867 447 1144 515 antiquam
1199 440 1533 497 nobilitatem
1580 436 1741 490 Petro
1781 431 2036 487 vindicet.

459 523 743 612 Quacum
768 536 1033 594 Barouius
1064 529 1474 604 praetermiserit
1497 527 1758 589 indicare,
1793 523 1918 578 talia
1941 524 2037 576 de-

460 632 631 687 fuisse
669 629 934 698 suspicor.
987 624 1044 680 Si
1074 623 1197 694 quis
1241 630 1424 675 tamen
1457 617 1626 673 solida
1654 616 1707 670 in
1739 615 1881 669 hanc
1924 627 2040 666 rem

461 698 1221 785 instrumentaassignaverit,
1251 724 1316 766 ea
1345 707 1633 772 ambabus,
1662 713 1723 759 ut
1759 703 1934 768 aiunt,
1961 700 2042 755 ul-

461 813 548 867 nis
566 809 922 881 amplectemu
931 822 977 860 r.

532 902 591 956 4.
618 900 855 956 llistoria
898 895 1172 953 Ciacconii
1205 895 1272 950 dc
1296 889 1657 948 Pontificibus
1699 886 1960 943 Romanis
1988 894 2042 940 et

465 994 526 1050 S.
557 993 623 1046 Β.
650 991 710 1046 Ε.
736 987 1116 1046 Cardinalibus
1145 986 1212 1039 ab
1234 983 1462 1040 Oldoino
1485 989 1669 1035 nostro
1689 978 1831 1033 edita
1857 984 2046 1030 aucta-

465 1108 571 1164 que
600 1093 740 1147 hanc
772 1088 919 1144 Petri
950 1086 1090 1157 lgnei
1135 1084 1471 1140 nobilitatem
1496 1090 1702 1135 etcum
1746 1076 1804 1131 S.
1828 1075 2044 1131 Joanne

464 1182 760 1239 Gualberto
807 1177 1240 1247 coniunctionem
1282 1174 1362 1229 sic
1391 1187 1460 1228 ex
1502 1170 1734 1225 aliorum
1790 1168 2043 1236 opinione

468 1272 635 1329 refert
664 1279 794 1326 tom.
814 1270 867 1333 l,
892 1268 995 1323 col.
1013 1266 1137 1323 862.
1163 1284 1180 1318 ι
1202 1264 1569 1321 Cuminsacra
1586 1260 1752 1315 Vallis
1764 1258 2043 1315 Umbrosze

466 1376 653 1418 eremo
681 1359 740 1416 S.
764 1357 1092 1416 Gualbertus
1136 1354 1259 1410 novi
1287 1352 1505 1410 Ordinis
1535 1351 1637 1407 sub
1678 1350 1737 1407 S.
1768 1347 2043 1404 Benedicti

470 1452 656 1523 regula
702 1449 1051 1505 fundamenta
1083 1446 1324 1517 iecisset,
1373 1443 1761 1499 miraculorum
1821 1441 1939 1511 ejus
1979 1455 2045 1495 ac

471 1541 776 1598 sanctitatis
818 1538 958 1593 fama
997 1553 1102 1593 non
1153 1552 1250 1608 per
1278 1535 1551 1591 Etruriam
1601 1532 1779 1597 modo,
1813 1532 1907 1588 sed
1951 1546 2045 1601 per

471 1644 707 1690 remotas
729 1632 1053 1700 dissitasque
1082 1629 1322 1686 locorum
1353 1628 1601 1697 regiones
1633 1627 1790 1695 longe
1831 1625 2046 1694 lateque

468 1726 842 1797 spargebatur.
892 1722 1072 1790 Quare
1111 1721 1263 1776 multi
1313 1721 1379 1776 ad
1427 1734 1550 1775 eum
1601 1718 1842 1788 quotidie
1878 1717 2045 1771 unde—

473 1830 686 1886 quaque
742 1812 1110 1875 conﬂuebant,
1143 1821 1204 1865 ut
1248 1810 1348 1866 sub
1396 1810 1532 1864 tanti
1577 1808 1754 1863 Patris
1799 1806 2044 1861 instituto

475 1900 656 1962 mundi
690 1919 909 1975 pompas
936 1910 991 1958 et
1018 1901 1196 1957 saeculi
1219 1899 1505 1955 blanditias
1548 1897 1910 1968 relinquentes
1934 1895 2047 1951 Deo

475 1996 664 2053 sedulo
711 1996 1032 2063 sinceroque
1071 1992 1235 2047 corde
1265 1990 1618 2046 deservirem.
1653 1988 1732 2042 Ad
1761 2002 1920 2057 quem
1948 1986 2050 2039 Do-

475 2088 687 2144 minica:
735 2085 1125 2142 incarnationis
1153 2097 1295 2138 anno
1350 2080 1563 2137 MXVIII
1600 2098 1618 2133 ι
1657 2079 1825 2150 (hunc
1849 2091 2049 2132 annum

474 2189 662 2253 postea
690 2175 1143 2247 examinabimus)
1173 2192 1192 2226 ι
1232 2176 1376 2230 inter
1422 2171 1803 2242 discipulorum
1846 2168 2052 2240 primos

478 2287 585 2327 non
605 2271 845 2342 segniter
868 2268 1107 2324 accurrit
1128 2266 1562 2322 adolescentulus
1587 2264 1802 2335 quidam
1832 2262 2052 2317 Floren-

479 2364 647 2429 tinus,
674 2363 871 2418 Petrus
905 2363 1145 2423 neruine,
1182 2361 1353 2424 clara,
1377 2370 1431 2413 ut
1463 2358 1660 2422 ferunt,
1700 2355 2055 2411 Aldobraudi-

479 2468 674 2510 norum
718 2453 885 2524 stirpe
918 2452 1256 2523 progenitus,
1304 2450 1470 2521 ipsius
1518 2448 1693 2503 sancti
1724 2446 1873 2502 Patri
1921 2462 2054 2502 con-

479 2541 699 2614 iunctus
719 2553 774 2600 et
803 2542 996 2599 afﬁnis.
1029 2562 1048 2595 ι

553 2637 607 2692 5.
637 2636 837 2691 Deinde
868 2644 988 2705 post
1020 2634 1274 2689 traditam
1299 2631 1436 2687 Vitae
1460 2631 1604 2686 illius
1630 2629 1904 2700 syuopsim
1930 2627 2057 2682 sub-

484 2729 654 2785 nectit
704 2727 1029 2798 sequentia:
1094 2745 1112 2777 ι
1152 2724 1335 2779 Roma:
1393 2724 1444 2778 in
1497 2722 1618 2776 aula
1675 2736 1934 2775 novarum
1988 2733 2060 2773 ω-

484 2820 632 2874 dium
664 2818 1053 2873 Vaticanarum
1084 2814 1452 2876 Clementinac,
1480 2827 1640 2880 quam
1671 2818 1882 2874 vocant,
1927 2809 2060 2862 aulte

485 2909 754 2978 proxima,
784 2907 843 2959 Β.
876 2900 1069 2961 Petrus
1094 2905 1289 2975 lgneus
1321 2912 1375 2956 et
1398 2901 1457 2957 S.
1489 2900 1792 2956 Bernardus
1828 2896 2062 2953 Ubert's

2144 444 2337 512 Senas,
2363 444 2552 499 habuit
2584 452 2874 514 parentem
2907 443 3211 509 Bonicium,
3247 457 3352 499 non
3400 442 3617 497 fabrum
3660 442 3727 495 li-

2141 536 2419 604 guarium,
2471 535 2615 604 quod
2668 532 2975 603 ignominia:
3016 546 3151 603 ergo
3210 531 3557 586 adversarios
3622 530 3722 599 ipsi

2140 625 2408 695 obiecisse
2443 625 2667 688 scimus,
2713 623 2807 678 sed
2834 638 2901 678 ex
2933 622 3099 679 nobili
3137 632 3202 678 ct
3242 622 3470 692 antiqua
3518 620 3724 677 {annilia

2140 718 2706 772 Aldobrandeseorum
2754 714 3012 770 comitum
3066 713 3445 778 Soaneusium,
3486 721 3547 767 ut
3591 714 3727 768 scri-

2141 804 2538 868 buntPlatina,
2588 803 2945 868 Sansovinus,
2978 804 3281 865 Tomasius,
3332 803 3728 858 Maccabrunus

2142 897 2342 966 aliique
2370 912 2434 951 ex
2489 896 2648 966 huius
2676 895 2893 950 familiae
2918 896 3223 965 insignibus
3245 905 3302 952 et
3343 895 3594 966 sequenti
3646 895 3729 947 iu-

2143 991 2438 1059 scriptione
2476 1006 2597 1060 qua:
2627 991 2681 1044 in
2719 989 2951 1044 ecclesia
2999 989 3411 1060 Metropolitana
3450 988 3728 1046 Senatum

2144 1080 2396 1135 habetur.
2439 1097 2459 1132 ο

2351 1186 2440 1226 ως
2478 1186 2603 1227 ARN.
2639 1188 2773 1227 I111
2811 1188 3110 1228 ΙιτριιΑΝυο
3146 1189 3300 1228 ιιυε-

2354 1274 2652 1315 BRANDESCO
2684 1275 2900 1315 ARCBID.
2940 1277 3221 1327 CURANTE;
3263 1277 3353 1325 QUl

2356 1366 2675 1407 POSTIODUM
2713 1366 2871 1408 GBEG.
2912 1369 3003 1416 νη,
3044 1368 3332 1409 (ιῖιιυιιεκι-

2352 1461 2459 1501 GU!
2494 1460 2781 1501 CONCILNJII
2814 1460 3194 1508 CELEBBATUM,
3234 1460 3319 1499 UB!

2363 1554 2424 1592 ΑΝ
2433 1556 2484 1593 τι
2493 1553 2623 1593 PAPA
2659 1554 2958 1594 BEﬂEDICTO
2994 1554 3196 1595 ABBOGA
3204 1555 3295 1601 1'0,

2363 1645 2640 1686 GERARDUS
2678 1645 2951 1685 Αιιοιηιοι
2990 1646 3269 1686 ειηεεοιδυε

2358 1735 2721 1776 ιἰοῐιεΝτΙΝιιε
2756 1737 3059 1777 Αεειηηιτῠε
3095 1736 3353 1778 Νιεοιλυε

2362 1825 2628 1866 SECUNDUS
2665 1825 3024 1867 APPELLATUS.

2216 1902 2271 1955 7.
2315 1899 2479 1970 Cujus
2527 1904 2701 1956 aetatis
2750 1901 2832 1957 vel
2894 1904 3133 1957 auctoris
3180 1905 3249 1958 sit
3296 1905 3410 1959 haec
3454 1904 3732 1975 inscriptio

2153 1993 2368 2063 ignoro;
2401 2006 2588 2046 verum
2622 2008 2727 2047 non
2783 1993 2916 2048 satis
2945 2003 3135 2049 exacta
3170 1994 3301 2049 mihi
3325 1995 3553 2050 videtur.
3594 1994 3731 2049 Nam

2152 2084 2295 2138 inter
2319 2082 2424 2136 alia
2451 2083 2702 2145 observo,
2737 2091 2847 2135 tum
2880 2084 3140 2154 temporis
3165 2094 3349 2139 contra
3381 2083 3734 2139 Benedictum

2153 2173 2465 2243 antipapam
2501 2187 2608 2226 non
2643 2170 2811 2227 fuisse
2854 2172 3013 2229 Senis
3061 2174 3391 2230 celebratum
3418 2176 3732 2243 concilium,

2156 2264 2330 2319 multo
2355 2264 2534 2319 minus
2565 2282 2583 2315 ι
2618 2265 3035 2320 αςουιιιεηίοιιιη.
3071 2285 3090 2318 ι
3137 2267 3354 2323 Invenio
3377 2269 3593 2339 quidem
3634 2267 3737 2323 Sc-

2153 2357 2242 2411 nis
2283 2355 2601 2411 Pontiﬁcem
2641 2355 2873 2411 clcetum
2921 2372 3042 2412 esse
3072 2358 3351 2414 Nicolaum
3398 2359 3463 2425 Il,
3488 2362 3582 2415 sed
3612 2368 3738 2431 post

2156 2445 2478 2501 electionem
2521 2444 2679 2502 Senis
2707 2447 2932 2517 paciﬁce
2961 2460 3261 2519 peractam,
3294 2451 3538 2506 habitum
3570 2452 3739 2505 fuisse

2158 2551 2301 2590 anno
2344 2533 2509 2589 MLlX
2551 2536 2839 2592 concilium
2889 2539 3078 2607 Sutrii,
3130 2542 3184 2596 in
3234 2557 3341 2612 quo
3394 2541 3739 2613 pseudopara

2160 2623 2506 2691 Benedictus,
2555 2640 2914 2697 cognomento
2957 2629 3207 2696 Mincius,
3250 2632 3528 2701 depositus
3563 2631 3742 2686 enitui-

2160 2732 2265 2786 que
2292 2718 2617 2773 sacerdotali
2670 2719 2849 2775 ofﬁcio
2899 2721 3143 2784 privatus
3178 2732 3281 2785 est.
3335 2723 3491 2779 sicuti
3522 2724 3743 2778 tradunt

2162 2808 2517 2863 conciliorum
2548 2808 2865 2865 collectores
2930 2821 3050 2881 post
3098 2812 3396 2867 Baronium
3437 2828 3502 2869 ex
3554 2815 3743 2869 codice

2164 2898 2446 2966 Vaticano,
2499 2902 2589 2971 qui
2614 2903 2932 2958 inscribitur
2965 2922 2983 2955 ι
3024 2903 3185 2959 Liber
3221 2920 3500 2960 censuum.
3536 2923 3556 2959 ι
3596 2905 3743 2961 idem

487 2999 545 3051 S.
576 2997 640 3051 ll.
678 2996 737 3050 Ε.
780 2995 1115 3058 Cardinales‘,
1146 2993 1401 3049 brevibus
1429 2991 1616 3062 elogiis
1661 2989 1880 3051 additis,
1914 2988 2061 3042 eolo-
2088 3027 2134 3089 Ο
2165 2991 2218 3046 iu
2266 2993 2555 3049 Labbeana
2605 2995 2959 3052 conciliorum
2989 2997 3309 3055 collectione
3344 3009 3476 3055 tom.
3523 3001 3594 3057 IX
3635 3002 3739 3058 col.

487 3089 638 3144 ribus
670 3088 908 3158 expressi
940 3086 1381 3156 conspiciuntur;
1407 3082 1759 3138 eosClemens
1783 3078 1891 3133 Vlll
1915 3079 2061 3148 pingi

489 3178 667 3248 iussit.
714 3179 932 3234 Petrum
980 3176 1218 3234 Joannes
1266 3175 1553 3231 Mattbxeus
1576 3171 2060 3242 Cariopbiluslco—

496 3271 703 3328 ricnsis
747 3268 1184 3339 archiepiscopus
1227 3267 1614 3337 epigrammate
1644 3262 1959 3319 celebravit.

738 3378 788 3416 Β.
815 3375 987 3415 PETRO
1026 3373 1180 3415 ιωεο
1214 3372 1371 3412 CARD.
1397 3368 1816 3411 ALDOBRANDINO.

496 3452 716 3507 Dixerat
744 3451 917 3506 Elias:
952 3448 1049 3504 llic
1076 3463 1194 3513 ara,
1223 3448 1310 3502 hic
1347 3447 1521 3502 hostia
1553 3445 1778 3514 duplex;

567 3543 758 3597 Vincat
791 3541 895 3597 utri
924 3541 1210 3595 absumens
1234 3537 1449 3593 caelitus
1475 3536 1616 3607 ignis
1643 3543 1753 3590 eat.

493 3634 684 3704 lgneus
710 3644 766 3687 at
788 3632 979 3687 Petrus
1014 3630 1161 3685 litem
1186 3645 1293 3683 non
1326 3628 1583 3682 terminat
1609 3625 1737 3691 aris,

566 3724 671 3779 Sed
697 3724 914 3793 rapidos
936 3723 1091 3793 ignes
1111 3728 1353 3790 permeat
1381 3719 1667 3773 innocuus.

495 3815 656 3870 Zelus
688 3814 905 3881 utrique
932 3813 1152 3873 ardens,
1178 3808 1323 3861 Petri
1359 3816 1443 3861 est
1471 3805 1700 3860 victoria
1736 3803 1927 3872 maior,

569 3901 788 3973 Ignibus
811 3899 921 3965 ille,
955 3899 1106 3969 ignes
1132 3897 1262 3950 vicit
1291 3908 1346 3949 at
1372 3895 1475 3949 iste
1499 3908 1647 3948 suos.
1693 3909 1712 3944 ι

499 3990 877 4049 Ferdinandus
940 3984 1198 4058 Ughellus
1248 3984 1389 4039 hanc
1455 3982 1764 4054 Opinionem
1818 3992 2072 4049 tanquam

502 4082 741 4139 fabulam
762 4079 991 4135 rotunde
1011 4076 1283 4147 explodit,
1321 4076 1395 4129 ita
1428 4076 1674 4130 scribens
1706 4083 1838 4127 tom.
1868 4073 1883 4127 Ι
1913 4072 2077 4127 Italia:

501 4192 690 4247 sacrae,
720 4176 825 4234 col.
849 4175 973 4232 291.
1015 4191 1034 4225 ι
1054 4174 1316 4229 Caeterum
1346 4170 1612 4226 Baronius
1638 4170 1690 4223 in
1720 4177 1849 4223 tom.
1883 4168 1953 4222 Xl
1985 4168 2076 4223 Ec-

503 4270 632 4327 cles.
656 4268 850 4324 Annal.
879 4268 1135 4336 deceptus
1153 4282 1182 4320 a
1213 4262 1448 4334 quodam
1502 4262 1760 4317 moderno
1790 4260 2076 4329 scriptore,

2166 3085 2305 3141 1098
2342 3096 2609 3142 testantur
2630 3096 2810 3144 vetera
2834 3089 3200 3146 Romanorum
3230 3090 3547 3147 Pontificum
3570 3102 3740 3164 grsta,

2164 3192 2286 3246 quae
2330 3176 2548 3249 collegit
2589 3178 2840 3235 Nicolaus
2888 3182 3252 3253 AragonenSis
3298 3183 3604 3240 Cardinalis
3661 3185 3748 3240 lus

2164 3270 2349 3324 verbis
2378 3284 2392 3323 :
2423 3287 2443 3321 ι
2478 3270 2758 3326 Celebrata
2802 3272 2985 3342 itaque
3015 3275 3067 3328 in
3100 3290 3233 3344 pace
3257 3274 3521 3331 electione
3549 3280 3629 3347 (ut
3667 3275 3751 3329 di-

2166 3370 2317 3416 ctum
2347 3362 2452 3431 est)
2489 3360 2673 3428 Senis,
2714 3364 2892 3420 dictus
2917 3364 3168 3422 Nicotaus
3200 3365 3447 3420 Pontifex
3483 3380 3604 3421 cum
3646 3366 3748 3420 Ar-

2169 3453 2490 3508 cbidiacono
2527 3464 2582 3508 et
2630 3454 3006 3510 Cardinalibus
3035 3454 3265 3511 ofﬁcium
3308 3455 3515 3519 habuit,
3549 3464 3609 3510 ut
3650 3470 3749 3524 pro

2168 3561 2333 3600 oattsa
2369 3544 2481 3614 iam
2531 3546 2660 3600 dicti
2693 3544 3012 3602 Velitrensis
3059 3547 3275 3611 lotrusi,
3313 3549 3453 3616 apud
3503 3545 3747 3602 Sutrium

2171 3638 2434 3706 synodum
2470 3635 2793 3703 celebraret,
2820 3637 2886 3691 ad
2907 3652 3070 3707 quam
3107 3642 3214 3691 non
3264 3638 3437 3692 solum
3466 3638 3751 3707 episcOpos

2171 3723 2385 3780 Tusciae
2423 3733 2478 3779 et
2497 3723 2860 3792 Lontbardim,
2903 3728 2995 3782 sed
3024 3736 3080 3782 et
3119 3743 3369 3797 magnum
3400 3727 3749 3783 Godefridum

2074 3860 2093 3872 .
2172 3825 2225 3869 et
2246 3812 2567 3869 Guibertum
2593 3814 2974 3869 cancellarium
3003 3830 3301 3872 convocare
3333 3817 3572 3871 deberet.
3597 3816 3751 3883 Quod

2174 3909 2377 3976 absque
2405 3907 2661 3962 dilatione
2688 3905 2888 3963 factum
2915 3917 3018 3963 est.
3070 3907 3362 3964 Przedictus
3411 3917 3587 3964 autem
3623 3908 3754 3962 Miu-

2176 3996 2310 4060 cius,
2340 3996 2432 4052 ubi
2456 3995 2735 4051 Nicolaum
2757 3997 2958 4068 Papam
2985 4013 3110 4053 cum
3154 3999 3421 4068 personis,
3445 4014 3565 4069 quae
3603 3998 3748 4067 apud

2178 4085 2423 4140 Sutrium
2454 4095 2841 4151 convenerant,
2885 4087 2936 4140 in
2964 4088 3169 4158 synodo
3201 4087 3440 4141 residere
3480 4088 3749 4158 cognovit,

2178 4178 2385 4243 sedem,
2435 4192 2597 4246 quam
2655 4179 2960 4243 invaserat,
3007 4178 3339 4233 conscientia
3392 4179 3752 4243 remordente,

2180 4268 2421 4337 reliquit,
2443 4275 2499 4322 et
2535 4267 2586 4321 in
2613 4267 2831 4321 domum
2860 4269 3134 4337 propriam
3162 4267 3443 4321 remeavit.
3491 4287 3510 4320 υ
3545 4266 3757 4322 Sentiat

505 4362 595 4432 qui
625 4360 784 4430 huius
808 4358 993 4415 Sancti
1018 4358 1181 4413 vitam
1209 4348 1544 4425 temporibus
1571 4353 1750 4409 octavi
1784 4350 2080 4407 Clementis
2110 4368 2157 4426 ι)
2184 4359 2356 4412 lector
2384 4358 2452 4412 de
2485 4358 2586 4411 hac
2617 4356 2842 4411 Senensi
2873 4358 3223 4426 inscriptione
3274 4358 3416 4425 quod
3463 4357 3752 4426 placuerit.

505 4452 690 4505 eutisit
735 4452 786 4505 in
841 4450 1040 4514 lucem,
1078 4447 1355 4502 insinuare
1408 4445 1623 4500 videtur
1663 4444 1810 4499 hunc
1855 4442 2075 4497 Petrum

508 4540 727 4611 igneum
769 4555 801 4595 e
848 4548 1010 4608 gente
1046 4536 1448 4593 Adolbrandiua
1503 4534 1732 4588 traxisse
1781 4533 2075 4603 originem;

508 4634 692 4702 itaque
747 4631 1057 4685 favorabilis
1095 4629 1273 4683 fabula
1335 4624 1535 4696 placuit
1612 4633 1671 4679 ut
1722 4624 1915 4678 Petrus
1967 4623 2082 4690 ipse

508 4727 549 4782 G
572 4724 814 4779 :rdiualis
841 4721 1293 4786 Adolbraudinus,
1325 4719 1563 4789 alioquin
1592 4719 1847 4787 princeps
1868 4715 2082 4783 sapien-

513 4816 778 4879 tissimus,
804 4812 1310 4867 Vallumbrosanum
1335 4811 1553 4866 Petrum
1583 4810 1637 4863 in
1662 4823 1802 4863 nova
1831 4806 2083 4861 (lieuten-

515 4906 626 4961 tiua
658 4902 780 4957 aula
819 4917 941 4957 cum
972 4900 1389 4956 Adolbrandiuze
1418 4898 1595 4968 gentis
1632 4895 1949 4965 insignibus,
1979 4892 2087 4947 ele-

513 4994 771 5042 aantione
798 4992 1189 5042 eriterammate
1216 5003 1247 5042 a
1270 4985 1753 5042 Joanue'Mattbmo
1781 4982 2088 5042 Carionhilo

2182 4451 2295 4520 Ego
2329 4451 2592 4504 hactenus
2632 4448 2969 4503 solummodo
3021 4449 3316 4503 octmlccim
3349 4449 3585 4519 synodos
3608 4462 3758 4502 (eruo

2185 4543 2423 4596 Iueuicas
2445 4554 2698 4609 agnosco,
2731 4548 2785 4593 et
2811 4552 2875 4592 ex
2914 4540 2979 4594 iis
3003 4540 3200 4593 nullam
3236 4539 3398 4595 Senis
3431 4537 3756 4594 celebratam

2183 4636 2327 4687 novi.

2255 4728 2307 4777 8.
2350 4723 2420 4775 At
2471 4737 2536 4775 nc
2585 4722 2672 4776 hic.
2714 4730 2864 4776 extra
2916 4722 3033 4776 olus
3082 4722 3359 4785 saltetnus,
3388 4723 3452 4775 ad
3480 4722 3759 4791 praefatam

2185 4812 2433 4883 Gregorii
2459 4812 2545 4869 Ἧι
2567 4813 2901 4867 nobilitatem
2920 4825 3274 4868 revertamur.
3299 4812 3502 4869 Praeter
3525 4810 3759 4875 Btniutn,

2188 4902 2531 4970 Bicciolium,
2581 4896 2856 4959 Labbeutn
2888 4905 3150 4974 aliosque,
3181 4905 3273 4974 qui
3323 4905 3466 4959 hunc
3494 4912 3649 4973 patre
3686 4904 3736 4957 fa

2188 4996 2288 5042 bm
2314 5004 2498 5042 natum
2531 4994 2891 5042 arbitrantur.
2929 4994 3195 5042 Bamnins
3219 4994 3467 5042 egregius
3497 4993 3766 5042 Romano-
