4122 5330
370 316 469 375 τοῦ

1837 292 2031 355 ACTA.

3508 292 3612 347 7l0

369 440 505 494 cisse
532 433 843 503 reperimus,
870 444 990 482 cum
1021 428 1119 482 hac
1160 440 1223 479 ex
1255 434 1407 495 parte
1438 422 1608 491 magis
1639 417 1934 472 laudanzlus
1966 423 2006 475 Α
2040 409 2067 479 §
2102 408 2160 461 ll.
2188 408 2479 503 Cicinezuia
2503 405 2837 503 St'l‘J'Cl'iOCTgl:
2868 406 3088 503 loostegt,
3113 405 3405 486 prodigiosa
3427 405 3610 461 Cruci.

368 538 512 587 esset
540 528 682 598 qttod
725 526 1058 582 evidentiora
1111 524 1162 577 in
1218 537 1282 577 eo
1317 536 1379 576 ex
1434 520 1517 573 his
1568 516 1939 570 eluccscereut

369 622 522 693 signa
552 620 664 674 veri
699 617 1061 689 apostolatus;
1109 613 1374 683 siquidem
1412 607 1700 680 Apostolus
1745 605 1934 659 dicat:

368 715 555 770 Videte
585 712 917 766 vocationem
949 717 1202 771 vestram,
1236 705 1449 768 fratres,
1485 702 1610 773 quia
1641 715 1744 754 non
1786 698 1937 752 multi

370 806 642 875 sapientes
684 802 978 857 secundum
1031 812 1273 860 carnem,
1327 811 1433 850 non
1475 793 1627 847 multi
1670 798 1937 860 potentes.

371 913 475 951 non
505 894 655 949 multi
680 892 905 955 nobiles,
952 889 1046 944 sed
1075 902 1194 957 quae
1221 886 1381 942 stulta
1411 891 1536 939 sunt
1565 881 1745 937 mundi
1776 878 1938 947 elegit

369 987 532 1049 Deus,
559 981 924 1038 utconfundat
958 979 1247 1048 sapientes,
1279 986 1332 1030 ct
1362 975 1575 1029 inﬁrma
1614 972 1797 1026 mundi
1824 970 1934 1025 elo-

369 1076 445 1145 git
474 1074 632 1133 Deus.
669 1081 727 1125 ut
751 1071 1044 1127 confundat
1067 1069 1248 1131 fortia,
1280 1076 1335 1122 et
1357 1065 1606 1137 ignobilia
1650 1064 1855 1125 mundi,
1884 1073 1937 1115 et

371 1162 791 1232 contemptibilia
815 1161 971 1228 elegit
1018 1160 1177 1221 Deus,
1209 1167 1263 1213 et
1287 1174 1349 1212 ea
1384 1171 1501 1225 quae
1560 1171 1660 1209 non
1707 1165 1851 1214 sunt,
1880 1160 1939 1206 nt

368 1248 430 1309 ea
461 1269 579 1323 quae
621 1261 744 1307 sunt
766 1252 1090 1314 destrueret,
1114 1257 1171 1303 ttt
1208 1264 1310 1302 non
1350 1247 1607 1316 glorietur
1639 1244 1816 1298 omnis
1842 1258 1935 1294 ca-

371 1360 431 1398 ro
458 1344 509 1397 in
534 1351 824 1411 conspectu
852 1340 985 1410 ejus.
1023 1338 1145 1393 llzcc
1189 1337 1478 1408 Apostolus
1510 1354 1524 1388 :
1551 1350 1673 1389 cum
1700 1331 1936 1402 alioquin

372 1434 602 1502 superbe
630 1433 789 1486 nimis
819 1440 1037 1501 respuat
1061 1430 1328 1484 humanus
1373 1429 1543 1481 fastus
1578 1426 1776 1480 natalis
1807 1425 1937 1478 titu-

368 1520 478 1574 lum
506 1521 675 1584 illum,
699 1537 806 1591 quo
837 1520 974 1574 Deus
1008 1518 1198 1573 Filium
1241 1535 1395 1574 suum
1436 1517 1705 1572 hominem
1739 1515 1937 1568 factum

371 1610 538 1663 voluit
567 1610 834 1679 insigniri,
862 1617 920 1663 ut
941 1608 1076 1662 fabri
1101 1608 1242 1661 ﬁl'us
1260 1608 1549 1661 diceretur.
1576 1606 1789 1658 Addunt
1812 1617 1938 1658 vero

370 1703 472 1756 ista
498 1702 563 1755 de
595 1699 730 1754 fabri
767 1700 903 1765 ﬁlio;
940 1701 1081 1769 quod
1111 1714 1231 1754 cum
1255 1713 1391 1768 puer
1420 1698 1626 1753 luderet
1659 1698 1724 1750 ad
1775 1695 1937 1764 pedes

367 1793 541 1863 patris
566 1791 707 1861 ligna
731 1790 984 1855 dolantis,
1013 1804 1079 1843 ex
1111 1788 1427 1856 rejectnneis
1460 1788 1781 1856 segmentis,
1814 1800 1935 1839 cutn

368 1882 601 1936 nesciret
646 1881 873 1944 litteras,
930 1896 1058 1935 casu
1102 1880 1368 1935 elementa
1419 1878 1507 1932 illa
1557 1876 1826 1939 formarit,
1869 1890 1936 1930 ex

371 1972 567 2039 quibus
589 1969 746 2024 simul
770 1969 1074 2038 conjunctis
1107 1969 1236 2023 illud
1265 1967 1577 2022 Davidicum
1602 1966 1935 2035 exprimere-

369 2070 459 2114 tur
488 2059 762 2115 oraculum
796 2078 809 2113 :
835 2059 1208 2114 Dominabitur
1228 2075 1257 2112 a
1286 2057 1422 2112 mari
1462 2070 1635 2127 usque
1659 2056 1726 2109 ad
1751 2070 1935 2121 mare;

368 2167 477 2220 quo
505 2151 917 2222 signiﬁcaretur,
951 2165 1169 2205 manum
1221 2149 1371 2217 pueri
1398 2148 1654 2203 ductante
1694 2147 1935 2210 numine,

368 2241 485 2311 ejus
510 2239 623 2295 fore
651 2239 1035 2309 amplissimam
1064 2239 1119 2292 in
1151 2238 1350 2291 mundo
1378 2237 1774 2293 auctoritatem.
1824 2253 1844 2288 ι

437 2372 491 2427 9.
535 2373 660 2429 Scio
704 2372 842 2426 hanc
882 2369 1098 2425 Baronii
1148 2368 1466 2424 sententiam
1509 2384 1612 2422 non
1662 2383 1779 2423 esse
1828 2379 1935 2422 tam

367 2464 752 2532 certam,quin
802 2463 947 2516 varia
1000 2462 1072 2516 illi
1127 2460 1321 2529 opponi
1358 2459 1584 2530 possint,
1637 2458 1936 2528 praesertim

366 2573 487 2612 cum
512 2556 781 2610 neminem
811 2570 909 2625 pro
942 2569 1004 2609 ea
1030 2553 1179 2609 citet.
1210 2552 1413 2607 Saltem
1441 2553 1581 2607 circa
1624 2551 1782 2620 hujus
1816 2565 1936 2605 san-

367 2649 440 2702 cti
488 2647 764 2702 Pontiﬁcis
812 2646 1041 2716 patriam
1094 2644 1364 2714 plerisque
1429 2644 1748 2697 adversatur
1784 2641 1935 2711 [Iugo

366 2736 794 2792 Flaviniacensis
828 2737 883 2789 in
921 2734 1191 2790 Chronico
1221 2733 1562 2799 Virduneusi,
1592 2736 1732 2803 quod
1768 2733 1937 2788 edidit

368 2825 612 2881 Labheus
639 2835 964 2880 nostertom.
990 2824 1011 2879 Ι
1036 2825 1193 2878 Nova:
1216 2823 1558 2877 Bibliothecm
1583 2823 1931 2892 manuscript.

369 2918 648 2981 librorum,
695 2918 783 2971 ubi
827 2916 919 2972 fol.
966 2918 1091 2982 206,
1136 2917 1389 2986 antiquus
1434 2915 1523 2970 ille
1595 2916 1826 2984 scriptor
1871 2913 1936 2967 de

366 3006 627 3078 Gregorio
657 3008 744 3063 VII
791 3008 905 3063 lucc
948 3008 1164 3063 disertis
1205 3007 1380 3062 verbis
1408 3006 1637 3060 afﬁrmat
1668 3023 1680 3059 :
1710 3023 1728 3055 ι
1766 3004 1934 3058 Natus

2343 478 2436 545 ﬁxi
2466 477 2756 542 inclinatio,
2787 486 2833 529 et
2867 476 2981 545 ejus
3006 475 3304 544 descriptio.

2118 592 2200 646 ll.
2232 589 2611 644 NarrantAeta
2638 599 2757 659 post
2783 590 2922 643 hunc
2941 588 3390 643 commentarium
3411 587 3607 651 danda,

2046 699 2063 733 ι
2096 680 2381 750 quemdam
2411 679 2767 749 propinquum
2800 698 2818 729 ι
2869 677 2926 733 S.
2959 678 3187 734 Joannis
3223 676 3499 733 Gualberti
3535 678 3606 733 ab

2041 769 2212 823 altero
2235 768 2398 823 fuisse
2426 768 2687 823 occisum.
2712 768 2845 822 Cum
2867 784 2996 822 vero
3020 768 3248 824 Sanctus
3268 767 3607 836 postmodum

2043 860 2094 913 in
2126 868 2273 913 arcta
2301 859 2385 912 via
2421 859 2636 913 obvium
2688 859 2910 912 haberet
2957 858 3302 923 homicidam,
3332 871 3491 926 quem
3521 872 3613 909 ar-

2044 954 2263 1021 migeris
2294 952 2522 1020 stipatus
2549 950 2703 1005 facile
2734 950 3045 1005 interimere
3065 950 3349 1020 potuisset,
3374 949 3610 1005 clemen-

2042 1052 2123 1097 ter
2150 1042 2198 1097 ei
2244 1042 2315 1096 ob
2348 1041 2546 1096 Christi
2590 1041 2834 1095 crucifixi
2873 1055 3110 1095 amorem
3159 1040 3421 1110 pepercit.
3474 1039 3608 1095 Post

2040 1141 2184 1195 hunc
2218 1152 2541 1209 generosum
2590 1136 2806 1190 virtutis
2853 1144 3035 1189 actum
3085 1134 3143 1190 S.
3188 1112 3422 1190 Miniatis
3468 1142 3606 1188 tem—

2041 1238 2186 1307 plum
2215 1244 2469 1287 oraturus
2491 1229 2809 1300 ingreditur,
2840 1228 2892 1281 in
2921 1242 3050 1296 quo,
3082 1228 3206 1281 dttm
3231 1226 3484 1281 Crueiﬁsi
3529 1224 3608 1283 ef-

2042 1329 2219 1399 ligiein
2242 1326 2341 1382 sibi
2372 1332 2533 1393 caput
2565 1321 2825 1376 inclinare
2856 1319 3021 1383 videt,
3054 1319 3340 1373 sanctioris
3364 1320 3485 1373 vita:
3511 1318 3608 1372 de-

2040 1418 2298 1473 siderium
2345 1413 2597 1481 concipit,
2628 1421 2791 1479 atque
2820 1411 3004 1474 etiam,
3037 1409 3207 1464 inscio
3253 1418 3499 1480 parente,
3546 1409 3607 1463 in

2039 1509 2228 1564 eodem
2256 1505 2312 1560 S.
2347 1504 2589 1558 Miniatis
2618 1501 2947 1557 nionasterio
2969 1500 3275 1569 religiosum
3302 1499 3604 1553 institutum

2042 1597 2409 1667 amplectitur.
2455 1592 2607 1647 Nunc
2642 1591 2885 1662 quadam
2913 1591 2980 1644 ad
3018 1591 3158 1643 hanc
3187 1588 3469 1644 historiam
3511 1585 3609 1642 ob-

2039 1688 2302 1743 sertanda
2352 1692 2663 1739 occurrunt.
2704 1680 3038 1735 Breviurium
3088 1680 3385 1734 Romanum
3414 1686 3469 1732 et
3509 1691 3609 1746 pos

1968 1753 2012 1810 Β
2042 1779 2328 1833 steriormn
2365 1774 2686 1830 saeculorum
2736 1770 3028 1839 scriptores
3077 1778 3324 1825 asserunt
3391 1767 3608 1823 unicum

2046 1869 2106 1924 S.
2137 1868 2359 1924 Joannis
2396 1866 2644 1927 fratrem,
2690 1862 2908 1916 nomine
2956 1859 3216 1930 Ugonem,
3265 1856 3609 1912 interfectum

2036 1960 2223 2025 fuisse,
2275 1974 2340 2013 ac
2394 1955 2655 2012 Joannem
2711 1952 3063 2009 Gualhertum
3115 1957 3302 2004 sancto
3350 1948 3609 2003 Parasce-

2036 2065 2132 2104 ves
2195 2050 2281 2104 die
2323 2044 2650 2101 interfectori
2697 2041 2811 2109 ejus
2857 2040 3158 2112 ignovisse;
3199 2053 3320 2108 quae
3371 2046 3604 2105 utraque

2036 2140 2264 2195 assertio
2292 2137 2474 2192 forsan
2502 2135 2670 2190 veteri
2702 2132 2986 2186 traditione
3022 2130 3213 2184 nititur
3242 2147 3256 2182 :
3290 2143 3414 2181 nam
3467 2125 3607 2180 anti-

2035 2229 2281 2301 quissimi
2309 2226 2446 2282 Vita:
2475 2226 2769 2293 scriptores
2793 2237 2891 2276 nec
2922 2230 3131 2276 eertum
3153 2232 3414 2274 occursus
3459 2216 3602 2271 diem

2037 2336 2138 2376 nec
2172 2312 2338 2374 ullum
2367 2312 2857 2386 consanguinitatis
2887 2310 3112 2381 gradum
3150 2309 3483 2378 exprimunt.
3535 2305 3609 2361 At

2036 2412 2188 2466 Actis
2216 2409 2467 2466 omnibus
2500 2414 2689 2477 aperte
2729 2402 3131 2466 contradicunt,
3171 2399 3262 2469 qui
3290 2398 3349 2452 S.
3380 2395 3607 2453 Joannis

2036 2499 2318 2557 Gualberti
2345 2506 2551 2568 patrem
2587 2496 2653 2551 ab
2696 2494 2796 2548 hoc
2837 2492 3056 2546 inimico
3090 2490 3467 2558 interemptum
3514 2500 3606 2540 vo-

2036 2592 2175 2656 lunt,
2220 2591 2362 2644 inter
2402 2602 2535 2657 quos
2563 2596 2646 2640 est
2687 2583 2989 2639 Ludovicus
3032 2579 3332 2636 Zacconius
3376 2578 3429 2630 in
3459 2590 3605 2630 com-

2035 2684 2230 2756 pendio
2262 2681 2503 2736 Vitarum
2534 2677 2778 2734 omnimn
2811 2674 3157 2737 Sanctorum,
3180 2670 3320 2740 quod
3353 2683 3418 2723 ex
3441 2665 3606 2720 variis

2038 2754 2416 2843 hagiographis
2437 2767 2720 2822 collectum
2759 2763 2949 2819 ordine
2988 2760 3328 2831 alphabetico
3365 2754 3603 2810 Venetiis

2036 2878 2177 2918 anno
2208 2859 2344 2914 1612
2371 2858 2550 2913 ltaliee
2570 2856 2760 2910 edidit.

2107 2954 2196 3009 l2.
2248 2952 2498 3007 Fortasse
2558 2949 2682 3004 huic
2748 2945 2919 3001 errori
2975 2941 3311 2998 occasionem
3376 2935 3605 3007 praebuit

2041 3044 2098 3100 ὃ.
2126 3044 2322 3099 Petrus
2352 3040 2661 3104 Damianus,
2686 3038 2776 3108 qui
2813 3034 3094 3091 historiam
3126 3032 3178 3085 in
3203 3027 3496 3084 substantia
3526 3026 3601 3081 si-

367 3108 452 3156 est
478 3100 640 3196 igitur
668 3101 719 3155 in
745 3101 874 3155 urbe
892 3101 1079 3164 Roma,
1106 3098 1418 3170 parentibus
1451 3100 1653 3153 civibus
1676 3094 1937 3152 Romanis
1965 3085 2010 3147 C
2041 3085 3367 3196 'crepamem
3396 3116 3475 3172 sic
3503 3130 3602 3171 εκ-

369 3199 444 3256 et,
470 3191 611 3260 quod
638 3192 929 3245 maximum
959 3202 1061 3255 est,
1089 3192 1369 3262 religiosis,
1392 3190 1774 3245 adscribendus
1804 3189 1935 3242 civis

368 3284 533 3337 curia:
554 3283 813 3339 caelestis.
851 3301 868 3334 ι
893 3283 970 3338 Ex
1002 3285 1103 3338 hac
1132 3285 1441 3353 opinionum
1485 3283 1744 3338 varietate
1774 3295 1939 3351 appa-

372 3380 455 3425 ret
494 3379 741 3428 arborem
785 3374 929 3427 illam
980 3375 1380 3444 genealogicam
1426 3390 1455 3428 a
1503 3374 1565 3428 Β.
1613 3373 1675 3427 Ι).
1721 3373 1937 3427 Tiberio

294 3497 303 3505 ο
370 3462 649 3518 Petraccio
700 3466 992 3532 inventam,
1036 3482 1142 3521 non
1186 3467 1404 3522 omnino
1444 3466 1614 3520 ﬁrmis
1668 3464 1937 3519 radicibus

372 3553 491 3607 niti.
517 3553 583 3608 Et
612 3569 741 3609 sane
781 3570 975 3609 novum
1000 3571 1105 3610 non
1134 3565 1294 3620 esset,
1334 3556 1599 3611 indebitos
1642 3555 1938 3610 nobilitatis

373 3644 554 3699 titulos
598 3645 813 3701 Sanctis
839 3644 1036 3716 aﬁingi.
1093 3663 1213 3701 cum
1265 3647 1316 3701 in
1379 3646 1650 3702 Breviario
1694 3646 1936 3700 Romano

370 3738 675 3808 Anlverpite
702 3754 845 3794 anno
887 3739 1268 3805 MDCXXXVI,
1305 3742 1443 3809 apud
1485 3739 1786 3793 Plautinum
1837 3736 1937 3805 int-7

371 3845 558 3897 presso
579 3831 645 3885 de
672 3831 729 3885 S.
754 3832 1043 3886 Catharina
1080 3831 1303 3887 Senensi
1360 3833 1665 3903 legerentur
1706 3844 1936 3899 sequen—

374 3919 445 3971 tia
491 3938 503 3972 :
562 3938 580 3970 ε
631 3921 920 3976 Catharina
973 3924 1121 3993 virgo
1174 3922 1450 3987 Senensis,
1504 3938 1568 3975 ex
1621 3920 1936 3975 Benincasia

370 4023 476 4061 una
552 4025 675 4064 cum
776 4010 1069 4082 Burghesia
1142 4011 1341 4066 familia
1431 4027 1496 4064 ex
1572 4011 1758 4063 eodem
1842 4009 1938 4062 sti-

370 4099 480 4166 pite
505 4100 867 4166 provenieute,
892 4102 994 4170 piis
1016 4111 1136 4156 orta
1166 4101 1501 4171 parentibus,
1531 4100 1672 4155 beati
1700 4098 1941 4153 Domini-

360 4187 420 4249 ,ci
458 4189 717 4255 habitum,
746 4207 905 4260 quem
963 4206 1175 4247 sorores
1221 4194 1286 4247 de
1336 4192 1655 4247 Ptenitentia
1702 4198 1935 4261 gestant,

373 4276 697 4345 impetravit.
738 4298 757 4331 ι
783 4279 900 4334 Jam
929 4292 1131 4347 autem,
1159 4283 1373 4338 omissis
1415 4284 1710 4353 prudenter
1748 4279 1935 4333 harum

352 4366 697 4433 familiarum
728 4369 916 4434 titulis,
946 4372 1016 4425 ita
1061 4373 1285 4442 legimus
1332 4390 1345 4425 :

374 4456 632 4514 Senensis
659 4461 762 4530 piis
793 4474 913 4516 orta
952 4466 1266 4533 parentibus
1305 4465 1449 4520 beati
1491 4462 1755 4517 Dominici
1790 4461 1940 4514 habi-

375 4555 509 4613 ιυῐη,
532 4563 690 4619 quem
744 4565 959 4607 sorores
988 4554 1054 4608 de
1114 4554 1435 4608 Pmuitentia
1493 4562 1724 4624 gestant,
1768 4553 1938 4620 impe-

376 4636 559 4692 travit.
606 4655 624 4688 ι

456 4765 529 4819 l-‘J.
564 4764 738 4823 Nolim
789 4778 966 4826 tamen
1029 4781 1087 4826 ut
1117 4772 1239 4841 quis
1278 4788 1342 4828 ex
1391 4772 1474 4827 his
1518 4771 1743 4841 aliisque
1783 4781 1938 4823 antea

374 4855 531 4910 dictis
578 4858 873 4926 existimet,
923 4876 1009 4916 me
1057 4862 1191 4917 velle
1217 4862 1380 4917 nobili
1421 4862 1478 4916 S.
1516 4859 1739 4917 Joannis
1779 4860 1939 4916 ϐωμία

374 4946 512 5001 berti
540 4948 873 5019 aliorumque
899 4952 1219 5022 genealogiu:
1247 4967 1543 5023 repugnare
1577 4969 1591 5016 ;
1649 4968 1771 5006 nam
1817 4967 1939 5007 cum

376 5040 430 5092 in
463 5040 693 5110 antiquis
729 5045 1092 5100 monumentis
1117 5044 1249 5099 nihil
1292 5047 1426 5101 certi
1472 5046 1541 5100 ad
1586 5045 1939 5099 dirimendam

375 5130 513 5158 lsnnn
544 5132 964 5158 ΑΛ-εΙ-Α-πΛ-ιηεηοκ
1006 5134 1298 5158 ε......-.Α..ξ---
1363 5135 1673 5158 -..μ.12..-.....
1707 5142 1933 5158 ala...“-

2038 3226 2188 3297 ponit
2221 3225 2309 3279 lib.
2346 3223 2401 3290 4,
2428 3223 2588 3293 epist.
2619 3222 2682 3274 17
2713 3237 2726 3273 :
2768 3237 2786 3268 σ
2823 3217 2975 3273 Unde
3019 3230 3124 3268 non
3164 3212 3395 3266 otiosum
3423 3207 3601 3263 credi-

2041 3333 2180 3381 mus,
2203 3318 2248 3372 si
2278 3316 2361 3370 his
2391 3314 2568 3368 verbis
2611 3310 2888 3373 inseritur,
2921 3306 3063 3378 quod
3090 3302 3285 3360 celebri
3317 3316 3347 3355 a
3376 3297 3605 3354 nonnul-

2040 3410 2106 3464 lis
2132 3408 2392 3462 relatione
2420 3406 2684 3475 vulgatur.
2736 3402 2828 3456 Vir
2871 3400 3196 3470 quidam,ut
3240 3395 3453 3453 dicitur.
3503 3406 3602 3459 po-

2043 3498 2325 3552 tentiorem
2378 3510 2435 3549 se
2486 3493 2756 3548 hominem
2810 3486 3112 3550 interfecit,
3163 3499 3193 3538 a
3239 3483 3391 3551 cujus
3437 3482 3601 3534 etiam

2044 3590 2156 3643 litin
2183 3602 2330 3639 more
2354 3583 2556 3648 saeculi,
2586 3598 2690 3635 non
2718 3579 2927 3649 legibus
2954 3572 3247 3645 Evangelii,
3272 3569 3470 3624 multas
3491 3565 3605 3621 bel-

2040 3682 2215 3735 lorum
2247 3676 2520 3730 molestias
2564 3671 2783 3743 protulit
2812 3689 2822 3723 :
2858 3666 3071 3723 Paterni
3110 3663 3315 3718 scilicet
3344 3658 3487 3713 ultor
3522 3657 3606 3711 in-

2038 3772 2253 3835 teritus,
2279 3777 2335 3824 et
2371 3777 2576 3835 strages
2606 3763 2889 3821 anhelabat
2915 3757 3213 3816 hominum,
3253 3763 3306 3805 et
3345 3750 3600 3818 frequen-

2041 3862 2173 3915 tiutr.
2227 3857 2538 3929 reportabat
2589 3851 2868 3908 manubias
2921 3848 3248 3917 rapinarum.
3314 3841 3460 3896 luter
3506 3839 3606 3894 has

2039 3953 2205 4023 igitur
2253 3947 2520 4003 homicida
2562 3944 2924 4012 deprehensus
2980 3936 3275 4007 angustias,
3326 3930 3607 4001 imperiale

2038 4021 2279 4099 decrevit
2305 4038 2455 4092 adire
2480 4034 2772 4104 fastigium,
2804 4030 2846 4084 si
2878 4028 3022 4099 quod
3049 4028 3186 4081 forte
3221 4031 3299 4076 tot
3325 4021 3606 4076 calamita-

2041 4132 2184 4187 tibus
2228 4137 2409 4200 posset
2438 4126 2675 4197 reperire
2722 4123 2994 4179 solatium.
3024 4118 3141 4185 Quo
3171 4121 3467 4185 comperto,
3507 4125 3605 4200 pa-

2043 4225 2180 4280 terni
2207 4199 2486 4292 sanguinis
2509 4218 2651 4272 ultor
2678 4213 2996 4283 insequitur,
3019 4222 3269 4277 eumque,
3297 4205 3408 4258 sive
3432 4210 3488 4256 ut
3517 4199 3609 4256 tri-

2038 4291 2327 4368 bunalium
2358 4309 2475 4379 lege
2518 4306 2872 4373 constringat,
2910 4302 3023 4355 sive
3065 4306 3121 4351 ut
3157 4303 3374 4363 repente
3415 4291 3608 4361 gladiis

1393 4390 1410 4422 ι
1445 4372 1734 4425 Catbarina
1789 4370 1936 4439 virgo

2039 4401 2326 4470 Opprimat,
2345 4370 2570 4466 impiger
2591 4370 2900 4449 comitatur.
2919 4390 2976 4443 lu
2997 4384 3307 4442 Teutonicis
3330 4394 3455 4436 vero
3477 4395 3605 4449 par-

2046 4490 2184 4544 tihus
2210 4496 2338 4541 tunc
2365 4487 2657 4556 imperator
2684 4483 2892 4550 agebat.

2115 4582 2202 4635 15.
2231 4600 2249 4631 ι
2273 4580 2405 4634 Cum
2438 4578 2617 4645 itaque
2645 4570 2939 4644 procedens
2969 4566 3226 4628 modeste,
3259 4560 3414 4632 quasi
3453 4575 3610 4615 seco»

2044 4689 2137 4728 rus
2180 4670 2473 4731 incederet,
2506 4665 2840 4733 subsequens
2869 4668 3048 4712 autem
3092 4653 3322 4707 celerius
3349 4664 3611 4721 propera-

2045 4772 2147 4829 ret,
2182 4761 2398 4817 tandem
2421 4756 2643 4827 contigit
2668 4762 2726 4808 ut
2749 4750 2963 4806 sibimet
2987 4745 3214 4802 invicem
3246 4742 3611 4813 propinquan-

2046 4826 2158 4917 tes,
2208 4852 2264 4905 in
2327 4859 2542 4903 mutuos
2586 4826 2818 4911 uterque
2861 4840 3145 4894 duceretur
3189 4841 3460 4900 aspectus.
3503 4826 3609 4881 Sel

2043 4942 2262 5004 cumis,
2310 4940 2401 5009 qui
2449 4934 2724 4993 homicidii
2770 4945 2895 4985 reus
2940 4922 3081 4990 erat,
3118 4923 3209 4977 vix
3261 4930 3490 4990 quatuor
3528 4916 3610 4968 vel

2042 5036 2282 5104 quinque
2310 5008 2568 5088 cornitum
2624 5025 2903 5083 fulciretur
2931 5017 3130 5074 auxilio
3195 5008 3461 5067 interfecti
3487 5020 3614 5059 vero

2209 5123 2423 5158 usus“...
2458 5121 2625 5158 fni-mn
2652 5105 3243 5158 ninam-atm-obseuuiis
3266 5105 3614 5154 armatorum,

2045 5128 2183 5158 (“huc
