4122 5330
502 286 597 341 7H

1590 278 1650 333 8.
1689 275 1975 335 JOANNIS
2008 277 2402 343 GUALBERTI
2440 277 2728 337 ABBATIS

3670 287 3781 342 7i!

502 403 758 459 riemann
787 394 1149 467 pt'a‘tsmlatur.
1185 393 1249 449 At
1281 393 1366 449 ille
1387 393 1499 465 jam
1533 395 1707 449 victor
1731 395 1799 448 ad
1832 408 2087 449 reveren«
2115 398 2160 458 Α
2188 392 2443 449 Crueitixi
2473 393 2699 449 historia
2726 392 2824 463 ipsi
2856 392 3103 448 evenisse
3131 408 3238 449 non
3275 392 3468 463 injuria
3501 396 3775 469 suspicor.

503 493 631 544 tiam
680 487 858 541 crucis
911 501 1071 539 manu
1132 483 1474 553 reprimendo
1523 483 1901 554 compescuit,
1939 483 2082 538 ultro

499 582 689 641 etiam,
724 592 797 634 ne
836 578 908 631 ab
947 576 1129 645 aliquo
1172 575 1447 639 feriretur,
1494 574 1751 633 inhibuit.
1802 575 2084 631 Postremo

501 678 689 740 pacem
716 670 980 741 integrann
1004 667 1228 727 faciens,
1255 668 1321 721 ad
1352 668 1611 722 honorem
1638 675 1842 722 sanctae
1861 666 2085 721 viviticae

499 760 692 816 (trucis
717 775 822 814 non
848 759 1009 815 modo
1038 759 1224 824 vitam,
1260 758 1355 813 sed
1381 767 1436 812 et
1465 767 1705 827 paternae
1743 757 1891 812 necis
1917 757 2083 811 dona-

501 853 579 905 vit
602 848 888 904 eﬂensam.

571 940 659 996 ﬂ.
697 958 717 991 ‹
738 939 847 995 Hac
872 939 1037 1011 igitur
1062 940 1259 1013 insigni
1303 949 1519 1012 peracta
1550 941 1793 1001 victoria,
1813 956 1916 1009 qua
1942 938 2084 994 scili-

500 1043 586 1089 cet
614 1046 720 1088 non
752 1043 864 1111 tam
893 1033 1137 1095 alterius,
1180 1049 1343 1103 quam
1394 1034 1501 1097 sui,
1551 1042 1627 1097 et,
1665 1043 1722 1086 ut
1768 1033 1839 1087 ita
1882 1030 2080 1094 fatear,

500 1136 608 1181 non
640 1132 748 1178 tam
783 1123 951 1180 hostis
996 1138 1157 1194 quam
1191 1122 1398 1193 proprii
1431 1123 1612 1178 cordis
1644 1124 1818 1179 victor
1855 1121 2081 1177 exstite-

501 1223 607 1282 rat;
636 1215 703 1271 ad
746 1214 909 1284 Regis
936 1213 1165 1278 curiam,
1199 1212 1325 1282 quia
1374 1228 1479 1268 non
1511 1212 1697 1283 procul
1729 1222 1868 1275 erat,
1901 1226 2083 1266 acces-

501 1306 606 1372 sit;
635 1304 730 1362 sed
759 1319 885 1360 nio:
919 1312 977 1358 ut
1009 1302 1300 1359 ecclesiam
1337 1313 1595 1358 oraturus
1639 1303 1964 1373 ingreditur,
1997 1318 2084 1358 res

499 1397 643 1455 mira
687 1397 1023 1465 nimiumque
1072 1396 1361 1464 stupenda.
1405 1394 1709 1450 Salvatoris
1739 1393 1934 1464 imago,
1963 1410 2084 1464 qua:

499 1485 561 1547 in
580 1486 753 1543 Croee
787 1487 1068 1542 videbatur
1087 1501 1366 1556 expressa,
1392 1487 1566 1541 tribus
1589 1502 1712 1541 eum
1758 1486 2082 1563 vicibusiu-

496 1581 704 1641 cii‘nato
728 1582 906 1651 capite
936 1582 1047 1638 visa
1078 1591 1163 1637 est
1203 1582 1461 1638 salutare.
1506 1579 1553 1636 Ο
1580 1597 1741 1652 quam
1784 1582 2081 1652 gloriosum

497 1674 802 1746 etinsigne
846 1674 1192 1745 prmeonium,
1222 1682 1284 1728 ut
1312 1675 1393 1729 ab
1430 1684 1655 1729 auctore
1696 1675 2084 1730 misericordiae

2189 484 2256 543 Ut
2285 493 2344 539 ut
2369 492 2474 550 est,
2516 498 2617 559 ego
2647 484 2903 540 Crucitixi
2944 500 3068 539 sese
3112 485 3422 542 inclinantis
3448 489 3775 545 miraculum

2188 573 2246 627 S.
2276 572 2469 628 Joanni
2504 573 2799 630 Gualberto
2838 574 3101 629 accidisse
3136 576 3393 631 historica
3442 577 3545 633 tide
3584 583 3771 645 credo,

2187 678 2345 736 atque
2371 668 2511 722 istud
2534 669 2589 722 in
2621 669 2842 724 dubium
2869 685 3148 731 revocare,
3181 685 3406 725 summie
3428 671 3772 741 pervicacia»,

2187 776 2253 813 ne
2281 761 2458 821 dicam
2489 762 2795 826 dementiae,
2824 778 2946 817 esse
2986 764 3259 818 existimo.
3308 764 3446 830 Quid
3488 765 3632 819 enim
3658 764 3774 821 bis-

2187 852 2356 905 toriee
2403 851 2617 907 tandem
2670 864 2878 907 certum
2927 853 3058 915 erit,
3117 854 3161 908 si
3211 854 3467 908 omnibus
3494 854 3774 909 historicis

2186 950 2351 1010 atque
2370 942 2535 995 etiam
2562 943 2967 1005 venustissimis,
3006 944 3329 1015 synehronis
3360 954 3456 999 aut
3488 945 3778 1015 submqua-
3830 928 3844 1011 ξ

2186 1030 2327 1085 libus
2376 1030 2578 1086 factum
2625 1032 2844 1103 aliquod
2891 1033 3261 1092 narrantibus.
3304 1032 3372 1088 de
3409 1047 3476 1088 eo
3522 1034 3776 1089 dubitare

2186 1119 2347 1174 liceat
2370 1120 2393 1173 ?
2422 1119 2785 1177 intolerabilis
2812 1138 2940 1176 sane
2964 1131 3048 1177 est
3077 1124 3192 1177 hinc
3219 1122 3414 1177 mentis
3442 1123 3772 1195 pertinacia,

2185 1227 2346 1280 quam
2399 1213 2620 1283 quidam
2662 1224 2835 1269 nostri
2865 1215 3123 1286 temporis
3169 1216 3480 1280 aristarchi,
3527 1230 3593 1271 ac
3630 1230 3772 1287 pra:-

2185 1305 2372 1359 sertim
2385 1304 2721 1374 heterodoxi,
2741 1307 3080 1378 prudentiam
3093 1316 3188 1362 aut
3200 1308 3561 1364 constantiam
3573 1323 3773 1367 vocare

2187 1411 2293 1447 non
2328 1397 2677 1450 erubescunt.

2258 1486 2347 1541 17.
2394 1486 2682 1542 Modernus
2730 1487 2948 1557 quidam
3006 1487 3369 1557 Legendarius
3417 1486 3624 1548 Gallus,
3674 1482 3771 1557 qui

2184 1580 2364 1635 omnia
2398 1580 2719 1639 Sanctorum
2759 1581 2894 1635 Acta
2925 1581 3090 1634 etiam
3126 1596 3222 1650 per
3252 1579 3395 1634 leves
3425 1579 3774 1651 conjecturas

2187 1670 2322 1724 solet
2346 1670 2618 1745 vellicare,
2650 1672 2792 1725 hanc
2829 1671 3020 1724 miram
3049 1669 3307 1741 imaginis
3342 1685 3462 1725 sese
3502 1669 3773 1724 inclinan-

505 1770 806 1823 mereretnr
838 1776 1151 1822 reverenter
1178 1760 1372 1837 accipi,
1407 1767 1496 1835 qui
1535 1774 1756 1836 propter
1777 1766 1894 1833 ejus
1932 1782 2080 1819 reve—
2115 1748 2159 1808 Β
2190 1759 2262 1815 tis
2288 1761 2569 1818 historiam
2601 1761 2859 1816 intactam
2898 1760 3145 1829 reliquit;
3181 1773 3396 1829 nempe,
3429 1773 3591 1829 quam
3620 1756 3771 1812 nulla

498 1860 732 1917 tentiam
758 1860 1015 1914 omiserat
1040 1859 1311 1914 vindicari
1336 1875 1351 1922 ;
1383 1860 1528 1913 etab
1554 1874 1621 1912 eo
1644 1860 1885 1927 recipere
1915 1860 2087 1911 salva-

496 1949 667 2008 tionis
716 1951 998 2014 honorem,
1044 1964 1143 2019 pro
1186 1963 1294 2018 quo
1340 1949 1500 2004 saluti
1553 1949 1879 2003 contrariam
1935 1957 2085 2016 post-

499 2042 684 2117 βοειιῆ
714 2041 994 2096 ultionem.
1028 2040 1181 2108 Quod
1224 2042 1470 2112 protinus
1503 2041 1800 2110 imperator
1834 2040 2081 2105 audiens,

500 2133 797 2192 honoriﬁca
846 2134 968 2186 eum
1011 2141 1065 2186 et
1098 2131 1416 2197 ati'ectuosa,
1460 2142 1620 2203 prout
1659 2132 1906 2197 decebat,
1955 2129 2086 2185 alia.-

497 2222 709 2283 hilit'atc
753 2224 1013 2295 suscepit,
1041 2234 1096 2279 et
1139 2225 1358 2295 copiosa
1411 2238 1698 2279 munerum
1754 2221 2085 2277 liberalitate

499 2316 747 2387 ditavita
782 2384 789 2393 .
836 2320 843 2323 “
1448 2356 1451 2359 .

573 2404 660 2460 15.
700 2404 845 2461 Fieri
891 2394 1091 2475 potest,
1125 2415 1183 2459 nt
1212 2405 1392 2461 simile
1422 2404 1743 2471 miraculum
1774 2403 1931 2458 alteri
1960 2417 2093 2473 ναι-ο,

501 2497 752 2555 ricidium
779 2482 1107 2553 condonanti
1142 2499 1451 2568 contigerit.
1484 2497 1638 2564 Quod
1669 2496 1713 2550 si
1749 2494 1942 2550 Petrus
1982 2495 2086 2550 Da-

500 2592 715 2645 miau‘us
763 2599 930 2644 totam
984 2605 1137 2643 suam
1209 2589 1578 2644 narrationem
1634 2587 1701 2641 de
1754 2586 1812 2638 S.
1875 2583 2086 2643 Joanne

497 2680 793 2740 Gualberto
825 2681 1149 2737 intellectam
1189 2680 1337 2744 velit,
1367 2686 1518 2735 certe
1540 2687 1718 2741 errat,
1744 2685 1804 2731 ut
1842 2675 1948 2730 BB.
1972 2676 2085 2731 An-

503 2787 646 2829 ureze
674 2784 724 2826 et
742 2762 970 2828 ’Attnnis
999 2774 1134 2825 Acta
1162 2771 1358 2842 legenti
1388 2768 1734 2824 manifestum
1760 2769 1872 2823 tiet.
1898 2767 2089 2837 Neque

503 2862 593 2919 hic
629 2865 818 2918 unicus
851 2872 998 2918 esset
1028 2863 1147 2930 ejus
1175 2875 1353 2923 error,
1397 2876 1520 2915 cum
1551 2860 1641 2914 ille
1679 2867 1889 2923 auctor,
1910 2874 2086 2929 quan.

502 2952 753 3009 ntmliltet
780 2965 1021 3023 sanctus,
1071 2951 1355 3021 scripserit
1392 2950 1523 3014 alia,
1554 2956 1691 3006 teste
1730 2948 2082 3015 liellarmino,

507 3041 675 3102 Libro
700 3044 766 3099 de
795 3041 1165 3113 Seriptoribus
1185 3041 1577 3097 ecclesiasticis
1606 3041 1673 3095 ad
1703 3056 1904 3096 annum
1928 3039 2087 3096 Chri-

505 3134 577 3191 sti
606 3132 743 3189 l060
768 3133 1147 3189 observatione
1190 3134 1386 3204 prima,
1414 3148 1536 3203 qua:
1569 3151 1587 3185 ι
1613 3132 1808 3189 fabulis
1853 3132 2088 3188 fortasse

499 3222 769 3280 similiora
808 3232 934 3282 sunt
972 3206 1134 3298 quam
1189 3222 1456 3281 historiae.
1489 3241 1510 3275 ο
1536 3221 1958 3281 ForsanPetrus
1985 3221 2091 3274 Da-

500 3300 742 3383 miaaus,
794 3310 1311 3397 sit-utﬁiiarrationis
1361 3312 1518 3367 initio
1576 3312 1802 3369 innuere
1846 3311 2120 3373 videtur;

507 3400 789 3477 historiam
822 3387 969 3457 hanc
993 3402 1307 3475 scripsitex
1336 3400 1542 3471 vulgari
1568 3399 1740 3465 fama,
1784 3414 1907 3468 (μω
1952 3399 2093 3455 ιιιιιΙς

506 3503 618 3548 tum
665 3486 862 3548 et'escit
908 3501 964 3548 et
1014 3501 1255 3547 mutatur
1285 3492 1483 3557 eundo,
1533 3501 1594 3546 ut
1620 3492 1936 3562 quotidiana
1984 3505 2085 3545 nos

501 3582 662 3638 docet
690 3584 1047 3654 experientia.
1079 3583 1208 3638 Inde
1230 3599 1345 3639 rem
1368 3598 1553 3639 veram
1577 3581 1699 3641 aliis
1720 3582 2086 3636 circumstatio

504 3676 597 3731 tiis
625 3678 874 3731 vestitam
907 3676 1150 3731 tradidit.
1672 3716 1675 3717 ν

576 3766 663 3823 16.
705 3768 819 3822 Non
868 3766 1151 3821 diﬂittetur
1182 3768 1409 3835 ipsemet
1453 3765 1513 3821 8.
1550 3764 1744 3818 Petrus
1785 3762 2084 3816 Damianus

499 3874 623 3916 sese
643 3860 885 3927 quzedam
905 3860 955 3911 in
971 3858 1085 3911 suis
1105 3857 1347 3911 historiis
1369 3868 1429 3913 ex
1469 3856 1701 3909 aliorum
1719 3854 2087 3923 qualicunque

500 3948 609 4006 title
635 3947 861 4003 referre.
906 3948 997 4001 Sic
1032 3947 1124 4001 lib.
1171 3948 1224 4009 1,
1263 3947 1422 4015 epist.
1455 3945 1510 4007 9,
1536 3946 1653 3998 ait:
1689 3963 1707 3995 ι
1740 3945 1849 4015 Ego
1872 3957 2089 4013 quoque

500 4039 646 4108 quod
675 4036 891 4107 scripsi,
917 4037 1224 4106 procaciter
1245 4052 1353 4091 non
1381 4035 1612 4097 aﬂirmo,
1636 4035 1750 4092 sed
1787 4044 1969 4091 utrum
1995 4050 2087 4091 ve-

500 4143 628 4186 rum
653 4137 747 4193 su,
774 4144 944 4185 necne
970 4128 1265 4199 legentium
1296 4126 1634 4197 inquisitioni
1672 4128 2085 4198 relinquendum

497 4234 624 4278 esse
649 4220 900 4276 decerno.
933 4238 952 4273 ι
993 4219 1244 4289 Ejusdem
1289 4218 1411 4275 libri
1436 4218 1598 4289 epist.
1628 4217 1714 4280 10,
1761 4218 1835 4275 ita
1884 4218 2082 4273 habet:

504 4328 528 4365 ι
556 4310 679 4367 llaec
702 4311 888 4366 eadem
911 4319 1058 4382 gesta
1081 4325 1203 4381 qua:
1225 4310 1537 4375 scribimus,
1564 4309 1692 4380 quia
1720 4310 1773 4364 in
1798 4310 2084 4365 transitum

2193 1857 2403 1912 ratione
2429 1866 2742 1923 oppugnare
2778 1858 3016 1922 poterat,
3054 1848 3270 1904 silentio
3314 1858 3407 1903 aut
3446 1858 3597 1902 certe
3640 1842 3774 1901 con-’-

2187 1956 2329 2001 torta
2356 1944 2715 2014 explicatione
2759 1941 3053 1996 obscurare
3088 1940 3315 2005 nititur;
3363 1953 3489 1992 nam
3536 1936 3625 1992 ubi
3670 1938 3773 1991 mi-

2188 2046 2317 2093 nuta
2350 2049 2575 2107 qua-que
2606 2032 2665 2089 S.
2703 2032 2926 2089 Joannis
2968 2033 3245 2088 Gualberti
3276 2041 3426 2104 gesta
3456 2039 3769 2094 enumerat,

2185 2130 2521 2202 praecipuum
2560 2129 2663 2182 hoc
2708 2126 3031 2203 miraculum
3066 2126 3212 2181 hunc
3241 2126 3427 2205 rt‘erme
3465 2124 3521 2179 in
3547 2124 3772 2179 modum

2186 2221 2391 2277 Gallice
2445 2219 2714 2274 transilit:
2751 2235 2769 2268 ι
2799 2216 3005 2273 Orabat
3032 2232 3216 2273 coram
3258 2215 3557 2283 Crucilixo,
3618 2224 3764 2268 eum-

2186 2328 2292 2381 que
2327 2309 2701 2378 contemplans
2735 2318 2915 2361 mente
2946 2306 3255 2362 revolvebat
3298 2305 3774 2378 incomprehensi-

2186 2403 2347 2459 bilem
2381 2402 2581 2457 Christi
2610 2414 2874 2464 amorem,
2897 2414 3057 2469 quem
3087 2415 3213 2471 erga
3244 2398 3774 2454 bominesostendeo

2189 2506 2275 2551 rat
2303 2504 2534 2550 mortem
2562 2494 2861 2557 subeundo,
2876 2502 2946 2546 ‘ut
2968 2507 3064 2547 eos
3084 2501 3300 2547 aeterna!
3329 2495 3489 2547 morti
3513 2491 3771 2560 eriperet.

2188 2590 2316 2645 llaec
2342 2588 2625 2643 morientis
2653 2587 2743 2642 Dei
2777 2585 3184 2657 repraesentatio
3213 2585 3415 2639 it'a'cor
3433 2582 3553 2653 ejus
3579 2581 3772 2645 movit,

2188 2692 2248 2738 ut
2277 2680 2579 2738 decreverit
2605 2682 2960 2749 imposterum
2995 2677 3067 2732 illi
3095 2678 3195 2733 soli
3223 2678 3425 2742 vivere,
3461 2677 3551 2747 qui
3584 2686 3684 2746 pro
3712 2688 3778 2729 se

2188 2774 2329 2829 mori
2363 2772 2627 2827 voluerat.
2665 2792 2683 2823 ι
2723 2770 3030 2825 Artiﬁciosa
3061 2782 3193 2823 sane
3234 2765 3612 2838 transgressio.
3663 2776 3775 2834 qua

2189 2876 2373 2939 tegere
2398 2873 2627 2919 conatur
2661 2863 2985 2934 prodigium,
3018 2861 3295 2929 quodnon
3338 2858 3513 2929 potuit
3542 2871 3649 2911 non
3699 2858 3777 2909 le-

2189 2962 2335 3033 gisse
2366 2957 2505 3028 apud
2538 2956 2780 3018 Surium,
2812 2969 2971 3023 quem
3003 2954 3069 3006 ad
3096 2951 3390 3021 marginem
3420 2951 3588 3013 'citat,
3615 2957 3670 3001 et
3704 2961 3775 3002 ex

2188 3064 2317 3120 quo,
2343 3048 2396 3102 ni
2421 3045 2601 3108 fallor,
2629 3044 2807 3099 \‘itam
2834 3040 2890 3095 S.
2914 3041 3136 3096 Joannis
3161 3038 3435 3094 Gualberti
3463 3039 3649 3093 texuit.
3676 3034 3778 3091 Mi-

2191 3157 2285 3196 ror
2315 3155 2343 3193 a
2374 3138 2492 3192 viro
2522 3136 2800 3190 Catholico
2830 3135 2963 3188 adeo
2998 3133 3218 3185 illustre
3251 3131 3578 3185 miraculum
3608 3129 3780 3184 dissi-

2190 3212 2407 3296 mulari,
2432 3228 2576 3296 quod
2615 3227 2729 3297 ipse
2759 3224 3072 3293 Rodolphns
3102 3221 3486 3292 iiuspinianns,
3518 3219 3782 3278 infensis-

2190 3324 2361 3377 simus
2425 3318 2826 3375 Catholicorum
2889 3330 2954 3369 ae
3014 3316 3313 3384 praesertim
3379 3313 3775 3370 monachomm

2189 3414 2362 3468 hostis
2402 3413 2454 3465 in
2487 3410 2664 3479 Opere
2692 3410 2757 3463 de
2788 3406 3086 3467 Mouacbis,
3120 3403 3355 3474 alioquin
3386 3402 3687 3458 erroribus
3708 3412 3774 3458 ‘et

2187 3503 2478 3559 ealutnniis
2523 3500 2721 3555 referto
2747 3498 2841 3552 lib.
2885 3513 2939 3559 v,
2974 3504 3090 3565 cap.
3116 3495 3172 3560 4,
3200 3495 3534 3565 supprimere
3557 3508 3662 3548 non
3690 3503 3778 3548 est

2186 3610 2369 3648 ausus.

2260 3683 2349 3737 18.
2383 3680 2497 3734 Non
2550 3680 2739 3748 ignoro
2779 3678 3073 3746 scriptorcs
3115 3676 3322 3743 aliquos
3349 3674 3398 3728 in
3426 3674 3613 3727 vitium
3648 3689 3775 3729 con-

2190 3776 2417 3829 trarium
2449 3773 2771 3834 incurrisse,
2825 3774 2879 3823 et
2930 3770 2980 3822 in
3025 3768 3339 3821 cxornando
3368 3767 3470 3821 hoc
3508 3767 3775 3821 mimi-uio

2188 3866 2388 3921 nimios
2417 3864 2605 3927 fuisse,
2638 3862 2778 3916 inter
2805 3874 2940 3929 quos
2968 3860 3093 3930 jure
3131 3860 3322 3913 merito
3349 3860 3625 3913 numerari
3681 3874 3771 3931 po-

2190 3966 2297 4012 test
2346 3964 2677 4011 memoratus
2722 3960 2846 4006 ante
2872 3952 3175 4006 Ludovicus
3216 3950 3533 4016 Zaeconius,
3582 3950 3675 4021 qui
3717 3952 3772 4004 in

2174 4045 2521 4118 ‘Compendio
2545 4044 2785 4101 omnium
2804 4043 3128 4097 Sanctorum
3145 4056 3307 4110 supra
3332 4042 3500 4096 citato
3522 4041 3642 4095 sine
3662 4040 3774 4096 ullo

2185 4149 2432 4194 veterum
2463 4134 2773 4192 testimonio
2803 4132 3131 4202 colloquium
3162 4133 3302 4186 inter
3334 4130 3668 4187 Crucinxum
3713 4139 3774 4186 et

2190 4228 2248 4283 S.
2276 4226 2538 4282 Joannem
2563 4223 2915 4280 Gualbertmn
2948 4236 3015 4276 ex
3055 4236 3175 4287 suo,
3212 4228 3272 4275 ut
3297 4222 3511 4290 opinor,
3540 4224 3771 4276 cerebro

2187 4312 2364 4374 ﬁnxit.
2414 4315 2540 4371 Haac
2581 4323 2760 4370 tamen
2793 4314 3160 4369 additamenta
3199 4311 3443 4367 miraculi
3478 4313 3767 4366 veritatem

499 4403 692 4458 audire
718 4419 819 4457 nos
849 4401 1097 4471 contigit,
1126 4414 1307 4456 utrum
1353 4398 1674 4456 inoli'ensam
1713 4400 1839 4455 tidei
1882 4400 2083 4455 lineam
2112 4431 2163 4492 υ
2188 4422 2296 4463 non
2342 4414 2564 4478 negant,
2608 4407 2703 4459 sed
2744 4403 2923 4474 potius
2968 4403 3325 4467 continuant,
3377 4402 3627 4472 quamvis
3672 4416 3772 4471 per

502 4505 748 4558 teneant,
780 4504 988 4550 certum
1014 4509 1111 4563 per
1131 4494 1315 4549 omnia
1352 4510 1460 4548 non
1492 4494 1775 4549 habemus.
1806 4511 1825 4545 ι
1859 4490 1985 4547 Lib;
2025 4492 2082 4558 Ω,

501 4586 663 4655 epist.
702 4586 786 4650 14,
814 4587 879 4639 ad
909 4586 1244 4640 Desiderium
1276 4586 1528 4641 abbatem
1551 4585 1922 4647 Casineusem,
1965 4595 2087 4654 post

503 4685 722 4730 narrata
750 4677 896 4730 varia
921 4676 1203 4741 miracula,
1231 4678 1311 4731 sic
1337 4677 1611 4732 concludit
1637 4695 1652 4731 :
1686 4695 1707 4727 ι
1731 4676 1855 4731 llaec
1874 4678 2081 4743 omnia,

506 4768 833 4823 venerabilis
862 4767 1048 4831 Pater,
1080 4783 1186 4822 non
1214 4769 1332 4823 sine
1360 4784 1556 4839 magno
1600 4769 1795 4824 timore
1822 4769 2085 4824 describi-

506 4875 646 4919 mus,
681 4876 748 4915 ne
775 4859 854 4915 vel
884 4875 980 4930 per
1006 4860 1332 4916 oblivionem
1360 4862 1635 4931 propriam
1666 4862 1751 4915 vel
1778 4877 1875 4932 per
1905 4862 2085 4916 intidze

504 4948 786 5007 relationis
835 4953 1116 5008 audaciam
1150 4969 1179 5007 a
1219 4953 1462 5007 veritatis
1504 4954 1643 5008 linea
1689 4953 2085 5021 quantumlibet

504 5041 858 5099 declinemus.
890 5062 909 5097 ο
952 5045 1195 5114 Denique
1228 5043 1294 5099 ad
1336 5044 1586 5099 eumdem
1624 5044 1962 5099 Desiderium
2005 5043 2085 5097 sic

1126 5134 1235 5166 εκ.

503 5133 693 5166 anu-"ﬁ!
726 5133 797 5166 ΙέΙι
851 5134 884 5166 ο
937 5135 1075 5166 ιιι-ἀει
1126 5134 1235 5166 IK.
1285 5152 1303 5166 ο
1334 5133 1458 5166 "mn
1478 5148 1576 5166 Ann
1627 5133 1951 5166 ἠοησιοι-ηινιὶκο
1986 5131 2056 5166 οη

2190 4500 2521 4574 hyperbolen
2561 4497 2797 4553 maxime
2844 4496 3365 4567 reprehendemlam.
3409 4494 3518 4550 Nos
3556 4505 3773 4549 utrum-

2186 4609 2292 4663 que
2322 4591 2599 4663 scopulum
2627 4589 2985 4653 declinantes,
3026 4601 3125 4642 nec
3154 4587 3350 4659 angere
3378 4602 3513 4651 rem,
3549 4590 3650 4641 nec
3692 4588 3771 4640 di-

2186 4687 2434 4740 minuere
2481 4682 2766 4746 volumus;
2820 4680 2913 4735 sed
2961 4694 3021 4734 ea
3071 4681 3361 4743 credimus,
3393 4697 3512 4751 qua!
3560 4680 3626 4734 de
3666 4679 3771 4735 hoc

2186 4774 2451 4831 miraculo
2481 4773 2602 4838 viri,
2631 4781 2742 4825 tmn
2774 4771 3102 4840 antiquitate
3133 4777 3244 4833 tum
3289 4773 3577 4825 sanctitate
3617 4786 3771 4826 com—

2186 4865 2498 4928 mendandi,
2536 4864 2770 4933 posteris
2809 4861 3162 4932 reliquerunt.
3208 4862 3266 4916 Β.
3304 4863 3550 4918 Andreas
3592 4863 3769 4918 abbas

2186 4954 2541 5018 Strumensis,
2589 4952 2733 5006 etB.
2796 4953 2924 5006 Atto
2972 4952 3141 5007 abbas
3183 4951 3664 5008 Vallumbrosanus
3701 4969 3769 5009 ae

2183 5053 2369 5116 postea
2403 5043 2689 5111 episcopus
2702 5040 3050 5095 Pistoriensis
3076 5042 3213 5095 hanc
3235 5042 3613 5098 miraculosam
3634 5044 3770 5096 tiru-

3232 5130 3466 5160 ‘.!-!..12-

3497 5144 3740 5158 -ιιΑ-.Α..Ιη

2188 5136 2331 5164 Λῖηυῖ
2368 5133 2595 5164 Αωηῖηηι
2639 5149 2735 5162 ιιι-Λ
2769 5142 3015 5162 lamna-us
3053 5133 3103 5160 ἶ..
3141 5131 3176 5160 Q
