4122 5330
561 372 668 434 715

1641 367 1698 424 8.
1734 366 2015 424 JOANtVlS
2052 362 2446 425 GUALBERTI
2484 363 2770 424 ABBATIS

3718 371 3832 428 116

612 480 724 546 ‘24.
763 488 1008 546 Andreas
1051 486 1119 542 de
1157 483 1215 540 S.
1252 483 1541 539 Ambrosio
1577 485 1874 539 monachus
1911 483 2139 539 Benedi-
2169 490 2215 546 Α
2243 483 2402 538 editae
2435 497 2628 537 nomen
2667 482 2906 538 auctoris
2941 480 3179 540 defuisse
3211 482 3410 539 fatetur
3450 482 3640 538 Surius
3667 483 3827 540 Actis

561 583 760 646 ctinus,
795 579 951 649 vulgo
992 578 1170 632 dictus
1203 576 1447 630 Andreas
1473 574 1782 638 Januensis,
1807 590 1949 630 anno
1977 575 2138 637 1419,

557 681 629 744 ιιι,
665 660 894 738 ipsemet
937 666 988 719 iu
1026 665 1290 734 promunio
1335 665 1559 726 indicat.
1600 680 1668 718 ex
1709 665 1946 732 antiquis
1988 665 2138 719 Actis

559 743 772 828 collegit
800 756 968 809 vitam
1011 754 1070 836 ει,
1111 753 1337 809 Joannis
1374 744 1678 820 Gualberti,
1715 743 1963 824 eamque,
1993 758 2136 823 quod

559 850 770 919 priores
800 845 932 899 Vita:
972 846 1264 914 scriptores
1305 845 1783 916 praetermiserunt,
1815 847 2138 915 quibusdam

556 935 970 1005 Chronologicis
991 936 1156 999 notis,
1173 951 1235 990 ac
1257 935 1640 1005 prolixioribus
1660 937 1945 1005 phrasibus
1966 938 2136 991 auxit.

555 1030 714 1086 Hunc
737 1029 1008 1085 Andream
1030 1028 1354 1085 Januensem
1383 1045 1666 1101 perperam
1690 1046 1810 1085 eum
1839 1031 1896 1084 Β.
1919 1030 2138 1083 Andrea

556 1122 866 1190 Strumensi
906 1122 1099 1176 abbate
1136 1119 1380 1177 confudit
1415 1121 1756 1175 Mabillonius
1794 1122 1845 1176 in
1878 1120 2136 1174 observa-

555 1213 795 1270 tionibus
827 1212 1042 1282 przeviis
1087 1210 1152 1266 ad
1182 1211 1346 1266 vitam
1379 1212 1436 1267 S.
1473 1211 1702 1267 Joannis
1729 1211 2006 1288 Gualberti
2036 1226 2136 1266 sa:-

557 1305 680 1360 culo
717 1321 767 1359 vt
804 1303 1178 1367 Benedictino,
1208 1312 1350 1372 part.
1383 1304 1438 1366 '2,
1476 1319 1596 1373 pag.
1627 1302 1750 1366 266,
1789 1303 1862 1356 ita
1898 1289 2090 1356 notans
2119 1319 2132 1356 :

561 1417 579 1445 ι
616 1397 776 1461 illic,»
796 1409 987 1462 nempe
1010 1395 1062 1448 in
1092 1393 1241 1448 Valle
1271 1392 1556 1456 Umbrosa,
1590 1411 1607 1444 ι
1633 1393 1812 1448 sedem
1835 1407 1986 1446 suam
2019 1390 2136 1444 fixit

555 1485 797 1542 Joannes
820 1483 1162 1547 Gualbertus,
1192 1482 1344 1553 cujus
1372 1476 1458 1537 res
1488 1491 1670 1553 gestas
1699 1482 1907 1552 primus
1937 1481 2134 1536 litteris

556 1575 833 1629 mandavit
853 1574 1098 1628 Andreas
1117 1571 1424 1636 Janueusis,
1450 1573 1604 1642 cujus
1628 1571 1974 1641 scriptionem
2001 1585 2135 1633 nan-

557 1667 690 1722 cisci
739 1666 891 1721 nobis
933 1665 1074 1720 haud
1123 1665 1292 1718 licuit.
1325 1683 1343 1717 ι
1395 1663 1625 1719 Crassus
1661 1665 1938 1718 enimvero
1973 1676 2134 1734 error

554 1773 679 1810 cum
719 1773 856 1811 unus
897 1755 1092 1811 smeulo
1139 1772 1216 1816 χι,
1250 1754 1388 1809 alter
1423 1771 1490 1807 xv
1521 1753 1817 1822 scripserit.
1859 1751 1913 1807 Si
1956 1765 2132 1822 Operae

2245 574 2610 632 Gualbertiuis
2654 575 2795 630 hunc
2836 575 3049 630 titulum
3095 585 3253 632 caute
3283 577 3604 650 przniigens:
3647 594 3667 627 ι
3695 577 3824 633 V-ita

2245 663 2302 722 S.
2321 663 2554 742 Joannis
2583 664 2864 720 Gualberti
2894 651 3116 740 auctore
3145 667 3220 739 (ni
3249 665 3432 738 .l'allor)
3462 667 3639 736 Blasio
3669 667 3825 736 λωι-

2245 753 2395 833 nesio
2441 752 2690 831 Generali
2737 753 2954 811 Ordinis
3009 753 3489 817 Vallis-Umbrosre
3517 756 3643 825 :--ls
3670 757 3826 818 enim

2242 847 2460 924 scripsit
2484 847 2642 917 hujus
2675 847 2822 905 beati
2864 848 2974 903 Viri
2998 849 3161 920 vitam
3181 865 3197 916 ;
3221 850 3335 915 -_sed
3366 851 3542 910 codex
3572 849 3674 905 Ms.
3701 851 3826 917 eius

2241 952 2432 990 nomen
2469 954 2572 996 non
2602 937 2856 1009 habebat.
2887 958 2906 991 ι
2942 930 3136 996 Nostra
3167 940 3611 1008 paruminteresl,
3631 942 3820 1011 cujus-

2239 1044 2454 1098 cunque
2476 1030 2546 1084 sit
2600 1028 2717 1085 hate
2744 1029 2882 1097 vita,
2918 1045 3040 1092 cum
3071 1041 3219 1086 certe.
3257 1031 3560 1099 antiquiora
3587 1032 3720 1088 Acta
3735 1028 3838 1087 -si-'

2239 1134 2360 1183 mus
2387 1120 2607 1188 edituri.
3013 1181 3015 1184 ,
3254 1158 3256 1160 -
3460 1173 3462 1176 .
3507 1187 3509 1189 ι

2309 1207 2400 1271 27.
2417 1208 3008 1267 EudoxiusLocatellus
3024 1209 3502 1270 ann01582saneti
3525 1209 3705 1278 Patris
3729 1211 3818 1265 sui

2237 1307 2386 1370 gesta
2409 1309 2464 1354 et
2486 1300 2740 1356 miracula
2764 1302 2937 1370 primo
2963 1301 3140 1370 operis
3163 1303 3245 1360 sui
3279 1302 3617 1366 libra-italiee
3651 1303 3798 1357 edito

2237 1390 2300 1443 ad
2333 1400 2578 1458 posteros
2602 1392 2919 1448 transmisit.
2955 1391 3083 1446 Post
3109 1392 3367 1462 plurimos
3405 1393 3665 1463 alios,qui
3699 1402 3816 1446 tum

2236 1479 2407 1536 soluta
2439 1491 2549 1538 tum
2580 1481 2743 1551 ligata
2767 1483 3012 1538 oratione
3037 1483 3099 1535 ὃ.
3126 1480 3350 1548 Joannis
3370 1482 3650 1538 Gualberti
3675 1484 3811 1536 Acta

2235 1580 2589 1646 exornarunt,
2615 1573 2855 1643 omnium
2876 1564 3246 1644 copiosissime
3259 1574 3492 1637 Didaeus
3511 1574 3816 1634 Francltitts

2235 1665 2514 1719 duodecim
2541 1665 2719 1730 libris,
2747 1666 3036 1721 Florentiae
3077 1683 3224 1725 anno
3255 1668 3390 1724 1640
3419 1669 3600 1746 Italica
3628 1669 3809 1740 lingua

2240 1757 2543 1827 impressis,
2569 1759 2814 1814 eamdem
2847 1759 3128 1822 historiam
3154 1759 3468 1828 complexus
3485 1771 3584 1821 est,
3612 1773 3678 1817 ac
3698 1762 3816 1830 plu-

555 1850 788 1916 pretiutu
815 1849 972 1913 foret,
996 1864 1236 1904 errorem
1267 1848 1410 1901 hunc
1441 1845 1588 1900 clare
1617 1845 1992 1901 demonstrare
2014 1859 2139 1915 pos-
2169 1822 2210 1880 Β
2243 1848 2395 1902 rimis
2419 1849 2562 1902 notis
2591 1848 2896 1904 illustravit.
2928 1851 3168 1920 Denique
3187 1851 3504 1906 “Vincentius
3533 1851 3732 1906 Simius
3757 1853 3812 1909 in
3908 1893 3910 1896 τ

560 1955 742 1994 scmus
783 1955 849 1994 ex
899 1940 1015 2008 ipso
1053 1938 1284 1994 Andreae
1322 1935 1610 1990 Januensis
1649 1935 1940 2005 ecgrapho,
1993 1933 2136 1999 quod

557 2030 626 2084 ll.
667 2028 991 2085 Franciseus
1021 2029 1153 2082 Redi
1188 2026 1480 2096 Maioribus
1509 2025 1708 2080 nostris
1739 2041 1804 2079 ex
1837 2023 1933 2078 Ms.
1976 2023 2139 2092 Ripo-

559 2120 699 2174 lensi
723 2117 1130 2174 describendum
1151 2115 1537 2172 humanissime
1557 2115 1791 2180 curavit,
1815 2114 2063 2184 quodque
2085 2115 2136 2168 in

554 2209 753 2263 Musaeo
789 2217 972 2263 nostro
1003 2209 1298 2262 etiamnum
1332 2205 1517 2260 sedulo
1550 2220 1860 2266 servamus,
1891 2203 2137 2272 quamvis

557 2299 648 2352 hic
672 2313 776 2352 non
800 2299 1084 2362 edendum,
1111 2312 1178 2350 ne
1203 2305 1308 2350 tam
1337 2295 1502 2349 multa
1528 2293 1584 2348 S.
1609 2293 1833 2348 Joannis
1856 2293 2134 2348 Gualberti

560 2389 697 2444 Acta
745 2388 999 2443 lectorem
1047 2387 1204 2442 taedio
1248 2386 1510 2452 alliciant,
1553 2395 1605 2442 et
1651 2386 1939 2440 maximam
1978 2385 2138 2454 hujus

555 2482 687 2536 tomi
720 2491 924 2551 partem
955 2492 1242 2551 occupent.
1831 2547 1834 2550 j

639 2573 727 2626 25.
744 2570 800 2626 S.
818 2571 1119 2626 Antoninus
1140 2570 1577 2640 archiepiscopus
1599 2569 1964 2635 Florentinus,
1981 2576 2134 2639 parte

556 2663 595 2716 2
631 2662 1012 2727 Historiarum,
1057 2662 1136 2715 tit.
1177 2661 1263 2726 15,
1317 2677 1437 2730 cap.
1476 2663 1558 2724 17,
1594 2662 1774 2716 Vitam
1817 2659 1873 2714 S.
1912 2658 2136 2714 Joannis

557 2753 838 2808 Gualberti
886 2755 1072 2808 eodem
1129 2751 1328 2807 smculo
1386 2751 1819 2820 compendiosius
1869 2749 2132 2804 exaravit.

554 2844 1320 2915 llieronymus,Radiolensis,
1343 2845 1458 2913 qui,
1486 2853 1619 2899 teste
1640 2843 1930 2908 Franchio,
1955 2843 2136 2898 ﬂoruit

563 2950 708 2989 anno
740 2935 897 2999 1480,
944 2936 1107 2990 vitam
1138 2935 1206 2990 ab
1233 2935 1446 2990 Andrea
1483 2935 1734 2991 Januensi
1767 2933 1957 2990 Latine
1993 2935 2133 2990 scri-

557 3031 731 3093 ptam,
782 3025 832 3078 itt
879 3026 1115 3096 linguam
1154 3017 1393 3081 Italicam
1445 3027 1738 3082 transtulit.
1787 3026 1940 3082 Circa
1989 3028 2131 3082 idem

558 3122 790 3182 tempus,
807 3123 899 3167 aut
917 3115 1072 3183 paulo
1093 3115 1254 3169 etiam
1269 3124 1415 3182 ante,
1431 3116 1635 3171 Xantes
1655 3116 1950 3171 Perusinus
1967 3117 2133 3171 abbas

557 3199 946 3258 Marrathensis
984 3203 1036 3256 in
1075 3206 1457 3274 componendis
1485 3205 1722 3274 ejusdem
1759 3205 1942 3261 Sancti
1981 3208 2130 3262 Actis

556 3290 788 3346 cultiore
815 3292 1082 3346 scribendi
1110 3307 1306 3362 genere
1356 3309 1484 3348 usus
1507 3303 1610 3356 est,
1637 3295 1889 3366 deditque
1910 3311 2128 3365 operam

555 3391 616 3432 ut
639 3381 811 3436 sancti
839 3381 1017 3436 Patris
1043 3383 1123 3438 sui
1149 3382 1313 3436 vitam
1346 3385 1620 3440 rhetorico
1650 3385 1788 3455 stylo
1816 3395 2124 3441 exornaret.

553 3473 827 3526 Habemus
854 3473 940 3527 hic
967 3473 1262 3528 doctissimi
1291 3474 1448 3544 hujus
1475 3475 1752 3545 scriptoris
1775 3478 2125 3547 ecgraphum,

547 3563 692 3630 quod
724 3577 1004 3632 acceptum
1032 3563 1316 3620 referimus
1343 3565 1622 3620 industria:
1647 3575 1701 3620 et
1729 3565 1897 3621 labori
1926 3568 1985 3620 D.
2013 3568 2126 3620 Att-

547 3653 668 3706 relii
701 3652 905 3719 Casari,
935 3653 1026 3723 qui
1070 3655 1196 3708 illud
1227 3656 1441 3725 propria
1474 3672 1634 3709 manu
1671 3656 1898 3713 ﬁdeliter
1931 3659 2127 3715 descri-

553 3744 682 3812 psit.
713 3742 1014 3798 Tltadtlmtts
1041 3745 1304 3809 Adimari,
1331 3745 1523 3799 Xantis
1544 3745 1788 3800 Perusini
1819 3763 2123 3816 successor,

545 3831 608 3884 S.
633 3831 856 3887 Joannis
879 3832 1155 3888 Gualberti
1185 3834 1346 3888 vitam
1373 3835 1581 3904 vulgari
1609 3837 1786 3906 lingua
1813 3837 2126 3906 imprimen-

546 3921 672 3974 dam
709 3921 920 3974 curavit
959 3920 1197 3975 Venetiis
1226 3938 1367 3978 anno
1397 3924 1532 3978 1510
1560 3925 1698 3995 apud
1728 3924 2122 3981 Lucantonium

543 4009 610 4064 Di
641 4011 836 4064 Giunta
866 4009 1260 4066 Florentinum.

616 4101 706 4155 26.
749 4099 1071 4156 Laurentius
1108 4101 1302 4157 Surius
1342 4103 1408 4159 ad
1451 4104 1590 4160 diem
1631 4121 1707 4159 xtt
1753 4104 1878 4161 Julii
1917 4115 2124 4162 mutato

544 4194 688 4264 slylo
716 4195 961 4250 eamdem
987 4196 1152 4250 vitam
1182 4197 1371 4252 edidit.
1402 4198 1598 4252 Verum
1641 4199 1759 4268 quis
1789 4199 1931 4254 illius
1962 4199 2122 4254 fuerit

544 4291 758 4347 auctor,
782 4283 1038 4339 nonnulla
1058 4293 1142 4339 est
1172 4285 1312 4341 inter
1334 4288 1576 4342 eruditos
1601 4290 1991 4344 controversia.
2016 4293 2120 4344 Att-

542 4372 728 4426 tonius
755 4372 1077 4429 Possevinus
1113 4385 1301 4430 noster
1331 4377 1383 4430 io
1415 4377 1686 4446 Apparatu
1715 4394 1872 4434 sacro
1911 4389 2044 4434 tom.
2076 4381 2116 4445 Ι,

549 4461 620 4513 ad
650 4461 884 4515 litteram
917 4462 978 4527 F,
1009 4479 1130 4533 pag.
1162 4463 1283 4528 662,
1317 4465 1449 4518 nihil
1490 4467 1745 4521 haesitans
1774 4467 1852 4522 sic
1883 4483 2120 4537 pronun-
2151 4491 2196 4549 ο

548 4551 688 4604 tiat:
723 4571 741 4604 ‹
775 4551 1006 4609 Jacobus
1049 4555 1341 4610 Fornerius
1387 4558 1502 4611 sive
1551 4557 1780 4612 Furnius
1825 4559 2122 4614 Tolosanns

549 4643 684 4698 0rd.
716 4645 1112 4711 Cistercxensis,
1159 4646 1249 4716 qui
1293 4648 1611 4703 Benedictus
1642 4648 1684 4702 Χ
1730 4649 1918 4720 (vulgo
1956 4665 2120 4706 voca-

543 4744 640 4789 tur
670 4735 782 4806 XII)
827 4735 984 4804 hujus
1010 4737 1243 4792 nominis
1272 4753 1515 4793 summus
1543 4738 1792 4794 Pontilex
1833 4737 1958 4805 fuit,
1987 4741 2122 4795 scri-

539 4826 654 4898 psit
684 4826 848 4879 vitam
890 4827 946 4880 S.
979 4824 1134 4880 Joan.
1175 4826 1475 4893 Gualberti,
1508 4843 1626 4897 qua:
1662 4838 1812 4882 extat
1851 4829 1990 4898 apud
2021 4828 2119 4882 Su-

545 4916 692 4972 J‘ium
719 4925 848 4970 tom.
878 4914 944 4969 IV
974 4917 1042 4971 ad
1073 4916 1212 4971 diem
1247 4918 1448 4972 mensis
1479 4917 1604 4973 Julii
1635 4935 1733 4972 xu.
1761 4937 1780 4970 ι
1811 4917 1961 4972 Hanc
1991 4917 2120 4973 Pos-

542 5010 722 5066 sevini
759 5009 1113 5065 assertionem
1142 5009 1358 5064 dubiam
1395 5011 1572 5067 reddit
1601 5009 1872 5066 tiaran-dus
1901 5009 2118 5064 Vossius

2222 1937 2496 2009 _Catalogo
2523 1938 2844 1997 Sanetorum
2885 1950 2938 1996 et
2967 1941 3207 1996 virorum
3255 1942 3541 2000 illustrium
3573 1943 3812 2014 Congre-

2237 2027 2476 2095 gationis
2523 2027 3033 2096 Vallis-Umbrosaa,
3077 2045 3218 2085 anno
3259 2031 3398 2086 1695
3438 2031 3620 2092 Romae
3669 2033 3814 2102 ty-pis

2239 2116 2562 2193 vulgato,ad
2595 2118 2828 2174 litteram
2857 2119 3036 2190 l,pag.
3070 2119 3190 2186 157,
3219 2121 3380 2175 breve
3403 2121 3524 2176 vita:
3552 2121 3814 2176 Gualber—

2241 2205 2366 2260 tinze
2392 2208 2770 2277 compendium
2805 2209 3043 2264 tradidit.
3078 2208 3142 2263 ln.
3171 2223 3242 2264 eo-
3269 2207 3427 2278 juxta
3467 2226 3811 2276 communem

2240 2294 2807 2375 Vallumbrosanorum
2870 2299 3194 2370 scriptorum
3249 2301 3574 2366 sententiam
3633 2311 3812 2366 tenet,

2237 2396 2486 2444 sanctum
2514 2387 2729 2450 Patrem
2758 2405 2914 2444 suum
2937 2399 3124 2448 natum
3150 2405 3270 2446 esse
3293 2406 3435 2446 anno
3461 2392 3658 2446 Christi
3682 2392 3811 2456 985,

2237 2492 2300 2531 ac
2330 2477 2643 2546 pervenisse
2670 2478 2737 2532 ad
2758 2485 2970 2534 aetatem
2999 2479 3068 2533 88
3091 2493 3376 2543 annorum,
3410 2479 3652 2549 adeoque
3677 2496 3810 2534 com

2238 2575 2529 2637 sequenter
2573 2567 2777 2622 dixisse
2815 2567 3090 2622 debuisset
3134 2583 3254 2621 eum
3289 2569 3650 2638 receptissima
3688 2570 3813 2639 opi-

2237 2660 2418 2735 nione,
2462 2675 2583 2714 cum
2611 2669 2884 2716 mortuum
2913 2676 3034 2716 esse
3061 2676 3205 2714 anno
3247 2659 3403 2715 1073.
3435 2661 3600 2729 Miror
3627 2663 3814 2730 itaque

2236 2765 2434 2803 annum
2465 2750 2600 2804 1075
2624 2751 2692 2805 ab
2717 2766 2782 2806 eo
2805 2751 2963 2820 poni;
2987 2750 3088 2803 nisi
3115 2748 3254 2806 forte
3277 2751 3344 2805 sit
3361 2764 3524 2814 error
3555 2761 3824 2822 typogra-;

2233 2843 2448 2914 plticus,
2479 2858 2638 2914 quem
2682 2843 2912 2898 libenter
2953 2843 3282 2911 ignoscimus
3320 2861 3334 2896 :
3376 2859 3499 2896 nam
3539 2844 3678 2899 hanc
3715 2859 3808 2898 er-

2235 2933 2388 2986 randi
2423 2933 2632 2987 veniam
2662 2933 3001 3002 petimusque
3023 2932 3320 3002 damuSque
3349 2933 3606 2992 vicissim.

2303 3021 2390 3077 28.
2430 3022 2507 3076 Ex
2534 3022 2867 3092 enumeratis
2893 3023 3274 3091 scriptoribus,
3305 3038 3441 3092 quos
3475 3023 3589 3095 iere
3613 3037 3811 3078 omnes

2235 3116 2348 3170 sive
2385 3116 2780 3186 manuscriptos
2822 3116 2935 3170 sive
2973 3116 3260 3184 impressus
3299 3117 3350 3168 in
3386 3115 3582 3169 Musazo
3620 3124 3808 3168 nostro

2235 3218 2536 3270 servamus,
2571 3215 2778 3260 tantum
2815 3206 3025 3275 priores
3054 3206 3210 3271 duos,
3250 3214 3432 3275 utpote
3461 3205 3526 3275 ab
3569 3205 3809 3272 antiqui-

2234 3305 2344 3352 tate
2385 3298 2618 3352 maxime
2653 3298 3124 3359 commeu-landos,
3175 3297 3264 3351 hic
3293 3299 3450 3350 edere
3489 3296 3658 3350 visum
3688 3307 3808 3359 est;

2230 3401 2294 3439 ac
2318 3385 2493 3456 primo
2522 3385 2736 3453 quidem
2765 3385 2882 3459 loco
2911 3386 3042 3440 Acta
3070 3385 3125 3447 Β.
3156 3385 3387 3442 Andreae,-
3409 3385 3617 3453 abbatis
3642 3383 3820 3438 Stru~'

2229 3475 2451 3539 mensis,
2479 3490 2598 3544 qua:
2625 3475 2783 3530 nobis
2809 3490 2874 3528 eo
2899 3485 3022 3528 sunt
3049 3475 3284 3539 cariora,
3320 3489 3426 3543 quo
3461 3474 3660 3528 diutius
3691 3473 3806 3526 fuc-

2228 3575 2356 3620 ruut
2400 3565 2452 3619 in
2485 3565 2710 3620 latebris
2749 3565 3046 3640 perquisita
3076 3580 3139 3619 ac
3160 3565 3397 3638 tandem
3429 3564 3702 3633 diligentia
3738 3563 3802 3616 υ.

2227 3655 2432 3710 Aurelii
2481 3655 2666 3710 Casari
2721 3656 2969 3717 detecta,
3023 3665 3081 3710 ut
3118 3665 3265 3725 patet
3312 3671 3378 3714 ex
3423 3656 3538 3725 ejus
3575 3653 3802 3724 cpistola

2227 3761 2370 3799 anno
2399 3744 2528 3821 1691
2557 3745 2623 3798 ad
2648 3744 3080 3815 Papebrochium
3111 3746 3255 3810 data,
3291 3743 3446 3811 cujus
3473 3754 3679 3813 partem
3714 3742 3800 3795 hie

2224 3837 2515 3906 prtemitto,
2557 3845 2615 3891 ιιι
2654 3837 2720 3893 de
2763 3837 2910 3892 beati
2957 3837 3238 3910 scriptoris
3277 3837 3601 3893 auctoritate
3629 3844 3682 3889 et
3713 3851 3801 3888 ec-

2225 3928 2415 3998 graphi
2441 3927 2755 3983 sinceritate
2782 3937 3011 3982 constet.
3039 3927 3130 3981 Sic
3158 3927 3322 3999 igitur
3341 3937 3465 3996 post
3489 3925 3800 3993 religiosam

2224 4029 2280 4077 et
2305 4021 2532 4076 amicam
2562 4022 2941 4077 salutationem
2970 4021 3179 4076 scribit.
3211 4040 3228 4072 ι
3257 4019 3672 4083 Perdideramus
3699 4034 3804 4072 nos

2225 4111 2661 4166 Vallumbrosani
2706 4115 3015 4166 sanctorum
3056 4111 3450 4178 beatorumque
3486 4117 3799 4164 nostrorum

2225 4200 2385 4271 digna
2438 4201 2791 4261 veneratione
2847 4199 3104 4255 colendas
3159 4199 3481 4273 memorias;
3529 4198 3802 4268 pra-cipue

2224 4299 2404 4345 autem
2433 4291 2762 4346 sanctissimi
2793 4288 2970 4344 Patris
3001 4289 3174 4344 nostri
3213 4288 3538 4358 ittstitutoris
3572 4285 3799 4340 Joannis

2223 4377 2497 4433 Gualberti
2523 4363 2724 4444 Vitam,
2752 4393 2916 4448 quam
2943 4377 3214 4432 luculento
3237 4392 3489 4433 sermone
3513 4376 3800 4444 descripsit

2222 4467 2412 4522 beatus
2440 4467 2500 4521 P.
2533 4467 2600 4521 Ν.
2629 4467 2875 4522 Andreas
2900 4467 3066 4521 abbas
3099 4466 3454 4530 Strumcnsis,
3489 4465 3662 4541 sancti
3695 4465 3792 4518 Pu-

2229 4557 2328 4612 tris
2353 4558 2671 4627 discipulus,
2704 4572 2771 4612 ex
2811 4572 2919 4627 qua
2957 4571 3149 4628 magna
3178 4571 3244 4611 ex
3275 4566 3432 4626 parte
3461 4572 3612 4611 suam
3646 4572 3781 4610 com-

2223 4648 2405 4719 posuit
2428 4648 2486 4703 S.
2510 4648 2570 4702 P.
2596 4647 2659 4701 N.
2683 4649 2853 4703 Attho
2874 4647 3223 4703 Pistoriensis
3243 4649 3544 4717 episcopus.
3571 4647 3675 4702 Sed
3703 4647 3798 4700 Dei

2224 4738 2398 4808 gratia
2443 4737 2588 4791 illam
2620 4753 2722 4808 ego
2761 4738 2902 4792 inter
2930 4737 3096 4791 libros
3136 4746 3190 4790 et
3229 4736 3356 4791 Mss.
3399 4736 3530 4791 Rev.
3568 4736 3799 4791 Abbatis

2224 4825 2493 4890 Petracci,
2525 4824 2637 4892 jam
2683 4827 2735 4880 in
2775 4826 2915 4881 coelo
2957 4825 3036 4879 uti
3073 4825 3158 4896 pie
3198 4840 3480 4895 speramus
3520 4825 3796 4894 recepti...

2223 4914 2426 4981 inveni,
2453 4913 2606 4982 cujus
2627 4916 2842 4984 quidem
2867 4915 3161 4971 venerandi
3186 4917 3387 4971 codicis
3416 4915 3796 4984 antiquitatem

2220 5006 2306 5058 vel
2350 5005 2524 5075 ipsum
2567 5007 2896 5060 erubescens
2936 5007 3022 5063 vel
3062 5007 3243 5078 potius
3284 5007 3590 5079 pallesceus
3632 5017 3796 5060 attra-
