4122 5330
276 385 363 439 ’ΣΠ

1791 372 1993 430 ACTA.

3423 373 3527 429 7η

280 519 295 550 ι
315 511 406 553 ous
435 496 488 551 in
521 493 674 557 locis,
711 493 800 547 ubi
825 491 1006 562 aliqua
1035 488 1321 561 praesentis
1344 487 1649 560 perantiqui
1675 487 1838 544 libelli
1872 497 1920 553 Α
1949 489 2000 541 in
2028 484 2278 556 pratsenti
2309 485 2676 558 exscriptione
2697 486 2782 542 his
2807 486 2975 559 signis
3003 506 3019 538 ι
3051 486 3350 556 obsignavi.
3373 489 3526 548 Folia

282 606 298 638 ι
320 586 438 641 folia
467 580 1151 650 desiderabantur,posita.
1179 598 1197 632 ι
1226 578 1462 643 Scriptio
1486 579 1846 649 supplementi

278 677 398 734 mihi
441 675 840 732 semimoderna
868 674 1115 738 videtur;
1167 671 1257 726 illa
1292 687 1424 726 vero
1466 674 1669 727 codicis
1710 671 1850 734 anti-

279 768 551 840 quissima,
577 777 632 822 et
655 775 778 820 ante
801 780 1001 818 annum
1026 763 1255 830 MCLIV,
1277 763 1360 836 vel
1383 773 1531 818 certe
1552 762 1709 833 paulo
1729 772 1852 833 post

281 862 470 931 ipsum,
495 870 554 913 ιιι
578 858 760 914 multis
787 858 1017 929 probare
1048 872 1286 926 possem,
1315 857 1607 926 exscripta.
1635 846 1850 912 Utinam

282 962 332 1009 et
369 952 542 1025 lyncei
583 951 722 1005 oculi
764 949 930 1005 vestri
970 949 1213 1004 codicem
1239 947 1404 1015 hunc,
1445 963 1572 1004 vere
1603 962 1849 1012 aureum,

283 1045 542 1114 inspicere
574 1041 822 1112 possent?
867 1056 971 1094 una
1005 1054 1215 1108 mecum
1251 1037 1626 1107 antiquitatem
1662 1035 1855 1106 proba-

284 1133 431 1188 retis.
455 1129 672 1184 Utinam
698 1129 858 1183 talem
883 1143 993 1198 pra:
1018 1127 1266 1182 manibus
1287 1127 1612 1191 habuissent,
1639 1124 1854 1195 quando

284 1217 524 1277 eruditus
561 1217 622 1274 ἰ).
659 1220 943 1275 Conradus
972 1217 1290 1287 'Janningus
1326 1217 1400 1286 (ni
1433 1215 1610 1286 fallor)
1643 1217 1747 1270 huc
1787 1215 1854 1273 ad

185 1313 187 1315 ’
285 1307 854 1382 νιιιΙθιιθιέ-,ῦιιιὺι-οειιιιι
883 1309 1132 1375 accessit,
1171 1309 1259 1364 cui
1297 1309 1352 1362 in
1396 1317 1582 1362 nostro
1620 1307 1856 1377 hospitio

287 1396 576 1461 inservisse
615 1403 1000 1472 gloriabundus
1039 1402 1204 1455 etiam
1249 1415 1393 1454 nunc
1429 1400 1632 1465 exulto,
1665 1413 1856 1464 verum

285 1505 337 1550 et
360 1496 480 1566 ipse
496 1493 861 1548 testimonium
885 1491 1166 1547 oceulatus
1190 1491 1342 1544 testis
1366 1488 1692 1560 perhiberet!
1719 1488 1858 1544 Ecce

286 1588 434 1644 vobis
470 1597 522 1642 et
554 1588 708 1642 nobis
739 1587 857 1642 caeli
903 1588 1210 1658 benignitas
1239 1585 1392 1640 favit.
1424 1585 1500 1642 Eu
1536 1584 1860 1656 praeclarum

290 1679 387 1747 (sic
411 1689 503 1732 vos
538 1678 589 1730 iu
615 1677 768 1732 Actis
800 1671 1124 1732 Sanctorum
1146 1676 1234 1730 die
1263 1693 1292 1730 x
1322 1675 1499 1731 Martii
1528 1686 1582 1730 et
1605 1691 1708 1730 xxv
1732 1674 1856 1729 Maii

287 1769 577 1839 decoratis)
604 1785 741 1838 Opus
769 1769 912 1824 beati
948 1769 1198 1835 Andreie,
1241 1783 1378 1838 quos
1407 1784 1503 1826 vos
1532 1769 1719 1824 iisdem
1748 1768 1860 1823 die-

1955 597 1973 631 ι
2008 577 2255 647 quaedam
2285 578 2692 645 desiderantur;
2726 579 2848 635 ideo
2885 594 2953 634 ne
2992 579 3204 635 mireris
3232 581 3311 635 sic
3349 579 3528 640 ﬁniat.

1955 687 1974 722 ι
2011 669 2186 736 Quodl
2207 676 2390 738 postea
2423 679 2744 725 retraetans.
2777 689 2794 723 ι
2835 671 3180 742 Ecgraphum
3199 671 3404 727 Aurelii
3432 673 3533 727 Ca-

1951 762 2057 817 sari
2089 776 2239 816 more
2286 769 2472 816 nostro
2503 761 2557 815 in
2589 777 2844 817 numeros
2877 763 3224 818 distributum
3263 765 3354 820 hic
3391 765 3534 836 typis

1951 852 2186 908 mandab
2210 867 2352 916 mus,
2394 860 2450 906 et
2495 851 2950 920 supplementum,
2995 856 3138 923 quod
3181 856 3295 925 ipse
3338 853 3530 928 signis,

1953 941 2222 1006 distinxit,
2252 955 2349 996 nos
2378 940 2534 995 uncis
2556 938 2613 1011 []
2647 940 3002 998 includemus.
3031 937 3059 995 ἰ
3189 1001 3192 1004 ,

2023 1031 2113 1086 52.
2156 1031 2317 1088 Hisce
2361 1031 2423 1085 Β.
2471 1031 2701 1088 Andrca:
2743 1033 2895 1088 Actis
2935 1034 3310 1107 subiungimus
3355 1037 3535 1096 Vitam

1957 1126 2015 1183 S.
2055 1127 2280 1182 Joannis
2311 1126 2589 1182 Gualberti
2634 1142 2664 1180 a
2706 1125 2767 1180 Β.
2818 1125 3017 1182 Attone
3059 1131 3312 1201 episcopo
3353 1131 3536 1188 Ρξειυ-

1958 1219 2120 1275 riensi
2165 1217 2553 1287 conscriptam;
2581 1232 2703 1286 quae
2731 1217 2980 1287 quamvis
3004 1227 3062 1272 ut
3089 1220 3378 1289 plurimum
3411 1239 3533 1278 cum

1956 1312 2284 1384 praecedenti
2314 1311 2624 1376 conveniat,
2652 1319 2830 1364 tamen
2863 1309 2987 1380 quia
3017 1302 3247 1382 amplior
3269 1322 3353 1369 est
3394 1323 3448 1370 et
3486 1317 3540 1370 in

1953 1404 2284 1476 quibusdam
2332 1403 2553 1473 paulum
2593 1401 2772 1459 differt
2812 1402 2982 1474 (hanc
3017 1405 3437 1475 discrepantiam
3484 1409 3541 1463 in

1959 1495 2245 1549 Annotatis
2273 1493 2702 1564 observabimus)
2743 1495 2906 1549 etiam
2933 1493 3152 1551 lectoris
3178 1497 3349 1551 oculis
3375 1498 3544 1568 subji—

1961 1584 2208 1640 ciendam
2235 1598 2356 1638 esse
2381 1584 2712 1650 censuimus,
2746 1596 2908 1654 prout
2931 1599 3050 1640 eam
3090 1586 3258 1641 edidit
3298 1587 3543 1644 Mabillo-

1959 1677 2082 1742 nius
2111 1692 2235 1732 saec.
2266 1691 2321 1730 γι
2350 1675 2721 1742 Benedictino,
2767 1686 2924 1747 parte
2950 1677 3007 1743 2,
3035 1692 3162 1749 pag.
3197 1677 3326 1744 268,
3355 1678 3546 1734 relicta

1962 1769 2201 1826 editione
2234 1768 2475 1823 ltomana
2511 1767 2774 1823 Thesauri
2809 1767 2970 1833 Velii,
3008 1784 3128 1840 quae
3156 1770 3410 1825 mendosa
3441 1779 3547 1834 est,

287 1860 386 1915 bus
425 1861 670 1929 nuspiam
716 1860 940 1930 reperiri
983 1860 1200 1926 doletis,
1247 1861 1546 1914 inventum.
1585 1860 1697 1915 lloc
1734 1875 1863 1930 ergo
1893 1849 1937 1908 Β
1967 1870 2024 1916 ιιι
2049 1861 2172 1933 jure
2213 1860 2409 1915 merito
2437 1860 2792 1930 conqueritur
2813 1859 3066 1916 Aurelius
3096 1860 3282 1916 Casari
3318 1863 3419 1916 hac
3450 1876 3551 1916 ex-

287 1952 680 2021 quamprimum
713 1949 944 2005 ﬁdeliter
966 1951 1301 2028 pexscribam,
1339 1951 1600 2020 vobisque
1625 1965 1726 2020 per
1748 1949 1865 2005 illu-

288 2047 610 2120 strissinuuu
641 2056 693 2101 et
730 2047 1156 2102 eruditissimum
1208 2049 1382 2102 virum
1422 2057 1479 2102 et
1523 2063 1862 2103 communem

287 2143 519 2196 amicum
561 2141 846 2198 Dominum
895 2141 1191 2197 Antonium
1251 2139 1698 2212 Magliabcchium
1741 2142 1866 2196 mlt-

289 2240 417 2285 tam.
451 2249 472 2284 ι
858 2303 860 2306 ν

360 2322 448 2378 50.
491 2321 784 2380 Promissis
807 2324 957 2379 stetit
980 2323 1060 2378 vir
1089 2323 1514 2380 humanissimus
1539 2331 1593 2378 et
1621 2323 1866 2393 sequenti

291 2428 432 2466 anno
459 2412 623 2467 vitam
660 2411 876 2483 propria
918 2429 1081 2468 manu
1121 2414 1444 2484 descriptam
1491 2413 1558 2468 ad
1597 2413 1869 2482 Papebro-

290 2503 471 2557 cbium
508 2503 679 2579 misit,
712 2519 871 2574 quem
915 2503 968 2557 in
1005 2503 1230 2573 epistola
1261 2503 1543 2572 scriptioni
1573 2519 1683 2558 sua:
1713 2504 1867 2558 invo-

292 2594 402 2649 luta
427 2595 507 2649 sic
535 2595 846 2662 alloquitur.
881 2613 898 2646 ι
929 2595 1116 2650 Virum
1141 2595 1618 2666 occupatissimum
1651 2596 1872 2664 insuper

290 2699 558 2755 occupare
584 2687 718 2741 meo
737 2701 841 2740 non
875 2685 1075 2742 inesset
1103 2686 1306 2750 animo,
1332 2687 1384 2740 ni
1415 2687 1552 2741 forte
1581 2688 1708 2756 quid
1735 2686 1870 2741 San-

293 2788 504 2834 ctorum
551 2780 773 2835 honoris
806 2790 859 2836 et
891 2779 1074 2851 gloria:
1103 2779 1510 2850 prtemeditarer
1543 2790 1596 2834 et
1626 2779 1871 2834 Paterni-

295 2871 392 2924 tati
431 2869 496 2925 V.
537 2869 604 2924 Β.
633 2881 844 2941 gratum
895 2871 1053 2926 foret.
1095 2871 1174 2925 En
1209 2872 1365 2926 vobis
1394 2887 1531 2925 nova
1566 2873 1868 2941 occupatio,

294 2960 422 3014 dum
463 2961 612 3015 hisce
641 2961 837 3015 litteris
866 2975 951 3019 me
981 2962 1135 3018 vobis
1173 2971 1497 3030 przcsentem
1529 2962 1782 3028 exhibeo,
1817 2964 1870 3017 in

294 3051 547 3105 manibus
575 3051 852 3105 inventum
884 3051 1200 3106 thesaurum
1227 3038 1521 3118 tenentem,
1562 3061 1613 3108 et
1641 3050 1872 3107 offeren-

296 3152 404 3198 tem
463 3147 632 3199 vitam
686 3143 744 3198 S.
804 3143 862 3196 P.
913 3143 978 3198 N.
1021 3141 1245 3200 Joannis
1293 3144 1604 3211 Gualberti,
1651 3153 1874 3200 auctore

293 3233 354 3288 Β.
408 3232 620 3290 Andrea
671 3233 862 3289 abbate
912 3235 1238 3300 Strumensi,
1283 3251 1446 3306 quam
1494 3235 1724 3292 ﬁdeliter
1775 3236 1874 3290 de-

293 3325 509 3394 scripsi,
538 3334 598 3379 ut
636 3325 950 3380 testimonio
986 3324 1182 3378 ibidem
1211 3326 1470 3394 apposito
1509 3315 1759 3382 evincere
1795 3327 1876 3381 fas

294 3425 401 3471 est.
433 3415 601 3487 llujus
640 3416 780 3470 beati
812 3416 1092 3486 scriptoris
1125 3416 1421 3471 auctoritas
1446 3433 1557 3487 pra:
1582 3417 1702 3472 aliis
1727 3402 1874 3471 testi-

295 3505 492 3560 manda
523 3492 630 3569 est,
667 3513 852 3573 utpote
894 3505 984 3575 qui
1017 3505 1386 3560 beatissimum
1416 3505 1790 3561 Patriarcbam
1822 3515 1877 3561 et

294 3597 357 3650 B.
396 3597 722 3668 Discipulum
751 3595 1059 3652 Teuzonem
1089 3606 1143 3652 et
1172 3596 1382 3666 aliquos
1412 3597 1503 3667 qui
1537 3597 1592 3651 in
1616 3597 1724 3651 vita
1757 3612 1874 3651 me-

296 3695 602 3750 morantur,
632 3688 862 3743 noverit.
896 3687 1013 3758 ipso
1039 3687 1330 3753 scribente,
1363 3687 1541 3742 adhuc
1567 3687 1783 3743 vivebat
1812 3687 1874 3742 Β.

296 3776 510 3842 Teuxo,
542 3779 616 3832 uti
642 3787 872 3832 testatur
901 3778 984 3833 his
1011 3779 1210 3833 verbis.
1248 3798 1267 3831 ι
1297 3777 1535 3834 Venerat
1559 3779 1700 3835 inter
1727 3788 1894 3845 cete-.

300 3886 321 3919 ι
366 3886 456 3925 ros
479 3868 677 3936 Teuzo,
703 3871 793 3940 qui
832 3870 1007 3928 adhuc
1042 3879 1312 3941 superest,
1351 3872 1690 3927 venerandus
1726 3881 1879 3943 pater

301 3974 323 4008 ι
359 3969 416 4012 et
455 3955 639 4013 senex.
676 3978 696 4012 ι
731 3957 960 4015 Vivebat
988 3968 1044 4014 et
1069 3957 1156 4015 ille
1194 3959 1431 4015 Joannes
1466 3960 1878 4030 antiquissimus

297 4051 494 4116 frater,
530 4053 596 4106 de
630 4066 738 4122 quo
767 4051 866 4106 sic.
911 4068 929 4102 ι
959 4049 1112 4118 Quod
1151 4051 1240 4106 ille
1281 4053 1457 4107 adhuc
1497 4063 1771 4122 superstes
1800 4043 1880 4108 sic

299 4161 320 4193 ‹
361 4151 540 4196 actum
573 4139 754 4204 fuisse,
787 4149 842 4195 et
886 4141 996 4208 illa,
1037 4157 1156 4211 qua:
1191 4143 1440 4213 superius
1471 4143 1724 4209 diximus,
1759 4144 1880 4198 viva

300 4251 322 4283 ι
365 4246 496 4286 voce
528 4239 792 4294 testatur;
843 4239 898 4286 et
938 4246 1044 4286 non
1091 4230 1264 4286 solum
1299 4233 1411 4298 illa,
1441 4234 1536 4288 sed
1567 4234 1730 4288 etiam
1763 4249 1880 4304 qua:

301 4326 592 4388 «inferius
639 4325 1042 4397 subjungemus.
1095 4345 1114 4379 ι
1173 4326 1483 4383 Occurrunt
1534 4336 1588 4384 et
1641 4328 1706 4382 de
1760 4327 1882 4382 aliis

294 4424 547 4494 exempla
577 4424 871 4490 similia,ut
904 4427 931 4497 ᾗ
961 4423 1037 4479 Eo
1066 4433 1331 4494 tempore,
1351 4432 1666 4494 etc.,prope
1696 4427 1877 4491 tinem;

1965 1951 2327 2007 clamatione:
2387 1971 2404 2002 ι
2432 1951 2602 2018 Quam
2653 1967 2842 2006 manca
2885 1961 2940 2008 et
2976 1953 3163 2008 mutila
3208 1961 3293 2009 est
3331 1954 3444 2009 vita
3486 1953 3548 2010 S.

1965 2041 2192 2096 Joannis
2219 2040 2498 2096 Gualherti
2531 2052 2751 2096 auctore
2778 2041 2836 2097 S.
2869 2043 3128 2109 Atthone,
3172 2045 3312 2114 typis
3349 2059 3553 2100 excusa

1969 2131 2153 2187 Roma:
2188 2147 2333 2186 anno
2362 2129 2626 2185 MDCXII!
2661 2150 2678 2182 ι
2724 2131 2794 2186 Ut
2839 2133 3004 2187 etiam
3047 2132 3206 2203 hujus
3237 2135 3376 2190 beati
3417 2136 3555 2191 scri-

1967 2224 2141 2295 ptoris
2195 2222 2496 2278 auctoritas
2543 2222 2881 2288 innotescat,
2939 2225 3142 2294 placuit
3193 2226 3377 2282 laudes
3421 2228 3468 2282 el
3518 2242 3550 2281 a

1969 2313 2442 2383 contemporarieis
2469 2314 2626 2369 datas
2655 2329 2949 2386 excerpere
2977 2331 3042 2371 ex
3081 2317 3293 2382 fit-teris,
3324 2333 3446 2387 quae
3474 2317 3552 2373 le-

1969 2414 2168 2475 guntur
2193 2403 2629 2476 apudUgbellum
2655 2415 2800 2462 temo
2821 2406 2885 2462 Ill
2907 2407 3068 2462 Italia:
3093 2421 3284 2476 sacrae,
3307 2406 3553 2473 001.362,
3636 2483 3638 2488 ’

1971 2498 2060 2562 ubi
2093 2497 2399 2571 Raynerius
2425 2501 2722 2568 ca-nonicps
2754 2502 2896 2557 inter
2921 2502 3027 2556 alia
3057 2503 3136 2558 sic
3174 2501 3275 2573 ipsi
3318 2503 3508 2558 scribit
3535 2523 3551 2556 :

1977 2609 1996 2642 ι
2033 2589 2161 2645 Tuae
2202 2589 2374 2647 ,virt‘us
2405 2591 2730 2648 innocentiae
2771 2607 2802 2647 a
2835 2607 2930 2648 me
2952 2593 3218 2648 laudanda
3265 2593 3422 2659 foret,
3459 2597 3556 2650 sed

1973 2682 2125 2736 timui
2169 2682 2356 2738 laudes
2405 2684 2726 2747 diminuisse
2769 2693 2909 2741 tuas.
2941 2686 3184 2742 Romana
3229 2679 3558 2758 namque'et

1970 2772 2279 2846 Apostoliea
2322 2773 2510 2841 Sedes,
2547 2771 2673 2829 dum
2717 2775 2957 2832 studium
2995 2779 3234 2833 tenerem
3264 2776 3558 2846 Quintonio

1975 2864 2028 2918 in
2065 2863 2277 2935 Anglia,
2311 2872 2517 2920 tantam
2549 2873 2654 2920 tua:
2693 2861 2942 2937 prorupit
2977 2867 3186 2923 laudem
3221 2869 3558 2924 excellentire

1976 2951 2028 3006 in
2059 2954 2210 3008 curia
2236 2955 2973 3023 prmsulisQuintonieusium
2998 2973 3095 3029 per
3117 2958 3402 3014 Dominum
3426 2959 3561 3015 Mat-

1976 3044 2173 3097 tineum
2207 3045 2504 3100 Diaconum
2533 3056 2587 3102 et
2609 3046 2949 3104 Cardinalem
2980 3051 3148 3114 sancti
3175 3050 3392 3123 Georgii
3421 3071 3433 3105 :
3473 3053 3560 3108 ln-

1978 3145 2289 3208 terrogatus
2316 3153 2345 3192 a
2377 3153 2464 3193 me
2488 3139 2555 3195 de
2589 3150 2789 3198 nostrae
2817 3153 2869 3198 et
2899 3142 3158 3199 Romanze
3198 3153 3339 3200 statu
3385 3145 3562 3202 eccle-

1978 3228 2091 3290 sire,
2119 3227 2334 3295 dicens,
2368 3231 2510 3299 quod
2535 3231 2775 3288 Romana
2799 3245 2852 3289 et
2873 3235 3184 3304 Apostolica
3216 3237 3372 3292 sedes
3401 3237 3563 3292 beata

1977 3318 2152 3384 foret,
2204 3320 2249 3374 si
2307 3321 2384 3375 tni
2428 3323 2719 3379 duceretur
2766 3326 3136 3383 moderamine
3181 3331 3562 3399 gubernaculi,

1977 3412 2118 3480 quod
2153 3429 2238 3468 me
2265 3414 2406 3470 ultra
2451 3429 2613 3484 quam
2645 3415 2752 3471 dici
2789 3419 2960 3487 possit
2989 3420 3297 3475 laetiticavit.
3324 3441 3342 3474 ι
3370 3411 3556 3478 Ποιιο-

1977 3501 2190 3570 riticum
2213 3505 2494 3560 enimvero
2518 3505 2773 3576 elogium.
2807 3507 2864 3564 Si
2892 3510 3013 3579 quis
3048 3511 3199 3580 plura
3226 3504 3390 3579 volet,
3421 3511 3536 3584 lega

1977 3594 2095 3665 ejus
2123 3595 2296 3649 Vitam
2325 3595 2378 3649 iu
2404 3595 2556 3651 Actis
2589 3599 2793 3654 nostris
2815 3614 2930 3655 χχιι
2965 3600 3110 3657 Maii.
3513 3627 3515 3629 ί

2049 3686 2138 3740 55.
2165 3685 2574 3756 Papebrochius
2610 3687 2828 3757 quidem
2869 3690 2922 3744 in
2952 3689 3096 3746 illius
3129 3691 3247 3747 Vita
3275 3692 3342 3747 ad
3365 3693 3566 3750 dictam

1980 3775 2121 3830 diem
2147 3775 2408 3838 illustrata
2435 3777 2742 3846 suspicatus
2768 3777 2964 3844 fuerat,
3009 3780 3069 3834 Β.
3111 3782 3362 3838 Attonem
3391 3784 3570 3854 patria

1978 3866 2273 3922 Pecensem
2306 3873 2536 3931 eSse,eo
2557 3870 2701 3938 quod
2745 3869 2796 3924 in
2826 3871 3186 3927 instrumento
3229 3876 3461 3943 quodam
3494 3875 3569 3932 ita

1981 3968 2223 4013 notatum
2258 3959 2572 4015 invenisset.
2625 3979 2644 4012 ι
2675 3960 2786 4032 Ego
2810 3960 2902 4015 Fr.
2938 3963 3067 4018 Atto
3098 3964 3571 4023 I’ccenmonachus

1981 4060 2037 4106 et
2064 4050 2243 4108 dictus
2263 4051 2612 4109 Pistoriensis
2638 4055 2942 4124 episcopus,
2966 4056 3092 4112 huic
3117 4057 3271 4112 Brevi
3303 4059 3570 4116 ﬁrmando
3588 4120 3602 4128 Ι

1982 4143 2274 4212 subscripsi
2308 4152 2365 4198 et
2394 4143 2523 4198 illud
2571 4143 2683 4198 ﬁeri
2727 4145 2909 4216 rogavi
2959 4162 3081 4200 cum
3119 4149 3268 4202 omni
3303 4149 3442 4203 bona
3472 4163 3572 4205 vo-

1982 4230 2210 4286 luntate.
2251 4252 2269 4283 ι
2296 4233 2554 4288 Eruditus
2574 4234 2638 4287 Ι).
2662 4233 2898 4290 Joannes
2922 4237 3172 4293 Aurelius
3190 4238 3399 4303 Casari,
3433 4240 3569 4295 lecta
3637 4237 3642 4259 ξ

1985 4322 2100 4400 hac
2121 4322 2474 4392 Papebrochii
2501 4325 2834 4394 conjectura,
2864 4343 3006 4384 anno
3035 4330 3162 4386 1691
3188 4331 3254 4384 ad
3281 4343 3404 4385 cum
3437 4334 3574 4388 scri-

1984 4414 2093 4483 psit
2119 4413 2172 4468 in
2204 4413 2348 4468 hunc
2378 4415 2633 4469 modum:
2671 4433 2690 4467 ‹
2724 4417 2801 4470 Ex
2835 4417 2936 4471 hac
2960 4422 3302 4488 peroratione
3333 4420 3390 4476 S.
3417 4423 3573 4478 Atto-

293 4523 351 4566 et
387 4514 414 4585 §
455 4514 608 4580 Quod
649 4515 937 4569 scribimus
983 4529 1013 4568 a
1053 4514 1347 4568 venerabili
1387 4514 1556 4568 fratre
1597 4514 1881 4570 didicimus
1913 4531 1958 4589 ι)
1987 4510 2070 4564 Itis
2107 4529 2125 4562 ι
2163 4508 2423 4580 (loquitur
2445 4510 2512 4565 de
2535 4510 2748 4580 epilogo
2772 4511 2894 4566 Vita:
2924 4511 3294 4568 Gttalbertinm
3316 4527 3346 4568 a
3378 4530 3434 4569 se
3459 4515 3570 4586 pri-

291 4603 538 4670 Joanne;
566 4616 618 4658 et
645 4603 672 4676 §
701 4603 836 4659 Vere
865 4620 970 4659 non
993 4604 1198 4669 solum,
1224 4621 1244 4656 ι
1274 4613 1379 4659 etc.

370 4696 459 4749 5|.
501 4697 736 4761 Demum
765 4696 897 4752 Vitae
929 4713 958 4750 a
996 4713 1055 4752 se
1086 4697 1372 4765 exscripta:
1408 4697 1510 4752 hoc
1535 4697 1774 4754 annectit
1806 4706 1882 4752 te-

293 4787 618 4842 stimOnium
649 4802 663 4841 :
702 4806 720 4840 ι
756 4787 866 4858 Ego
893 4789 1134 4843 Domnus
1158 4787 1395 4844 Joannes
1420 4789 1669 4844 Aurelius
1695 4789 1883 4845 Casari

295 4879 786 4935 biero-monachus
834 4877 1051 4934 Ordinis
1103 4888 1158 4934 et
1200 4879 1650 4950 Congregationis
1691 4881 1885 4936 Vallis-

295 4967 586 5022 Umbrosze
628 4969 679 5021 in
723 4969 958 5024 veritate
1004 4971 1284 5038 proﬁteor,
1330 4985 1416 5025 me
1456 4969 1882 5042 suprascriptam

293 5059 482 5117 Vitam
508 5060 566 5115 S.
595 5061 658 5116 P.
682 5059 746 5116 N.
771 5061 997 5118 Joannis
1019 5062 1318 5126 Gualberti,
1347 5074 1568 5120 auctore
1593 5066 1753 5122 beato
1775 5063 1886 5118 An-

290 5152 432 5207 drea
464 5149 680 5216 abbate,
713 5151 947 5207 ﬁdeliter
973 5153 1330 5224 exscripsisse
1361 5166 1427 5207 ac
1461 5153 1827 5226 desumpsisse
1854 5168 1884 5207 a

284 5243 544 5315 pretioso
582 5245 816 5312 quodam
857 5247 1228 5314 manuscripto
1271 5243 1568 5312 peeudiueo
1614 5245 1887 5315 antiquis-

1985 4617 2132 4654 tnum
2175 4601 2413 4664 invento,
2471 4617 2631 4670 quem
2673 4611 2862 4671 postea
2894 4603 3184 4676 dabimus),
3228 4625 3246 4660 ι
3302 4617 3356 4662 et
3406 4610 3575 4677 ipsius

1986 4693 2280 4750 Memoriali
2323 4693 2437 4762 jam
2485 4695 2642 4750 vobis
2692 4711 2788 4765 per
2847 4695 2911 4750 Ρ.
2973 4696 3034 4751 D.
3086 4695 3360 4755 Placidum
3407 4700 3578 4756 l‘oltri

1987 4785 2330 4848 transmisso,
2363 4784 2416 4838 in
2462 4785 2662 4854 quibus
2704 4786 2968 4856 utrisque,
3002 4787 3084 4841 vir
3114 4800 3338 4844 sanctus
3364 4789 3448 4843 ubi
3473 4790 3579 4845 hoc

1987 4877 2146 4932 titulo
2175 4876 2437 4945 gloriatur
2463 4891 2732 4932 necnon
2767 4892 3068 4944 MONACHUS,
3094 4879 3301 4950 liquido
3328 4891 3573 4950 apparet,

1960 4969 2151 5038 verba
2183 4967 2326 5022 illius
2356 4968 2707 5025 instrumenti
2739 4985 2836 5041 per
2863 4984 2960 5025 vos
2998 4973 3065 5026 ad
3094 4973 3236 5028 diem
3281 4987 3408 5027 xmv
3448 4971 3573 5025 Maii

1991 5063 2238 5125 recitata,
2269 5060 2495 5117 scilicet.
2523 5063 2633 5134 Ego
2664 5061 2856 5118 Frater
2881 5064 3007 5118 Atto
3035 5062 3230 5120 Peeen.
3257 5065 3572 5125 monachus,

1919 5210 1921 5213 ,
1989 5167 2096 5215 ιιοιι
2123 5153 2203 5208 sic
2225 5152 2476 5224 legenda,
2507 5165 2565 5211 ut
2592 5165 2788 5212 sonent
2819 5153 3093 5220 Pecensis,
3123 5155 3206 5210 vel
3237 5161 3290 5208 ut
3326 5152 3446 5207 aliis
3466 5152 3579 5223 pla-

1989 5253 2094 5308 cet,
2146 5243 2424 5311 Pacensis,
2479 5248 2570 5302 sed
2613 5261 2910 5310 necnon,
2944 5255 3005 5299 ut
3056 5259 3217 5316 supra
3266 5243 3318 5298 in
3359 5248 3584 5313 percra-
