4122 5330
486 375 589 432 719

1545 365 1601 423 s.
1641 353 1924 424 JOANNIS
1962 344 2365 450 cuatesnn
2394 346 2682 423 Asnaus

3634 363 3742 425 7‘20

486 489 670 555 Casari
712 495 983 556 tamquam
1017 478 1436 556 probabiliorem
1477 472 1758 553 amplexus
1796 492 1897 549 est,
1924 482 2056 539 etin
2087 495 2129 550 Α
2163 465 2399 539 breviter
2435 462 2715 537 tractanda
2755 488 2859 536 est.
2907 478 3138 536 Didacus
3183 464 3485 538 Franchins
3526 482 3583 538 in
3625 485 3741 541 vita

487 583 631 639 dicta
661 577 858 635 scheda
913 584 1107 645 praeter
1132 573 1233 627 alia
1280 573 1359 627 sic
1385 571 1613 627 candide
1635 581 1788 626 notat
1813 590 1826 625 :
1857 590 1876 625 ι
1909 572 2064 627 Hunc

488 687 617 728 sane
643 684 748 726 non
779 667 1031 738 exiguum
1067 663 1300 719 fructum
1327 662 1580 718 existimo
1605 664 1864 733 propositi
1893 663 2061 730 dubii,’

488 758 697 822 etiamsi
725 772 824 827 per
846 756 950 811 hoc
980 755 1285 825 contingat,
1317 761 1560 807 nostram
1603 768 1817 824 quoque
1845 756 1910 808 de
1927 753 2064 808 San-

488 850 560 909 cti
590 849 764 921 Patria
789 846 1155 916 conjecturam
1178 859 1333 901 ruere
1360 858 1378 897 :
1408 858 1507 899 nec
1533 842 1674 898 enim
1704 843 1837 900 tales
1863 845 2067 901 diutius

488 942 670 996 valere
698 940 967 1004 volumus,
990 954 1151 1010 quam
1175 936 1323 1007 quod
1361 934 1579 995 aiittnde
1611 934 1947 999 refellantur,
1979 937 2066 991 vei

488 1032 683 1088 melius
703 1031 978 1103 quidpiam
1022 1029 1398 1085 substituatur.
1437 1047 1457 1081 ι
1502 1023 1614 1082 Hoc
1636 1028 1925 1083 candidum
1955 1028 2065 1082 Ma-

488 1122 640 1194 gistri
688 1121 854 1176 nostri
909 1118 1211 1189 exemplum
1267 1117 1466 1174 imitari
1510 1117 1779 1183 volumus,
1831 1116 2003 1173 sicubi
2033 1133 2066 1172 a

488 1225 618 1266 vero
639 1211 972 1265 aberremus.
996 1207 1119 1263 Haec
1151 1224 1218 1263 ex
1239 1206 1527 1264 occasione
1552 1206 1695 1263 dicta
1732 1216 1892 1263 sunto
1917 1222 1935 1272 ;
1949 1205 2065 1276 jam

491 1302 557 1358 ad
581 1298 914 1371 pr0positnm
944 1307 1190 1353 nostrum
1213 1296 1516 1352 redeamus.

558 1393 649 1446 54.
667 1391 795 1447 Post
823 1399 1107 1459 utramque
1127 1389 1266 1444 banc
1292 1387 1466 1444 Vitam
1482 1385 1648 1457 praelo
1665 1387 2070 1442 committemus

492 1482 549 1538 8.
576 1480 800 1537 Joannis
846 1477 1121 1535 Gualbcrti
1173 1477 1454 1541 miracula,
1501 1477 1571 1532 ab
1602 1476 1932 1548 Hyeronimo
1959 1475 2066 1531 Ra-

490 1570 715 1629 diolensi
737 1570 980 1633 collecta,
1002 1579 1058 1625 et
1078 1569 1402 1627 lienschenii
1423 1569 1883 1640 Papebrochiique
1904 1584 2065 1625 manu

491 1662 785 1733 descripta,
814 1661 880 1716 de
908 1662 1106 1731 quibus
1135 1661 1190 1715 in
1219 1675 1360 1730 saepe
1384 1660 1495 1732 jam
1524 1668 1819 1714 memorata
1842 1657 2063 1731 epistola

491 1756 570 1811 sic
596 1754 759 1810 habet
818 1752 1065 1808 Aurelius
1108 1750 1337 1807 Casari:
1391 1769 1410 1803 ι
1451 1751 1632 1806 Inveni
1680 1750 1815 1806 duos
1850 1750 2066 1807 codices

2163 572 2349 628 ltalice
2375 573 2519 628 edita
2545 572 2639 627 lib.
2659 572 2718 637 2,
2742 569 3018 627 contendit
3045 585 3075 626 a
3122 569 3181 627 8.
3228 570 3465 627 Henrico
3508 572 3742 643 impera-

2166 673 2283 721 tore
2307 665 2382 719 ad
2398 678 2586 737 preces
2616 663 2969 720 Hildebrandi
3010 664 3249 735 episcopi
3289 664 3582 720 Florentini
3608 673 3748 718 tem-

2169 757 2311 828 plum
2343 756 2446 812 hoc
2476 763 2835 812 restauratum
2859 755 3209 812 esseCoutra
3232 755 3487 828 Ughellus
3516 764 3647 810 tom.
3674 752 3745 810 [il

2164 845 2329 903 Italia:
2364 860 2556 913 sacrm,
2583 845 2685 902 col.
2720 844 2811 913 62,
2871 846 3120 902 adductis
3172 846 3497 902 authenticis
3544 846 3742 901 instru-

2166 936 2385 1000 mentis,
2415 936 2488 990 ita
2518 935 2724 991 sentit:
2757 953 2779 989 ι
2808 935 3156 992 ildebrandus
3179 945 3357 990 autem
3386 937 3529 991 inter
3552 944 3742 991 cetera

2164 1027 2382 1098 pietatis
2404 1026 2604 1093 otiicia,
2635 1027 2831 1099 quibus
2862 1028 3135 1092 inclaruit,
3166 1027 3523 1083 collabentem
3565 1026 3621 1082 S.
3646 1025 3743 1081 Hi-

2166 1119 2329 1173 niatis
2367 1119 2624 1190 martyris
2650 1119 2932 1175 basilicam
2973 1120 3314 1186 restauravit,
3353 1136 3417 1175 ac
3458 1119 3746 1191 magniﬁce

2164 1209 2468 1264 exornavit.
2522 1207 2778 1264 Ceterum
2834 1218 2893 1264 ut
2939 1206 3055 1277 ejus
3104 1211 3206 1281 pia:
3246 1209 3625 1266 muniﬁcentiae
3648 1224 3742 1280 pe-

2167 1310 2423 1357 reunaret
2451 1301 2739 1367 memoria,
2766 1301 3089 1374 illorumque
3103 1301 3445 1372 jugularetur
3464 1315 3619 1358 error
3643 1297 3743 1374 qui

2167 1393 2284 1462 ejus
2322 1391 2560 1448 basilica:
2596 1390 2938 1464 magniﬁcam
2979 1394 3432 1450 restaurationem
3464 1394 3514 1449 in
3551 1393 3746 1449 Henri-

2166 1496 2286 1535 cnm
2311 1481 2695 1551 imperatorem
2721 1497 2786 1537 ac
2829 1480 3201 1553 Cunigundam
3227 1482 3344 1553 ejus
3386 1497 3631 1547 uxorem,
3665 1482 3747 1537 in-

2166 1571 2333 1642 signis
2355 1571 2573 1643 pietatis
2607 1569 2884 1638 feminam,
2910 1572 3232 1638 retulerunt,
3281 1574 3423 1628 hanc
3456 1573 3735 1643 antiquam

2167 1661 2492 1731 scripturam
2536 1661 2625 1717 hic
2685 1661 3073 1730 subjiciendum
3148 1663 3473 1725 curavimus,
3526 1662 3580 1716 in
3636 1677 3745 1732 qua

2167 1752 2503 1823 apertissime
2543 1751 2661 1822 ejus
2701 1751 3079 1808 :ediﬁcationis
3131 1759 3245 1809 tota
3284 1751 3451 1822 gioria
3506 1751 3560 1806 in
3609 1752 3745 1806 life-

491 1842 620 1900 Mss.
679 1841 1003 1913 pecudineos
1060 1856 1186 1896 vere
1242 1840 1604 1914 autographos
1646 1840 1708 1895 D.
1754 1838 2064 1912 Hieronymi
2096 1831 2140 1890 Β
2168 1844 2429 1899 brandum
2460 1844 2744 1909 redundat,
2776 1843 2867 1915 qui
2901 1844 2970 1899 ibi
2998 1844 3162 1898 etiam
3193 1858 3223 1898 a
3269 1859 3327 1898 se
3355 1844 3749 1899 monachorum

492 1929 851 1997 ltadiolensis,
883 1943 1074 2000 nempe
1115 1928 1376 1984 miracula
1411 1928 1470 1987 S.
1518 1926 1743 1984 Joannis
1786 1926 2067 1983 Gualberti

491 2028 547 2075 et
566 2033 847 2095 sermones
868 2016 1110 2085 ejusdem
1137 2016 1471 2089 Hieronymi,
1512 2017 1569 2071 in
1603 2016 1800 2086 quibus
1830 2015 2073 2072 breviter.

489 2110 601 2179 vita
626 2110 684 2165 S.
709 2109 937 2165 Joannis
967 2109 1245 2166 Gualberti
1278 2109 1557 2174 inseritur,
1589 2111 1647 2164 in
1672 2107 1827 2178 cujus
1858 2109 1963 2164 line
1989 2108 2070 2165 sic

491 2201 720 2281 hibetur
763 2219 777 2255 :
827 2201 963 2256 lste'
994 2199 1132 2256 iiber
1189 2209 1275 2259 est
1336 2202 1442 2257 mei
1496 2201 1699 2259 Domni
1757 2200 2068 2274 Hieronymi

490 2294 717 2349 Prioris.
753 2312 772 2345 ι
824 2292 896 2349 Ut
927 2301 1110 2365 autem
1156 2290 1327 2348 lector
1357 2291 1520 2362 hujus
1566 2292 1871 2349 collectoris
1909 2291 2075 2346 tidem

491 2386 857 2456 pietatemque
889 2385 1122 2450 noverit,
1160 2385 1397 2441 breviter
1436 2384 1577 2440 addo
1616 2392 1827 2455 partem
1884 2382 2067 2452 elugii,

491 2462 633 2542 quo'd
671 2474 988 2532 Vincentius
1030 2473 1237 2531 Simius
1283 2475 1341 2530 in
1387 2473 1644 2546 Catalogo
1689 2473 2075 2546 virorumillu:

492 2556 684 2620 strium
731 2564 1175 2637 Cougregationis
1214 2564 1686 2621 Vallis-Umbrosa:
1729 2566 1797 2621 ad
1834 2565 2073 2621 litteram

492 2657 537 2713 H
553 2671 674 2728 pag.
694 2655 815 2723 154,
840 2655 920 2712 sic
943 2655 1288 2731 concinnavit
1309 2675 1323 2710 :
1351 2674 1371 2708 ι
1398 2654 1755 2726 Hieronymus
1786 2654 2073 2710 Hadiolen~

492 2749 570 2804 sis
598 2748 753 2804 Prior
778 2747 1065 2804 abbatialis
1108 2746 1282 2818 sancti
1332 2746 1527 2812 Donati
1553 2804 1559 2815 ,
1587 2746 1639 2801 in
1674 2746 1886 2807 Vincla.
1929 2746 2072 2801 inter

492 2842 790 2911 scriptorcs
821 2839 1301 2895 Vallnmbrosanos
1325 2838 1479 2894 valde
1501 2837 1751 2902 celebris,
1776 2838 1993 2910 scripsit
2016 2839 2070 2893 in

489 2934 682 3004 primis
730 2932 900 2989 vitam
936 2932 1107 2989 beatae
1169 2929 1348 2987 Maria:
1401 2929 1658 3001 Virginis,
1724 2944 1854 3001 erga
1909 2943 2079 2999 quam.

492 3022 800 3093 tenerrimae
855 3014 1162 3093 devotionis
1218 3018 1411 3077 aﬂ'eetu
1476 3027 1595 3073 erat
1656 3018 2067 3083 inﬂammatus;

491 3090 686 3168 deinde
730 3090 989 3167 miracu'la
1032 3113 1207 3185 sancti
1257 3110 1478 3168 Joannis
1531 3110 1808 3171 Gualberti
1854 3119 1906 3168 et
1935 3125 2071 3181 opus

491 3201 597 3257 hoc
651 3201 923 3257 dedicavit
980 3203 1264 3274 magniﬁco
1333 3201 1623 3260 Laurentio
1673 3202 1938 3270 Medicas,
1982 3205 2070 3259 cui

493 3292 674 3349 extitit
701 3293 817 3365 ipse
842 3293 1188 3364 singulariter
1210 3304 1493 3367 acceptus;
1522 3307 1785 3366 praeterea
1807 3304 2080 3352 tractatus

493 3384 658 3467 edidit
689 3401 853 3467 super
884 3387 1053 3457 gestis
1082 3386 1387 3459 aliquorum
1426 3388 1728 3451 beatorum,
1780 3404 1942 3459 super
1973 3388 2069 3446 tri-

494 3475 597 3532 bus
627 3466 1140 3544 votis'sulcmnibus,
1171 3493 1334 3550 super
1371 3478 1630 3551 gradibus
1672 3479 1991 3535 humilitatis
2016 3489 2070 3535 et

495 3561 659 3640 super
688 3570 887 3627 virtute
918 3570 1225 3647 patientiae;
1256 3570 1497 3643 epistola:
1522 3580 1703 3628 autem
1723 3571 1792 3626 ab
1820 3586 1887 3627 eo
1908 3572 2067 3635 datae,

495 3671 550 3716 et
579 3660 695 3718 alia:
725 3676 894 3717 sacrae
923 3660 1356 3719 elucubrationcs
1380 3661 1598 3717 fuerunt
1620 3662 1733 3717 fere
1757 3664 2068 3717 innumera-

408 3822 416 3830 .
497 3749 651 3805 biles.
682 3748 760 3804 Ne
792 3758 1065 3807 momento
1096 3751 1311 3821 quidem
1350 3752 1608 3821 temporis
1649 3752 1796 3806 visus
1835 3760 1919 3806 est
1948 3767 2068 3805 um-

501 3856 662 3912 quam
690 3842 846 3895 otiari
873 3857 890 3907 ;
916 3842 1045 3910 quin
1097 3843 1205 3896 imo
1239 3857 1454 3912 semper
1487 3854 1609 3898 actu
1637 3842 1739 3897 fuit
1774 3831 2070 3912 occupatus

524 3949 556 3988 n
581 3933 760 4001 aliquo
778 3932 1029 3988 landabili
1053 3933 1406 3997 exercitiovel
1431 3933 1654 4005 legendo
1680 3934 1763 3989 vel
1783 3935 2070 3992 scribenda

503 4022 579 4077 rel
616 4022 841 4078 orando.
873 4021 1077 4078 Praeter
1107 4024 1270 4079 horas
1302 4024 1592 4080 canonicas
1619 4026 1701 4080 bis
1729 4025 1786 4081 in
1811 4026 1899 4081 die
1924 4027 2066 4081 reci-

499 4113 647 4167 tabat
665 4111 908 4168 Otlicium
933 4113 1167 4184 Virginis
1181 4114 1442 4184 Deiparaz,
1458 4115 1625 4171 semel
1649 4116 1701 4171 in
1725 4117 1815 4172 die
1835 4115 2066 4173 oﬂicium

498 4203 895 4266 defunctorum,
952 4201 1197 4258 Psalmos
1240 4203 1540 4261 Graduales
1575 4213 1632 4263 et
1663 4204 2068 4261 Pmnitentiales

496 4308 618 4348 cum
643 4292 872 4349 Litaniis
900 4301 949 4346 et
981 4292 1433 4373 prccibus.tUltra
1465 4304 1755 4351 consuetas
1796 4294 2070 4364 religionis

499 4385 950 4456 Quadragesimas
991 4393 1046 4439 et
1076 4384 1303 4455 jcjunia,
1341 4386 1504 4440 etiam
1545 4386 1667 4440 aliis
1709 4386 2070 4455 superadditis

2168 1933 2455 2005 collegium
2519 1931 2827 1989 institutum
2875 1946 2906 1986 a
2975 1931 3409 1995 Florentinorum
3453 1931 3745 2003 przesuium

2167 2025 2392 2081 arbitrio
2416 2023 2719 2096 dependere
2747 2021 3006 2079 decrevit.
3041 2042 3062 2076 ι
3098 2022 3233 2079 Tum
3273 2023 3416 2078 subit
3441 2021 3746 2077 donationis

2170 2115 2613 2180 instrumentum,
2664 2113 2807 2184 quod
2856 2114 2945 2169 hic
2986 2113 3266 2169 brevitatis
3312 2128 3472 2168 causa
3528 2111 3743 2167 omitto.

2170 2203 2381 2274 Ugbelli
2403 2203 2711 2274 Opinionem
2738 2202 2984 2272 sequitur
3005 2201 3343 2259 Maltillonius
3367 2204 3419 2257 in
3449 2202 3755 2257 Annalibus-

2171 2293 2536 2350 Bcuedictinis
2567 2295 2695 2348 tom.
2726 2293 2817 2351 IV.
2847 2292 2914 2348 ad
2936 2292 3137 2348 annum
3164 2283 3361 2349 Christi
3392 2293 3550 2359 i0i3;
3580 2307 3741 2365 quam

2170 2385 2335 2440 etiam
2362 2397 2463 2452 ego
2493 2391 2554 2437 ut
2580 2383 3029 2440 verosimiliorem
3057 2384 3371 2455 amplector.

2239 2475 2327 2532 56.
2360 2475 2476 2530 Non
2509 2491 2726 2544 possum
2754 2477 2883 2544 quin
2937 2477 3230 2532 hic-obiter
3274 2475 3541 2548 corrigam
3588 2490 3742 2531 erro-

2172 2582 2329 2624 neam
2351 2566 2641 2623 Mabillonii
2678 2570 3071 2638 conjecturam.
3095 2583 3254 2638 quam
3278 2570 3330 2623 in
3351 2568 3538 2624 iisdem
3564 2566 3746 2623 Anna-

2171 2659 2310 2714 libus
2330 2658 2398 2713 ad
2431 2673 2633 2713 annum
2664 2659 2865 2715 Christi
2892 2659 3048 2721 1028,
3082 2660 3429 2716 donationem
3453 2658 3743 2730 quamdam

2172 2750 2445 2807 Lamlterti
2482 2752 2721 2822 episcopi
2750 2752 3041 2809 Florentini
3070 2755 3398 2810 monasterio
3422 2752 3482 2810 S.
3509 2752 3759 2809 Miniatis'

2170 2839 2369 2896 factam
2407 2842 2863 2906 commemorans,
2919 2844 2997 2897 sic
3025 2845 3295 2913 proponit.
3349 2862 3370 2896 ι
3427 2843 3518 2900 His
3548 2843 3746 2899 litteris

2171 2929 2535 2992 subscribunt,
2566 2937 2626 2983 ut
2662 2945 2783 2983 mox
2838 2930 3109 2995 dicebam,
3138 2932 3246 2987 Leo
3268 2933 3437 2988 abbas
3476 2933 3541 2987 de
3562 2946 3747 2986 mona-

2171 3020 2338 3078 sterio
2364 3018 2421 3075 S.
2451 3018 2708 3087 Miniatis,
2738 3030 2795 3076 et
2820 3030 2942 3091 post
2977 3036 3100 3076 eum
3147 3022 3366 3077 Theuzo
3390 3023 3671 3093 presbyter
3691 3030 3746 3076 ct

2173 3112 2506 3179 monachus,
2573 3109 2777 3167 Ottriso
2835 3110 3143 3182 presbyter.
3174 3121 3252 3166 et»
3289 3112 3624 3177 monachus,
3693 3120 3751 3167 et

2173 3206 2444 3265 Johannes
2468 3204 2750 3278 presbyter
2778 3213 2836 3258 et
2857 3204 3167 3260 monachus.
3192 3202 3355 3260 Forte
3376 3204 3421 3259 is
3450 3204 3522 3257 sit
3540 3201 3748 3258 Johan-

2171 3314 2268 3355 nes
2295 3297 2638 3362 Guaibertus,
2673 3296 2763 3369 qui
2791 3296 2891 3352 hoc
2919 3294 3035 3367 ipso
3060 3304 3300 3367 tempore
3325 3294 3393 3350 ad
3422 3293 3485 3351 8.
3513 3295 3751 3350 Miniatis

2171 3387 2557 3444 monasterium
2588 3401 2647 3441 se
2696 3386 2922 3458 recepit.
2966 3403 2989 3439 ι
3018 3384 3182 3440 Miror
3222 3384 3400 3441 virum
3432 3382 3487 3439 in
3514 3384 3751 3453 antiqui-

2174 3479 2378 3534 tatibus
2408 3474 2725 3533 monasticis
2752 3474 3178 3530 versutissimum
3216 3475 3305 3530 hic
3347 3474 3421 3530 ita
3450 3473 3749 3530 hallucina-

2174 3578 2284 3623 tum
2304 3582 2443 3631 esse,
2472 3575 2533 3621 ut
2556 3564 2855 3621 Johanuem
2879 3563 3229 3620 Gualbertum
3261 3562 3551 3620 crediderit
3574 3561 3750 3615 fuisse

2171 3639 2567 3729 presbyterum,
2591 3664 2873 3726 postquam
2929 3655 2983 3710 in
3009 3655 3117 3710 vita
3167 3655 3335 3725 ipsius
3362 3668 3457 3724 per
3497 3653 3557 3707 Β.
3588 3651 3747 3707 Atto-

2169 3764 2292 3813 uem
2319 3747 2520 3819 scripta
2547 3746 2676 3817 legit
2707 3748 2821 3802 haec
2845 3745 3041 3801 verba:
3098 3763 3117 3796 ι
3150 3745 3348 3800 Eomm
3386 3756 3599 3814 quoque
3627 3757 3745 3797 ma—

2169 3843 2336 3912 gister
2369 3857 2558 3898 omnes
2595 3839 2988 3896 ecclesiasticos
3014 3832 3233 3894 ordines
3264 3838 3550 3909 plurimum
3579 3837 3750 3893 bene-

2171 3934 2347 3998 rabat,
2397 3947 2535 4003 quos
2582 3930 2890 3985 Catholicos
2937 3920 3326 3995 esse'sciebat,
3370 3937 3442 3982 tta
3494 3934 3555 3980 ut
3604 3923 3750 3980 fores

2169 4027 2414 4084 ecclesia:
2444 4039 2549 4080 non
2578 4030 2929 4095 praesumeret
2957 4019 3187 4090 aperire,
3222 4020 3321 4073 nisi
3354 4019 3504 4088 prius
3527 4016 3750 4071 ordina-

2173 4132 2258 4174 tus
2312 4118 2508 4188 aliquis
2549 4114 2803 4185 aperiret.
2862 4132 2882 4163 ι
2918 4112 3128 4168 Clarius
3164 4112 3215 4167 id
3266 4110 3427 4165 etiam
3477 4111 3530 4164 in
3558 4107 3744 4164 Sancti

2171 4212 2280 4265 vita
2337 4224 2483 4263 num.
2538 4207 2608 4263 29
2659 4206 2913 4276 exprimit
2971 4204 3030 4259 Β.
3094 4204 3336 4259 Andreas
3378 4202 3461 4259 bis
3521 4202 3750 4257 verbis:

2181 4319 2200 4354 ι
2241 4302 2442 4357 Eorum
2500 4297 2756 4368 Magister
2797 4305 2852 4352 et
2904 4295 3065 4351 Pater
3109 4304 3311 4350 tantam
3356 4284 3499 4349 circa
3560 4304 3754 4345 omnes

2168 4390 2566 4453 ecclesiasticos
2595 4387 2791 4461 gradus
2822 4386 3180 4443 reverentiam
3211 4399 3423 4455 semper
3452 4382 3657 4446 habuit,
3684 4389 3745 4435 ut

501 4474 842 4530 abstinentiis
892 4490 1113 4530 carnem
1163 4477 1489 4538 macerebat,
1520 4477 1660 4531 sicut
1701 4486 1757 4533 et
1797 4476 1991 4532 ciliciis
2015 4486 2067 4530 et
2100 4497 2146 4556 ι)
2173 4482 2479 4539 nullatenus
2506 4479 2794 4550 aliquando
2820 4477 3053 4549 potuerit
3080 4475 3221 4546 cogi,
3250 4490 3351 4531 nec
3378 4474 3540 4528 etiam
3571 4470 3752 4528 ostia-

503 4564 872 4636 frequentibus
918 4566 1387 4638 ﬂagellationibus.
1433 4587 1452 4620 ι
1502 4569 1633 4624 Dein
1676 4568 1880 4624 Simius
1923 4568 2067 4638 piam

500 4656 618 4727 ejus
648 4666 875 4713 mortem
907 4667 1146 4712 enarrat.
1197 4657 1321 4715 Haec
1349 4659 1490 4714 diota
1517 4667 1641 4715 sunt
1691 4660 1757 4713 ad
1783 4658 2068 4712 clariorem

501 4744 859 4814 qumstionum
905 4755 1276 4821 secuturarum
1318 4747 1768 4817 intelligentiam;
1819 4763 1960 4800 nunc
1988 4748 2069 4800 lti-

501 4834 681 4890 stori:e
710 4845 906 4890 nostum
936 4834 1266 4891 illustrandtc
1293 4836 1437 4891 tilum
1475 4852 1833 4892 resumamus.

502 4944 646 5016 §ly.
688 4942 765 5016 De
815 4944 1126 5016 monasterio
1156 4941 1213 4998 S.
1248 4944 1504 5009 Miniatt's,
1550 4946 1691 5016 quod
1735 4946 1797 5001 S.
1838 4945 2070 5001 Joannes

571 5009 884 5064 Cuafbértus
922 5015 1182 5064 inaressus
1208 5023 1307 5064 est.
1331 5030 1493 5064 auare
1527 5009 1659 5064 it'lud
1690 5015 1994 5064 deseruerit.

2173 4575 2284 4628 rius
2311 4571 2464 4628 ﬁeri:
2500 4571 2591 4628 sed
2622 4586 2744 4626 cum
2772 4568 3058 4625 ecclesiam
3084 4566 3287 4635 ingredi
3316 4565 3493 4630 ve!l:t,
3518 4573 3576 4621 et
3600 4562 3746 4619 fures

2170 4672 2355 4720 essent
2376 4661 2592 4726 clausae,
2627 4674 2723 4716 eas
2751 4658 2954 4729 ingredi
2987 4656 3136 4712 nulio
3166 4655 3324 4711 modo
3369 4653 3746 4724 prtesumebat,

2170 4755 2341 4811 donec
2364 4752 2650 4821 Ostiarius,
2678 4749 2770 4820 qui
2796 4748 2913 4804 illas
2939 4749 3193 4819 aperiret,
3228 4753 3535 4802 vocaretur.
3580 4764 3600 4796 ι

2238 4843 2326 4896 57.
2359 4841 2513 4898 Nunc
2557 4841 2727 4896 altera
2778 4841 3106 4896 instituenda
3147 4846 3231 4894 est
3284 4836 3532 4901 uttaastio,
3576 4850 3750 4906 eaque

2171 4933 2458 4997 dilIicilior,
2527 4930 2733 4986 scilicet
2781 4946 2945 4999 quam
2992 4928 3063 4985 ob
3118 4941 3339 4984 causam
3395 4927 3454 4984 S.
3512 4929 3749 4983 Joannes

2169 5020 2491 5064 Ωιιειηιριιιιιςι
2519 5020 2797 5064 nmfnlnm
2831 5018 2889 5064 ἃ.
2953 5018 3187 5064 Minintis
3238 5017 3623 5064 mmmsleriltm
3656 5016 3749 5064 de-
