4122 5330
364 324 479 383 79.1-

1875 315 2073 378 ACTA.

3507 320 3619 375 733

365 452 488 507 cap.
517 433 598 493 8:
635 450 655 486 ι
698 433 756 490 lu
784 432 1175 489 eodemautem
1211 430 1544 489 monasterio
1564 438 1684 487 erat
1725 431 1943 501 quidam
1972 440 2020 496 Α
2046 430 2249 500 quique
2301 428 2490 485 videns
2531 428 2714 501 lupum
2759 432 3087 498 venientem,
3131 430 3353 489 dimittit
3396 448 3528 490 oves
3565 446 3622 493 et

364 525 686 591 monachus,
715 523 931 580 nomine
957 519 1214 586 Ubertus,
1241 521 1397 594 valde
1416 520 1670 578 subdolus
1685 530 1737 577 et
1769 530 1946 576 trans-

380 617 520 673 itorii
550 615 773 671 honoris
818 614 1056 669 maxime
1082 613 1332 683 cupidus,
1359 613 1452 682 qui
1480 613 1549 668 de
1564 613 1726 668 rebus
1755 628 1946 668 mona-

377 686 553 769 sterii,
587 704 725 775 prob
757 702 946 759 dolor!
981 702 1175 758 furtive
1219 711 1420 772 quanta
1476 709 1706 771 poterat,
1756 704 1947 772 rapere

365 806 530 866 atque
575 792 853 864 cujusdam
895 790 1120 847 alterius
1158 789 1419 846 Johannis
1465 790 1742 855 custodire,
1786 805 1945 859 quem

368 885 680 941 unanimem
707 881 961 945 habebat,
988 883 1331 937 committere
1364 880 1719 950 disponebat;
1751 893 1947 949 nempe

367 980 430 1026 ut
458 969 596 1028 male
621 970 922 1041 conquisita
971 984 1138 1040 prave
1174 969 1372 1034 dando,
1408 985 1516 1025 non
1565 978 1625 1024 ut
1670 978 1850 1026 custos
1892 977 1948 1024 et

368 1071 556 1134 pastor
578 1061 646 1115 ad
677 1060 937 1132 regimen,
967 1058 1061 1115 sed
1087 1060 1227 1115 sicut
1261 1061 1443 1130 prmdo
1467 1069 1522 1115 et
1551 1068 1735 1133 raptor
1762 1060 1828 1114 ad
1853 1058 1948 1114 do-

370 1149 598 1205 minium
625 1146 855 1203 abbatitc
874 1146 1197 1218 quandoque
1222 1147 1532 1218 pertingere
1570 1155 1773 1217 posset,
1805 1146 1945 1215 quod

362 1239 583 1296 ellieere
613 1240 801 1309 spiritu
824 1239 1075 1295 elationis
1091 1253 1415 1310 magnopere
1441 1238 1646 1294 studuit
1663 1245 1946 1309 postquam

366 1333 560 1389 beatus
600 1329 871 1386 Johannes
913 1329 1148 1386 abbatis:
1195 1329 1493 1384 dominium
1550 1342 1679 1384 usus
1722 1325 1947 1383 consilio

368 1421 746 1492 praedictorum
777 1421 1001 1474 duorum
1039 1418 1357 1475 humilitatis
1404 1408 1593 1487 spiritu
1625 1415 1881 1471 deseruit.
1922 1408 1945 1468 .‘

439 1509 529 1564 38.
561 1527 580 1560 ι
613 1508 951 1579 Quapropter
981 1509 1119 1562 idem
1152 1508 1382 1563 Ubertus
1408 1505 1735 1562 Florentiam
1762 1520 1948 1576 perre-

372 1600 471 1665 xit,
501 1608 557 1654 et
581 1597 966 1662 Viccdominis,
983 1585 1052 1654 ut
1077 1616 1136 1655 se
1155 1600 1411 1670 juvareut
1438 1598 1577 1670 apud
1610 1598 1942 1668 episcopum,

369 1698 587 1745 rentum
618 1686 818 1742 solidos
868 1703 1079 1750 aureos,
1129 1688 1379 1759 episcopo
1416 1702 1615 1753 autem,
1644 1687 1828 1742 Attoni
1853 1678 1947 1743 uo¥

369 1776 533 1841 mine,
559 1777 780 1831 multam
821 1777 1104 1847 pecuniam
1152 1792 1250 1847 pro
1300 1775 1442 1832 dicta
1498 1775 1715 1831 abbatia
1766 1777 1938 1831 sancti
1976 1768 2016 1826 Β

368 1862 606 1920 Miniatis
634 1867 697 1920 da
708 1881 764 1919 re
790 1866 1035 1936 promisit
1054 1882 1072 1931 ;
1090 1874 1341 1936 argutam,
1363 1864 1575 1921 diabolo
1600 1874 1941 1945 suggerente,

367 1954 463 2008 diu
485 1955 851 2027 concupierat,
878 1957 1065 2010 eodem
1104 1956 1487 2025 persuadente,
1532 1952 1643 2024 jam
1694 1955 1945 2010 invadere

364 2042 671 2116 satagebat.
722 2043 887 2116 lgitur
930 2045 1170 2115 pecuniae
1216 2044 1468 2114 pactione
1506 2052 1839 2114 perpetrata,
1890 2054 1945 2097 et

366 2137 603 2193 abbatia:
655 2147 922 2209 potestate
970 2139 1042 2193 ita
1100 2138 1407 2195 Simouiace
1454 2144 1724 2209 suscepta,
1804 2138 1944 2193 idem

374 2228 631 2296 Ubertus,
680 2229 733 2285 id
780 2238 867 2285 est
911 2230 1190 2284 aliundaus
1217 2230 1284 2284 ad
1320 2243 1484 2285 omne
1508 2229 1730 2296 malum,
1755 2237 1810 2283 et
1838 2243 1944 2283 non

364 2318 439 2373 ad
488 2318 707 2382 bonum,
758 2320 1044 2390 quemdam
1110 2318 1384 2374 hominem
1447 2319 1517 2374 ad
1555 2317 1944 2374 monasterium

365 2410 649 2481 praefatum
698 2412 941 2483 ejusdem
992 2413 1164 2469 sancti
1205 2410 1442 2468 Miniatis
1483 2411 1655 2477 misit,
1695 2420 1858 2481 atque
1882 2410 1948 2465 de

361 2497 612 2556 Johanue
642 2500 1040 2572 consanguinea
1087 2500 1556 2557 ViceJominorum
1607 2501 1941 2570 interrogate

368 2589 598 2663 attonuit,
618 2598 679 2648 et
704 2591 936 2659 qualiter
960 2593 1231 2647 abbatiam
1252 2592 1569 2662 praedictam
1600 2591 1942 2660 acquisisset,

368 2682 570 2750 quidve
624 2696 723 2753 pro
767 2697 832 2736 ea
878 2683 1103 2738 daturus
1142 2694 1285 2738 esset
1343 2682 1659 2746 nuntiaret;
1720 2680 1947 2749 ideoque

366 2772 674 2842 pecuniam,
731 2788 892 2843 quam
946 2773 1018 2828 illi
1078 2774 1401 2838 crediderat,
1461 2773 1586 2830 illuc
1642 2772 1743 2828 sibi
1794 2787 1946 2827 man-

364 2861 545 2917 daret.
586 2881 605 2916 ο

433 2952 527 3007 59.
566 2969 586 3005 ι
621 2952 704 3008 Ad
733 2954 1115 3009 monasterium
1134 2954 1302 3026 igitur
1338 2955 1510 3011 sancti
1548 2952 1785 3009 Miniatis
1807 2967 1948 3024 prte-

366 3044 576 3099 dictum
627 3042 816 3100 Uberti
863 3045 1071 3116 legatus
1141 3061 1237 3102 Seu
1308 3048 1527 3102 nuntius
1580 3044 1824 3111 veniens,
1887 3052 1943 3099 et

364 3132 668 3190 Johannem
708 3131 1180 3191 Vicedomiuorum
1203 3136 1681 3206 consanguineum,
1722 3133 1941 3204 perqui~

367 3239 518 3295 reus,
543 3227 651 3282 Deo
676 3229 1026 3291 concedente,
1051 3227 1325 3284 Johaunes
1348 3226 1625 3284 Gualberti
1653 3227 1754 3281 hoc
1781 3225 1942 3280 modo

364 3326 591 3389 "optet
630 3317 896 3383 eumdem,
936 3318 1292 3374 Gnalbertum
1321 3308 1528 3390 patrem
1578 3332 1734 3373 suum
1760 3324 1841 3372 est
1867 3315 1940 3370 illi

366 3411 561 3464 nuntio
594 3410 856 3465 deductus
916 3413 1005 3479 qui
1045 3409 1366 3466 Gualbcrtus
1414 3408 1760 3464 nihilominus
1789 3407 1943 3463 Vice-

366 3498 706 3554 dominornm
750 3498 1034 3555 Florentia:
1079 3509 1197 3555 erat
1239 3508 1294 3555 et
1330 3490 1788 3570 consanguineus.
1841 3495 1940 3552 Cui

364 3586 561 3645 Joanni
616 3588 930 3654 Gualberto,
976 3604 1097 3646 cum
1158 3590 1390 3647 nuncius
1445 3604 1513 3646 ex
1562 3598 1718 3661 parte
1755 3587 1941 3645 liberti

366 3680 652 3752 pecuniam
678 3682 780 3738 sibi
803 3683 1198 3738 eommodatam
1220 3691 1507 3754 quareret,
1540 3691 1594 3739 et
1615 3681 1847 3754 qualiter
1874 3681 1943 3736 ad

373 3771 606 3827 abbatis:
635 3771 931 3828 dominium
958 3773 1070 3844 ipse
1094 3775 1426 3844 pervenisset
1469 3781 1781 3845 exponeret,
1813 3787 1943 3827 cou—

366 3858 543 3917 ﬁdens
587 3862 729 3932 quod
773 3863 859 3918 ille
903 3874 1049 3919 esset
1097 3865 1161 3920 de
1238 3850 1344 3934 quo
1407 3862 1642 3920 Ubertus
1689 3862 1940 3928 dixisset,

368 3965 493 4006 ωυκ
538 3950 772 4011 Joannes
811 3954 1021 4021 beatus,
1070 3954 1292 4026 simplex
1333 3965 1384 4013 et
1422 3968 1601 4013 rectus
1641 3972 1704 4012 ac
1746 3958 1945 4011 timens

371 4040 565 4108 Demn,
590 4052 644 4097 et
672 4042 814 4099 velut
847 4044 984 4098 alius
1032 4042 1132 4100 Job
1164 4047 1418 4102 recedens
1468 4062 1497 4100 a
1530 4046 1693 4111 malo,
1717 4044 1945 4099 crimine

367 4129 669 4189 coufratris
716 4143 769 4189 et
816 4135 1066 4190 monachi
1112 4134 1300 4192 Uberti
1350 4135 1562 4192 erubuit
1590 4135 1827 4205 satisque
1852 4136 1942 4189 do-

368 4220 499 4285 luit,
543 4233 599 4277 et
631 4223 792 4280 nimis
836 4224 1109 4280 admirans
1150 4224 1306 4293 dixit,
1364 4225 1610 4296 exemplo
1648 4222 1945 4280 Salvatoris

367 4315 579 4385 (ingens
626 4329 685 4370 se
738 4315 946 4386 longius
974 4317 1089 4371 ire:
1135 4315 1269 4383 lloc,
1313 4315 1502 4382 frater,
1551 4316 1694 4386 quod
1745 4316 1944 4386 qureris

369 4402 577 4460 liberto
628 4402 998 4469 deferendum,
1052 4415 1106 4459 et
1160 4407 1413 4476 episcopo
1464 4421 1529 4461 ac
1583 4403 1943 4461 Vicedomiuis
1973 4402 3250 4484 DLambertumepiscopumeumfuisse,quiob
3273 4402 3619 4489 St’tnouiasti-~

369 4492 626 4551 dandum.
679 4496 771 4551 tibi
825 4500 1205 4551 convenienter
1251 4498 1491 4551 praebere
1542 4512 1647 4551 non
1690 4497 1856 4551 valeo.
1899 4496 1943 4551 si
2010 4492 2179 4545 ’littm
2202 4490 3076 4549 JohauuiGualbcrtoseeedendie
3104 4496 3619 4551 monasteriosancti

369 4492 626 4560 dandum,
679 4496 771 4552 tibi
825 4500 1205 4555 convenienter
1251 4498 1491 4568 praebere
1542 4512 1647 4552 non
1690 4497 1856 4560 valeo,
1899 4496 1943 4551 si

366 4599 478 4640 nou
506 4586 557 4639 id
613 4587 783 4655 ipsum
830 4601 1011 4643 coram
1058 4588 1254 4643 ceteris
1287 4586 1565 4643 monachis
1605 4588 1659 4641 et
1687 4584 1946 4642 fratribus

370 4676 594 4740 dixeris,
649 4687 707 4731 ut
755 4677 882 4747 mihi
934 4688 1098 4734 testes
1146 4666 1538 4748 possint‘fleri,
1589 4678 1752 4747 quod,
1799 4679 1945 4749 quod

368 4766 592 4833 quieris,
626 4767 827 4823 Uberto
855 4769 1242 4822 mandaverim.

439 4856 530 4909 ιιι).
569 4876 587 4908 α
638 4856 748 4913 Hoc
780 4857 945 4927 igitur
968 4858 1206 4914 remedio
1232 4867 1419 4913 contra
1452 4858 1697 4914 morbqu
1722 4872 1943 4913 execra-

369 4944 531 5000 bilem
561 4946 688 5001 dicti
722 4946 906 5002 chrti
962 4948 1150 5002 beatus
1176 4946 1446 5002 Johaunes
1482 4956 1567 5002 est
1606 4961 1751 5013 usus,
1793 4961 1943 5002 more

367 5035 515 5089 cauti
570 5035 787 5101 medici,
833 5028 1031 5094 volens
1072 5040 1341 5092 contraria
1386 5038 1679 5094 contrariis
1723 5054 1940 5105 curare,

371 5132 430 5178 ut
484 5126 595 5194 ipse
640 5121 873 5182 Ubertus
914 5129 1098 5183 videns
1143 5128 1438 5197 publicmu,
1494 5128 1636 5199 quod
1684 5129 1942 5184 credebat

367 5228 488 5271 esse
523 5228 814 5281 secreium,
867 5228 920 5272 et
947 5220 1027 5275 sic
1059 5219 1226 5273 nimio
1252 5223 1449 5276 rulmre
1493 5220 1747 5277 confusus
1771 5220 1939 5277 decli-

367 5316 518 5330 ..ιι-ιιι
570 5322 593 5330 Α
657 5308 790 5330 ,ΙΞηιΑ
829 5310 961 5330 μ-.-
1027 5318 1067 5330 -a
1126 5308 1321 5330 Ρ.--...-ι
1372 5312 1383 5330 I
1418 5327 1469 5330 ___
1501 5327 1509 5330 _
1553 5327 1563 5330 _
1642 5311 1839 5330 _-‘.I!--n
1880 5309 1936 5330 .I..

2047 518 2202 589 fugit,
2230 519 2355 590 quia
2382 522 2750 577 mercenarius
2779 533 2882 587 est,
2927 532 3111 577 etnon
3142 523 3376 592 pertinet
3397 523 3465 579 ad
3497 538 3619 579 eum

2047 608 2113 664 de
2138 605 2359 673 ovibus,
2392 610 2684 665 secundum
2710 613 3073 681 evangelicam
3114 613 3417 670 veritatem.
3445 613 3624 686 Atque

2043 697 2211 751 etiam
2250 695 2475 763 sciebat,
2528 708 2686 769 prout
2731 700 3032 767 audiverat,
3083 702 3345 774 scriptum
3397 718 3520 760 esse
3569 706 3621 759 in

2047 786 2219 841 sacris
2269 789 2659 855 sanctionibus,
2717 797 2774 844 ut
2806 790 2949 846 sicut
3002 790 3310 849 Simoniaca
3342 794 3511 865 pestis
3535 795 3618 848 sui
3665 792 3679 807 '

2047 870 2415 945 magnitudine
2451 874 2588 932 alios
2614 877 2833 932 morbos
2872 880 3038 935 vineit
3064 882 3358 937 secundum
3413 882 3626 938 intelle-

2046 976 2194 1023 ctum
2222 970 2382 1040 juris,
2411 970 2482 1025 ita
2506 972 2627 1028 sine
2653 972 2931 1040 dilatione,
2959 990 3082 1032 mox
3122 985 3180 1031 ut
3204 975 3322 1045 ejus
3348 978 3500 1049 signa
3528 992 3626 1050 per

2047 1056 2284 1127 aliquam
2331 1074 2616 1128 personam
2661 1060 2977 1130 claruerint,
3032 1064 3099 1123 de
3144 1064 3375 1125 ecclesia
3404 1067 3499 1123 Dei
3530 1067 3623 1124 deo

2047 1147 2215 1225 beant
2237 1148 2504 1205 climinari
2530 1162 2692 1222 atque
2718 1153 2967 1224 propelli.
3444 1138 3447 1143 I

2056 1308 2063 1311 _
2116 1237 2204 1293 ιι.
2238 1257 2257 1289 ι
2297 1239 2440 1312 Ergo
2464 1257 2587 1297 cum
2616 1241 2816 1299 fratres
2839 1253 2896 1300 et
2926 1248 3180 1304 monachi
3210 1248 3312 1306 hoc
3334 1234 3629 1324 cognosces

2048 1339 2168 1386 rent
2198 1331 2307 1388 Deo
2336 1333 2573 1413 volente,
2624 1342 2786 1405 atque
2821 1334 3008 1392 liberti
3052 1338 3229 1409 legato
3269 1352 3463 1398 cuncta
3488 1346 3629 1398 rete.

2049 1430 2230 1490 rente,
2260 1412 2557 1494 clunesque
2586 1424 2699 1482 fere
2743 1426 2986 1482 dolerent
3019 1412 3224 1499 pariter
3265 1440 3318 1487 et
3341 1432 3626 1488 erubesce—

2048 1521 2189 1579 rent,
2217 1524 2441 1572 sanctus
2472 1513 2768 1584 Johaunes,
2809 1517 2926 1575 zelo
2950 1518 3045 1575 Dei
3092 1536 3389 1579 succensus
3416 1533 3473 1580 et
3498 1523 3622 1580 fidei

2047 1604 2230 1661 calore
2251 1604 2615 1663 inﬂammatus
2634 1610 2909 1681 armisque
2919 1612 3290 1682 spiritualibns
3304 1614 3626 1686 praecinctus

2047 1695 2219 1753 dixit:
2253 1695 2394 1764 Quid
2439 1711 2568 1770 ergo
2614 1699 2875 1764 dicemus,
2905 1700 3124 1771 fratres,
3168 1713 3263 1761 aut
3304 1706 3433 1776 quid
3463 1704 3628 1761 facie-

2046 1801 2165 1851 mus
2186 1786 2209 1839 ?
2230 1786 2471 1853 Qualiter
2495 1789 2585 1843 hic
2614 1789 2749 1844 ultra
2784 1792 3072 1858 stabimus,
3116 1802 3211 1849 aut
3239 1808 3348 1866 quo
3376 1794 3575 1851 ibimus
3602 1795 3628 1847 γ

2046 1873 2182 1930 Ecce
2215 1875 2418 1931 venditi
2473 1893 2676 1933 sumus.
2727 1879 3109 1938 Mouasterium
3167 1884 3388 1940 emitur.
3438 1884 3625 1941 llonor

2044 1963 2472 2031 ecclesiasticus,
2522 1968 2637 2038 qui,
2681 1969 2901 2025 Christo
2953 1972 3293 2040 iustitnente,
3329 1974 3498 2046 gratis
3543 1984 3629 2030 est

2046 2054 2256 2121 dandus
2291 2070 2357 2112 ac
2384 2058 2556 2127 gratis
2603 2061 2972 2132 accipiendas,
3016 2064 3243 2134 pecunia
3280 2065 3500 2133 emitur,
3528 2080 3627 2136 pe-

2044 2144 2206 2200 cunia
2235 2146 2439 2215 pariter
2467 2150 2789 2217 acquiritur.
2822 2151 3010 2222 Igitur,
3041 2153 3126 2208 his
3152 2154 3336 2221 dictis,
3362 2155 3626 2226 quosdam

2046 2248 2115 2292 ex
2154 2226 2469 2292 monasticis
2517 2246 2573 2294 et
2604 2236 2881 2307 fratribus,
2915 2241 3218 2311 hujnsmodi
3252 2243 3623 2300 Simoniacum

2045 2333 2367 2381 execrantcs
2388 2341 2484 2398 per
2518 2327 2731 2395 diversa
2760 2331 3088 2386 monasteria
3114 2330 3297 2386 statim
3325 2329 3623 2396 collocans,

2046 2429 2168 2470 cum
2194 2430 2302 2472 uno
2326 2430 2534 2483 eorum,
2563 2433 2724 2490 quem
2761 2420 3087 2495 sanctiorem
3111 2422 3385 2489 credebat,
3415 2432 3465 2479 et
3505 2423 3627 2481 ideo

2044 2519 2166 2563 cum
2212 2505 2332 2577 plus
2359 2509 2556 2565 ceteris
2601 2509 2878 2581 diligebat,
2915 2512 3160 2582 protinus
3211 2511 3448 2577 ordinat,
3489 2530 3623 2589 quo-

2045 2597 2206 2661 modo
2232 2596 2473 2655 melioris
2503 2598 2624 2653 vitae
2646 2599 2856 2671 legibus
2892 2616 2951 2657 se
2974 2611 3157 2671 posset
3192 2602 3533 2672 shbmittere,
3562 2619 3630 2660 ac

2047 2686 2343 2743 Simoniaci
2374 2689 2673 2745 dommium
2709 2691 2923 2747 abbatis
2955 2693 3203 2762 evadere,
3248 2710 3371 2751 cum
3398 2696 3515 2767 ejus
3547 2705 3630 2768 ty-

2047 2776 2261 2832 rannidi
2290 2792 2399 2833 nou
2432 2779 2636 2837 valeret
2667 2779 2943 2837 resistere.
2982 2800 3000 2834 ι
3037 2780 3163 2839 Ilaec
3185 2783 3304 2850 ille;
3357 2800 3476 2855 qua:
3508 2787 3626 2856 qui-

2046 2866 2171 2921 dem
2216 2868 2394 2937 quoad
2438 2869 2796 2925 substantiam
2866 2885 2995 2927 vera
3041 2888 3162 2930 esse
3207 2874 3456 2948 arbitror,
3499 2876 3626 2946 quia

2045 2955 2295 3012 eamdem
2322 2957 2592 3015 discessus
2626 2974 2846 3017 causam
2900 2961 3263 3031 antiquissimi
3314 2963 3438 3019 vitae
3486 2968 3627 3021 scri-

2046 3054 2229 3116 ptores
2281 3048 2443 3104 etiam
2496 3051 2768 3105 memoria:
2827 3051 3198 3120 prodiderunt.
3241 3054 3311 3111 At
3357 3058 3622 3126 suspicor,

2042 3136 2746 3209 quasdamciz-eumstantias
2770 3142 2837 3199 ab
2850 3143 3324 3202 AndreaJanuensi
3348 3147 3626 3220 ingeniose

2044 3243 2165 3284 esse
2197 3230 2553 3300 excogitatas.

2113 3314 2202 3369 42.
2234 3316 2569 3373 Mabillonius
2624 3330 2783 3391 negat
2816 3322 2875 3378 8.
2910 3321 3101 3379 Joanni
3144 3325 3438 3382 Gualberto
3476 3327 3620 3382 hanc

2043 3403 2210 3460 fuisse
2260 3406 2567 3463 discedendi
2621 3425 2862 3480 causam,
2908 3422 2964 3467 et
3014 3424 3412 3484 consequenter
3451 3425 3620 3472 totam

2044 3494 2271 3551 Andrezc
2294 3494 2582 3553 Jauucnsis
2611 3499 2893 3556 historiam
2944 3501 3193 3561 falsitatis
3230 3504 3405 3575 arguit
3430 3504 3481 3559 in
3507 3505 3617 3561 An-

2045 3585 2255 3642 nalibus
2278 3584 2640 3646 Benedictiuis
2661 3584 2792 3646 tom.
2816 3582 2988 3657 ‘lV,ad
3012 3582 3214 3650 annum
3238 3593 3619 3661 Christi1032,

2044 3676 2118 3732 ita
2150 3678 2448 3748 disputans.
2491 3699 2509 3732 ι
2534 3681 2818 3747 Florentia:
2839 3683 2893 3739 in
2920 3683 3070 3757 Italia
3102 3684 3424 3741 Lambertus
3439 3686 3617 3757 piissi-

2047 3788 2166 3849 mus
2194 3774 2440 3842 antistes,
2476 3791 2654 3832 rermn
2684 3776 3037 3832 humanarum
3064 3787 3345 3849 pertaesus,
3362 3779 3628 3850 pastorali

2042 3876 2175 3918 cura
2231 3864 2333 3919 hoc
2376 3879 2521 3921 anno
2564 3865 2834 3932 abdicata,
2888 3866 3057 3922 vitam
3098 3869 3455 3926 monasticam
3500 3885 3623 3926 am.

2044 3950 2234 4021 plexus
2260 3962 2363 4018 est,
2388 3967 2495 4024 quo
2525 3955 2575 4009 iu
2609 3956 2733 4011 vita:
2762 3969 2961 4027 genere
2993 3944 3414 4027 incomparabile
3441 3958 3623 4029 probi-

2047 4040 2173 4095 tatis
2201 4041 2502 4113 exemplum
2547 4045 2902 4114 prmseutibns
2952 4048 3293 4117 posterisque
3344 4063 3513 4117 usque
3550 4048 3620 4103 ad

2044 4131 2251 4187 obitum
2303 4128 2551 4202 praebuit.
2587 4132 2700 4205 line
2746 4136 2996 4205 exemplo
3048 4120 3240 4192 Petrus
3295 4137 3621 4193 Damianiin

2046 4235 2140 4274 sua
2172 4221 2243 4274 ad
2288 4219 2565 4275 Nicolaum
2605 4221 2805 4291 l’apam
2858 4224 3085 4292 epistola
3133 4225 3523 4279 abdicationem
3564 4236 3621 4280 ct

2047 4310 2160 4378 ipse
2211 4326 2363 4363 suam
2403 4311 2793 4380 comprobavit.
2830 4311 2945 4366 Non
2986 4327 3119 4384 ergo
3165 4312 3459 4368 verisimile
3508 4324 3611 4376 est,

2044 4396 2711 4470 Lambertnmepiscopum
2727 4417 2850 4456 eum
2866 4401 3050 4469 fuisse,
3074 4403 3165 4472 qui
3180 4402 3250 4458 ob
3273 4395 3526 4458 Simonis:
3548 4422 3567 4457 ι
3582 4407 3619 4458 i-

2046 4579 2281 4636 Miniatis
2309 4578 2649 4638 Oceasionem
2678 4582 2991 4653 praebuerit.
3039 4582 3226 4655 Neque
3252 4585 3305 4639 id
3332 4586 3493 4639 tribui
3522 4602 3615 4654 pn-

2046 4668 2151 4729 test
2184 4660 2384 4729 Atboui
2410 4660 2680 4745 episeopo,
2710 4673 2985 4731 Lamberti
3009 4678 3333 4738 successori,
3360 4676 3446 4747 qui
3483 4692 3612 4746 prm-

2043 4765 2126 4819 sul
2181 4778 2382 4820 aeterna
2439 4766 2699 4821 memoria
2742 4765 2935 4838 dignus
2990 4756 3421 4832 fuisse'dicitur;
3452 4769 3617 4841 idque

2043 4854 2275 4923 probant
2319 4856 2532 4926 egregia
2585 4856 2703 4927 ejus
2749 4853 2913 4920 facta,
2963 4871 3085 4925 qute
3126 4854 3382 4926 Ughellus
3425 4856 3610 4917 refert,

2042 4932 2252 5002 scilicet
2306 4946 2588 5003 benefacta
2632 4946 2749 5015 ejus
2784 4958 2896 5002 tum
2948 4949 3002 5003 in
3036 4946 3323 5002 ecclesiam
3346 4946 3609 5002 Florenti-

2042 5022 2187 5102 nam,
2233 5044 2344 5092 tum
2366 5038 2419 5092 in
2447 5036 2768 5095 Miniatense
2794 5038 3205 5095 monasterium.
3250 5056 3279 5093 λ

2111 5125 2198 5180 45.
2217 5120 2437 5196 Deinde,
2450 5127 2610 5185 allato
2643 5127 3230 5199 fragmentocujusdam
3252 5125 3614 5186 instrumenti,

2040 5239 2150 5296 quo
2183 5214 2435 5280 laudatur
2476 5210 2797 5284 Miniatense
2846 5226 3254 5299 monasterium,
3298 5226 3378 5281 sic
3400 5222 3612 5320 pergit:
