4122 5330
426 143 544 204 713

1494 145 1548 201 S.
1586 141 1870 202 ιοΑΝΜς
1900 137 2290 202 GUALBERTI
2325 141 2610 198 ABBATIS

3578 137 3682 199 ω

439 258 808 331 possessiones
844 259 928 312 ab
954 247 1331 320 llildebrando,
1380 256 1667 313 Lamberto
1717 266 1772 312 et
1800 247 2010 334 Athone
2038 261 2084 330 Α
2113 257 2217 310 Ιῑιει
2244 255 2517 311 abbatissa
2539 265 2699 308 unam
2718 268 2936 310 causam
2966 241 3293 328 memorans,
3319 243 3542 314 alteram
3570 275 3680 317 nou

438 350 704 422 episcopis
735 361 1020 404 concessas
1067 346 1368 426 conﬁrmat.
1416 339 1702 426 Lamberto
1751 348 2010 422 successit

418 435 969 505 ‘Gerardus,'natione
991 424 1314 509 Burgundio,
1338 425 1520 510 quiob
1537 424 1822 510 praeclaras
1847 441 2010 496 animi

438 529 591 586 dotes
639 531 704 583 ad
758 523 1127 582 Florentiuum
1168 527 1538 607 episcopatum.
1576 525 1852 600 promotus
1907 542 2009 597 est,

439 633 654 680 creatus
681 623 892 677 demum
921 614 1154 690 pontifex
1187 622 1286 676 sub
1313 623 1528 676 nomine
1557 622 1760 678 Nicolai
1794 623 1871 689 ll;
1905 625 2012 694 quo

436 715 708 784 episcopo,
738 703 1145 767 celeberrimum
1195 697 1598 775 monasterium,
1649 700 1818 769 sancti
1846 697 2012 769 Salvii

435 802 654 857 nomine
682 788 1014 872 insignitum,
1064 801 1270 857 duobus
1299 803 1366 856 ab
1401 803 1532 857 urbe
1557 791 1828 857 Florentia
1855 797 2013 858 milli-

439 893 564 958 bus,
611 905 641 946 a
683 885 926 946 Iohanne
967 885 1290 947 Cualberto"
1319 887 1744 948 Vallumbrosaui
1797 893 2012 949 Ordinis

433 983 742 1039 institutore
769 974 1043 1038 conditum
1071 993 1174 1037 est.
1199 983 1385 1038 Nullus
1415 985 1484 1038 iu'
1516 975 1600 1040 bis
1622 985 1782 1054 [locus
1812 992 1894 1039 est
1922 984 2012 1039 Si-

435 1073 683 1128 monian
713 1071 785 1126 illi
827 1073 1101 1141 episcopo",
1142 1061 1229 1140 qui
1260 1070 1489 1125 Johanui
1530 1073 1809 1127 secedendi
1857 1087 2013 1128 occa-

433 1165 644 1223 sionem
694 1155 1004 1234 praabuerit,
1044 1163 1216 1234 qualis
1263 1164 1331 1218 ab
1377 1161 1590 1219 Athone
1638 1164 1692 1219 i'u
1733 1163 1850 1234 ejus
1890 1164 2011 1219 Vita

434 1252 775 1324 cenlingitur.
822 1250 874 1306 ι’·
1202 1270 1203 1273 ‘
1269 1248 1271 1251 ’
1613 1263 1616 1265 ’
1679 1258 1683 1261 ”

505 1343 594 1396 44.
626 1343 754 1398 [hoc
777 1357 881 1398 non
925 1341 1214 1411 incongrua
1253 1329 1481 1398 suntut
1534 1344 1762 1413 probent
1809 1342 2009 1398 nullum

436 1445 512 1486 ex’
530 1432 614 1486 bis
641 1428 932 1487 nominatis
969 1426 1238 1501 episcopis
1263 1417 1570 1487 Sim'oniaca
1597 1417 1714 1485 labe
1739 1417 2008 1505 contami-

434 1527 621 1573 natum
674 1518 874 1574 fuisse:
921 1518 1000 1573 ‘At
1046 1517 1244 1574 durum
1294 1519 1422 1573 mihi
1471 1519 1680 1574 videtur
1725 1528 2010 1597 propterea

2112 346 2363 401 excludit.
2398 346 2507 400 lmo
2539 343 2652 400 fieri
2683 346 2876 425 potuit,
2907 353 2967 420 ut
2995 345 3247 401 maluerit
3283 345 3339 402 S.
3364 348 3595 406 Joannes
3624 353 3681 406 in

2086 439 2231 513 loco
2281 437 2521 492 solitario
2572 439 2736 490 vitam
2784 453 2962 509 agere,
3015 441 3173 508 quam
3235 438 3334 495 sub
3373 440 3681 497 Simoniaco

2114 529 2328 594 abbate,
2362 528 2428 582 ab
2453 527 2760 604 hominibus
2787 529 3132 584 saecularibus
3170 531 3393 585 multum
3427 531 3679 602 frequen-

2115 619 2226 671 tato
2260 616 2458 672 vivere.
2499 617 2658 672 Certe
2694 618 3079 673 monasterium
3115 619 3172 674 S.
3199 609 3451 698 ‘Miuiatis‘
3491 621 3680 686 decem

2113 705 2278 762 au‘ni‘s'
2308 717 2433 763 ante
2460 709 2527 764 ab
2545 708 2691 764 omni
2716 710 2956 765 salculari
2979 700 3202 782 strepitu
3230 712 3394 768 fuisse
3417 723 3679 769 remotum

2111 796 2304 866 probat
2337 785 2403 851 ex
2440 787 2621 852 verbis
2659 797 2931 854 Lamberti
2967 799 3200 870 episc0pi
3241 800 3533 856 Florentiui
3567 804 3682 872 ipse

2114 883 2463 941 Mabillonius'
2501 896 2644 943 tomo
2694 889 2859 944 citato
2911 891 2980 946 ad
3029 905 3228 944 annum
3264 891 3461 966 Christi
3504 893 3678 948 1028:

2119 996 2138 1029 ι
2165 979 2352 1032 Annus
2381 979 2622 1033 decimus
2645 980 2863 1049 quintus
2897 989 3034 1047 erat,
3063 965 3256 1052 inquit,
3281 999 3345 1036 ex
3366 999 3472 1052 quo
3498 982 3681 1038 Hilde-

2112 1070 2350 1125 brandus
2374 1062 2714 1126 Florentinus
2747 1073 2974 1128 antistes
3006 1077 3176 1130 sancti
3230 1077 3466 1134 Miniatis
3489 1092 3680 1134 mona-

2112 1161 2332 1215 sterium
2348 1162 2764 1229 instauravcrat,
2779 1179 2898 1218 cum
2924 1161 3240 1220 Lambertus
3250 1166 3363 1234 ejus
3378 1183 3679 1233 successor,

2111 1264 2216 1306 non
2265 1251 2424 1306 modo
2469 1252 2549 1306 sui
2605 1241 2903 1308 decesseris
2957 1255 3376 1326 muniﬁcentiam
3414 1256 3677 1328 probavit,

2111 1342 2208 1397 sed
2250 1333 3025 1409 etiamlnovisdonationibus
3071 1347 3243 1407 auxit,
3299 1345 3402 1410 hac
3451 1346 3682 1402 maxime

2111 1434 2373 1512 adductus
2400 1434 2628 1512 ratione,
2652 1435 2793 1505 quod
2823 1436 2909 1490 hic
2945 1436 3092 1490 locus
3123 1444 3269 1507 tanto
3299 1445 3441 1491 esset
3469 1436 3682 1495 salvan—

2112 1526 2193 1582 dis
2220 1508 2501 1581 animabus
2521 1508 2774 1594 habilior,
2809 1535 3012 1600 quanto
3043 1535 3096 1581 et
3124 1542 3153 1581 a
3180 1527 3419 1582 saeculari
3455 1527 3683 1583 tumultu

433 1609 494 1666 Β.
530 1611 714 1666 At‘to‘ni
763 1611 1030 1666 ﬁctionem
1073 1610 1338 1681 'objicere,
1375 1605 1470 1675 et,'
1501 1608 1643 1679 quod
1692 1611 1876 1664 durius
1903 1604 2006 1676 est,
2041 1597 2086 1655 Β
2115 1615 2391 1694 remotior,
2417 1605 2503 1696 Iet'
2540 1597 2954 1686 Sanctorumibi
3002 1607 3392 1687 quiescendum
3428 1617 3684 1688 religione

433 1700 499 1754 Β.
548 1702 1073 1772 Andremscripwri
1121 1711 1301 1757 σθωνο
1348 1702 1505 1756 tidem
1543 1701 1684 1755 nolle
1732 1701 2017 1755 adhibere;

437 1793 620 1848 Malim
669 1785 1042 1865 ego'cre'dere
1098 1782 1247 1848 'bunc
1287 1789 1651 1847 Simoniacum
1699 1792 2008 1862 episc0pum

438 1883 707 1954 (quisquis
732 1885 778 1939 is
801 1883 1014 1938 demum
1051 1878 1246 1949 fuerit,
1282 1895 1404 1937 nam
1431 1883 1579 1938 beati
1619 1881 1750 1936 Vita:
1777 1882 2008 1950 scripto-

434 1987 524 2028 res
563 1987 755 2027 nomen
781 1972 896 2041 ej'us
919 1971 1032 2027 non
1064 1969 1423 2042 exprimunt,)
1447 1972 1498 2026 in
1521 1965 1766 2042 catalogo
1791 1971 2010 2028 Floren-

436 2063 671 2117 tinorum
698 2061 984 2133 praasuluiu
1008 2076 1126 2117 esse
1145 2061 1423 2126 omissum,
1454 2071 1545 2114 aut
1569 2060 1700 2115 alios
1728 2076 1832 2116 non
1862 2063 2009 2114 recte

435 2137 757 2218 coilocatos,
779 2162 872 2207 aut
898 2154 1133 2223 denique
1159 2152 1390 2222 aiiquem
1419 2167 1484 2207 ex
1512 2152 1782 2221 praedictis
1807 2151 2010 2221 cpisco-

434 2246 539 2314 pis,
594 2253 749 2299 antea
785 2243 1061 2301 SitnOnire
1126 2260 1298 2308 reum,
1362 2243 1669 2313 resipuisse,
1715 2235 2008 2312 ac‘postea

434 2347 639 2414 peccati
665 2341 927 2400 maculam
955 2328 1219 2401 mttniIICis
1245 2343 1623 2399 donationibus
1652 2343 1866 2397 ciuisse.
1886 2340 2010 2396 llaec

418 2431 952 2506 ‘ultima’cdnjemura
977 2453 1081 2514 non
1106 2422 1325 2513 omnino
1352 2431 1733 2514 'improbabilis
1763 2429 1881 2488 est:
1918 2432 2009 2507 Sic

435 2529 577 2580 enim
605 2510 1080 2596 legimusﬂPetrum
1111 2509 1880 2604 Siinon'iacum,Florentinum
1897 2523 2030 2604 epis"

435 2612 677 2686 seopum,
715 2617 780 2670 de
809 2632 913 2686 quo
942 2603 1396 2690 postea'p'luribus
1427 2608 1741 2684 paenitentia
1766 2601 2006 2680 ductum,

441 2707 742 2774 religiosam
757 2705 926 2782 ~vitam
955 2703 1191 2760 duxisse;
1211 2702 1299 2759 Sic
1311 2703 1600 2783 Gregorius
1616 2703 1704 2786 γη
1726 2700 2008 2783 Rodulpho

438 2785 746 2849 Simouiaco
775 2792 988 2849 Saevire
1007 2792 1136 2848 Duci
1161 2789 1348 2849 scribit
1371 2794 1461 2848 lib.
1488 2786 1543 2861 Ξ,
1571 2786 1727 2866 epist.
1751 2794 1841 2864 45.
1880 2815 1897 2847 ι
1926 2795 2006 2867 Ad

437 2885 822 2940 correctionem
852 2886 993 2940 tuam
1016 2885 1108 2940 tibi
1144 2885 1473 2953 iu'timamus,
1511 2894 1566 2940 ut
1591 2896 2004 2956 quantumcum-
2028 2922 2076 2984 πρ

435 2973 540 3044 que
588 2973 744 3044 pretii
788 2982 859 3028 te“
889 2988 987 3043 pro
1034 2975 1379 3045 disponendis
1415 2975 1468 3030 in
1517 2973 1747 3031 ecclesia
1794 2977 2013 3048 clericis

437 3066 708 3134 accepisse
737 3065 1059 3129 recordaris,
1089 3073 1180 3118 aut
1201 3065 1253 3119 in
1285 3064 1541 3121 utilitates
1567 3065 1805 3134 ejusdem
1833 3068 2007 3123 eccle-

436 3158 550 3220 sim,
583 3157 626 3211 si
683 3154 916 3212 attinere
954 3153 1001 3210 ei
1034 3156 1268 3222 videtur,
1315 3163 1409 3210 aut
1457 3159 1509 3212 in
1542 3174 1670 3212 usus
1707 3143 2007 3228 pauperum

436 3249 708 3318 cxpendas
739 3259 818 3313 ut,
861 3247 1000 3302 nulla
1025 3248 1078 3302 in
1119 3257 1169 3302 te
1216 3249 1757 3315 rcprehcnsibilitatis
1797 3251 2005 3306 macula

436 3347 762 3402 remanente,
796 3338 936 3393 inter
953 3337 1151 3392 electos
1179 3338 1322 3408 regni
1346 3337 1580 3394 Caelestis
1605 3337 1752 3400 cives
1774 3340 2006 3397 adscribi

437 3425 716 3481 merearis.
766 3445 784 3478 ι
949 3435 952 3438 ’
1085 3441 1089 3447 ·
1980 3427 1983 3429 ’

505 3517 596 3573 45.
646 3517 819 3572 Minus
865 3527 1039 3594 urget,
1095 3518 1237 3588 quod
1282 3521 1346 3574 ad
1394 3512 1817 3575 conﬁrmandam
1854 3534 2006 3574 suam

435 3611 742 3678 opinionem
772 3624 836 3663 ex
867 3599 1120 3678 Ugheilco
1141 3611 1356 3665 adducit
1383 3610 1713 3679 Mabillonius
1743 3611 1795 3665 in
1819 3611 2007 3666 iisdem

407 3700 734 3754 Annalibus
780 3697 910 3753 tem.
962 3699 1054 3764 ιν,
1096 3701 1162 3754 ad
1190 3692 1628 3756 anuum'Christi
1678 3701 1834 3755 1038.
1874 3719 1892 3752 ι
1929 3701 2008 3755 Ex

438 3788 631 3843 iisdem
665 3788 879 3852 litteris,
914 3805 932 3839 ι
977 3789 1183 3843 scilicet
1233 3790 1346 3867 lttm
1383 3789 1666 3844 abbatissa:
1701 3789 1871 3845 sancti
1899 3790 2010 3844 llil-

438 3877 560 3943 lari,
599 3898 618 3931 ‹
669 3877 957 3934 inuotescit
1004 3873 1184 3944 causa,
1232 3882 1300 3936 ob
1365 3897 1524 3951 quam
1568 3879 1840 3940 Iohannes
1888 3875 2015 3939 cum-

439 3969 602 4024 sociis
625 3985 656 4025 e
681 3985 779 4025 suo
811 3971 1136 4027 monasterio
1173 3977 1431 4042 recessit;
1494 3992 1684 4046 nempe
1710 3967 2010 4034 solitudinis

439 4073 594 4113 amor
617 4069 668 4114 et
697 4061 929 4115 studium
957 4061 1189 4119 vitandae
1236 4061 1412 4134 populi
1459 4052 1796 4136 frequentiw,
1823 4059 1912 4138 qui
1943 4069 2010 4124 ad

440 4148 612 4202 sancti
661 4147 894 4204 Mimatis
939 4143 1320 4226 monasterium
1364 4154 1684 4210 conﬂuebat.
1732 4155 1823 4212 Sic
1866 4160 2010 4212 enim

2096 1706 2390 1788 sacratior.
2433 1706 2634 1787 t‘Adde
2661 1707 2803 1776 quod
2851 1706 2965 1762 haec
3012 1706 3310 1762 solitudinis
3341 1707 3684 1783 observantia

2110 1796 2406 1852 etiamnum
2459 1797 2820 1866 perseverarit
2880 1813 3021 1851 anno
3093 1798 3258 1872 1,052,.
3309 1806 3443 1853 teste
3487 1798 3685 1851 Attone

2058 1959 2061 1961 _
2110 1885 2362 1954 episeopo
2403 1881 2732 1951 Florentino,
2765 1883 2918 1954 cujus
2964 1886 3079 1956 lucc
3111 1887 3276 1940 verba
3307 1886 3463 1963 atl'ert
3493 1886 3683 1940 Mabil-

2074 1973 2076 1975 ’
2111 1976 2286 2032 Ionius
2313 1987 2440 2041 tom.
2474 1974 2532 2030 IV
2565 1978 2633 2054 ad
2672 1993 2872 2031 annum
2916 1978 3070 2031 1052.
3115 1995 3133 2028 ι
3170 1978 3327 2056 Fiunt
3386 1978 3461 2032 ibi
3493 1993 3685 2054 uetnpe

2112 2063 2295 2122 laudes
2321 2059 2550 2122 assidua:
2591 2076 2646 2122 et
2682 2069 3082 2123 obsecrationes
3117 2066 3273 2138 juges
3329 2075 3382 2121 et
3413 2060 3684 2142 orationes

2112 2151 2377 2212 continuae
2424 2157 2521 2227 pro
2565 2158 2737 2213 salute
2775 2143 3088 2225 viventium,
3123 2174 3214 2229 seu
3258 2158 3417 2212 etiam
3452 2159 3685 2212 morien-

2113 2245 2244 2299 tium
2287 2241 2543 2308 liJelium',
2583 2261 2702 2314 quae
2756 2246 2810 2298 in
2855 2255 3140 2316 conspectu
3164 2239 3356 2300 divina:
3391 2234 3685 2301 clementia:

2081 2336 2083 2338 ’
2113 2326 2262 2391 tanto
2289 2321 2670 2404 acceptabilius
2698 2346 3061 2402 assumuntur,
3094 2329 3292 2405 quanto
3316 2347 3370 2390 et
3413 2337 3684 2408 voluntate

2109 2435 2163 2495 et
2192 2427 2376 2493 opere,
2400 2423 2604 2495 fratres
2635 2424 2706 2478 ibi
2750 2413 3092 2496 famulantes,
3117 2443 3145 2480 a
3171 2427 3514 2500 saecularibus
3538 2428 3683 2480 curis

2110 2521 2324 2571 constat
2349 2516 2464 2571 fore
2494 2515 2571 2584 [id
2601 2525 2674 2568 est
2711 2531 2829 2571 esse
2865 2533 2980 2570 cum
3002 2509 3117 2572 ‘una
3148 2536 3306 2573 causa
3335 2519 3550 2573 alteram
3579 2535 3681 2572 non

2062 2610 2072 2615 ”
2086 2597 2739 2677 “”ε.ῑε1ιιάαι]”ι·ειῐιόίὶοωε.
2776 2627 2792 2659 ι

2177 2694 2265 2764 46.
2292 2693 2406 2749 Non
2435 2696 2590 2750 video
2617 2697 2885 2766 quomodo
2915 2698 3026 2764 haec
3048 2713 3169 2771 cum
3218 2699 3552 2773 saecularium
3586 2701 3682 2755 ho-

2111 2777 2314 2841 minum
2342 2773 2664 2858 'l'requentia
2711 2789 2762 2860 in
2805 2778 3006 2844 litteris
3054 2789 3501 2864 Ill-zeabbatissm
3539 2809 3682 2848 anno

2111 2873 2246 2932 1039
2276 2889 2570 2933 memorata
2604 2879 2930 2944 cobarreaut,
2954 2881 3052 2934 nisi
3076 2881 3197 2950 quis
3213 2881 3356 2937 dicat
3381 2886 3680 2952 regularem

2109 2955 2464 3040 disciplinam,
2492 2968 2628 3046 forte
2653 2985 2747 3041 per
2765 2969 3011 3024 abbatem
3043 2957 3401 3028 Situmiiaeum
3413 2983 3482 3036 ﬁet
3499 2989 3653 3028 seen
3665 3003 3682 3015 -

2107 3060 2310 3115 laribus
2342 3063 2554 3130 placere
2590 3064 2914 3131 cupientem,
2955 3063 3248 3118 relaxatam
3280 3081 3342 3119 ac
3368 3067 3684 3134 pessumda-

2099 3147 2433 3207 tamfuisse.
2462 3146 2544 3208 Ab
2576 3154 2674 3207 bac
2711 3145 2974 3208 sententia
3022 3137 3125 3208 non
3167 3155 3428 3230 abhorret
3458 3155 3681 3211 Carolus

2109 3244 2358 3316 Sigonius
2385 3243 2449 3298 de
2491 3244 2677 3314 chno
2720 3243 2883 3299 Italiae
2915 3244 3006 3298 lib.
3034 3247 3086 3310 8,
3133 3244 3199 3299 ad
3237 3241 3434 3300 annum
3483 3247 3681 3306 Christi

2110 3336 2247 3390 1050
2272 3325 2695 3415 (eltrOuologiam
2719 3335 2848 3403 ejus
2875 3321 2978 3390 non
3021 3333 3266 3406 defendo)
3307 3337 3377 3390 ita
3415 3338 3677 3392 scribens.

2113 3446 2131 3478 ι
2168 3421 2401 3481 Joannes
2419 3419 2746 3481 ‘Gualbertus
2771 3430 2996 3482 honesto
3033 3427 3150 3483 loco
3179 3427 3464 3483 Florentia-3
3493 3441 3675 3494 natus,

2109 3517 2517 3579 cum,humanis
2547 3513 2814 3585 chpectis
2838 3516 3014 3581 rebus,
3043 3501 3424 3572 monasterium
3454 3518 3676 3582 iniisset,

2111 3601 2208 3662 nec
2240 3593 2372 3663 satis
2412 3599 2820 3671 monachorum,
2847 3597 3163 3680 quibuscum
3210 3600 3492 3663 vivendum
3540 3619 3677 3678 erat,

2110 3699 2335 3754 solutam
2375 3697 2710 3768 disciplinam
2741 3695 3329 3768 probasset,‘egressus
3378 3701 3498 3754 inde
3525 3700 3576 3754 in
3597 3699 3682 3767 ju-

2110 3807 2232 3862 gum
2266 3783 2464 3845 mon-tis
2499 3781 2762 3860 Apennini
2798 3806 2856 3845 se
2886 3791 3132 3856 contulit,
3160 3802 3319 3862 atque
3347 3793 3398 3846 in
3427 3793 3563 3857 loco,
3591 3793 3681 3862 qui

2113 3870 2566 3950 VallislUmbrosa
2617 3873 2916 3948 dicebatur,
2965 3883 3143 3936 sedem
3170 3897 3307 3937 novo
3360 3884 3683 3946 monasterio

2112 3967 2413 4039 colloCavit,
2466 3973 2646 4041 ibique
2698 3989 2774 4039 se,
2794 3957 2798 3973 ”
2825 3963 3105 4042 sociosque
3150 3988 3274 4028 suos
3320 3962 3684 4043 legibusvita:

2111 4063 2470 4119 severioribus
2511 4047 2784 4134 obligavit.
2832 4063 2959 4117 Inde
3004 4057 3347 4133 congregatio
3393 4065 3684 4136 monacho-

2113 4151 2230 4207 rum
2279 4150 2752 4228 Vallis-Umbrosm
2795 4143 3053 4237 profecta.
3105 4171 3124 4204 ι
3175 4151 3291 4228 Jam
3342 4143 3408 4208 de
3439 4151 3684 4222 praeclari

440 4237 541 4293 ltla
571 4240 624 4294 in
656 4241 926 4308 praedii-tis
953 4241 1144 4297 litteris
1167 4232 1422 4312 loquitur,
1471 4245 1558 4300 ubi
1585 4247 1827 4327 quietiam
1872 4232 2010 4316 prae-
2042 4245 2090 4309 ι)
2119 4249 2276 4318 hujus
2304 4248 2520 4305 Ordinis
2547 4232 2880 4305 institutione
2910 4265 2973 4304 ac
3004 4251 3161 4318 laude
3189 4254 3452 4321 agendum
3477 4263 3575 4328 est.

441 4327 591 4382 misit
617 4329 682 4384 de
703 4327 833 4384 viris
862 4334 1080 4396 sanctis,
1105 4333 1192 4402 qui
1217 4335 1283 4388 ad
1310 4335 1393 4406 pic
1413 4323 1702 4404 sancteque
1731 4331 2018 4393 vivendum

441 4421 624 4476 omnia
678 4410 1022 4506 relinquunt;
1061 4426 1086 4475 ι’
1109 4425 1175 4478 de
1225 4441 1452 4493 quorum
1489 4427 1717 4498 roll'egio
1772 4447 1790 4481 ι
1837 4413 2014 4498 inquit
2076 4492 2079 4494 η
2127 4410 2133 4430 ἶ

352 4506 402 4578 '_
449 4525 472 4561 ι
516 4510 775 4581 quosdam
828 4511 973 4567 viros
1024 4511 1090 4567 de
1150 4515 1321 4568 sancti
1375 4514 1609 4570 Miuiatis
1667 4520 2011 4583 monasterio,

445 4611 582 4668 quos
619 4600 770 4654 vobis
827 4601 960 4654 bene
994 4612 1165 4658 'notos
1211 4617 1330 4677 esse
1377 4606 1666 4673 credimus,
1713 4603 1762 4660 in
1806 4597 2011 4672 eremo,

345 4699 351 4708 '
445 4703 565 4758 qua:
595 4688 759 4744 Vallis
789 4689 1051 4746 Umbrosa
1075 4703 1317 4759 vocatur,
1342 4695 1480 4749 sicut
1510 4711 1605 4750 vos
1639 4697 1810 4762 scitis,
1838 4693 2017 4752 susce?

445 4775 697 4847 pimusin
727 4777 853 4832 loco
877 4779 968 4847 qui
1001 4780 1198 4835 dicitur
1230 4781 1380 4852 Aqua
1417 4783 1582 4849 Bella,
1619 4785 1670 4838 in
1719 4788 2016 4856 proprieta-
2050 4789 2053 4792 ’

447 4876 555 4920 tem
583 4866 987 4922 scilicet'nostri
1028 4866 1362 4938 menasterii,
1412 4858 1554 4940 quod
1596 4881 1680 4928 est
1718 4875 1770 4927 in
1814 4875 2016 4930 honore

446 4955 622 5008 sancti
677 4952 866 5010 Hillari‘
902 4955 1019 5011 sito'
1072 4954 1318 5023 Alliano;
1360 4961 1449 5029 qui
1499 4953 1842 5015 meliorandze
1895 4963 2016 5016 vitae

447 5059 642 5112 gratia,
670 5049 998 5115 comobium,
1025 5051 1167 5119 quod
1195 5051 1356 5103 multa
1387 5041 1740 5118 populositate
1763 5052 2014 5120 l'requen-
2050 5062 2052 5065 '

449 5144 689 5201 tanatur,
742 5131 1145 5207 reiinquen’tesf
1187 5139 1248 5192 in
1275 5137 1391 5191 loco
1421 5140 1674 5214 solitario
1704 5131 1874 5193 vitam"
1895 5139 2018 5195 san?
2046 5139 2047 5142 “

391 5238 394 5244 ’
447 5234 591 5278 etam
620 5225 847 5280 actitare
868 5226 1218 5302 maiuerunt.‘_'
1238 5233 1260 5275 ἰ
1297 5222 1395 5279 ‘E'x-
1423 5219 1616 5300 quibus
1642 5227 1647 5238 '
1670 5219 2017 5282 cuttﬁi'matur

2118 4333 2242 4412 ς’γ.
2274 4340 2488 4395 01·άίηέ
2531 4337 2948 4412 Val/umbrosam
2972 4341 3250 4412 institutio,
3288 4343 3681 4410 inueniamur",

2270 4419 2276 4424 ‘
2603 4409 2869 4478 privilegia
2897 4413 2958 4462 ac
2981 4410 3179 4464 laudes.
3283 4419 3288 4432 ‘
3379 4418 3383 4422 '
3683 4421 3686 4426 '

2192 4517 2212 4552 ι
2247 4499 2637 4564 Vallumbrosa,
2677 4518 2695 4552 ι
2751 4501 2922 4570 inquit
2963 4499 3196 4564 Mabilio,
3251 4521 3270 4554 ι
3314 4518 3408 4558 seu
3462 4503 3680 4578 Vallim-

2116 4591 2274 4646 brosa
2296 4600 2350 4645 et
2392 4591 2845 4648 Vallis-Umbrosa
2887 4593 2954 4646 ab
3000 4599 3215 4662 opacis,
3265 4595 3382 4663 quae
3415 4580 3676 4658 montium

2118 4683 2275 4735 dorso
2305 4680 2638 4745 inetimbunt,
2671 4675 2970 4750 valletuqlle
3013 4683 3305 4751 subjectam
3338 4686 3676 4751 adumbrant,

2117 4760 2528 4829 abietum’Silvis
2556 4776 2633 4828 sic
2669 4775 2831 4836 dicta,
2860 4775 3063 4828 dimidii
3086 4775 3192 4828 diei
3237 4776 3430 4833 itinere
3453 4777 3522 4848 ab
3550 4779 3682 4833 urbe

2117 4866 2384 4919 Flerentia
2418 4863 2469 4918 in
2504 4859 2727 4932 Alpibus
2755 4867 3102 4935 Appenninis,
3154 4869 3330 4922 medio
3357 4855 3680 4926 Florentiam

2117 4955 2259 5009 inter
2290 4963 2343 5008 et
2367 4955 2824 5010 Camaldulensem
2855 4946 3096 5010 eremum
3127 4947 3421 5019 intervallo,
3447 4961 3551 5014 sita
3579 4953 3678 5023 est,

2119 5045 2266 5113 tergo
2292 5045 2500 5098 montis
2521 5033 2789 5112 imposita,
2818 5033 2968 5110 cuju‘s'
3013 5046 3201 5100 vallem
3250 5041 3487 5101 ViCauus
3513 5049 3683 5102 amnis

2119 5131 2209 5188 seu
2239 5143 2449 5188 torrens
2475 5133 2802 5212 praeterﬂuit.
2825 5155 2843 5185 ι
2861 5131 2915 5188 in
2933 5137 3030 5190 hac
3051 5124 3339 5190 solitudine
3366 5135 3424 5192 S.
3449 5131 3682 5212 Joannes

2074 5231 2076 5234 '
2118 5209 2702 5278 Goalbertusinstituit
2743 5214 3044 5294 religiosam
3097 5210 3586 5295 congregatiOuem,
3615 5241 3680 5279 ex

2291 5311 2400 5330 _._'_.I..
2417 5326 2428 5330 -
2453 5313 2508 5330 !._i_.
2532 5318 2563 5330 ἰ
