4122 5330
341 351 453 410 ηε

1874 351 2080 412 ACTA;

3476 342 3583 404 718

341 465 400 522 8.
422 467 580 521 Pater
617 463 856 523 Joannes
894 481 1047 525 more
1093 466 1578 525 Camaldulenslnm
1625 478 1902 539 separatas
1936 477 1983 534 Α
2015 468 2161 523 tibus
2189 465 2302 521 suis
2327 465 2453 521 huic
2481 465 2668 522 Ordini
2705 477 2958 522 concessa
2988 464 3332 531 conlrinans,
3359 473 3413 520 et
3437 477 3599 521 nova-

341 566 603 611 erstrnxit
627 571 804 621 casas,
835 573 968 627 quas
994 558 1234 628 pluribus
1273 561 1536 617 describit
1557 561 1798 615 Andreas
1824 560 1913 615 Ja-

342 647 558 700 uucnsis
608 656 663 701 et
715 647 917 703 Xantes
968 648 1276 714 Perusinus,
1317 667 1649 720 quarumque
1687 653 1914 719 figuram

338 739 558 792 exhibet
600 739 828 794 Didacus
845 740 1141 795 Francltius
1171 742 1420 796 Historia:
1443 757 1556 797 sua:
1584 743 1675 797 lib.
1704 743 1759 806 5,
1791 757 1911 812 pag.

342 827 462 881 101.
506 828 583 881 Ex
613 829 696 882 his
733 829 912 897 parvis
935 830 1118 884 ini~tiis-~
1141 830 1396 899 paulatim
1444 831 1611 884 crevit
1643 840 1916 884 monaste-

341 917 499 978 rium,
547 917 866 986 tandemque
917 932 1057 972 anno
1104 919 1240 973 1637
1289 935 1316 972 a
1345 918 1428 972 ii.
1468 918 1530 971 Β.
1561 918 1756 974 abbate
1777 919 1915 974 Ave-

339 1007 499 1061 rardo
523 1005 764 1063 Nicolino
796 1008 1012 1078 magum
1047 1023 1078 1062 ι
1107 1017 1382 1064 exstructa
1399 1019 1483 1064 est
1507 1007 1730 1072 fabrica,
1749 1024 1928 1078 quam

334 1099 434 1152 «τετί
459 1097 684 1154 incisam
715 1099 898 1154 videre
943 1100 1068 1154 licet
1107 1102 1244 1168 apud
1278 1101 1538 1154 Didacum
1587 1101 1912 1155 Francbium

341 1189 394 1241 in
433 1188 626 1246 indice.
652 1187 1012 1244 Mabillonimn
1059 1191 1112 1244 in
1154 1190 1450 1246 Annalibus
1488 1199 1616 1245 tom.
1643 1191 1732 1256 ιν,
1783 1205 1907 1260 pag.

340 1277 437 1333 691
461 1287 524 1333 et
551 1279 605 1331 in
635 1277 872 1346 ejusdem
897 1280 1088 1335 itinere
1130 1280 1313 1335 italico
1343 1291 1471 1335 tom.
1495 1281 1534 1344 Ι,
1561 1296 1681 1350 pag.
1707 1282 1826 1336 181.

408 1367 497 1421 ιθ.
531 1365 846 1422 Nascentem
878 1367 1019 1423 bene
1054 1370 1328 1434 Ordinem,
1383 1377 1577 1437 prater
1604 1369 1912 1423 Conradom

340 1457 732 1524 imperatorem
777 1456 1038 1526 aliosque,
1071 1459 1161 1528 pia
1203 1458 1521 1514 liberalitate
1559 1457 1692 1512 fovit
1722 1457 1820 1512 ltta
1851 1457 1912 1512 S.

341 1543 506 1598 llilari
562 1545 858 1610 abbatissa,
897 1555 956 1599 ut
1013 1555 1224 1600 constat
1259 1561 1330 1600 ex
1365 1546 1558 1601 litteris
1587 1545 1912 1610 donationis,

338 1648 473 1701 quas
499 1635 738 1705 integras
761 1633 966 1703 profert
1005 1635 1257 1704 Ugliellus
1287 1644 1419 1691 tom.
1448 1634 1517 1689 lli
1541 1634 1703 1690 italia:
1723 1650 1910 1701 sacrae,

339 1723 598 1779 col..299.
633 1724 760 1780 Post
795 1734 1021 1782 mortem
1055 1741 1180 1779 vero
1229 1725 1402 1782 sancti
1433 1724 1782 1786 lnstitutoris.
1812 1725 1912 1780 viri

2015 555 2441 618 communicatis,
2471 553 2629 620 hujus
2653 555 2838 624 gratia:
2874 554 3213 612 conferendzn
3255 569 3469 612 causam
3499 554 3584 607 sic.

2016 647 2218 700 indicat
2246 662 2312 698 ιι
2346 644 2454 698 Nos
2493 645 2655 711 igitur
2681 645 2772 714 qui
2815 643 3074 699 Ordinem
3127 653 3181 698 ct
3217 645 3585 714 congregatio-

2015 750 2138 791 nem
2180 734 2341 790 V'allis
2408 733 2686 790 Umbroste
2758 735 3084 805 hujusmodi,
3125 745 3344 806 propter
3388 736 3584 790 uberes

2015 825 2242 890 fructus,
2271 839 2409 894 quos
2435 825 2488 878 in
2519 824 2764 879 militanti
2789 825 3026 880 Ecclesia
3049 826 3102 880 in
3123 826 3319 880 divinis
3342 837 3582 881 contem—

2014 917 2222 988 plaudis
2250 927 2306 971 et
2331 916 2559 971 assiduis
2590 917 3008 972 orationibusac
3039 917 3286 985 precibus
3323 918 3390 972 ad
3413 915 3582 971 Deum

2013 1008 2312 1078 producere
2369 1017 2684 1072 noscuntur,
2742 1007 3138 1063 invisceribus
3196 1007 3477 1062 charitatis
3526 1017 3586 1060 et

2014 1098 2315 1153 dilectionis
2362 1106 2558 1152 nostra:
2604 1095 3028 1166 complectimur.
3077 1115 3096 1149 ι
3143 1097 3587 1152 Βυιιειὴωοίηιοο

2014 1203 2110 1259 gra
2140 1189 2243 1259 legi
2288 1196 2466 1257 potest
2499 1188 2641 1256 apud
2676 1188 2948 1241 Laertium
2985 1187 3348 1242 Cherubiuum
3400 1197 3528 1241 tom.
3565 1186 3588 1240 ι

2013 1279 2254 1341 Bullarii,
2281 1293 2400 1348 pag.
2423 1278 2545 1331 426.
2568 1278 2701 1332 Cum
2733 1278 2822 1332 hic
2842 1277 2999 1332 nobis
3021 1277 3221 1331 diutius
3250 1278 3452 1331 haerere
3476 1293 3590 1331 non

2012 1367 2190 1430 liceat,
2220 1367 2513 1422 honorifica
2537 1366 2764 1422 aliorum
2791 1367 2857 1422 de
2904 1367 3006 1421 hoc
3053 1365 3254 1421 Ordine
3281 1367 3592 1426 testimonia

2012 1455 2372 1526 proferamus.

2082 1546 2173 1600 52.
2215 1545 2440 1613 Quanta:
2483 1547 2843 1603 venerationis
2887 1547 2959 1603 ob
3011 1547 3133 1602 vitae
3175 1547 3593 1611 sanctimoniam

2013 1634 2176 1692 fuerit
2207 1637 2366 1704 hujus
2396 1637 2668 1706 religionis
2699 1639 2961 1708 inceptor,
3023 1638 3196 1708 liquet
3220 1639 3359 1692 inter
3387 1638 3490 1692 alia
3519 1653 3591 1692 ex

2013 1741 2098 1789 eo,
2134 1727 2276 1795 quod
2302 1726 2503 1782 Bonizo
2530 1729 2816 1798 episcopus
2843 1729 3114 1793 Sutrinus,
3150 1737 3334 1798 postea
3366 1728 3594 1782 Placen-

339 1832 402 1870 ac
419 1814 641 1870 femina:
664 1817 932 1887 principes
956 1818 1198 1872 eamdem
1237 1818 1716 1888 wngregationem
1745 1817 1910 1885 ptnri-
1939 1799 1984 1857 Β
2014 1817 2180 1878 timus,
2207 1819 2533 1887 tandemque
2583 1829 2810 1889 martyr,
2859 1818 3012 1886 cujus
3052 1819 3181 1874 Mss.
3218 1827 3503 1873 servantur
3534 1819 3594 1872 in

340 1907 445 1960 mis
470 1908 932 1973 donisanxernnt,
961 1917 1025 1964 ut
1053 1909 1232 1963 videre
1273 1917 1354 1964 est
1379 1908 1911 1978 apudMabillonium

340 1999 394 2052 in
417 1998 878 2054 observationibus
908 2011 1034 2056 ante
1073 2000 1250 2056 Vitam
1297 1999 1356 2055 S.
1385 2000 1608 2056 Joannis
1638 1997 1912 2056 Gualberti

340 2104 546 2144 suae.“
601 2089 967 2155 Bettedictino,
1011 2089 1182 2144 Part..
1213 2091 1269 2155 9,
1319 2106 1447 2159 pag.
1497 2089 1624 2153 267,
1670 2099 1726 2142 et.
1774 2089 1914 2158 apud

345 2176 622 2248 lighellnm
654 2191 780 2239 tum.
803 2178 1056 2236 lllltaliae
1088 2195 1278 2245 sacrm,
1309 2179 1411 2236 col.
1436 2179 1560 2236 286.
1590 2176 1698 2232 Nec
1719 2178 1913 2232 minori

337 2263 710 2320 benevolentia
751 2267 890 2322 bane
933 2281 1143 2322 sacram
1186 2267 1439 2322 familiam
1493 2267 1768 2336 prosecuti
1789 2274 1916 2320 sunt

340 2356 533 2410 smnmi
576 2356 1150 2428 Pontifices,.qnorum
1201 2357 1490 2428 diplomata
1536 2359 1736 2427 passim
1791 2365 1917 2413 sunt

339 2447 518 2500 obvia.
559 2447 704 2502 Bulla
753 2447 948 2502 Urbani
992 2448 1056 2510 ll,
1086 2464 1204 2518 (pta:
1248 2456 1424 2504 exstat
1465 2449 1604 2518 apud
1638 2448 1915 2502 Laertinm

339 2535 705 2590 Cberubinum
731 2546 862 2592 tum.
899 2537 916 2591 l
947 2537 1188 2602 Bullarii,
1236 2553 1357 2607 pag.
1399 2537 1464 2592 1-1
1489 2547 1544 2594 et
1575 2537 1637 2591 l5
1689 2538 1916 2592 eximias

344 2625 500 2694 hujus
520 2628 738 2682 Ordinis
763 2629 945 2682 laudes
969 2640 1020 2684 ct
1065 2629 1360 2700 singulares
1404 2629 1558 2700 plane
1603 2631 1918 2702 praerogati-

344 2733 439 2796 vns
485 2719 744 2774 continet.
771 2719 1054 2790 Privilegia
1099 2722 1223 2776 huic
1269 2722 1456 2776 Ordini
1496 2736 1753 2777 concessa
1782 2722 1914 2776 varii

345 2805 700 2876 pesteriorum
725 2809 1036 2864 saeculorum
1053 2810 1340 2866 Pontiﬁces
1357 2811 1770 2875 confirmarunt,
1785 2827 1917 2880 quo-

348 2915 468 2953 rum
496 2901 674 2956 Bullas
699 2908 946 2956 auctores
978 2899 1402 2976 Yallumbrosani
1431 2899 1627 2968 aliique
1653 2901 1915 2969 diploma-

347 3000 458 3044 tum
481 2992 796 3047 collectores
822 2993 1134 3062 plcrutnque
1169 2991 1442 3057 exhibent,
1490 2991 1553 3046 ad
1583 3006 1715 3060 quos
1741 2994 1890 3049 curio
1903 3021 1924 3054 -_

346 3095 466 3134 sum
494 3081 743 3134 lectorem
777 3082 1117 3137 remittimus.
1213 3133 1216 3138 .

419 3170 507 3222 50.
557 3168 668 3224 Non
705 3186 918 3238 possunt
972 3180 1147 3225 tamen
1199 3171 1326 3244 quin
1367 3185 1433 3224 ex
1475 3170 1539 3226 iis
1574 3169 1816 3240 dumdum
1852 3169 1917 3223 ad

351 3260 510 3328 hujus
541 3258 756 3330 Ordinis
806 3262 1060 3316 honorem
1103 3263 1334 3314 maxime
1356 3263 1650 3331 spectantia
1683 3259 1919 3313 breviter

349 3364 657 3419 excerpam.
706 3351 953 3408 Urbanus
1002 3349 1044 3406 ll
1090 3349 1297 3404 Bullam
1329 3369 1347 3402 ι
1395 3350 1757 3404 dilectissimis
1795 3349 1918 3403 liliis

351 3440 616 3494 universa:
665 3437 1202 3510 V':tllngUttibrosan:n
1251 3439 1682 3508 congregationis
1725 3457 1744 3490 ι
1781 3452 1920 3492 anno

273 3517 276 3520 ’
357 3528 512 3594 1090,
547 3531 720 3582 datam
749 3529 826 3596 sic
856 3516 1161 3598 auspicatur
1185 3546 1197 3581 :
1221 3545 1239 3578 ι
1272 3527 1405 3582 Cum
1433 3528 1695 3581 universis
1723 3534 1922 3581 saneta:

352 3617 607 3674 Ecclesia:
661 3620 780 3674 filiis
826 3635 891 3686 ex
941 3618 1264 3688 Apostolica:
1315 3617 1470 3673 Sedis
1510 3619 1830 3686 auctoritate
1859 3631 1923 3671 ac

352 3709 725 3764 benevolentia
751 3709 1020 3764 debitores
1035 3709 1347 3774 existamus,
1383 3707 1485 3762 illis
1503 3707 1767 3778 praecipue
1790 3706 1922 3761 locis

352 3808 514 3868 atque
540 3799 806 3868 personis,
853 3814 971 3869 qum
1019 3798 1303 3868 specialius
1348 3813 1411 3853 ac
1457 3796 1778 3874 familiarius
1811 3795 1924 3850 Ro-

354 3903 529 3942 mamn
559 3889 830 3942 adhaerent
859 3888 1132 3952 Ecclesiae,
1173 3889 1370 3958 quique
1417 3887 1666 3956 ampliori
1703 3888 1922 3958 religio-

355 3980 438 4034 nis
464 3976 634 4049 gratia
656 3979 910 4042 eminent,
936 3962 1265 4048 propensicri
1290 3994 1384 4032 nos
1407 3979 1652 4032 convenit
1683 3980 1926 4034 caritatis

355 4071 532 4124 studio
561 4069 861 4124 imminere.
891 4071 1025 4136 Quia
1054 4071 1235 4141 igitur,
1262 4069 1438 4123 divina
1477 4069 1805 4138 propositum
1838 4084 1927 4124 ve—

354 4173 526 4227 Strum
563 4166 919 4231 praeveniente
942 4179 1006 4217 ac
1033 4165 1394 4232 subsequente
1437 4161 1742 4227 clementia,
1778 4161 1924 4216 Reli-

356 4254 533 4320 gionis
560 4265 750 4308 vestra:
777 4255 1094 4324 simplicitas
1130 4255 1283 4308 home
1318 4255 1582 4322 opinionis
1628 4261 1849 4309 odorem
1873 4245 1930 4310 in

356 4342 489 4396 locis
516 4350 569 4394 et
591 4357 755 4412 prope
776 4353 829 4396 et
853 4343 1010 4412 longe
1037 4342 1222 4410 positis
1272 4341 1528 4412 aspiravit
1552 4361 1563 4396 ε
1611 4341 1718 4397 Nos
1748 4355 1929 4399 vestro

2012 1906 2344 1960 Bibliotheca
2394 1906 2658 1969 Caesarea,
2717 1917 2853 1962 teste
2907 1907 3194 1963 Lambecio
3242 1907 3336 1963 lib.
3371 1907 3424 1972 2,
3466 1922 3589 1977 pag.

2012 1994 2134 2059 790,
2157 2003 2290 2050 octo
2311 1997 2694 2052 sententiarum
2723 1996 2888 2052 libros
2915 2013 2979 2052 ex
3003 1997 3059 2052 S.
3089 1998 3385 2066 Augustino
3409 2012 3593 2051 excer-
3633 2035 3636 2038 .

2012 2093 2134 2152 ptos
2162 2084 2363 2140 viventi
2388 2084 2449 2139 S.
2496 2083 2692 2140 Joanni
2740 2086 3036 2140 Gualberto
3071 2086 3419 2142 dedicaverit.
3448 2085 3591 2153 Mor-

2015 2190 2105 2233 tuo
2130 2189 2316 2234 sancto
2346 2178 2522 2242 Patre,
2548 2179 2689 2234 idem
2728 2180 3036 2234 sanctitatis
3083 2179 3218 2234 odor
3246 2179 3299 2233 in
3327 2178 3449 2233 liliis
3477 2193 3594 2247 pcr-

2015 2270 2346 2328 severavit:
2413 2279 2678 2340 testantur
2735 2271 2936 2340 quippe
3005 2269 3210 2339 antiqui
3276 2269 3590 2337 scriptores,

2013 2370 2215 2432 quanta
2245 2376 2455 2416 morum
2512 2360 2820 2430 integritate
2875 2376 2939 2416 ac
3003 2359 3219 2428 pietatis
3266 2357 3423 2413 laude
3467 2358 3618 2421 iure-

2014 2451 2374 2524 congregatio
2415 2465 2516 2504 suo
2551 2458 2788 2518 tempore
2835 2447 3102 2503 floruerit.
3135 2445 3297 2502 Juvat
3339 2447 3428 2502 hic
3457 2461 3600 2516 quth

2017 2542 2264 2597 rumdam
2315 2540 2621 2596 testimonia
2673 2539 2879 2594 audire.
2926 2537 2982 2592 In
3021 2537 3128 2593 vita
3167 2536 3224 2592 S.
3257 2537 3501 2609 Ayberti,
3525 2536 3598 2589 ab

2016 2643 2236 2688 auctore
2302 2647 2481 2688 cozcvo
2545 2631 2766 2701 scripta,
2830 2646 2990 2700 quam
3067 2629 3356 2684 illustravit
3411 2635 3597 2683 noster

2017 2723 2388 2794 llcnschenius
2417 2731 2548 2776 tom.
2581 2722 2598 2776 l
2626 2721 2846 2790 Aprilis,
2880 2735 3003 2790 pag.
3043 2719 3166 2786 675,
3197 2719 3272 2774 ita
3300 2727 3551 2772 narratur
3579 2736 3590 2768 :

2021 2832 2039 2866 ι
2077 2814 2175 2880 Qui
2203 2828 2326 2868 cum
2361 2813 2585 2867 Romam
2611 2812 2900 2882 venissent,
2936 2811 3135 2866 dictum
3162 2818 3246 2865 cst
3273 2811 3371 2872 eis,
3398 2815 3606 2862 sanctae

2017 2901 2290 2956 memoriae
2317 2900 2592 2958 Urbanum
2633 2919 2650 2952 ι
2702 2901 2768 2970 (is
2799 2909 2882 2955 est
2925 2897 3083 2966 hujus
3131 2897 3363 2952 nominis
3389 2895 3450 2960 ll,
3479 2893 3594 2948 ele-

2016 3002 2137 3049 ctus
2159 3008 2303 3046 anno
2322 2992 2477 3058 1088)
2503 3005 2689 3060 «quem
2703 2989 2978 3060 petebant,
2993 3002 3113 3042 esse
3124 2986 3432 3042 Beneventi.
3447 2983 3600 3051 Quod

2019 3083 2299 3137 audientes
2330 3082 2568 3135 Domnus
2604 3080 2874 3149 Aybertus
2919 3087 2974 3133 et
2994 3077 3168 3147 frater
3204 3075 3464 3136 Joannes.
3491 3088 3596 3127 non

2020 3173 2140 3226 ausi
2167 3183 2296 3227 sunt
2321 3171 2563 3241 arripere
2613 3177 2721 3223 tam
2760 3169 2975 3238 longum
3005 3168 3128 3231 iter,
3156 3177 3267 3221 tum
3313 3165 3436 3234 quia
3465 3163 3598 3219 ditii-

2020 3262 2213 3316 debant
2243 3260 2446 3314 viribus
2475 3259 2739 3328 corporis,
2769 3266 2880 3310 tum
2917 3257 3039 3322 quia
3063 3256 3227 3310 frater
3255 3253 3490 3309 Joannes
3516 3250 3599 3304 in-

2020 3351 2376 3414 firmabatur,-
2424 3351 2652 3419 ideoque
2681 3351 2904 3407 consilio
2952 3357 3006 3403 et
3048 3345 3417 3403 benevolentia
3463 3358 3599 3413 pra:-

2021 3447 2150 3504 diCIi
2182 3445 2389 3502 abbatis
2405 3445 2467 3518 in
2515 3443 2836 3499 Umbrosam
2879 3441 3082 3496 Vallem
3132 3445 3494 3501 secesserunt,
3524 3436 3611 3490 ibi

2021 3552 2164 3600 eum,
2195 3535 2322 3591 dum
2351 3535 2570 3598 rediret,
2599 3531 2980 3602 praestolaturi.

2092 3627 2179 3681 55.
2215 3645 2232 3678 ι
2269 3625 2370 3682 Ubi
2395 3624 2609 3694 quidem
2633 3622 2932 3678 monachos
2973 3619 3125 3674 mirae
3161 3615 3504 3673 continentia:
3546 3623 3607 3668 et

2024 3717 2307 3788 exquisita:
2359 3715 2482 3770 vita:
2531 3714 2874 3778 invenerunt,
2916 3711 3005 3782 qui
3054 3723 3216 3778 super
3260 3722 3355 3763 eos
3392 3707 3604 3760 viscera

2024 3807 2243 3880 pietatis
2271 3805 2603 3862 ellundentes
2625 3819 2689 3858 ac
2715 3803 2944 3874 benigne
2984 3800 3362 3870 suscipientes,
3410 3810 3602 3867 perpe-

2027 3908 2121 3954 tuo
2151 3898 2269 3952 illos
2294 3911 2477 3966 secum
2502 3895 2736 3949 retinuere
2762 3894 3085 3949 studuerunt
3114 3907 3129 3944 :
3179 3887 3426 3943 Monachi
3453 3885 3602 3940 enim

2028 3989 2135 4053 isti,
2167 3988 2231 4044 de
2271 3987 2466 4058 quibus
2509 3985 2740 4056 agimus,
2784 3990 2844 4038 ut
2869 3981 3156 4037 multorum
3207 3977 3490 4034 sinceritas
3519 3985 3609 4038 te:

2028 4087 2224 4142 statur,
2260 4084 2384 4132 sunt
2409 4075 2639 4131 firmiter
2665 4085 2720 4128 et
2742 4072 2978 4142 perfecte
3008 4069 3248 4139 regulam
3293 4068 3351 4122 S.
3377 4065 3617 4121 Benedi-.

2031 4171 2104 4226 eti
2128 4171 2500 4234 observantes,
2527 4165 2595 4220 de
2626 4165 2807 4222 labore
2843 4177 3096 4219 manuum
3124 4165 3382 4222 viventes,
3421 4155 3610 4232 multis

2030 4268 2086 4314 et
2123 4258 2289 4313 variis
2335 4255 2607 4312 laboribus
2660 4255 2998 4310 incessanter
3046 4264 3140 4319 spe
3190 4247 3430 4321 caelestis
3482 4247 3607 4300 vitze

2030 4362 2256 4418 corpora
2289 4346 2601 4406 allicientes,
2633 4344 2685 4398 in
2711 4344 2892 4413 rigore
2915 4340 3211 4410 disciplina:
3247 4351 3436 4407 severa
3465 4335 3608 4406 eari-

355 4433 654 4503 provectui,
696 4445 966 4488 annuente
1013 4434 1257 4498 Domino,
1307 4443 1590 4501 provectus
1639 4435 1930 4503 adjungere
1961 4445 2008 4503 ι)
2037 4447 2145 4492 tate
2173 4436 2386 4500 fervidi,
2415 4436 2468 4490 in
2497 4433 2876 4504 peregrinis'et
2898 4429 3224 4499 pauperibus
3247 4425 3606 4496 suscipiendis

357 4523 658 4592 cupientes,
697 4523 1000 4578 cmnobium
1034 4533 1268 4578 vestrum
1299 4539 1397 4592 pro
1418 4523 1480 4576 B.
1513 4521 1692 4576 Maria:
1718 4537 1930 4592 semper

363 4611 598 4684 Virginis
660 4614 980 4679 reverentia,
1037 4613 1122 4668 cui
1172 4613 1406 4688 dicatum
1457 4622 1559 4675 est,
1599 4613 1651 4664 in
1676 4609 1931 4666 Romanae

356 4704 612 4761 Ecelesizn
667 4705 1045 4774 proprietatem
1078 4713 1132 4758 et
1170 4704 1410 4768 tutelam,
1442 4711 1602 4771 atque
1636 4701 1931 4770 protectio-

357 4813 480 4850 nem
533 4797 850 4864 Apostolicze
909 4795 1065 4850 Sedis
1117 4794 1448 4862 accipimus;
1499 4801 1553 4846 et
1612 4789 1932 4861 Apostolica:

359 4887 487 4941 illud
543 4886 879 4940 auctoritatis
909 4884 1186 4955 privilegio
1229 4883 1554 4945 munientes,
1595 4882 1663 4934 ab
1691 4880 1930 4934 omnium

357 4993 708 5048 personarum
733 4978 862 5048 jugo
897 4977 1120 5045 liberum
1149 4989 1467 5044 permanere
1501 4974 1858 5028 decernimus.
1908 4991 1925 5023 ι

430 5068 523 5122 51.
551 5064 858 5121 Alexander
890 5065 980 5130 IV,
1007 5075 1142 5119 teste
1171 5064 1437 5118 Franchio
1459 5063 1550 5116 lib.
1578 5063 1631 5127 7,
1655 5077 1772 5131 pag.
1808 5060 1929 5126 198,

2031 4527 2272 4598 benigni,
2301 4527 2352 4580 in
2399 4524 2722 4594 sepeliendis
2779 4521 3040 4591 fratribus
3085 4520 3181 4590 pii,
3211 4519 3428 4587 insuper
3455 4517 3607 4572 omni

2031 4633 2229 4689 genere
2256 4617 2528 4688 religionis
2573 4614 2840 4685 prteclari,
2893 4621 2948 4668 et
2989 4613 3078 4682 (ut
3106 4610 3209 4666 duo
3239 4608 3476 4678 pradicti
3504 4609 3610 4661 viri

2033 4706 2360 4775 fatebantur)
2390 4703 2641 4758 omnibus
2669 4701 2966 4764 monachis,
3013 4712 3149 4768 quos
3171 4698 3427 4752 hactenus
3454 4695 3620 4749 vide-.

2033 4804 2174 4860 rant,
2204 4796 2493 4850 sanctitate
2521 4791 2860 4862 przeferendi.
2895 4789 2995 4856 Qui
3023 4803 3146 4844 cum
3184 4787 3262 4841 eis
3287 4801 3384 4856 per
3405 4785 3618 4854 aliquot

2037 4884 2292 4954 temporis
2322 4883 2554 4951 spatium
2604 4882 2965 4938 demorantcs.
3011 4877 3078 4932 ab
3119 4875 3224 4930 illis
3259 4874 3424 4928 multa
3449 4874 3609 4927 docn-

2033 4985 2214 5030 mcnta
2241 4981 2386 5027 recte
2413 4970 2644 5034 vivendi,
2703 4976 2760 5023 ut
2810 4967 2909 5037 ipsi
2967 4965 3323 5030 testabantur,
3356 4975 3607 5029 suscepe-

2034 5072 2178 5118 runt.
2217 5081 2235 5113 ›

2111 5151 2170 5172 pr
2227 5149 2506 5172 n--..s.9---
2542 5147 2588 5170 Il
2629 5147 2810 5170 .Lttlt-
2852 5147 2901 5170 ε..
2939 5143 3132 5168 12..--2-
3167 5155 3305 5168 ...μηλ
3331 5137 3466 5166 lum
3487 5133 3611 5166 ιπηιη,
