4122 5330
506 174 628 242 127?

1585 178 1640 238 S.
1683 176 1964 240 JOANNIS
2001 178 2393 240 GUA’LBERTI
2431 180 2721 240 ABBATIS

3652 168 3766 234 7-28

507 297 692 369 gensis
719 295 834 352 lib.“.
865 295 917 358 l,
963 309 1084 364 cap.
1133 293 1202 350 ιο
1241 293 1602 363 Dialogorum,
1647 308 1781 363 quos
1819 293 1987 347 edidit
2021 292 2081 346 D.
2114 302 2160 354 Α
2191 307 2339 346 mere
2366 308 2395 346 a
2430 291 2752 348 Direcesani'
2771 290 3146 363 ju'risdietione
3171 287 3310 344 hanc
3347 287 3647 359 religiosam
3679 289 3765 340 fa-

509 388 688 444 Lums
735 386 1000 442 Acherins
1047 396 1176 438 tom.
1217 383 1329 438 Xlll
1357 382 1629 454 Spicilegii
1675 383 1774 451 ita”
1803 383 2082 452 loquitur:

516 497 538 532 ‹
584 479 694 532 Nec
722 479 810 530 diu
835 486 938 540 est,
969 476 1110 546 quod
1142 475 1194 530 in
1224 474 1331 529 alio
1352 475 1488 540 loco,
1531 474 1623 544 qui
1669 483 1894 529 vocatur
1923 472 2086 528 Vallis

514 568 773 623 Umlirosa
802 565 953 635 juxta
985 567 1274 621 Perusinos
1298 575 1508 620 montes
1541 565 1775 620 surrexit
1795 579 2089 635 congrega~

511 658 586 710 tio
634 657 1019 710 monachorum
1048 655 1204 709 valde
1256 655 1528 725 religiosa,
1567 669 1596 708 a
1646 655 1841 709 ceteris
1867 655 1957 724 qui
1988 669 2085 708 vo-

508 755 704 801 cantur
748 746 994 800 monachi
1042 761 1180 800 novo
1227 745 1427 801 Ordine
1467 753 1523 799 et
1552 759 1690 799 novo
1719 744 1902 799 habitu
1933 744 2091 799 diﬁc-

414 823 418 828 ’
506 844 710 899 rentes,
756 844 809 890 et
857 836 1056 892 multos
1103 836 1304 892 habent
1346 851 1458 892 suae
1509 836 1698 892 formae
1749 851 2026 907 sequaces.
2060 853 2080 888 ι

504 919 755 992 Habitus,
778 926 845 982 de
865 942 973 999 quo
994 927 1082 982 hic
1109 927 1341 996 scriptor
1360 927 1490 996 agit,
1524 936 1632 981 tum
1655 936 1772 983 erat
1795 924 2085 990 ferruginei

506 1017 726 1081 roloris,
756 1032 914 1088 quem
954 1017 1022 1071 Β.
1065 1016 1124 1071 D.
1155 1017 1366 1072 Blasius
1393 1017 1462 1072 de
1490 1016 1780 1072 Mitanesiis
1807 1015 2088 1071 Generalis

505 1109 654 1164 circa
683 1123 882 1164 annum
915 1111 1052 1166 1500
1084 1111 1138 1164 in
1166 1113 1379 1181 nigrum
1429 1102 1796 1170 commutavit,
1835 1118 1892 1162 ut
1918 1106 2088 1163 fusius

503 1202 739 1258 ostendit
767 1191 1080 1258 Franchins
1134 1203 1226 1258 lib.
1289 1205 1342 1268 7,
1373 1217 1497 1274 pag.
1539 1202 1660 1258 186.
1718 1200 1871 1256 Unde
1916 1199 2084 1255 refelli

503 1309 611 1346 non
662 1304 901 1348 meretur
967 1294 1161 1365 duplex
1216 1310 1372 1351 error
1421 1291 1698 1365 cujusdam
1766 1293 2088 1349 recentioris

504 1383 844 1449 heterodoxi,
881 1385 972 1455 qui
1043 1386 1292 1457 imperite
1340 1386 1528 1442 scribit
1575 1385 1810 1442 colorem
1850 1385 2089 1440 Vallum-

501 1477 864 1531 brosanorum
909 1481 1296 1535 monachorum
1343 1480 1469 1534 olim
1501 1481 1666 1536 fuisse
1695 1470 1980 1536 caeruleum
2010 1479 2086 1550 (in

506 1561 611 1621 hoc
641 1567 818 1637 primo
843 1583 1030 1624 errore
1050 1571 1239 1624 ducem
1266 1571 1426 1626 habet
1455 1571 1774 1644 Polydorum
1807 1572 2083 1642 Virgilium

2191 382 2390 436 miliam
2417 396 2446 435 a
2474 381 2662 450 primis
2686 381 2802 450 ejus
2831 379 3165 436 incunabulis
3192 380 3553 434 Romanorum
3578 377 3766 430 Ponti-

2188 469 2347 524 ficum
2387 485 2542 524 amor
2567 485 2630 525 ac
2659 471 2915 538 studium,
2957 472 3047 540 qui
3091 479 3278 541 postea
3311 467 3660 524 celeberrima
3703 467 3764 520 in

2187 578 2306 618 eam
2337 563 2612 634 privilegia
2635 563 2926 618 contulere.
2959 583 2981 617 ι

2257 654 2344 708 57.
2385 653 2664 720 Quomodo
2694 655 2779 708 hic
2806 653 2950 709 Ordo
2981 655 3034 708 in
3062 653 3287 710 Galliam
3318 662 3640 723 propagatus
3666 648 3761 711 sit,

2187 742 2354 812 liquet
2379 758 2444 797 ex
2477 742 2763 796 Palriachii
2801 743 3174 799 Bitturicensis
3198 744 3375 812 capite
3409 757 3520 804 ut,
3550 740 3692 808 quod
3726 754 3766 792 θ

2187 833 2403 889 Labbeo
2425 846 2609 889 nos=ru
2630 836 2829 889 editum
2855 844 2936 889 est
2962 836 2993 889 ἰ.
3019 835 3112 889 itio
3139 834 3268 888 torni
3290 831 3512 888 secundi
3535 832 3586 885 in
3609 828 3765 884 Nova

2187 921 2520 978 Bibliotheca
2551 922 3034 992 Manuscriptorum
3059 923 3339 988 librorum,
3361 921 3450 976 ubi
3479 921 3766 975 traduntur

2187 1013 2504 1084 sequentia:
2550 1033 2570 1066 α
2597 1014 2824 1080 Quidam
2863 1015 3226 1070 nobilissimus
3263 1029 3327 1070 ac
3357 1012 3767 1069 strenuissimus

2188 1118 2369 1160 comes
2391 1107 2460 1161 ab
2488 1105 2824 1162 Hierusalem
2851 1121 3168 1162 reversurus
3195 1107 3248 1160 in
3278 1106 3588 1169 Franciam,
3622 1105 3766 1158 unde

2188 1212 2309 1252 cum
2349 1199 2551 1253 ceteris
2573 1199 2901 1254 Christianis
2937 1199 3062 1253 illnc
3104 1197 3284 1254 fuerat
3320 1197 3612 1268 profectus,
3659 1195 3764 1249 Ro-

2189 1302 2330 1342 mam
2378 1289 2671 1358 ingressns,
2716 1290 2872 1345 facile
2909 1290 3140 1344 obtinuit
3175 1304 3205 1342 a
3250 1302 3463 1343 summo
3501 1284 3766 1346 Pontilice

2187 1381 2288 1434 sibi
2323 1380 2508 1435 donari
2555 1382 2812 1451 reliquias
2846 1392 3158 1437 sanctorum
3189 1390 3486 1452 martyrum
3525 1375 3761 1434 Cornelii

2187 1479 2242 1523 et
2278 1468 2556 1541 Cypriani.
2606 1469 2740 1524 Tum
2781 1485 2910 1525 vero
2945 1471 3246 1541 impetratis
3272 1471 3433 1524 etiam
3469 1483 3534 1522 ex
3564 1467 3764 1521 ﬂoren-

2190 1558 2397 1613 tissima
2429 1559 2814 1615 monachorum
2840 1560 3269 1633 Congregatione
3293 1558 3458 1614 Vallis
3490 1555 3769 1611 Umbrch

502 1657 599 1710 lib.
632 1659 684 1720 7,
716 1657 780 1711 de
805 1657 1015 1713 lnvent.
1048 1675 1154 1715 rer.
1186 1676 1304 1732 cap.
1328 1662 1388 1733 2)
1413 1679 1477 1719 ac
1501 1673 1688 1719 nostro
1712 1674 1953 1732 tempore
1969 1677 2088 1717 esse
2121 1663 2161 1720 Β
2189 1649 2394 1718 ali‘l‘l0t
2433 1650 2640 1705 ἀενοιίε
2679 1651 2968 1716 “uiribus:
3014 1667 3244 1722 ειυονωη
3281 1651 3437 1705 prior
3473 1648 3768 1703 “malm”

500 1749 824 1809 violaccum.
855 1751 976 1821 Hic,
1006 1754 1053 1811 si
1082 1770 1363 1826 umquam,
1388 1772 1566 1813 caecus
1603 1756 1803 1814 'udicat
1846 1757 1911 1812 de
1940 1757 2085 1812 colo-

500 1839 652 1896 tibtzi

576 1929 670 1984 55.
701 1929 776 1984 De
797 1931 1014 1988 habitus
1043 1935 1342 1989 mutatione
1365 1935 1435 1990 ita
1465 1935 1609 1990 canit
1633 1935 1887 1991 Emilius
1913 1935 2081 1990 Acer.

501 2019 607 2075 bus
639 2021 692 2074 in
722 2026 982 2094 panegyri
1013 2025 1068 2079 S.
1096 2025 1320 2080 Joannis
1347 2026 1648 2082 Gualherti:

584 2127 603 2160 ο
632 2109 858 2166 Mutavit
889 2113 1060 2169 Vallis
1088 2127 1298 2169 veteres
1327 2115 1594 2172 Umbrosa
1627 2118 1871 2173 colores:

580 2216 598 2248 ι
630 2199 780 2254 Felix
806 2201 852 2256 si
877 2217 1081 2266 mores,
1112 2213 1166 2258 et
1197 2205 1320 2261 οωιί
1354 2217 1534 2260 servat
1557 2221 1790 2262 amores.
1821 2227 1840 2261 ι

505 2289 577 2342 At
620 2292 931 2360 religiosam
970 2295 1110 2351 hanc
1149 2299 1620 2368 congregationem
1653 2315 1832 2356 mores
1863 2315 1926 2355 ac
1955 2302 2077 2355 cudi

506 2395 722 2438 sineres
749 2399 1122 2452 conservasse,
1155 2397 1386 2443 testatur
1410 2386 1623 2461 Uglielli
1657 2392 1911 2463 eIOgium,
1937 2395 2078 2462 quod

504 2471 594 2525 hic
625 2482 901 2544 tamquam
942 2476 1208 2534 dictorum
1237 2481 1707 2549 anaceplialeosin,
1736 2485 2077 2550 et'omninm,

503 2577 625 2632 quae
662 2564 793 2619 dicit
835 2577 1121 2635 poterant,
1171 2583 1442 2640 synopans
1487 2571 1734 2642 subjicio.
1785 2572 1893 2629 Sic‘
1919 2575 2080 2629 habet

505 2661 636 2709 tom.
665 2654 726 2708 Ill
751 2655 920 2710 Italiae
939 2672 1130 2724 sacrae,
1157 2660 1264 2713 col.
1287 2660 1431 2716 285:
1470 2680 1488 2712 ς
1517 2661 1705 2716 Traxit
1741 2665 1788 2718 is
1814 2662 1958 2719 Ordo
1990 2681 2084 2717 no-

504 2755 626 2798 men
659 2759 813 2797 suum
845 2761 875 2799 a
903 2745 1043 2810 loco,
1077 2747 1129 2800 in
1152 2762 1258 2816 quo
1286 2749 1516 2817 primum
1554 2751 1965 2814 monasterium.
1998 2753 2079 2806 ni-

506 2829 702 2884 mirum
751 2832 807 2887 in
847 2830 1089 2901 subjecta
1132 2836 1300 2901 valle,
1347 2838 1596 2894 densiore
1641 2840 1831 2895 umbra
1877 2843 2075 2906 obsita,

501 2917 854 2991 projectaque
894 2923 964 2977 ab
1006 2925 1410 2995 insurgentibus
1439 2929 1566 2984 hinc
1609 2930 1732 2985 inde
1762 2933 2078 3003 asperrimis

2186 1738 2356 1794 frater
2393 1741 2653 1802 Andreas,
2693 1741 2778 1794 vir
2816 1741 3050 1795 maxima
3077 1739 3456 1797 conservanda:
3491 1735 3768 1808 religionis

2184 1828 2487 1883 constantia
2515 1829 2718 1893 clarus,
2748 1829 3141 1886 illustrissimus
3164 1829 3359 1886 Comes
3387 1829 3494 1884 voti
3523 1841 3766 1896 cornpos,

2185 1924 2605 1994 lwtissintusqtte
2650 1925 2716 1978 ad
2755 1941 2882 1981 suos
2916 1935 3137 1995 penates
3163 1938 3458 1994 regressus;
3496 1921 3765 1992 amplilica

2185 2015 2511 2072 liberalitate
2545 2017 2828 2085 praedictos
2859 2018 3136 2087 religiosos
3163 2017 3318 2071 viros
3349 2015 3576 2079 curavit,
3603 2015 3769 2067 dans-

2182 2124 2288 2178 que
2315 2107 2418 2161 illis
2451 2107 2724 2175 optionem
2765 2107 2995 2178 eligendi
3027 2108 3200 2162 locum
3232 2107 3482 2161 idoneum
3512 2119 3610 2175 pro
3632 2103 3766 2157 redi-

2185 2196 2397 2252 licando
2425 2199 2758 2255 monasterio
2789 2197 2927 2252 infra
2954 2211 3065 2252 suae
3098 2198 3317 2252 ditionis
3346 2204 3521 2250 metas
3543 2209 3768 2250 conces-

2184 2291 2275 2357 sit,
2323 2294 2616 2361 statuitque
2650 2292 2783 2346 tanti
2823 2292 3004 2362 operis
3045 2292 3316 2360 impensas
3345 2288 3413 2344 de
3449 2289 3562 2343 suis
3591 2287 3764 2341 facul-

2185 2384 2386 2438 tatibus
2417 2384 2610 2455 accipi.
2643 2385 2760 2451 Quo
2784 2383 2999 2453 quidem
3029 2382 3277 2437 etenobio
3305 2381 3358 2435 in
3389 2377 3766 2434 Aurelianensi

2185 2475 2461 2531 territorio
2483 2475 2736 2530 celeriter
2761 2473 3154 2546 magnificeque
3179 2479 3512 2536 constructo,
3539 2483 3642 2523 non
3674 2484 3764 2522 so—

2183 2565 2292 2619 lum
2323 2565 2452 2620 illud
2484 2567 2568 2619 vir
2592 2566 2880 2620 admodum
2908 2563 3102 2620 nobilis
3129 2572 3436 2617 sanctorum
3465 2569 3762 2631 martyrum

2181 2655 2414 2711 Cornelii
2437 2666 2492 2711 et
2509 2655 2765 2726 Cypriani
2787 2655 2955 2710 sacris
2983 2653 3225 2723 reliquiis
3250 2651 3546 2722 insignivit,
3568 2665 3760 2704 verum

2184 2746 2347 2800 etiam
2382 2748 2447 2801 de
2491 2751 2604 2802 suis
2648 2747 2951 2801 redditibus
2986 2747 3159 2815 ipsum
3200 2744 3375 2799 locum
3413 2741 3670 2796 munifice
3694 2755 3760 2793 ac

2181 2837 2437 2894 nobiliter
2473 2839 2693 2904 duravit,
2727 2839 3014 2894 instituens
3062 2846 3122 2892 ut
3175 2836 3429 2904 deinceps
3464 2834 3603 2888 idem
3644 2849 3761 2885 mo-

2183 2927 2474 2980 nasterium
2505 2926 2868 2996 appellaretur
2894 2926 3289 2981 Corneliaeum.

505 3015 780 3070 montibus
804 3017 1099 3072 excitatum
1130 3029 1213 3074 est
1249 3020 1302 3074 in
1339 3035 1406 3076 eo
1436 3021 1575 3087 loco,
1614 3023 1700 3077 cui
1732 2995 1884 3092 Aqua
1932 3023 2023 3077 Bel
2049 3041 2079 3080 a
2107 2995 2153 3056 (ἶ
2253 3015 2344 3071 58.
2390 3035 2408 3068 ‹
2435 2995 2661 3086 Jamque
2707 3017 2852 3070 velut
2885 3016 3114 3070 balsami
3159 3014 3389 3068 fractum
3425 3011 3756 3066 alabastrum

505 3120 704 3161 nomen
753 3118 863 3170 est,
905 3122 1065 3178 quem
1117 3110 1219 3182 ipsi
1267 3113 1598 3168 nobilissima
1640 3114 1741 3169 ltta
1793 3115 2081 3172 llilarianae

506 3195 699 3252 domus
725 3198 780 3251 in
809 3198 1068 3254 Fesulana
1101 3202 1322 3259 dimcesi
1359 3203 1652 3269 abbatissa,
1675 3219 1741 3260 ex
1772 3205 2076 3261 Guidonum

504 3286 770 3342 Comitum
795 3289 997 3344 familia
1027 3302 1338 3361 procreata,
1370 3293 1670 3349 liberaliter
1695 3295 1935 3350 tradidit.

577 3375 666 3431 56.
705 3395 726 3430 ι
759 3379 935 3434 Distat
987 3383 1362 3438 tantummodo
1409 3384 1692 3440 duodecim
1733 3401 1762 3439 a
1804 3384 2078 3440 Florentia

509 3465 832 3523 milliaribus
873 3470 1266 3527 nobilissimum
1320 3473 1423 3527 hoc
1471 3475 1891 3540 monasterium,
1934 3478 2078 3545 quod

499 3563 704 3624 postea,
734 3570 856 3613 cum
897 3557 1007 3614 Viri
1048 3563 1378 3618 sanctissimi
1428 3563 1601 3617 virtus
1647 3562 1755 3617 late
1795 3571 2076 3634 spargeret

501 3660 580 3707 se,
620 3661 686 3701 ac
726 3648 1122 3714 circumferret,
1161 3650 1385 3720 ejusque
1422 3652 1692 3720 probitate
1733 3667 2078 3708 successores

501 3749 613 3789 non
650 3736 1037 3802 desciscerent,
1076 3741 1332 3794 maximis
1366 3739 1578 3807 opibus,
1623 3750 1682 3796 ut
1725 3742 1779 3796 in
1809 3757 1873 3797 eo
1907 3743 2074 3797 divini

502 3825 679 3880 cultus
723 3826 894 3896 gloria
937 3826 1268 3894 eiﬂurescet,
1321 3829 1705 3900 amplificatum
1753 3841 1868 3898 est,
1917 3837 2078 3902 atque

502 3924 665 3984 caput
692 3915 871 3970 extitit
900 3916 1247 3972 nobilissimae
1273 3918 1714 3989 Congregationis
1739 3921 2078 3976 Vallumbro-

502 4017 679 4073 sane,
718 4021 839 4075 quis
880 4006 1029 4060 brevi
1070 4023 1174 4061 non
1215 4010 1372 4064 modo
1411 4019 1520 4064 t0ta
1563 4008 1844 4073 Hetruria,
1889 4027 2074 4066 verum

497 4095 663 4149 etiam
703 4105 810 4150 tota
843 4096 994 4151 Italia
1033 4113 1092 4152 se
1133 4097 1362 4164 diﬁ‘udit,
1406 4101 1782 4169 maximosque
1822 4101 2078 4156 Ecclesia:

501 4182 708 4241 fructus
733 4188 929 4251 attulit,
961 4203 1157 4242 novum
1191 4189 1251 4243 D.
1285 4189 1558 4245 Benedicti
1591 4191 1851 4246 institutis
1882 4208 2076 4248 monaa

497 4275 650 4330 sticis
698 4277 1036 4345 splendorem
1083 4281 1314 4349 peperit,
1361 4280 1734 4352 Hetruriteque
1778 4285 2071 4337 maximum

495 4365 661 4418 decus
688 4362 876 4420 aﬂ‘udit
904 4387 914 4420 :
952 4369 1194 4424 extulere
1216 4371 1360 4424 enim
1400 4385 1522 4426 sese
1557 4387 1623 4427 ex
1656 4387 1719 4426 ea
1757 4373 1958 4427 familia
1990 4375 2071 4427 iu-

494 4457 706 4509 numeri
749 4457 850 4510 viri
898 4461 1184 4516 sanetitate
1226 4476 1292 4515 ac
1334 4460 1558 4518 scientia
1601 4464 1897 4532 conspicui,
1935 4481 2073 4534 quos

493 4547 769 4613 praeclara:
799 4549 1022 4604 virtutes
1049 4552 1116 4605 ad
1151 4567 1391 4607 summas
1420 4555 1814 4610 ecclesiasticas
1839 4552 2069 4626 dignita-

495 4642 575 4688 tes
604 4649 853 4693 evexere.
901 4639 1132 4696 Tunieut
1156 4643 1432 4710 praeclaris
1463 4644 1676 4700 illorum
1705 4649 1871 4717 gestis
1897 4647 2064 4702 histo-

493 4739 728 4782 ricorum
761 4743 1132 4796 monumenta,
1165 4750 1283 4804 qua:
1320 4735 1407 4790 hic
1435 4751 1720 4792 recensere
1749 4752 2068 4807 supervaca-

492 4831 655 4872 neum
680 4819 1060 4877 est.‘Servavit
1095 4825 1357 4882 hactenus
1393 4828 1438 4882 is
1465 4828 1608 4884 Ordo
1633 4839 1787 4882 suitm
1821 4829 2068 4899 splendo-

490 4921 646 4962 rem:
687 4909 1028 4968 Serenissimi
1063 4914 1324 4984 principis
1352 4915 1535 4971 Caroli
1569 4917 1791 4972 Medicei
1830 4918 2065 4988 episcopi

493 4997 802 5057 Cardinalis
830 5003 1118 5059 Tusculani
1158 5007 1423 5062 clientela:
1463 5008 1624 5062 hodie
1659 5009 2066 5062 commendatus

489 5100 595 5157 est,
624 5101 680 5147 et
710 5095 776 5150 ab
811 5095 1044 5150 Ascanio
1074 5096 1400 5151 Tamburino
1444 5098 1638 5153 abbate
1664 5098 1910 5153 Generali
1954 5115 2066 5151 n.a-

489 5183 634 5239 xima
667 5179 819 5240 laude
849 5188 1288 5254 administratur;
1325 5203 1483 5257 quem
1517 5189 1689 5242 virum
1725 5188 1949 5256 insignis
1975 5189 2065 5242 do-

491 5276 660 5330 ctrina
692 5293 811 5330 cum
843 5278 959 5330 aliis
990 5289 1197 5330 naturze
1235 5273 1450 5330 dotibus
1474 5288 1528 5330 et
1556 5278 1906 5330 ornamentis.
1936 5292 2064 5330 sua-

2181 3105 2516 3162 admirabilis
2545 3108 2785 3162 virorum
2817 3107 2910 3162 Dei
2936 3108 3116 3176 opinio
3147 3107 3282 3160 mire
3310 3106 3580 3174 fragrans,
3607 3101 3755 3156 brevi

2178 3216 2276 3270 per
2300 3209 2464 3256 totam
2487 3201 2790 3270 Aquitania:
2812 3201 3143 3269 provinciam
3168 3197 3594 3260 dill'undebatur;
3621 3207 3756 3261 quo-

2179 3306 2299 3345 rum
2330 3291 2578 3361 exemplo
2621 3291 2840 3360 plurimi
2880 3290 3119 3358 cujusvis
3158 3289 3482 3345 conditionis
3511 3286 3762 3341 homines

2181 3381 2400 3436 attracti
2427 3389 2483 3436 et
2521 3380 2706 3446 illecti,
2736 3380 3060 3449 contemptis
3095 3393 3159 3433 ac
3203 3379 3400 3449 spretis
3439 3376 3559 3430 vani
3598 3375 3760 3444 hujus

2182 3471 2368 3526 mundi
2396 3471 2687 3538 illecebris,
2718 3487 2778 3529 se
2807 3473 2949 3526 ultro
2980 3472 3130 3526 suavi
3161 3469 3362 3526 Christi
3383 3469 3512 3538 iugo
3534 3467 3761 3523 submit-

2183 3570 2391 3626 tcntes,
2441 3561 2506 3614 ad
2556 3560 2804 3615 bravium
2858 3577 3106 3631 supernae
3153 3559 3454 3615 vocationis
3505 3555 3754 3612 certatim

2180 3652 2599 3706 contendebant.
2655 3650 2992 3707 Venerabilis
3034 3653 3178 3707 enim
3209 3663 3364 3721 pater
3398 3649 3666 3712 Andreas,
3698 3647 3752 3699 in

2182 3760 2289 3813 quo
2329 3745 2494 3799 totius
2525 3745 2802 3815 religionis
2837 3745 3030 3809 forma,
3061 3761 3158 3800 nec
3182 3760 3286 3800 non
3317 3744 3480 3798 totius
3507 3741 3753 3795 modera-

2188 3833 2355 3887 tionis
2386 3829 2554 3903 gratia
2627 3835 2918 3899 renitebat,
2972 3833 3128 3888 facile
3169 3831 3455 3888 inducebat
3489 3827 3751 3896 singulos,

2176 3924 2360 3993 qui'ad
2393 3939 2450 3979 se
2475 3926 2950 3988 convertebantur,
2983 3925 3181 3980 suimet
3207 3921 3453 3978 notitiam
3487 3917 3748 3987 recipere,

2177 4012 2400 4080 psalmis
2437 4023 2493 4067 et
2533 4013 2750 4084 hymnis
2787 4028 3007 4078 vacare,
3053 4021 3250 4066 terram
3296 4011 3380 4065 sui
3419 4007 3598 4064 cordis
3635 4005 3749 4074 iugi

2177 4102 2324 4157 cultu
2366 4112 2420 4156 et
2454 4103 2731 4158 exercitiis
2761 4103 3189 4158 indesinentibus
3213 4100 3480 4165 excolere,
3511 4096 3750 4152 cwlibem

2177 4201 2488 4262 castamque
2519 4190 2708 4258 vitam,
2738 4195 2989 4248 omnibus
3019 4191 3334 4247 mortalibus
3369 4189 3633 4260 pnecipue
3658 4187 3748 4240 de-

2177 4283 2546 4346 siderabilcm,
2575 4284 2813 4337 mmulari
2838 4293 2999 4353 atque
3029 4283 3246 4338 sectari.
3272 4279 3408 4348 Quid
3443 4276 3646 4345 multa?
3670 4277 3746 4330 lta

2175 4377 2326 4429 brevi
2366 4375 2857 4429 abrenuntiantimn
2896 4375 3092 4429 swculo
3126 4373 3326 4428 coaluit
3361 4385 3646 4433 numerus,
3689 4375 3747 4420 ut

2171 4464 2224 4519 in
2247 4465 2400 4519 arido
2421 4474 2475 4518 et
2500 4466 2761 4534 squalenti
2788 4480 2979 4533 campo
3008 4465 3279 4518 videretur
3309 4476 3461 4530 seges
3486 4460 3740 4520 fecunda,

2171 4571 2234 4608 ac
2263 4556 2379 4610 lzeta
2412 4557 2622 4610 Domini
2648 4556 2887 4614 Sabaoth
2923 4557 3077 4610 vinea
3104 4555 3454 4611 succrevisse.
3476 4554 3586 4623 jam
3616 4563 3746 4604 snas

2169 4648 2488 4717 propagines
2522 4647 2680 4715 longe
2722 4648 2938 4717 lateque
2977 4647 3286 4701 dilatatura.
3327 4645 3476 4700 Unde
3521 4643 3603 4696 vir
3639 4641 3742 4694 Do—

2168 4739 2299 4792 mini
2341 4737 2585 4793 Andreas
2625 4739 2777 4808 plura
2823 4740 3051 4795 diversis
3090 4739 3142 4792 in
3183 4738 3316 4793 locis
3352 4735 3739 4791 monachorum

2168 4828 2560 4892 conventicula,
2606 4845 2725 4899 qum
2765 4847 2906 4886 nunc
2943 4830 3221 4885 Prioratus
3257 4836 3540 4893 vocantur,
3578 4827 3741 4881 insti-

2171 4916 2290 4979 tuit,
2322 4923 2376 4970 et
2406 4918 2581 4971 erexit
2620 4919 2874 4987 precibus
2903 4920 3260 4988 quorumdam
3295 4917 3553 4973 nobilium
3591 4915 3739 4969 viru-

2168 5026 2306 5074 rum,
2340 5011 2482 5067 ultro
2517 5015 2565 5068 ei
2597 5013 2936 5070 oﬂ‘erentium
2972 5032 3034 5070 ea
3067 5032 3186 5087 qua:
3220 5017 3286 5071 ad
3339 5019 3577 5087 quietam
3609 5017 3738 5070 reli-

2166 5101 2440 5171 giosorum
2471 5103 2632 5158 vitam
2664 5107 2955 5173 pertinent.
3266 5113 3270 5117 ’
3581 5101 3591 5108 ’

2235 5191 2323 5246 59.
2360 5192 2379 5242 ά
2409 5192 2650 5263 Denique
2673 5195 2861 5249 silvam
2885 5197 3170 5265 quamdam
3193 5198 3499 5264 quercuhus
3527 5205 3582 5251 et
3601 5195 3739 5264 fugis

2166 5279 2537 5330 densissimam
2560 5284 2696 5330 intra
2729 5283 3078 5330 Bilttrieensis
3105 5285 3400 5330 dimi-egens
3431 5285 3566 5330 ﬁnes
3590 5297 3739 5330 rem»:
