4122 5330
321 336 430 394 729

1836 338 2034 398 ACTA.

3451 343 3564 404 750

323 451 799 516 cumulabantur,
837 450 904 504 ab
929 449 1044 521 ipso
1063 454 1355 508 semiudum
1385 451 1492 506 divi
1526 452 1703 506 Patris
1725 453 1888 508 Bene-
1919 460 1966 514 Α
1998 451 2280 521 lleligiosis
2323 469 2386 507 ac
2426 452 2747 508 Militarinus
2786 462 2908 508 octo
2943 460 3135 517 tomos,
3169 455 3332 510 mucis
3376 456 3562 526 figuris

325 543 452 599 dicti
499 542 736 611 regulam
776 542 1119 602 instituendi.
1155 541 1372 597 sibimet
1415 559 1571 597 casas
1603 545 1748 597 circa
1781 560 1894 599 ma-

324 634 479 705 gistri
520 633 844 702 tuguriolum
885 636 1313 703 compingentcs,
1359 650 1434 688 τοι
1473 633 1666 688 clTectu
1716 633 1892 690 locum

327 725 500 794 ipsum
525 725 776 793 deinceps
798 723 987 778 Casale
1012 723 1351 777 benedictum
1375 723 1746 792 appellandum
1769 739 1893 778 cen-

326 823 569 869 suerunt.
605 812 704 877 Qui
737 813 951 867 tandem
978 811 1148 879 adjuti
1173 828 1276 882 ope
1304 813 1658 882 quorumdam
1687 813 1891 882 princi-

327 889 475 976 pum,
504 919 570 960 ac
602 904 916 958 dcvotorum
956 902 1190 957 ﬁdelium
1221 903 1578 975 eleemosynis
1616 904 1890 960 basilicam

326 1005 382 1050 et
425 994 708 1049 universas
747 993 1060 1048 monasterii
1101 991 1374 1059 omcinas,
1423 994 1536 1049 Deo
1576 994 1890 1059 auxiliante,

327 1093 860 1142 consummaverunt.
889 1084 1006 1152 Quo
1030 1085 1286 1142 Dominus
1308 1086 1668 1157 Leodegarius
1691 1086 1895 1141 Bituri-
1935 1109 1938 1114 -

327 1177 505 1232 censis
551 1177 992 1247 archiepiscopus
1046 1179 1232 1233 venire
1274 1180 1555 1250 dignatus,
1604 1181 1890 1235 ecclesiam

326 1267 542 1336 quidem
573 1268 625 1322 in
657 1269 914 1324 honorem
949 1269 1284 1326 intemerata:
1311 1270 1548 1340 Virginis
1579 1270 1760 1324 Marim
1797 1271 1888 1327 Dei

325 1355 618 1414 Geuitricis
651 1373 715 1414 ac
753 1359 1186 1414 beatissimorum
1224 1359 1600 1428 Apostolorum
1647 1359 1794 1417 Petri
1838 1371 1894 1416 et

328 1447 476 1514 Pauli
508 1449 822 1506 solemniter
848 1451 1144 1516 dedicavit;
1171 1451 1343 1521 ipsum
1371 1465 1499 1507 vero
1517 1451 1890 1509 Reverendum

326 1537 543 1595 Patrem
575 1540 845 1595 Andream
877 1541 934 1595 in
967 1540 1215 1596 abbatem
1241 1541 1473 1612 primum
1499 1541 1708 1598 Castalis
1733 1543 1894 1598 bene-

326 1629 454 1685 dicti
480 1630 823 1688 conﬁrmavit
851 1649 915 1689 ac
942 1634 1235 1690 benedixit.
1273 1655 1292 1687 ι

396 1721 484 1777 60.
524 1721 716 1778 Mirum
750 1733 836 1786 est
862 1726 1006 1782 hunc
1031 1727 1316 1783 Andream
1341 1727 1606 1784 Venantio
1633 1727 1804 1783 Simio
1835 1729 1888 1784 in

1995 542 2297 604 decoratos,
2329 542 2531 596 Gallice
2560 543 2816 611 vulgavit.

2115 633 2143 704 ᾗ
2174 631 2260 687 Vl.
2294 634 2352 687 S.
2386 632 2610 687 Joannis
2647 632 2916 689 Gualberti
2954 637 3143 705 scripta
3172 646 3219 691 et
3245 653 3434 706 preces.

1994 721 2246 794 (Quaehic
2268 723 2366 777 sub
2393 739 2538 777 nutu.
2562 723 2734 778 62-83
2755 735 3071 795 sequuntur,
3097 727 3324 783 seorsim
3351 728 3561 784 edimus

2670 812 2854 884 infra.)

2135 902 2166 975 ᾗ
2204 902 2313 958 V’ll.
2353 900 2508 956 Gesta
2531 901 2592 955 S.
2619 901 2840 956 Joannis
2869 913 3048 958 cavum
3071 903 3421 961 Simoniacos.

2063 993 2250 1048 Divina
2297 991 2627 1062 providentia
2659 991 2872 1046 videtur
2901 991 2958 1047 S.
2988 992 3245 1048 Joannem
3298 985 3562 1052 Gualber-

1993 1092 2108 1139 tum
2137 1097 2384 1138 servasse
2419 1080 2660 1136 luctuoso
2691 1083 2937 1152 tempori,
2965 1084 3104 1152 quod
3145 1083 3202 1139 S.
3237 1084 3430 1142 Petrus
3457 1085 3570 1142 Da—

1992 1173 2159 1228 tniaui
2183 1188 2302 1243 pag.
2331 1172 2384 1236 1,
2416 1171 2572 1240 epist.
2610 1170 2695 1237 15,
2719 1170 2783 1225 ad
2810 1171 3170 1228 Alexandrum
3193 1174 3236 1230 ll
3262 1176 3563 1233 Romanum

1993 1267 2296 1339 pontificem
2330 1270 2403 1324 ita
2429 1268 2672 1338 deplorat
2703 1285 2715 1321 :
2754 1286 2772 1318 ι
2804 1265 2971 1322 Totus
2999 1267 3178 1336 itaque
3213 1271 3443 1326 mundus
3463 1272 3566 1326 hoc

1995 1370 2234 1429 tempore
2285 1360 2417 1414 nihil
2451 1369 2533 1414 est
2579 1360 2721 1414 aliud
2759 1360 2862 1414 nisi
2920 1358 3064 1430 gula,
3109 1362 3352 1425 avaritia.
3405 1371 3567 1434 atque

1993 1453 2192 1519 libido;
2219 1463 2274 1510 et
2296 1455 2436 1508 sicut
2463 1451 2587 1506 olim
2617 1451 2881 1507 trifariam
2923 1453 3128 1510 divisus
3165 1463 3252 1509 est
3293 1455 3459 1521 orbis,
3509 1466 3570 1510 ut

1992 1546 2168 1600 tribus
2207 1544 2365 1600 simul
2407 1543 2739 1614 principibus
2780 1543 3104 1613 subiaceret,
3133 1545 3205 1600 ita
3234 1561 3375 1599 nunc
3401 1559 3569 1615 genus

1992 1632 2305 1697 humanum,
2333 1630 2435 1686 heu
2473 1633 2606 1700 proli
2628 1631 2812 1686 dolor!
2845 1633 2930 1688 bis
2966 1633 3135 1689 tribus
3171 1634 3314 1688 vitiis
3353 1633 3568 1688 servilia

1991 1724 2126 1778 colla
2150 1723 2464 1787 substernit,
2486 1737 2780 1792 eorumque
2803 1724 2954 1792 quasi
2981 1724 3198 1778 totidem
3225 1733 3567 1794 tyrannorum

325 1813 583 1884 Catalogo
620 1815 861 1872 virorum
915 1819 1203 1875 illustrium
1249 1819 1716 1878 Vanis.umbrosm
1755 1838 1892 1892 ρι-ω.
1925 1791 1963 1848 Β
1993 1811 2198 1883 legibus
2223 1814 2658 1882 obtemperanter
2683 1791 2886 1869 obedit.
2918 1834 2936 1867 ι
2963 1814 3036 1869 De
3061 1791 3362 1872 Simoniaca
3393 1825 3570 1870 autem

326 1904 632 1961 terruissum
673 1921 820 1972 esse;
860 1909 1158 1976 prrcsertim
1197 1926 1320 1965 cum
1367 1912 1418 1966 in
1457 1913 1690 1982 Epistula
1733 1928 1892 1985 enly-

325 1993 457 2048 clira
481 2012 511 2048 a
540 1997 816 2052 monachis
840 1997 1046 2055 Casalis
1075 2000 1348 2057 Benedicti
1378 2012 1498 2072 post
1524 2003 1640 2072 ejus
1666 2015 1891 2060 mortem

324 2085 544 2153 scripta,
573 2094 627 2140 et
644 2084 755 2154 iam
781 2103 810 2141 a
839 2087 985 2144 Luca
1012 2091 1277 2147 Dacherio
1299 2094 1440 2149 edita
1467 2105 1596 2151 tom.
1637 2082 1684 2151 ’11
1715 2097 1890 2168 Spici-

325 2176 446 2247 lcgii
490 2192 611 2248 pag.
655 2178 779 2243 518,
829 2183 1103 2251 egregium
1141 2185 1342 2240 habeat
1381 2187 1647 2257 elogium,
1686 2205 1750 2244 ex
1789 2207 1894 2258 quo

327 2267 444 2323 haec
492 2282 660 2337 pauca
713 2272 1073 2341 excerpimus.
1125 2291 1144 2325 ι
1176 2275 1398 2330 Fratres
1455 2277 1756 2342 carissimi,
1801 2297 1896 2350 pro

329 2356 533 2412 Domno
565 2357 805 2425 Andrea,
843 2360 1037 2418 abbate
1075 2373 1281 2430 nostro,
1324 2365 1490 2421 fratre
1531 2383 1660 2422 vero
1693 2380 1892 2435 vestro,

327 2453 598 2521 piissimas
633 2469 792 2509 aures
821 2457 1216 2527 omnipotentis.
1238 2459 1331 2513 Dii
1369 2461 1648 2517 nobiscum
1679 2463 1896 2531 pulsare

327 2546 575 2612 satagite,
614 2555 883 2615 quatenus
916 2549 1000 2602 cui
1038 2549 1225 2604 devota
1265 2560 1446 2611 mente
1485 2554 1728 2619 servhit,
1767 2556 1892 2610 dum

325 2636 544 2694 Spiritus
577 2637 814 2694 membra
862 2643 1151 2709 vegetavit,
1192 2644 1456 2700 inhaerere
1485 2645 1742 2702 membris
1771 2664 1894 2702 cor-

326 2729 474 2796 poris
521 2744 551 2782 a
587 2731 697 2785 vita
727 2731 1002 2786 destitutis
1035 2733 1418 2802 perpetualiter
1455 2737 1652 2790 valeat.
1694 2738 1788 2791 llic
1816 2750 1897 2792 e2-

327 2821 470 2875 enim
492 2820 685 2896 beatus
712 2823 815 2888 vir,
838 2839 980 2880 anno
1000 2825 1068 2879 ab
1090 2823 1465 2881 lncarnatione
1485 2827 1697 2883 Domini
1723 2832 1894 2884 nostri

326 2909 450 2965 Jesu
498 2911 695 2968 Chrisu
741 2913 1024 2968 millesimo
1066 2916 1361 2970 centesimo
1402 2917 1720 2974 duodecimo
1765 2920 1896 2974 indi-

327 3017 357 3056 c
385 3002 504 3056 ione
527 3004 735 3071 quinta,
761 3004 1076 3059 duodecimo
1096 3003 1364 3060 Kalendas
1388 3005 1687 3071 Februarii,
1717 3009 1897 3078 exp'e-

1993 1914 2143 1974 peste
2174 1905 2247 1960 ita
2284 1914 2510 1961 testatur
2550 1905 2802 1962 Nicotaus
2825 1906 2888 1972 ll,
2916 1907 2970 1961 in
3005 1909 3224 1965 decreto
3256 1918 3442 1966 contra
3489 1908 3576 1963 SE-

1993 1998 2289 2063 moniacos,
2327 1999 2469 2069 quod
2505 2013 2536 2052 a
2584 1998 2797 2054 Labbeo
2829 2009 3014 2055 nostro
3057 2000 3289 2056 refertur
3331 2010 3461 2057 tom.
3502 2001 3571 2055 ΙΧ

1993 2089 2377 2156 Conciliorum,
2407 2090 2510 2145 col.
2544 2091 2698 2144 1010.
2721 2110 2738 2142 s
2769 2091 2904 2158 Quia
2923 2091 3088 2161 igitur
3109 2107 3279 2162 usque
3309 2092 3441 2148 adeo
3462 2092 3575 2146 hac

1993 2189 2257 2234 venenata
2287 2180 2555 2248 pernicies
2580 2181 2838 2237 hactenus
2861 2181 3097 2247 inolevit,
3129 2192 3189 2236 ut
3213 2183 3299 2237 vix
3325 2182 3579 2252 quzelibct

1995 2269 2220 2325 ecclesia
2253 2270 2429 2326 valeat
2469 2272 2693 2340 reperiri
2728 2286 2848 2341 qua:
2883 2272 3002 2326 hoc
3038 2273 3225 2326 morbo
3255 2289 3359 2330 non
3385 2274 3455 2328 sit
3480 2273 3577 2327 ali-

1996 2377 2100 2431 qua
2140 2377 2204 2416 ex
2250 2371 2402 2431 parte
2449 2372 2724 2435 commta,
2779 2380 2872 2420 eos
2899 2365 2993 2436 qui
3025 2380 3194 2435 usque
3218 2366 3378 2421 modo
3407 2369 3576 2436 gratis

1996 2465 2121 2512 sunt
2167 2471 2198 2511 a
2249 2456 2572 2512 Simoniacis
2609 2459 2933 2522 consecrati,
2965 2474 3069 2513 non
3103 2467 3210 2512 tam
3237 2473 3467 2513 censura
3491 2458 3576 2527 jn-

1997 2551 2179 2617 stitiae,
2217 2565 2380 2619 quam
2407 2550 2604 2604 intuitu
2631 2551 3013 2606 misericordiae
3037 2551 3090 2605 iu
3119 2550 3354 2619 acceptis
3378 2550 3577 2607 ordini-

1997 2643 2097 2697 bus
2122 2657 2337 2696 manere
2363 2643 2750 2711 permittimus;
2770 2644 2871 2697 nisi
2901 2643 3040 2698 forte
3063 2643 3166 2697 alia
3192 2643 3346 2714 culpa
3374 2658 3438 2699 ex
3464 2645 3573 2697 vita

1997 2747 2182 2787 eorum
2209 2742 2395 2787 contra
2429 2748 2664 2788 canones
2691 2734 2771 2788 eis
2805 2734 3016 2787 existat.
3059 2732 3228 2787 Tanta
3255 2733 3449 2802 quippe
3481 2741 3563 2786 ta-

1998 2822 2126 2876 lium
2154 2821 2438 2876 multitudo
2462 2831 2569 2886 cst,
2597 2831 2656 2876 ut
2685 2824 2809 2876 dum
2843 2823 3072 2893 rigorem
3114 2823 3358 2878 canonici
3383 2823 3580 2892 rigoris

1999 2927 2160 2982 super
2206 2926 2299 2967 eos
2345 2927 2564 2968 servare
2622 2928 2728 2967 non
2789 2928 3097 2982 possumus,
3151 2927 3372 2968 necesse
3406 2915 3477 2968 sit
3519 2923 3589 2966 ut

1998 3003 2386 3072 dispensatorie
2401 3003 2466 3056 ad
2489 3002 2590 3072 pia:
2610 3003 3078 3058 condescensiunis
3093 3003 3330 3057 studium
3359 3012 3573 3059 nostros

329 3091 400 3144 vit
421 3100 626 3147 natura:
649 3091 794 3159 jura,
823 3093 1015 3148 mortis
1038 3094 1347 3163 persolvens
1373 3095 1664 3150 debita.....
1683 3097 1897 3153 Primus
1924 3129 1968 3187 ο
2001 3093 2206 3148 animos
2227 3092 2295 3148 ad
2321 3107 2558 3161 praesens
2580 3092 2914 3148 incliucmus.
2941 3093 3017 3146 la
3048 3102 3222 3146 tamen
3253 3093 3513 3148 auctorita
3542 3109 3598 3148 e_

325 3197 538 3251 quoque
563 3183 834 3238 abbatiam
857 3194 1121 3248 nostram,
1144 3201 1263 3254 qua:
1281 3195 1503 3239 vocatur
1521 3186 1710 3242 Casale
1732 3188 1898 3243 Bene-

327 3272 528 3327 dictum
551 3275 870 3334 construxit,
888 3275 1173 3344 pluresque
1199 3275 1421 3330 cellulas
1440 3278 1540 3331 sibi
1563 3279 1894 3346 suppositas,

327 3362 532 3417 scilicet
557 3363 951 3428 Corneliacum,
978 3366 1226 3431 Contras,
1251 3368 1475 3431 Altaria,
1503 3369 1562 3424 S.
1580 3369 1894 3440 Beuignum,

327 3452 602 3520 Becscam,
633 3455 866 3516 Polinas.
900 3457 959 3513 S.
998 3457 1291 3526 Anianum,
1329 3463 1689 3530 (iambonum,
1718 3463 1896 3518 Salvi-

328 3546 565 3600 niacnm.
590 3566 609 3599 s
636 3547 734 3614 Qui
763 3549 829 3603 de
855 3549 957 3605 hoc
981 3551 1198 3615 abbate,
1228 3560 1284 3607 et
1302 3552 1582 3608 aediﬁcatis
1607 3555 1676 3609 ab
1701 3570 1764 3609 eo
1786 3571 1922 3610 mo--

329 3635 604 3699 nasteriis,
633 3638 989 3708 praesentique
1015 3653 1200 3694 eorum
1219 3649 1363 3695 statu
1395 3641 1563 3710 magis
1582 3642 1894 3698 distinctam

328 3725 601 3781 desiderat
644 3727 910 3791 notitiam,
961 3728 1204 3783 consulat
1244 3729 1480 3786 Annales
1520 3729 1895 3788 Beuedictinos

329 3821 463 3868 tom.
506 3815 544 3866 V
567 3855 581 3879 ,
605 3831 726 3886 pag.
769 3817 896 3882 254,
926 3816 1054 3882 297,
1083 3818 1210 3883 516,
1229 3819 1362 3883 Δ468,
1395 3819 1519 3874 577.
1550 3819 1716 3877 Nobis
1747 3823 1894 3877 enim

327 3919 436 3959 non
475 3906 596 3960 licet
637 3907 727 3962 hic
771 3908 976 3976 singula
1026 3911 1423 3978 transcribere,
1463 3927 1533 3968 ne
1578 3913 1634 3968 in
1671 3914 1894 3968 nimiam

327 3993 519 4048 molem
549 4006 832 4051 excrescat
859 3996 1313 4055 Commentarius.

395 4083 484 4137 6i.
523 4083 580 4136 Si
620 4085 743 4154 quis
779 4087 943 4141 etiam
977 4088 1044 4142 de
1088 4087 1282 4144 illustri
1327 4089 1529 4156 Ordine
1558 4092 1894 4150 Vallumbro-

331 4187 486 4237 sano,
524 4184 580 4230 et
611 4185 726 4230 orta
757 4192 822 4232 ex
857 4194 924 4234 eo
961 4189 1083 4248 post
1121 4191 1349 4238 mortem
1383 4184 1555 4240 sancti
1597 4184 1897 4242 fundatoris

327 4263 697 4333 religiosorum
731 4269 1055 4326 feminarum
1092 4272 1311 4336 familia,
1347 4275 1498 4344 plura
1540 4292 1698 4333 nosse
1727 4281 1892 4348 cupit,

326 4353 484 4408 adeat
509 4355 807 4412 Eudoxium
833 4359 1184 4426 Loeatellum,
1208 4365 1298 4433 qui
1329 4367 1504 4434 primo
1523 4367 1690 4422 Italici
1715 4371 1895 4440 operis

1998 3193 2311 3239 sanctorum
2362 3184 2724 3254 apostolorum
2769 3185 2908 3239 Petri
2957 3195 3013 3238 et
3065 3184 3214 3240 Pauli
3253 3186 3578 3242 «unimodis

1996 3273 2370 3329 interdicimus
2400 3287 2467 3332 ne
2492 3275 2708 3344 quando
2736 3273 2931 3344 aliquis
2961 3291 3336 3331 successorum
3366 3285 3590 3332 nostro-i

1999 3377 2116 3416 rum
2163 3377 2228 3416 ex
2266 3362 2368 3417 liae
2417 3371 2598 3416 nostra
2642 3363 2997 3431 permissione
3053 3364 3290 3434 regulam
3339 3366 3443 3420 sibi
3492 3367 3577 3420 vel

1997 3451 2155 3507 alicui
2185 3461 2444 3516 assumat,
2478 3452 2558 3514 vel
2583 3453 2824 3522 prazﬁgat
2851 3472 2863 3508 :
2896 3454 3030 3520 Quia
3071 3455 3176 3510 boc
3203 3472 3308 3510 non
3335 3459 3577 3512 auctorio

1998 3551 2080 3600 tas
2103 3545 2444 3614 antiquorum
2468 3544 2698 3599 Patrum-
2718 3545 2949 3602 iubendo
2970 3556 3062 3601 aut
3091 3548 3430 3602 concedendo
3451 3564 3578 3618 pro-

1997 3635 2272 3707 mulgavit,
2310 3637 2691 3704 sedtcmporis
2733 3638 2897 3692 nimia
2934 3639 3226 3694 necessitas
3256 3641 3575 3709 permitten-

1997 3725 2123 3780 dum
2155 3741 2185 3780 a
2215 3714 2370 3782 nobis
2391 3727 2638 3780 extorsit.
2668 3745 2686 3777 ι
2736 3727 2814 3780 Ex
2843 3727 2926 3781 his
2953 3726 3109 3781 facile
3137 3730 3378 3784 eruditus
3405 3729 3574 3785 lector

1996 3814 2227 3884 colliget,
2264 3813 2443 3884 qualia
2479 3824 2604 3869 tunc
2632 3815 2830 3870 fuerint
2861 3825 3121 3886 tempora.

2064 3905 2153 3960 85.
2195 3905 2516 3962 Eorumdem
2543 3909 3223 3978 temporumcalamitatem
3248 3910 3312 3965 Β.
3333 3913 3574 3967 Andreas

1996 3995 2169 4050 sancti
2209 3997 2373 4052 nostri
2398 3997 2690 4068 discipulus
2714 3999 2768 4052 in
2805 3999 2910 4054 vita
2958 3999 3016 4054 S.
3070 4001 3273 4055 Arialdi
3324 4003 3574 4072 martyris

1997 4086 2068 4140 ita
2093 4085 2344 4154 graphice
2363 4087 2618 4143 describit
2646 4107 2659 4143 :
2693 4107 2710 4140 ι
2736 4089 2866 4145 Erat
2885 4099 3009 4145 tunc
3029 4091 3161 4146 ordo
3181 4091 3576 4146 ecclesiasticus

1999 4173 2050 4228 in
2083 4182 2158 4227 tot
2190 4175 2466 4230 erroribus
2493 4177 2764 4241 seductus,
2818 4188 2876 4232 ut
2922 4195 2985 4232 ex
3035 4177 3128 4233 illo
3178 4179 3263 4234 vix
3308 4180 3573 4250 quispiam

1997 4262 2271 4323 existeret,
2307 4263 2395 4331 qui
2435 4263 2486 4316 in
2518 4279 2615 4318 suo
2647 4264 2762 4320 loco
2793 4267 3058 4320 veraciter
3099 4267 3319 4336 reperiri
3369 4276 3570 4335 posset.

1997 4353 2132 4406 Nam
2163 4353 2252 4407 alii
2280 4369 2402 4407 cum
2441 4355 2663 4409 canibus
2705 4365 2760 4409 et
2808 4357 3156 4425 accipitribus
3201 4360 3306 4411 huc
3345 4358 3574 4426 illucque

326 4443 408 4498 sui
449 4444 587 4499 libro
629 4448 790 4501 vitam
836 4459 891 4502 et
936 4453 1196 4506 miracula
1232 4453 1290 4507 S.
1330 4453 1555 4511 Joannis
1593 4457 1892 4523 Gnalberti,

1997 4455 2390 4513 pervagantes,
2443 4461 2596 4499 suum
2652 4447 2922 4500 venationi
2976 4446 3196 4502 lubricae.
3254 4447 3568 4502 fan‘iulatum

326 4535 566 4588 sectindo
597 4535 939 4591 Generalium
987 4539 1556 4598 Vallumbrosanorum
1597 4561 1662 4601 ac
1703 4547 1897 4601 Beato-

326 4623 446 4678 rum
475 4636 624 4695 gesta
667 4629 982 4699 complexus
1022 4641 1125 4685 est.
1173 4633 1354 4688 Videri
1394 4635 1559 4688 etiam
1599 4636 1788 4704 potest
1809 4637 1897 4694 Di-

325 4716 492 4770 dacus
524 4717 842 4785 Frauchius,
874 4722 965 4791 qui
1005 4720 1180 4776 Vitam
1221 4725 1396 4779 sancti
1438 4725 1618 4782 Patris
1646 4729 1727 4782 sui
1764 4729 1898 4784 duo-

327 4805 502 4860 decim
558 4807 708 4863 libris
756 4810 958 4866 Italicis
1005 4814 1276 4883 vulgatam
1320 4816 1555 4886 copiosis
1595 4819 1740 4874 notis
1780 4820 1897 4874 illu-

325 4897 540 4950 stravit.
569 4898 646 4952 De
665 4901 854 4955 eodem
883 4902 1088 4958 Ordine
1122 4914 1348 4973 egerunt
1374 4907 1639 4962 Ascanius
1669 4909 1896 4965 Tambu-

326 4984 480 5040 riuus
518 4989 582 5042 de
620 4991 744 5058 jure
782 4993 956 5049 abbat.
996 4996 1142 5067 Disp.
1181 4998 1273 5062 24,
1303 5013 1494 5070 quitast.
1531 5003 1582 5064 5,
1619 5020 1770 5058 num.
1805 5005 1892 5059 20.

326 5071 586 5133 Silvester
608 5079 947 5152 Maurolycus
968 5087 1021 5140 in
1043 5087 1260 5142 Oceano
1289 5093 1526 5146 omnium
1554 5092 1892 5165 Religionum

325 5165 402 5206 Ιῖιὶ
459 5169 493 5206 9
553 5187 656 5208 non
723 5175 822 5208 ιοη
888 5177 1080 5210 1)η..1..ο
1117 5177 1338 5212 ιΙη-ἶηῖιι
1375 5184 1426 5212 ἓν.
1469 5183 1702 5214 ιΙῖοιη-Ξη
1753 5186 1866 5214 D.I:

1117 5177 1338 5212 “1\.:n:n
1375 5184 1426 5212 ενι
1469 5183 1702 5214 ιιῖοΙΛα-ἶη

1999 4538 2308 4602 tradebant;
2345 4538 2435 4592 alii
2484 4553 2610 4591 vero
2660 4537 2948 4592 tabernarii
3003 4547 3056 4593 et
3111 4555 3338 4609 nequam
3384 4540 3570 4604 villici,

1997 4629 2084 4683 alii
2119 4629 2264 4698 impii
2303 4629 2531 4684 usurarii
2581 4629 2884 4684 existebant
2918 4649 2929 4684 :
2964 4632 3142 4685 cuncti
3185 4631 3298 4686 fere
3325 4647 3444 4687 cum
3472 4648 3571 4701 pu-

1997 4721 2153 4774 blicis
2182 4721 2438 4776 uxoribus
2464 4722 2577 4776 sive
2605 4722 2798 4776 scortis
2824 4737 2974 4776 suam
3016 4724 3366 4792 ignominioso
3402 4723 3570 4778 duce-

1996 4809 2127 4863 bant
2185 4809 2378 4876 vilam;
2433 4825 2728 4882 omnesque
2776 4827 2894 4882 qua:
2941 4829 3036 4866 sua
3082 4822 3258 4877 erant,
3301 4829 3404 4868 non
3451 4827 3569 4881 qua:

1997 4900 2220 4967 Christi,
2246 4902 2552 4970 quaerebant
2579 4921 2590 4956 :
2622 4919 2776 4967 nam,
2803 4904 2944 4972 quod
2976 4904 3092 4957 sine
3125 4901 3324 4971 gemitu
3353 4901 3455 4955 dici
3489 4899 3569 4952 vel

1997 4995 2171 5048 audiri
2206 5010 2308 5049 nec
2337 5004 2511 5064 potest
2546 5011 2646 5051 nec
2666 4995 2846 5058 debet,
2873 4994 3109 5050 universi
3141 4994 3220 5048 sic
3261 4995 3358 5048 sub
3391 4991 3569 5046 Simo-

1998 5084 2151 5140 niaca
2174 5086 2362 5140 hwresi
2384 5085 2700 5141 tenebantur
2723 5085 2984 5154 impliciti,
3011 5091 3274 5152 quatenus
3295 5097 3324 5134 a
3347 5078 3569 5135 minimo

1997 5191 2167 5216 “anno
2202 5177 2266 5216 ml
2296 5178 2587 5216 mavisnnns
2636 5176 2810 5216 ιιιιΙΙηο
2850 5180 2984 5216 nnln
3027 5173 3108 5216 νρΙ
3156 5173 3353 5216 ararim
3383 5169 3566 5216 haberi
