4122 5330
502 232 603 287 7'51

1541 234 1598 291 S.
1637 235 1916 295 JOANNIS
1956 237 2352 294 GUALBERTI
2387 241 2672 296 ABBATIS

3623 239 3755 294 .233

504 345 710 402 ουῖιιτοι
747 346 824 401 sic
853 346 1092 416 erup'sse
1119 345 1282 399 tralit
1309 344 1856 401 AtnlrcasJanueusis
1880 346 2070 402 invita
2106 351 2143 404 Α
2175 356 2406 415 poterat,
2435 363 2492 402 se
2515 331 2880 402 abstinuisset.
2919 347 3392 418 li;terim’populus
3416 347 3469 402 in
3497 338 3628 404 duas
3662 349 3749 402 di-

508 439 565 491 S.
597 437 820 492 Joannis
848 437 1121 492 Gualberti
1151 451 1268 505 cap.
1300 435 1389 489 62.
1434 455 1452 486 ι
1480 437 1635 490 Circa
1680 437 1791 490 hrec
1833 439 2078 504 'tetnpira

505 529 749 595 contigit,
779 537 836 582 ut
859 529 1072 597 quidam
1097 526 1290 581 nobilis
1319 527 1401 579 vir
1431 526 1645 581 nomine
1669 526 1846 580 Teuzo
1884 527 2080 580 Media-

504 617 858 688 barda,pater
886 621 1131 676 videlicet
1155 621 1556 692 Petrilepiscopi
1584 620 1904 688 Florentini,
1936 621 2080 674 venit

504 708 570 760 de
617 707 775 778 Papia
810 709 1136 764 Florentiam
1174 726 1333 765 causa
1365 710 1614 765 visitandi
1662 708 1861 764 dictum
1914 709 2078 762 tilium

503 811 686 855 suum.
730 797 828 853 Cui
869 800 1157 856 Florentini
1188 801 1324 857 clam
1354 800 1666 856 insidiantes
1715 801 1966 854 tentando
2005 799 2080 853 di-

501 901 626 943 cere
650 901 969 959 cmperunt:
1000 891 1223 946 Domine
1273 893 1472 957 Tenzo,
1525 891 1748 945 multum
1794 890 1952 960 pretii
1982 905 2078 958 pro

503 977 600 1032 ﬁlii
631 979 703 1032 tui
731 979 986 1049 dignitate
1014 982 1122 1052 regi
1154 982 1470 1037 contulisti?
1507 981 1711 1048 Quibus
1751 979 1860 1045 ille,
1895 989 2078 1049 utpote

503 1071 930 1141 simplicissimus
959 1075 1118 1128 homo
1147 1075 1310 1143 ctepit
1345 1072 1693 1141 jurejurando
1727 1073 1906 1127 dicere
1939 1071 2078 1126 :Per

501 1176 698 1230 corpus
724 1163 781 1215 S.
815 1162 933 1232 Syri
959 1178 1056 1219 nec
1087 1180 1250 1218 unum
1277 1164 1604 1218 molendium
1631 1171 1806 1234 potest
1840 1164 1999 1217 homo
2024 1163 2075 1217 in

502 1253 660 1306 domo
687 1253 887 1308 domini
917 1256 1020 1309 mei
1061 1256 1200 1325 regis
1250 1256 1449 1311 habere
1492 1257 1608 1310 sine
1640 1272 1834 1326 magno
1879 1257 2071 1325 pretio,

502 1344 698 1398 nedum
727 1344 885 1399 talem
913 1347 1165 1416 consequi
1191 1347 1575 1417 episcopatum.
1622 1347 1691 1401 At
1731 1348 1805 1400 illi
1840 1347 1940 1400 hoc
1982 1362 2077 1400 au-

499 1434 711 1489 dientes
740 1435 946 1491 alacres
975 1446 1023 1491 et
1063 1438 1202 1491 midi
1241 1453 1352 1492 re.n
1395 1439 1656 1493 sciscitari
1697 1455 1884 1493 rursus
1911 1455 2075 1509 expo-

501 1527 706 1580 stulant
734 1526 1010 1584 dicentes:
1044 1529 1136 1586 Dic
1165 1543 1312 1598 ergo,
1360 1530 1405 1582 si
1448 1531 1620 1599 placet
1652 1539 1756 1585 tuae
1782 1530 2070 1596 nobilitati,

501 1623 760 1685 quantum
806 1633 1029 1672 summae
1054 1619 1294 1688 petunize
1333 1621 1506 1689 potuit
1542 1623 1654 1676 haec
1695 1637 1782 1677 res
1825 1633 2073 1678 constare

504 1709 634 1762 tibi?
672 1710 739 1763 At
768 1710 898 1766 illc:
943 1709 1046 1764 Per
1091 1721 1334 1765 sanctum
1378 1711 1571 1783 Syrum
1626 1713 1704 1767 sic
1753 1716 1852 1768 tria
1907 1715 2071 1769 millia

416 1816 419 1818 ·
503 1800 683 1862 libras,
717 1802 938 1870 potestis
969 1802 1106 1856 bene
1135 1804 1294 1864 seire,
1326 1818 1411 1858 me
1443 1813 1660 1873 propter
1691 1805 1831 1860 hunc
1862 1808 2071 1874 episco-

500 1898 682 1958 ratum
710 1891 1094 1959 acqu'reudum
1123 1892 1356 1957 dedisse,
1383 1894 1523 1946 sicut
1553 1909 1716 1947 unum
1746 1894 1935 1949 valetis
1957 1913 2074 1951 cre-

501 1983 627 2036 t'erc
649 1997 942 2037 tmnunum.
985 1983 1053 2036 iis
1080 1983 1293 2047 auditis,
1323 1983 1456 2037 certi
1482 1984 1671 2038 redditi
1708 1984 1799 2038 tali
1834 1987 2074 2041 testimo-

499 2071 588 2126 nio
614 2082 892 2140 creperum
920 2074 1034 2126 hrec
1061 2073 1254 2142 ubique
1284 2073 1518 2142 pandere
1550 2075 1731 2127 verba.
1766 2093 1784 2127 ι

569 2161 655 2215 87.
691 2161 823 2216 Cum
859 2161 1001 2215 inter
1027 2162 1160 2216 alios
1208 2162 1265 2217 S.
1315 2161 1550 2217 Joannes
1589 2163 1914 2220 Gualhertus
1960 2181 2071 2220 rem

498 2250 636 2306 hanc
660 2251 1021 2322 cognovisset,
1053 2252 1241 2307 statuit
1276 2268 1397 2307 cmn
1438 2254 1548 2307 suis
1595 2255 1914 2324 sacrilegum
1961 2257 2075 2326 epi-

496 2360 714 2412 scopum
743 2346 988 2398 omnibus
1020 2346 1218 2396 viribus
1261 2360 1571 2412 oppugnare
1617 2356 1668 2397 et
1712 2346 2071 2400 Simoniacam

497 2433 740 2488 haeresim
769 2433 967 2502 ubique
998 2433 1306 2502 extirpare;
1338 2449 1457 2502 quae
1482 2435 1605 2501 quia
1637 2434 1808 2488 fusius
1847 2451 1910 2488 ac
1951 2451 2072 2489 cer-

499 2525 601 2576 tius
623 2525 690 2577 ab
721 2532 940 2578 auctore
967 2538 1146 2577 comvo
1189 2537 1499 2588 narrantur,
1549 2525 1665 2593 ejus
1710 2527 2073 2579 narrationem

496 2615 582 2671 hic
610 2616 954 2671 inserendam
978 2631 1094 2670 esse
1119 2617 1324 2672 censui.
1364 2618 1412 2670 ls
1449 2627 1531 2670 est
1573 2618 1880 2672 Desiderins
1910 2619 2075 2673 abbas

495 2706 854 2768 Cass'ucnsis,
879 2714 1066 2772 postea
1099 2707 1278 2760 Victor
1304 2705 1385 2770 lll,
1417 2707 1508 2776 qui
1542 2706 1686 2759 litem
1716 2722 1812 2761 suo
1839 2717 2076 2778 teinpore

497 2796 606 2864 agit
644 2803 750 2848 tam
778 2796 854 2848 sic
882 2795 1100 2864 exponit
1141 2794 1231 2848 lib.
1262 2796 1296 2848 5
1337 2796 1674 2866 Dialogorum
1701 2815 1714 2849 :
1746 2815 1763 2846 ι
1794 2797 1943 2862 Quod
1977 2799 2074 2852 Do-

499 2887 677 2938 minus
711 2886 760 2937 in
797 2885 1084 2953 Evanga-lio
1109 2886 1278 2941 dicit:
1313 2886 1473 2942 Pater
1504 2905 1655 2943 meus
1706 2905 1874 2958 usque
1917 2891 2074 2945 modo

495 2985 748 3044 operatur
773 2986 824 3030 et
848 2992 944 3046 ego
967 2992 1182 3046 operor,
1209 2979 1449 3046 quotfdie
1472 2981 1743 3033 cernimus
1765 2981 2070 3050 adimpleri,
2102 3013 2146 3074 ο

496 3075 551 3118 ct
577 3065 795 3134 antiqua
821 3081 974 3120 novis
1001 3065 1334 3134 temporibus
1359 3068 1615 3124 miracula
1641 3070 1904 3124 innovari.
1951 3071 2074 3127 llmc

499 3155 701 3224 itaque,
738 3171 862 3224 quae
903 3156 1144 3212 dicturus
1186 3172 1329 3224 sum,
1357 3160 1491 3214 adeo
1519 3160 1841 3228 clara-sunt,
1872 3171 1930 3216 ut
1969 3179 2073 3218 non

498 3249 669 3305 solum
696 3250 746 3304 in
772 3249 1076 3306 Florentina
1105 3251 1342 3314 dimcesi,
1377 3254 1431 3307 in
1457 3269 1560 3324 qua
1589 3253 1726 3309 facta
1759 3267 2072 3321 noscuntur,

499 3359 683 3399 verum
711 3344 871 3399 etiam
903 3345 955 3400 in
989 3352 1096 3399 tota
1134 3345 1328 3401 Tuscia
1373 3362 1434 3401 ac
1473 3348 1523 3401 in
1566 3349 1717 3412 urbe,
1752 3364 1869 3417 qua:
1917 3358 2077 3418 caput

499 3435 679 3488 mundi
700 3445 804 3502 est,
837 3435 1004 3490 Roma
1028 3446 1235 3492 constet
1259 3453 1378 3493 esse
1403 3437 1702 3494 notissina.
1742 3439 1930 3494 Petrus
1953 3441 2074 3509 qui-

499 3525 624 3580 dam
647 3524 875 3582 clericus
909 3536 1011 3590 est,
1043 3528 1132 3595 qui
1161 3530 1368 3584 occulte
1399 3530 1522 3583 data
1555 3530 1778 3597 pecunia
1810 3531 1952 3599 regio
1983 3531 2078 3585 ad-

501 3620 750 3673 miniculo
774 3620 826 3674 in
862 3620 1117 3689 praedicta
1154 3621 1463 3675 Florentina
1496 3623 1712 3675 civitate
1760 3622 2074 3675 cathedram

497 3711 837 3778 cpisc0patus
863 3711 1085 3778 accepit.
1125 3710 1259 3765 Cum
1301 3711 1528 3779 denique
1563 3726 1592 3764 a
1643 3711 1855 3765 clericis
1888 3721 1941 3765 ct
1983 3726 2078 3780 po-

498 3801 644 3871 puli,
674 3809 730 3852 ut
761 3801 889 3869 cp'sz
907 3815 956 3868 ομ
979 3817 1067 3854 um
1111 3801 1354 3864 decebat,
1400 3802 1627 3870 benigne
1671 3800 1860 3855 fuisset
1897 3817 2076 3856 susce-

499 3902 642 3960 ptus,
675 3898 793 3959 post
831 3905 936 3944 non
978 3891 1202 3946 nntltum
1247 3892 1476 3960 spatium
1512 3893 1766 3960 temporis
1811 3893 1947 3946 fama
1981 3909 2076 3961 per

501 3979 736 4048 ejusdem
766 3980 1099 4048 episcopatus
1125 3980 1398 4034 dioecesim
1433 3981 1715 4044 increbnit,
1742 3983 1882 4050 quod
1912 3985 2076 4037 simo—

501 4072 670 4125 niaczc
722 4070 942 4125 luercsis
971 4078 1122 4139 peste
1163 4069 1411 4135 foedatus,
1453 4072 1594 4139 quod
1637 4073 1803 4141 gratis
1852 4072 2074 4126 Domino

455 4188 457 4190 ·
493 4163 714 4231 jnbente
741 4163 986 4232 accipere
1013 4172 1067 4216 et
1091 4163 1223 4216 dare
1248 4169 1507 4215 statutum
1541 4169 1642 4227 est,
1675 4163 1898 4231 pecunia
1929 4177 2074 4216 incr-

497 4262 652 4307 catus
680 4254 860 4308 fuerit.

2182 438 2381 491 viditur
2430 450 2632 507 partes,
2681 449 2908 508 quarum
2962 440 3152 503 altera,
3203 457 3320 509 quae
3368 448 3604 495 amorem
3654 443 3750 497 Dei

2181 527 2492 582 muneribus
2530 529 2865 597 praeferebat,
2893 529 3117 583 clericos
3159 539 3212 583 et
3258 530 3528 596 religiosos
3557 547 3749 586 numa-

2180 614 2328 680 chos,
2355 618 2442 684 qui
2473 627 2659 671 contra
2687 619 2990 687 episcopum
3017 633 3127 671 rem
3151 621 3750 686 comprobandam‘sns-

2179 713 2430 771 ceperant
2447 721 2461 771 ;
2489 705 2703 769 altera,
2733 721 2851 776 qtnc
2878 703 3099 762 munera
3129 717 3182 762 et
3205 707 3443 764 favorem
3471 709 3749 777 diligebat,

2176 795 2484 864 episcopum
2515 804 2600 850 est
2627 807 2827 850 secuta.
2859 816 2875 848 ο
3091 823 3096 826 -
3620 811 3622 813 ·

2246 883 2527 955 89ηιτϐιιιῐι
2557 885 2744 941 crebro
2773 887 2934 956 igitur
2959 887 3100 941 inter
3127 901 3186 941 se
3211 887 3564 941 altercaretur
3581 901 3754 957 pupu-

2178 973 2283 1033 lus.
2317 984 2370 1028 et
2400 975 2566 1029 altera
2606 976 2755 1030 alteri
2787 977 3024 1031 obstaret
3053 979 3213 1047 parti,
3246 980 3302 1032 in’
3331 987 3534 1033 tantum
3556 987 3752 1032 exorta

2178 1063 2478 1131 augebatur
2495 1066 2789 1129 contentio,
2815 1075 2875 1118 ut
2911 1067 3052 1120 inter
3093 1082 3151 1120 se
3193 1068 3572 1122 dimicantibus
3605 1080 3751 1137 sazpe

2177 1153 2336 1208 etiam
2361 1170 2529 1223 usque
2561 1156 2626 1209 ad
2651 1155 2964 1210 effusionem
2987 1158 3263 1228 sanguinis
3288 1159 3549 1212 venirent.
3583 1158 3750 1214 Cunn-

2176 1258 2282 1312 que
2305 1244 2415 1298 haec
2440 1244 2641 1298 diutius
2671 1250 2980 1316 agerentur,
3016 1258 3074 1300 ct
3112 1255 3297 1302 neutra
3333 1263 3458 1317 pars
3487 1249 3622 1318 parti
3661 1265 3752 1304 ce-

2175 1337 2350 1399 deret,
2399 1336 2632 1391 Joannes
2677 1337 3156 1392 reverendissimus
3203 1339 3366 1393 abbas
3415 1341 3747 1407 monasterii,

2174 1441 2293 1494 qua:
2335 1425 2594 1481 Umbrosa
2649 1426 2809 1482 Vallis
2854 1428 3072 1492 dicitur,
3103 1443 3244 1498 smpe
3283 1431 3349 1483 ad
3380 1431 3522 1485 hunc
3564 1431 3750 1484 conﬂi-

2175 1525 2320 1570 ctmn
2342 1518 2650 1582 advocatus,
2681 1518 2795 1573 zelo
2823 1519 2911 1573 Dei
2941 1518 3154 1583 ductus,
3182 1520 3295 1574 suis
3319 1536 3440 1574 cum
3467 1522 3748 1576 monachis

2174 1606 2442 1673 veniebat,
2476 1607 2563 1676 qui
2601 1610 2955 1673 exhortando,
2998 1606 3356 1679 praedicando,
3405 1611 3572 1664 divi-ni
3619 1627 3753 1665 exa-

2175 1697 2518 1753 minationem
2544 1697 2726 1766 judicii
2757 1699 3094 1764 intentando,
3122 1701 3430 1769 episcopum
3460 1703 3751 1756 admonere

2174 1805 2279 1844 non
2311 1790 2577 1856 cessabat,
2599 1800 2858 1862 quatenus
2884 1807 2949 1846 ex
2980 1801 3279 1861 perpetrata
3303 1793 3454 1862 culpa
3483 1795 3752 1861 paeniten-

2176 1881 2303 1936 tiam
2325 1892 2528 1951 ageret,
2551 1893 2604 1936 et
2621 1883 2926 1937 sacerdotio
2953 1883 3170 1936 minime
3199 1882 3749 1952 l-egilltcrlacquisito,
3839 1932 3848 1936 -

2175 1972 2452 2026 humiliter
2481 1973 2721 2035 cederet,
2740 1986 2846 2025 nec
2878 1971 2978 2025 sibi
3009 1971 3228 2038 suisque
3251 1971 3752 2040 subjectis,‘quibus

2175 2061 2509 2116 incremento
2549 2077 2669 2116 esse
2706 2062 2979 2126 debuerat,
3033 2061 3354 2116 detrimento
3406 2061 3574 2115 foret-
3617 2061 3751 2116 Illud

2175 2153 2240 2208 de
2272 2153 2561 2219 Evangelia
2589 2154 2635 2207 ei
2671 2167 2809 2219 saepe
2843 2165 3168 2220 preponens,
3197 2152 3466 2219 quomodo
3488 2150 3751 2207 Dominus

2173 2245 2327 2300 Jcsus
2386 2246 2675 2299 vendentes
2728 2255 2794 2298 ct
2832 2252 3072 2300 ementes
3124 2242 3400 2298 columbas
3437 2243 3508 2296 de
3553 2243 3752 2310 templo

2174 2339 2481 2407 projecerit,
2507 2339 2902 2405 cathedrasque.
2926 2336 3352 2397 subverterit,-et
3390 2351 3462 2388 aes
3497 2350 3750 2388 nununu-

2175 2428 2434 2481 lariorum
2487 2427 2752 2489 effuderit,
2798 2426 3046 2479 videlicet
3085 2426 3479 2488 demonstrans,
3513 2433 3589 2476 ,ιιι
3625 2424 3749 2490 qui.

2175 2529 2404 2584 etnnque
2431 2515 2662 2584 Spiritus
2697 2517 2868 2570 sancti
2897 2519 3113 2579 donum,
3141 2517 3280 2585 quod
3309 2531 3406 2584 per
3431 2515 3752 2569 columbam

2176 2603 2529 2674 signiﬁcatur,
2562 2606 2754 2660 ductus
2781 2607 3006 2660 avaritia
3050 2605 3129 2660 vel
3171 2621 3306 2660 vana
3339 2605 3507 2676 gloria
3556 2604 3749 2668 elatus,

2177 2698 2348 2765 pretio
2377 2699 2657 2768 acquirere
2697 2698 2779 2750 vel
2827 2697 3056 2752 vendere
3087 2698 3394 2759 tcntaverit,
3422 2696 3486 2748 ab
3516 2694 3605 2748 illo
3633 2707 3749 2747 cu:—

2177 2789 2296 2843 lcsti
2325 2789 2522 2858 templo
2551 2797 2607 2843 et
2629 2796 2831 2842 aeterno
2850 2786 3016 2841 altari
3062 2802 3122 2840 se
3155 2785 3341 2855 procul
3369 2784 3531 2842 dubio
3550 2825 3558 2832 .
3576 2782 3752 2836 elimi-

2175 2882 2409 2936 nandum
2451 2880 2678 2936 noverit.
2711 2898 2730 2931 ι
3231 2915 3234 2918 λ

2245 2968 2333 3028 9ὓ.
2380 2989 2398 3021 ι
2431 2969 2536 3026 Sed
2575 2969 2660 3023 ille
2697 2968 3044 3023 nihilominus
3074 2964 3352 3035 prmsentis
3383 2963 3504 3016 vita:
3532 2960 3752 3016 honoris

2176 3063 2402 3133 cupidus
2437 3077 2533 3130 pro
2579 3059 2747 3127 nihilo
2779 3058 2980 3122 monita
3025 3057 3194 3112 sancti
3231 3054 3338 3110 Viri
3366 3051 3752 3114 ducehat,.imo

2177 3154 2358 3222 potius
2391 3150 2736 3222 pertinaciter
2772 3156 2827 3202 et
2865 3148 3030 3201 armis
3079 3154 3134 3199 et
3183 3144 3356 3198 verbis
3397 3141 3752 3207 omnibusque

2178 3243 2370 3310 modis,
2401 3243 2594 3312 quibus
2616 3247 2842 3308 poterat,
2876 3235 3244 3313 sedefendere
3271 3234 3560 3287 nitebatur.
3589 3229 3752 3310 Cum-

2177 3349 2282 3403 que
2314 3333 2452 3387 idem
2479 3328 2798 3386 venerabilis
2825 3327 2989 3380 abbas
3027 3327 3295 3378 incassum
3342 3321 3630 3390 procedere
3653 3332 3753 3371 sua

2177 3423 2340 3479 verba
2374 3423 2599 3487 videret,
2629 3430 2854 3488 tttraqne
2884 3426 3033 3486 parte
3068 3415 3244 3486 populi
3283 3415 3540 3474 advocata
3574 3409 3753 3474 :Quo—

2177 3514 2343 3578 niam,
2371 3515 2560 3582 inquit,
2587 3512 2747 3566 verba
2772 3518 3143 3579 nouprosunt,
3177 3504 3451 3558 veniamus
3475 3501 3748 3570 adsigna:

2177 3613 2524 3663 construatur
2553 3619 2713 3672 rogus
2739 3611 2788 3656 et
2817 3602 2944 3671 igne.
2968 3596 3634 3670 suppositoaccendatur,
3657 3605 3754 3657 per

2177 3713 2335 3766 quem
2371 3711 2506 3750 unus
2532 3711 2560 3748 e
2589 3695 2786 3748 nostris
2815 3691 3165 3761 ingrediatur,
3214 3696 3271 3741 ut
3309 3693 3486 3742 utrum
3531 3695 3652 3734 vera
3680 3693 3752 3730 an

2177 3788 2306 3842 falsa
2337 3791 2464 3853 sint,
2495 3801 2614 3855 qua:
2643 3786 2708 3840 de
2736 3784 2984 3854 episcopo
3014 3780 3262 3840 dicimus,
3297 3775 3519 3829 Domino
3551 3771 3754 3824 discero

2177 3889 2355 3942 nente,
2390 3879 2662 3947 probetur.
2699 3875 2878 3929 l’lacet
2902 3872 3118 3942 utrique
3143 3869 3280 3939 parti
3319 3864 3602 3957 sententia.
3648 3860 3754 3957 lio-

2175 3985 2272 4040 gos
2300 3984 2424 4022 mox
2451 3965 2730 4021 duodecim
2767 3963 2958 4032 pedum
2988 3973 3237 4015 mensura
3287 3951 3749 4044 construiturpin-

2179 4071 2258 4111 tra
2288 4072 2445 4126 quem
2489 4070 2650 4126 parva
2692 4052 2904 4115 sct'nita,
2937 4063 3041 4117 qua
3070 4046 3226 4099 unius
3275 4050 3477 4097 tantum
3522 4040 3752 4093 hominis

2175 4164 2402 4218 persona
2431 4148 2661 4201 transire
2687 4154 2888 4214 posset,
2941 4136 3281 4205 relinquitur,
3315 4148 3432 4201 quas
3477 4130 3637 4184 etiam
3684 4139 3750 4178 ex

2176 4242 2414 4297 aet-ensis
2440 4240 2617 4312 lignis,
2649 4254 2716 4293 ne
2747 4236 2817 4290 ibi
2840 4232 3032 4303 aliquis
3058 4229 3206 4283 locus
3228 4243 3255 4280 a
3278 4226 3490 4278 ﬂ.nmna
3517 4224 3749 4280 vacaret,

569 4343 693 4400 83.«
712 4344 953 4413 Cnn'ique
979 4353 1084 4398 tam
1110 4346 1374 4399 horrenda
1403 4354 1452 4398 et
1479 4357 1588 4399 tam
1607 4345 1908 4400 execranda
1931 4344 2070 4399 fama
2102 4346 2148 4404 ι)
2175 4337 2554 4394 consternitur.
2596 4330 2813 4386 Interim
2851 4333 3027 4379 autem
3060 4321 3184 4377 dum
3214 4319 3343 4413 hare
3362 4317 3749 4413 premuntur:

499 4433 747 4500 primitus
797 4434 862 4487 ad
911 4433 1304 4502 religiosorum,
1365 4434 1558 4486 dehinc
1609 4434 1672 4486 ad
1721 4448 1882 4489 aures
1929 4434 2069 4504 vulgi

497 4519 850 4590 pervenisset,
870 4531 1146 4590 cmperunt
1172 4538 1230 4576 se
1257 4522 1436 4591 plures
1463 4521 1530 4574 ab
1555 4519 1670 4587 ejus
1697 4523 2074 4576 comnmnione

499 4611 844 4675 subtrahere;
877 4609 1224 4679 Roxnanoque
1251 4611 1509 4679 pontitici,
1538 4625 1889 4679 quaecumque
1913 4626 2075 4680 super

501 4704 603 4758 hac
635 4717 694 4756 re
719 4711 1100 4772 cognoverant,
1126 4701 1309 4755 divino
1350 4702 1736 4756 cxardcsrente
1774 4703 1909 4766 zelo,
1957 4711 2073 4754 stu-

497 4793 732 4850 (luerunt
756 4793 1031 4858 intimare;
1066 4793 1155 4862 qui
1191 4795 1560 4862 cpistOporum
1603 4791 1827 4846 co:.silio
1851 4804 2077 4858 congre-

498 4891 647 4954 gato,
674 4884 920 4938 eumdem
948 4883 1276 4952 episcopum,
1322 4892 1376 4935 ut
1428 4897 1540 4935 rem
1587 4882 1871 4951 diligenter
1914 4893 2073 4948 agno-

497 4981 694 5042 sceret,
715 4973 1046 5029 convocavit.
1089 4971 1195 5026 Sed
1229 4988 1343 5026 .aun
1367 4987 1424 5026 se
1451 4973 1657 5043 synodo
1676 4978 2073 5041 praesentassct,
2099 4999 2102 5003 -

500 5065 904 5119 accusatoribus
958 5062 1194 5132 undique
1237 5063 1683 5129 acclamantibus,
1736 5067 2075 5116 sacramento

498 5175 618 5216 Sese
647 5176 873 5230 purgare
898 5160 1195 5214 nitebatur.
1230 5158 1480 5225 Cumque
1503 5171 1686 5222 coram
1719 5152 2074 5224 prresentibus

502 5267 588 5306 res
616 5251 1000 5320 aliquantulum
1036 5252 1234 5317 agitata
1271 5248 1481 5309 fuisset,
1507 5249 1644 5299 data:
1675 5245 1901 5298 inducite
1928 5251 2074 5303 sunt,

2173 4427 2426 4498 praefatus
2453 4425 2618 4479 abbas
2645 4421 2882 4475 Joannes
2911 4415 3069 4472 Petro
3093 4427 3195 4465 suo.
3215 4407 3475 4476 discipulo
3507 4414 3753 4499 revereri:

2175 4493 2398 4573 dissimo
2433 4514 2677 4569 videlicet
2701 4511 2852 4573 viro,
2885 4505 2976 4576 qui
3004 4500 3344 4572 postmodum
3375 4498 3428 4552 in
3458 4493 3750 4548 Albaneusi

2176 4606 2308 4660 urbe
2335 4606 2614 4674 episcOpus
2658 4598 2936 4653 ordinatus
2986 4597 3090 4655 est,
3137 4587 3337 4656 quique
3383 4582 3543 4677 etiam
3581 4579 3756 4677 adhuc

2177 4673 2420 4764 superest
2463 4692 2704 4746 eamdem
2737 4685 3023 4740 ecclesiam
3057 4693 3268 4750 regens,
3286 4673 3653 4764 rprtccepit,‘ut
3673 4673 3754 4719 iu-

2175 4759 2336 4837 du-tus
2385 4781 2554 4834 sacris
2598 4777 2836 4831 vestibus
2881 4767 3234 4838 omnipotenti
3281 4763 3390 4816 Deo
3430 4759 3754 4853 sacriﬁcium

2176 4874 2414 4939 oﬂerret,
2443 4882 2496 4926 ct
2527 4871 2604 4924 sic
2631 4869 2844 4922 demum
2877 4864 3110 4918 conlisus
3137 4861 3207 4937 de,
3241 4848 3606 4916 misericordia

2176 4979 2274 5034 per
2301 4932 2512 5016 accensi
2540 4959 2653 5028 rogi
2678 4955 2934 5014 ,ﬂammas
2963 4935 3332 5005 indubitanter
3371 4941 3612 5036 intraret.
3649 4932 3756 5036 Qui

2170 5022 2337 5124 jussis
2354 5052 2532 5106 Patris
2559 5052 2956 5114 obtemperans,
2988 5048 3271 5110 postquam
3299 5022 3758 5124 sacriﬁd'm‘LDe'f

2177 5119 2390 5208 obtulit,
2433 5142 2668 5197 casulam
2707 5154 2766 5193 se
2797 5134 3120 5203 exspolians,
3173 5127 3239 5180 ad
3293 5125 3465 5192 ignem
3508 5119 3759 5214 venitnet

2181 5200 2529 5304 magnavvocc
2557 5248 2569 5284 :
2599 5232 2725 5290 Oro,
2765 5200 2958 5292 inquit,
3000 5223 3138 5274 Deus
3159 5215 3518 5280 omnipotens,
3659 5200 3759 5304 Fe-

2879 5311 2984 5330 :.___
3038 5304 3338 5330 cz.......:..m.
3367 5305 3444 5330 ncl
3483 5300 3628 5330 nnctn
3659 5289 3760 5330 Γαι-
