4122 5330
281 142 383 201 733

1815 137 2021 203 ACTA.

3364 210 3371 217 ,
3448 125 3575 204 πί

276 254 441 326 pleni,
474 266 639 310 causa
683 248 899 309 invidia:
939 249 1081 309 ducti
1113 250 1252 307 hanc
1286 261 1473 309 contra
1499 267 1623 309 eum
1653 253 1872 309 tulimus
1902 260 1948 318 Α
1975 253 2272 326 Gregorius
2297 253 2583 325 septimus,
2623 262 2679 311 et
2718 254 2819 312 ista
2848 250 2966 325 ejus
2994 254 3202 313 sanctio
3227 265 3308 313 est
3334 250 3571 316 omnino

277 346 653 417 qnmstionem,
682 345 845 401 ardor
869 340 1024 401 istius
1053 343 1193 414 ignis
1215 360 1303 401 me
1335 357 1424 399 tua
1464 346 1639 416 gratia
1679 344 1871 402 dereli-

280 450 425 495 Cllllll
465 443 766 493 consumat.
782 489 787 495 .

346 527 438 587 91.
461 550 478 581 ι
504 529 628 585 Have
656 529 927 591 dicens,el
949 535 1150 585 sancta:
1174 527 1363 585 Crucis
1385 544 1442 585 se
1461 528 1742 598 signaculo
1762 544 1874 584 mn-

282 620 457 687 niens,
489 636 586 691 per
613 619 818 674 medias
844 617 1092 677 ﬂunmas
1121 631 1433 678 constanter
1465 623 1739 694 ingressus
1768 631 1871 677 est.

281 713 417 769 Cum
469 711 634 783 igitur
677 711 913 782 undique
946 725 1089 767 esset
1126 712 1357 769 ﬂammis
1386 713 1772 779 circumdatus,
1800 715 1874 769 ita

281 813 341 858 ut
372 817 404 857 a
432 801 646 857 nemine
684 817 906 873 prorsus
953 803 1250 869 videretur,
1292 814 1348 860 et
1375 819 1565 861 omnes
1599 821 1722 862 eum
1758 806 1872 877 jam

282 900 660 962 consumptum
707 904 978 963 putarent,
1018 895 1197 951 subito
1223 910 1289 952 ex
1322 896 1429 951 alia
1464 906 1638 968 parte,
1672 897 1872 953 Christi

283 985 578 1041 comitante
612 984 808 1055 gratia,
857 977 1141 1055 egrediens
1181 987 1483 1056 prosilivit;
1536 988 1611 1043 ita
1659 997 1720 1042 ut
1766 1003 1871 1042 non

282 1074 442 1130 modo
468 1075 788 1131 vestimenta
817 1075 954 1145 ejus,
983 1077 1076 1132 sed
1107 1092 1175 1133 ne
1208 1078 1434 1147 capillus
1460 1078 1676 1148 quidem
1717 1076 1874 1132 lmsus

282 1165 353 1222 ab
377 1166 503 1239 igne
527 1166 582 1222 in
610 1166 790 1237 aliquo
810 1168 1109 1224 videretur.
1145 1168 1272 1232 Sed,
1304 1178 1362 1223 ut
1390 1170 1530 1226 idem
1551 1169 1876 1225 venerabilis

283 1261 368 1317 vir
380 1270 566 1333 postea
584 1262 873 1329 referebat,
892 1270 1012 1319 cum
1032 1279 1131 1337 per
1144 1264 1350 1319 medias
1362 1262 1607 1319 ﬂammas
1622 1263 1877 1331 gradere-

284 1361 393 1419 tur,
423 1351 674 1423 mappula
697 1353 765 1408 de
785 1368 948 1408 manu
973 1351 1089 1423 ejus
1109 1354 1335 1421 cecidit;
1356 1370 1593 1425 cumque
1611 1353 1724 1425 jam
1739 1370 1876 1426 pene

281 1444 631 1516 egrederetur
653 1459 722 1499 ex
752 1444 892 1515 igne,
917 1444 1052 1501 vidit
1082 1460 1141 1501 se
1170 1444 1474 1517 mappulam
1523 1446 1578 1500 in
1627 1445 1876 1501 manibus

284 1547 389 1589 non
416 1542 655 1605 gestare,
686 1549 751 1589 ac
779 1532 832 1589 in
864 1533 1041 1605 ignem
1066 1534 1166 1589 sibi
1189 1549 1309 1590 eam
1345 1527 1608 1591 cecidisse
1629 1536 1877 1591 conside-

1973 360 2213 416 praesens
2247 344 2542 402 decretum.
2577 366 2596 400 ι
2640 346 2772 402 Nam
2814 358 3008 418 przeter
3040 349 3186 403 varia
3219 361 3553 422 argumenta,

1971 452 2093 508 qua:
2120 453 2187 492 ex
2228 436 2286 493 S.
2327 436 2550 493 Joannis
2594 438 2869 496 Gualherti
2904 441 3053 501 obitu
3091 450 3146 497 et
3184 441 3427 514 Gregorii
3467 461 3561 499 se-

1973 529 2125 598 ptimi
2148 529 2408 593 electione
2434 538 2624 585 contra
2658 528 2798 586 hanc
2820 533 3147 587 sententiam
3169 532 3404 588 formare
3432 548 3556 605 pos-

1972 633 2107 682 sem,
2133 619 2274 674 unde
2295 635 2476 690 quaeso
2504 630 2713 675 constat
2744 620 3059 692 Gregorium
3108 621 3194 677 Vll
3224 634 3353 679 tunc
3376 625 3563 679 viven-

1974 719 2082 765 tem
2122 709 2210 765 hic
2239 709 2595 782 compellari?
2637 710 2771 785 Cum
2820 713 2909 769 hic
2948 715 3169 780 Christi,
3221 713 3280 771 Β.
3328 716 3564 787 Virginis

1974 818 2037 858 ac
2066 803 2126 859 S.
2156 803 2301 859 Petri
2329 805 2587 860 auxilium
2620 804 2954 876 impleretur,
2989 823 3166 865 nonne
3194 811 3327 869 satis
3372 812 3566 880 proba.

1975 895 2082 950 bile
2112 904 2197 951 est
2235 911 2265 950 a
2303 896 2630 952 Florentinis
2668 895 2727 951 S.
2768 897 3087 969 Gregorium
3136 899 3407 971 Magnum,
3438 918 3567 957 san-

1974 987 2275 1042 ctissimum
2317 988 2444 1041 olim
2485 987 2645 1042 Urbis
2685 989 2987 1058 praesidem,
3033 1000 3086 1045 et
3117 993 3443 1051 acerrimum
3480 995 3566 1049 Si-

1975 1080 2169 1133 monite
2204 1091 2634 1151 oppugnatorem.
2661 1081 2923 1147 invocari,
2952 1092 3007 1136 ut
3035 1083 3288 1141 defendat
3316 1103 3409 1143 sua
3439 1104 3568 1140 con-

1978 1178 2058 1222 tra
2084 1168 2421 1225 Simoniacos
2446 1170 2683 1236 decreta,
2717 1188 2839 1243 quae
2866 1172 3096 1242 plurima
3146 1176 3334 1237 edidit.
3383 1187 3442 1231 ut
3487 1177 3571 1232 vi-

1976 1260 2107 1315 dere
2139 1269 2223 1315 est
2251 1261 2304 1314 in
2336 1259 2454 1330 ejus
2486 1259 2607 1316 Vita
2653 1264 2720 1318 ad
2769 1264 2912 1320 diem
2962 1280 3037 1319 xu
3090 1265 3266 1322 Martii
3315 1269 3569 1323 inActis

1977 1350 2176 1405 nostris
2205 1350 2488 1419 illustrata,
2514 1363 2570 1408 et
2590 1354 2729 1422 apud
2760 1354 3074 1420 Baronium,
3105 1356 3379 1413 Labbeum
3408 1359 3571 1414 alios-

1976 1458 2102 1514 que.
2142 1442 2345 1500 Omitto
2368 1445 2455 1501 hic
2482 1446 2586 1500 alia
2632 1462 2752 1516 qua:
2778 1447 2839 1501 P.
2869 1448 3049 1519 Lupus
3071 1450 3333 1520 congerit,
3364 1460 3422 1505 ut
3449 1467 3572 1522 pro-

1975 1535 2069 1591 bet
2091 1534 2193 1590 hoc
2220 1534 2536 1591 miraculum
2564 1540 2665 1594 sub
2683 1540 2944 1610 Gregorio
2971 1540 3056 1596 νη
3078 1542 3387 1612 contigisse.
3427 1543 3574 1599 inter

284 1628 433 1694 rans,
472 1639 571 1698 per
614 1626 818 1682 medias
859 1627 1055 1682 iterum
1089 1625 1334 1682 ﬂammas
1365 1629 1679 1692 revertitur,
1704 1638 1758 1685 et
1784 1643 1876 1684 se-
1908 1602 1951 1661 Β
1977 1626 2084 1681 alia
2134 1642 2363 1696 operose
2389 1629 2628 1685 ostendit
2658 1629 2876 1685 Petrum
2922 1632 3139 1703 lgneum
3182 1648 3288 1689 non
3333 1634 3403 1688 ab
3450 1634 3574 1689 Ale-

285 1732 407 1772 cum
446 1718 750 1789 mappulam
795 1718 1086 1773 extrahens
1130 1718 1442 1787 reportavit.
1492 1718 1643 1775 Tunc
1667 1734 1875 1786 omnes,

286 1810 377 1879 qui
406 1810 651 1877 aderant,
684 1812 800 1865 viso
841 1818 949 1863 tam
996 1809 1256 1874 maximo,
1300 1818 1409 1865 tam
1454 1810 1880 1881 obstupescendo

274 1900 570 1966 miraculo,
615 1905 907 1958 immensas
950 1904 1059 1958 Deo
1104 1903 1308 1974 gratias
1355 1914 1597 1974 agentes,
1647 1918 1772 1958 mox
1800 1902 1880 1958 die

240 2054 245 2057 _
286 2009 440 2051 versa
461 2009 589 2065 pars
613 2013 626 2047 ι
648 2011 714 2050 ιιι
738 1993 948 2059 eﬂ‘ccta,
977 1995 1258 2066 prrefatum
1281 1994 1593 2066 episcopum
1615 1995 1682 2050 de
1710 1994 1885 2050 eccle-

289 2087 368 2140 sia
408 2086 639 2156 pellunt;
687 2085 782 2155 qui
827 2095 1015 2157 postea
1062 2086 1380 2156 poenitentia
1423 2086 1640 2149 ductus,
1676 2095 1883 2141 mutata

287 2185 439 2233 veste
479 2176 825 2232 sub‘sanctm
871 2179 1300 2234 conversationis
1347 2177 1533 2249 regula
1575 2176 1884 2250 religiosam

292 2278 450 2334 agere
480 2268 642 2320 vitam
673 2265 818 2320 visus
842 2275 941 2320 est.
974 2286 992 2318 ι

360 2359 448 2415 92.
487 2348 801 2429 Congruuut
842 2358 956 2413 haec
1000 2354 1125 2414 cum
1167 2360 1391 2428 epistula
1427 2360 1558 2416 cleri
1590 2375 1653 2415 ac
1701 2361 1885 2431 populi

292 2449 612 2516 Florentini,
647 2465 766 2519 quae
804 2449 859 2504 in
898 2449 1049 2505 Actis
1090 2448 1226 2504 infra
1274 2451 1507 2505 refertur
1536 2468 1658 2521 cap.
1686 2453 1739 2508 8.
1779 2452 1888 2508 Sed

292 2542 383 2598 bie
409 2541 718 2613 scrupulum
752 2551 928 2597 movet
955 2539 1017 2595 P.
1040 2541 1379 2598 Christ'auus
1404 2543 1585 2617 Lupus
1616 2546 1667 2600 in
1695 2547 1893 2601 Decre-

269 2619 366 2690 “tis
395 2647 459 2688 ac
486 2631 794 2688 Cano.tibus
827 2633 1154 2705 synodorum
1200 2634 1546 2690 Generalium
1575 2654 1638 2691 ac
1662 2636 1888 2691 Provin-

294 2720 512 2777 cialium
557 2730 698 2791 part.
744 2718 796 2786 5,
835 2736 954 2793 pag.
986 2721 1077 2784 26,
1117 2723 1205 2777 ubi
1245 2724 1323 2777 sic
1379 2738 1563 2778 secum
1610 2725 1888 2795 disputat:

300 2835 318 2866 ι
349 2814 583 2883 Quaestio
604 2825 685 2871 est
710 2829 777 2869 an
808 2815 908 2869 ista
935 2814 1163 2885 epistola
1192 2836 1211 2868 ι
1233 2817 1447 2889 (nempe
1475 2818 1605 2874 cleri
1629 2829 1683 2872 et
1711 2815 1891 2889 populi

292 2906 612 2978 Florentiui)
641 2926 657 2958 ι
680 2908 841 2962 fuerit
865 2904 1063 2977 Scripta
1087 2907 1155 2961 ad
1176 2907 1541 2963 Alexandrum
1570 2909 1892 2966 secundum?

293 2999 605 3055 Aﬂirmatet
625 3000 873 3056 laudatus
894 3000 1038 3065 Atto,
1067 3007 1122 3055 et
1145 3000 1258 3070 ipsa
1283 3001 1524 3070 epistola:
1545 3004 1843 3073 inscriptio.
1868 3021 1887 3056 ι

297 3078 457 3154 Tum,
504 3090 682 3146 allatis
725 3092 983 3145 Actorum
1031 3089 1228 3155 verbis,
1279 3093 1352 3146 ita
1401 3092 1502 3148 sibi
1551 3095 1891 3163 rependet:

300 3202 320 3235 ς
350 3181 690 3251 Respondeo,
748 3184 917 3257 ipsam
966 3184 1247 3255 epistolam
1305 3184 1541 3240 clamare
1584 3186 1727 3242 aliud
1758 3200 1773 3239 :
1803 3183 1896 3241 Et—

296 3272 440 3326 enim
474 3280 719 3342 paratam
752 3272 1020 3329 intraturo
1067 3275 1333 3329 monacho
1361 3275 1537 3346 ignem
1568 3277 1807 3347 exponit,
1838 3284 1894 3330 et

297 3364 615 3436 suljungit:
660 3364 799 3421 illis
837 3360 1000 3431 viSis,
1045 3365 1250 3423 clamor
1300 3369 1538 3425 onmimn
1596 3370 1649 3424 in
1696 3370 1893 3426 cwluln

305 3472 324 3506 ι
344 3456 626 3522 attollitur,
658 3452 821 3527 Kyrie
840 3457 1038 3514 eleison
1060 3456 1390 3515 ﬂebilissime
1411 3459 1568 3531 pleno
1591 3476 1687 3516 ore
1707 3469 1888 3516 canta-

300 3566 323 3614 ,ι
348 3557 453 3611 tur,
477 3545 633 3601 Jesus
659 3547 905 3604 Christus
939 3547 1292 3606 celeberrime
1335 3558 1396 3604 ut
1441 3561 1716 3623 exsurgat,
1760 3566 1892 3606 cau-

305 3656 323 3690 ‹
347 3653 565 3708 samqu:
595 3654 744 3695 suam
777 3638 1051 3705 defendat,
1079 3649 1303 3707 oratur;
1333 3639 1496 3695 Maria
1531 3640 1648 3711 ejus
1688 3648 1891 3709 mater,

304 3747 323 3781 ι
345 3738 405 3785 ut
424 3731 531 3786 hoc
560 3730 662 3786 sibi
690 3731 936 3796 suadeat,
970 3731 1196 3786 multum
1241 3749 1269 3788 a
1311 3732 1461 3798 viris,
1494 3730 1894 3803 plurimumque

306 3838 372 3877 ta
403 3820 617 3879 feminis
661 3822 1024 3897 supplicatur;
1071 3824 1216 3881 Petri
1265 3826 1491 3895 apostoli
1539 3840 1754 3894 nomen,
1787 3842 1894 3897 quo

304 3911 622 3968 «Simonem
653 3915 926 3984 perdenda
971 3917 1207 3984 damnet,
1258 3917 1454 3973 millies
1492 3918 1889 3988 ingeminatur;

304 4003 641 4075 «Gregorius
665 3996 829 4062 Urbis
858 4007 1077 4078 praesul,
1118 4018 1175 4063 ut
1222 4009 1288 4063 ad
1333 4025 1458 4065 suas
1503 4010 1891 4066 Verificandum

222 4094 225 4097 ’
301 4103 599 4164 «properet
646 4098 976 4167 sanctiones,
1033 4097 1099 4152 ab
1138 4099 1387 4155 omnibus
1426 4111 1629 4157 oratur.
1661 4121 1681 4154 ι
1738 4119 1756 4153 ι
1796 4100 1926 4174 ΗὶιιΔ

298 4184 595 4256 Gregorius
620 4197 701 4241 est
725 4188 947 4243 omnino
991 4200 1177 4245 noster
1202 4189 1497 4262 Gregorius
1528 4192 1808 4262 septimus,
1838 4201 1895 4248 et

1980 1719 2205 1785 xandro,
2220 1721 2315 1775 sed
2334 1738 2363 1774 a
2385 1720 2646 1792 Gregorio
2662 1722 2712 1776 in
2727 1720 3095 1781 Cardinalium
3111 1727 3576 1793 numerumt’uisse

1980 1812 2273 1877 adscitum,
2298 1813 2441 1882 quod
2470 1829 2630 1869 nemo
2655 1823 2834 1884 negat.
2890 1814 2994 1870 Sed
3026 1815 3152 1884 quid
3184 1816 3285 1871 hoc
3320 1815 3575 1870 adirem?

1981 1903 2280 1959 Nihilenim
2308 1905 2529 1975 impedit
2552 1906 2842 1976 quominus
2862 1906 2914 1961 id
2944 1907 3043 1963 sub
3066 1908 3373 1963 Alexandro
3400 1911 3575 1964 conti-

1983 1992 2143 2066 gerit,
2163 2001 2410 2063 etpostca
2436 1993 2630 2049 Petrus
2644 1993 2877 2063 lgneusa
2900 1994 3163 2069 Gregorio
3182 1997 3268 2052 Vll
3282 1997 3574 2062 Alexandri

1985 2101 2299 2143 successore
2328 2087 2397 2142 ad
2424 2084 2830 2141 Cardinalitiam
2852 2086 3165 2156 dignitatem
3194 2090 3267 2144 sit
3300 2101 3539 2147 evectus.

2056 2179 2147 2235 95.
2184 2177 2440 2234 Pluribus
2464 2193 2602 2248 opus
2645 2186 2815 2245 esset,
2861 2179 2906 2234 si
2943 2178 3031 2233 hic
3072 2178 3223 2234 locus
3251 2180 3570 2249 posutlaret,

1987 2271 2265 2325 discutere
2296 2270 2434 2323 hanc
2466 2270 2677 2335 igneam
2711 2269 2766 2321 ὃ.
2802 2268 2945 2323 Petri
2987 2270 3378 2338 ιη’(ιῑιιιιὶυιιςειιι,
3404 2287 3575 2337 quam

1993 2362 2286 2415 modernns
2307 2358 2528 2427 quidam
2555 2358 2950 2428 hypercriticus
2974 2358 3025 2410 in
3051 2358 3300 2428 Legenda
3327 2375 3421 2419 sua
3450 2362 3577 2413 Gal-

1989 2451 2090 2506 lica
2122 2448 2284 2504 nimis
2313 2449 2573 2503 audacter
2618 2463 2766 2501 more
2804 2462 2903 2503 suo
2946 2448 3223 2517 libereque
3265 2450 3435 2523 carpit
3481 2464 3580 2505 vo-

1991 2558 2121 2599 cans
2150 2562 2168 2594 ι
2195 2541 2373 2596 audax
2402 2540 2632 2605 facinus,
2665 2553 2776 2608 quo
2817 2540 3117 2596 monachus
3160 2540 3322 2595 Deum
3369 2550 3578 2597 tentare

1989 2647 2155 2688 ausus
2178 2641 2281 2688 est.
2314 2648 2333 2682 ι
2368 2629 2574 2685 Deinde
2601 2630 2710 2683 acsi
2743 2629 2801 2683 S.
2830 2628 3092 2687 Joannem
3119 2630 3467 2698 Gualbertum
3510 2631 3579 2687 ab

1992 2722 2094 2779 hac
2140 2723 2295 2792 culpa
2345 2722 2587 2779 eximere
2631 2721 2812 2785 vellet,
2860 2721 3108 2790 imperite
3150 2720 3334 2794 addit:
3365 2744 3381 2772 ι
3414 2722 3583 2778 Nobis

1995 2813 2210 2880 suﬂicit,
2242 2814 2504 2871 Sanctum
2548 2822 2795 2870 nostrum
2827 2814 2877 2867 in
2911 2814 3015 2868 hoc
3045 2814 3187 2869 facto
3225 2813 3424 2869 nullam
3457 2830 3583 2885 par-

1998 2917 2103 2964 tem
2136 2907 2412 2972 habuisse,
2441 2916 2638 2976 praeter
2665 2905 2992 2969 orationem,
3036 2920 3141 2975 qua
3190 2906 3355 2961 Deum
3388 2922 3581 2976 preca-

1994 2998 2177 3064 batur,
2208 3008 2267 3053 ut
2298 3013 2452 3053 suam
2498 2990 2798 3054 Ecclesiam
2840 3012 2870 3052 a
2907 2997 3185 3063 seandalo,
3225 3000 3370 3068 quod
3411 3003 3585 3069 patie-

1994 3092 2178 3155 batur,
2209 3090 2486 3146 liberaret.
2512 3108 2531 3142 ι
2581 3090 2854 3160 lmperite,
2901 3090 3144 3160 inquam,
3191 3091 3307 3148 haec
3335 3092 3535 3147 addidit
3567 3110 3580 3145 :

1994 3181 2135 3238 Nam
2156 3182 2200 3238 si
2224 3183 2339 3238 haec
2370 3181 2562 3238 fuisset
2587 3183 2682 3238 Dei
2720 3184 2972 3249 tentatio,
2997 3185 3374 3247 utconlendit,
3405 3199 3585 3238 nonne

1993 3288 2112 3329 eam
2144 3274 2205 3330 S.
2233 3273 2470 3331 Joannes
2499 3283 2682 3344 utpote
2711 3274 2878 3329 abbas
2914 3283 2972 3329 et
2999 3276 3142 3329 Petri
3174 3275 3422 3344 superior
3455 3291 3583 3344 pro-

1994 3364 2183 3421 hibere
2227 3364 2536 3420 debuisset?
2567 3364 2815 3419 .Tantum
2865 3375 3045 3421 autem
3095 3366 3144 3420 al
3169 3364 3290 3431 fuit,
3334 3375 3400 3421 aut
3444 3366 3587 3420 hanc

1997 3456 2212 3528 igneam
2243 3456 2616 3528 probationem
2648 3456 3007 3526 prohibuerit,
3046 3465 3102 3511 ut
3131 3459 3307 3528 potius
3339 3459 3582 3534 ejusdem

1998 3548 2208 3620 primus
2237 3556 2426 3603 auctor
2454 3547 2618 3603 fuerit
2645 3565 2658 3601 :
2681 3546 2908 3616 Quippe,
2942 3555 3078 3602 teste
3110 3547 3387 3602 Desiderio
3416 3562 3585 3616 supra

1994 3642 2183 3703 citato,
2216 3639 2353 3697 dixit
2377 3636 2614 3695 Joannes
2638 3637 2824 3693 Abbas
2850 3655 2863 3693 :
2890 3656 2917 3689 ιι
2948 3637 3311 3693 Construatur
3348 3653 3506 3709 mgus
3531 3646 3587 3691 et

1994 3731 2120 3801 igne
2146 3730 2425 3800 supposito
2453 3728 2802 3792 accendatur;
2836 3742 2934 3799 per
2962 3743 3124 3799 quem
3155 3744 3296 3784 unus
3323 3743 3352 3781 e
3382 3730 3586 3784 nostris

1996 3820 2351 3893 ingrediatur.
2376 3838 2397 3873 ι
2428 3820 2508 3876 Ac
2531 3828 2794 3889 praeterea
2822 3838 2847 3873 :.
2868 3838 2889 3871 ι
2910 3819 3071 3876 Petro
3098 3819 3584 3890 suo.discipulo....

1994 3914 2282 3986 prmcepit,
2325 3922 2476 3969 ut....
2520 3911 2759 3970 confisus
2802 3914 2869 3968 de
2913 3912 3283 3969 misericordia
3330 3912 3446 3977 Dei,
3491 3927 3588 3981 per

1995 4007 2213 4063 accensi
2241 4005 2352 4078 rogi
2380 4003 2630 4061 ﬂammas
2652 4004 3027 4059 indubitanter
3054 4003 3305 4057 intraret.
3326 4022 3349 4080 ,ι
3386 4001 3467 4055 An
3499 4003 3587 4056 hic

1996 4097 2070 4150 nil
2100 4106 2299 4166 praeter
2326 4112 2537 4167 preces,
2571 4109 2706 4165 quas
2749 4092 2810 4150 S.
2855 4093 3093 4149 Joannes
3134 4091 3456 4148 Guallrertus
3488 4106 3587 4163 pm

1997 4189 2239 4245 Ecclesia
2269 4188 2556 4245 fundebat?
2728 4230 2731 4233 ι
2934 4234 2937 4237 .

296 4276 401 4332 ista
439 4276 557 4345 ejus
591 4279 801 4334 sanctio
827 4292 910 4334 est
933 4281 1156 4336 omnino
1184 4296 1422 4352 prmsens
1448 4282 1751 4347 decretum,
1785 4300 1892 4353 quo
1922 4284 1971 4342 ι)
2068 4281 2158 4336 95.
2200 4279 2382 4334 Multis
2411 4280 2738 4335 Sanctorum
2765 4276 3030 4347 exemplis
3058 4278 3109 4332 id
3140 4264 3338 4332 factum
3369 4273 3585 4332 defendi

295 4368 470 4425 vetuit
498 4369 671 4425 audiri
692 4362 770 4427 iac
814 4373 1016 4445 percipi
1060 4372 1239 4428 divina
1270 4375 1456 4436 OlIicia
1496 4377 1757 4446 episcopi,
1801 4387 1895 4431 aut

248 4454 249 4457 “
297 4460 482 4516 clerici
513 4462 689 4532 palam
719 4461 1034 4520 Simo..iaci.
1076 4465 1415 4539 Quapropter
1440 4467 1553 4522 haec
1587 4468 1741 4539 ignea
1770 4483 1895 4538 pro-

296 4551 448 4607 batio
482 4568 588 4607 non
624 4554 723 4608 suh
750 4554 1058 4611 Alexandro
1084 4558 1183 4612 fuit
1209 4557 1375 4622 facta,
1413 4558 1506 4614 sed
1534 4559 1633 4612 sub
1662 4558 1895 4628 scptimo

222 4694 229 4701 .
296 4640 580 4715 Gregorio.
639 4644 707 4699 Et
752 4644 825 4700 ita
877 4645 1107 4702 aﬂirmat
1167 4649 1607 4719 accuratissimus
1663 4650 1897 4720 scriptor

297 4732 615 4795 Bertholdns
640 4741 922 4809 presbyter
951 4739 1066 4796 Con
1089 4741 1385 4796 ,tantiensis
1413 4741 1679 4797 ecclesia).
1709 4760 1730 4795 ι

372 4825 459 4880 9ἲ.
499 4826 637 4883 Dum
687 4828 896 4899 singula
947 4831 1062 4884 haec
1110 4830 1225 4901 ejus
1259 4839 1575 4902 argumenta
1620 4833 1892 4900 examino,

297 4906 514 4971 inﬁrma
538 4919 826 4974 admodum
850 4933 969 4976 esse
1006 4921 1181 4975 sentio
1211 4921 1275 4975 ad
1297 4921 1647 4979 evertendam
1675 4920 1890 4980 Floretr

298 5001 428 5059 tina:
453 5006 691 5075 epistola:
732 5006 1165 5076 inscriptionem,
1198 5010 1541 5078 antiquitatis
1571 4994 1897 5070 auctoritate

298 5102 460 5165 atque
493 5099 837 5168 potissimum
862 5097 922 5153 Β.
950 5099 1181 5153 Δηὼ-(ξω
1208 5090 1557 5157 Βιτυιηειιείς
1575 5101 1787 5157 abbatis
1820 5114 1898 5158 te-

297 5184 552 5244 stimonia
577 5189 879 5246 suﬂ'ultam.
917 5189 1189 5262 Imprimis
1219 5189 1275 5244 in
1304 5191 1596 5248 Bertholdo
1629 5191 1895 5251 Constan-

300 5276 487 5330 tiensis
533 5278 779 5330 ecclesia:
819 5282 1132 5330 nreshvtero
1159 5272 1362 5330 nullum
1389 5285 1647 5330 Inanimum
1672 5287 1896 5330 verbum

1994 4380 2212 4447 posset;
2272 4371 2368 4426 sed
2418 4386 2539 4427 cum
2589 4370 2934 4440 potissimum
2980 4369 3047 4424 ad
3095 4366 3315 4422 Petrum
3352 4364 3585 4436 igneum

1996 4471 2222 4534 spectet,
2252 4459 2422 4516 fusius
2463 4461 2529 4515 de
2569 4474 2635 4515 eo
2678 4458 2974 4528 disceptari
3008 4457 3208 4530 poterit
3256 4456 3311 4511 in
3356 4455 3586 4528 Supple-

1996 4559 2179 4608 meuto
2208 4550 2513 4618 Februarii,
2554 4551 2623 4605 ad
2667 4550 2809 4606 diem
2854 4548 2902 4605 ei
2942 4563 3176 4611 sacram,
3225 4543 3342 4613 ejus
3386 4547 3590 4601 mensis

1995 4659 2118 4708 vut,
2173 4643 2429 4713 quoniam
2481 4641 2594 4711 jam
2636 4643 2709 4698 de
2754 4640 2902 4699 cultu
2952 4637 3472 4697 illiussuﬂicieuter
3524 4653 3589 4692 ex

1997 4733 2200 4789 Officiis
2232 4734 2464 4804 propriis
2507 4732 2843 4791 Florentinis
2869 4738 3104 4788 constat.
3148 4728 3368 4784 Interim
3397 4728 3442 4782 si
3470 4727 3593 4795 quis

1998 4823 2243 4880 cavillari
2269 4825 2418 4889 velit,
2443 4825 2641 4880 habeat
2667 4837 2993 4895 responsum
3017 4836 3087 4878 ex
3114 4818 3378 4875 Suarezio
3408 4825 3595 4883 ιιοδινο

2000 4926 2135 4975 tom.
2166 4916 2208 4981 Ι,
2239 4917 2307 4971 de
2336 4915 2616 4987 Religione
2643 4916 2737 4974 lib.
2775 4930 2818 4979 ι,
2848 4913 2917 4968 de
2950 4909 3358 4979 lrreligiositate
3388 4921 3505 4973 cap.
3535 4904 3594 4967 2,

2000 5007 2093 5065 ubi
2134 4990 2302 5077 agens
2344 5008 2411 5062 de
2455 5007 2716 5078 petitione
2762 5003 3154 5061 miraculorum
3195 4997 3274 5051 sic
3316 4994 3594 5065 loquitur:

2006 5120 2025 5154 ι
2057 5099 2212 5171 Quod
2258 5100 2304 5156 si
2362 5100 2657 5170 aliquando
2682 5095 2883 5158 Sancti
2926 5097 3030 5151 hoc
3070 5089 3263 5144 fecisse
3308 5085 3599 5149 videntur,

2000 5192 2331 5251 credendum
2380 5202 2465 5251 est
2512 5195 2566 5250 id
2615 5211 2723 5252 non
2776 5189 2979 5248 fecisse
3028 5186 3148 5243 sine
3195 5180 3415 5248 speciali
3475 5176 3602 5247 Spi-

2767 5288 2832 5330 ul.
2887 5280 2959 5330 de
3008 5271 3285 5330 Abraham
3342 5270 3479 5327 dixit
3537 5268 3603 5324 D.

2002 5285 2142 5330 ritus
2198 5286 2372 5330 sarmti
2437 5285 2701 5330 imnulsn-
