4122 5330
445 853 463 901 ἔ

509 331 624 384 755'

1559 328 1617 384 S.
1657 325 1938 384 JOANMS
1974 324 2364 382 GUALBERTI
2396 326 2686 386 ABBATIS

3644 338 3745 395 756

502 448 739 504 derulum
793 448 1026 518 aliquem
1079 447 1422 514 btereticu'm,
1471 456 1563 501 aut
1622 449 1900 504 veritatem
1956 447 2076 502 lidci
2107 453 2153 510 Α
2183 444 2464 500 consilium
2501 447 2776 517 religionis
2808 458 2997 504 vestrm
3039 452 3192 521 sequi
3225 452 3549 522 disponunt,
3598 441 3748 510 mare

506 539 953 596 conﬁrmandam.

507 649 534 721 ᾗ
574 648 704 705 Vill.
746 647 885 721 Quid
919 649 1240 721 sentiendum
1279 651 1377 721 sit,
1401 649 1760 721 demiraculo
1794 668 1896 721 quo
1943 649 2074 704 Gre-

576 724 726 791 gorio
755 717 872 791 ΥΠ
888 759 902 781 ,
1049 719 1305 773 Joannem
1338 719 1676 774 (Inalbertum
1709 717 2077 791 reprehendam

578 787 797 852 colenti,
829 789 1102 856 contigisse
1131 798 1400 842 narratur.

576 899 759 954 Nodus
788 899 874 954 hic
899 901 1136 956 occurrit
1167 900 1282 969 plus
1311 916 1472 971 quam
1498 900 1750 967 Gordius,
1781 919 1940 972 quem
1971 903 2076 957 sol-

509 1007 640 1046 vere
669 1007 774 1046 non
802 990 977 1058 valeo,
1007 993 1254 1048 scindere
1287 995 1371 1048 vix
1405 995 1596 1050 audeo.
1632 995 1701 1051 Ut
1733 1005 1911 1050 autem
1953 997 2076 1050 nodi

511 1080 926 1152 implicationem
970 1083 1140 1138 lector
1175 1084 1320 1139 clare
1347 1086 1548 1152 videat,
1580 1087 1817 1142 breviter
1847 1103 1963 1143 eam
1993 1089 2078 1143 life

511 1172 795 1242 praemitto.
850 1173 1046 1228 Beatus
1095 1173 1338 1229 Andreas
1384 1191 1533 1231 num.
1577 1177 1675 1241 68,
1729 1185 1783 1232 et
1834 1177 1892 1230 Β.
1953 1179 2079 1232 Αιιο

509 1279 658 1317 ιιιιιιι.
701 1264 804 1330 49,
860 1275 1087 1320 narrant
1133 1266 1186 1320 in
1227 1267 1378 1322 Actis
1422 1269 1561 1322 infra
1601 1268 1827 1334 dandis,
1873 1268 2077 1340 Grego-

511 1353 650 1407 rium
696 1355 800 1421 VII,
838 1371 959 1410 cum
1000 1355 1174 1412 adlmc
1213 1359 1625 1414 archidiaconus
1664 1369 1827 1426 esset,
1867 1361 2079 1416 venisse

507 1446 574 1502 ad
616 1445 675 1502 S.
714 1445 973 1502 Joannem
1009 1448 1381 1515 Gualbet‘tum,
1424 1459 1484 1505 ut
1526 1466 1647 1506 eum
1679 1452 2078 1523 praemeditatis

509 1535 574 1589 ad
604 1535 813 1608 injuria:
841 1537 1074 1606 speciem
1123 1539 1303 1594 verbis
1343 1539 1672 1612 objurgaret,
1718 1554 1881 1611 atque
1912 1542 1984 1596 ita
2015 1544 2079 1596 de

507 1625 651 1680 illius
695 1626 894 1680 virtute
937 1627 1364 1696 experimentum
1411 1643 1655 1700 caperet;
1699 1647 1907 1697 verum,
1955 1647 2074 1686 cum

507 1715 574 1770 ad
601 1730 723 1770 eum
755 1718 1089 1784 accessisset,
1129 1721 1310 1774 omuiu
1335 1738 1364 1774 n
1405 1721 1751 1778 dicendorum
1794 1723 1867 1777 ita
1915 1723 2078 1778 fuisse

2177 537 2418 605 praedicti
2460 537 2636 592 Patris
2677 540 2837 594 vestri
2878 542 3133 611 suscipite
3159 583 3172 606 ,
3214 553 3266 596 et
3301 545 3366 596 de
3406 544 3487 598 his
3524 559 3642 614 quae
3680 547 3747 600 ad

2179 627 2405 680 salutem
2452 643 2636 682 eorum
2665 632 2934 699 pertinere
2961 632 3230 695 videntur,
3264 636 3467 689 sanctis
3492 637 3749 689 exhorta-

2180 719 2416 775 tionibus
2447 721 2719 785 instruite,
2759 735 2817 777 nt
2855 739 2958 778 non
2987 725 3161 778 solum
3192 736 3388 790 vestra,
3437 728 3531 782 sed
3573 736 3628 782 et
3655 744 3749 781 vos

2179 813 2521 882 sequentium
2547 814 2914 885 circumpositi
2935 816 3112 885 populi
3137 819 3538 874 considerantes
3562 831 3748 874 sancta

2178 917 2365 970 opera,
2396 902 2698 970 gloriﬁcent
2727 903 2937 959 Patrem
2966 915 3229 973 Vestrum,
3261 909 3350 976 qui
3383 908 3436 962 in
3464 909 3616 963 ctelis
3640 918 3744 963 est.

2181 991 2287 1047 Nos
2334 1004 2514 1047 autem
2564 994 2737 1062 ipsum
2788 1011 3048 1061 amorem,
3101 1012 3259 1068 quem
3299 1000 3435 1068 patri
3472 1009 3652 1054 vestro
3696 1010 3751 1055 ct

2181 1083 2334 1139 vobis
2390 1084 2519 1139 olnu
2575 1087 2974 1157 impendimus,
3034 1090 3205 1144 donec
3261 1100 3473 1146 nostros
3526 1092 3750 1161 spiritus

2180 1178 2380 1234 rexerit
2410 1187 2581 1244 artus,
2613 1179 2870 1234 exhibere
2914 1181 3298 1248 desideramus,
3343 1192 3395 1237 et
3441 1193 3586 1238 tanto
3623 1185 3750 1253 qni-

2183 1269 2301 1324 dent
2326 1269 2580 1338 deinceps
2608 1269 2795 1337 majori
2828 1286 2923 1325 vos
2945 1272 3169 1326 caritate
3199 1273 3516 1337 fovebimus,
3546 1284 3750 1343 quanto

2180 1372 2274 1411 vos
2306 1357 2355 1410 in
2387 1358 2583 1412 divinis
2612 1359 2842 1428 negotiis
2863 1359 3217 1415 ferventiores
3240 1377 3358 1416 esse
3380 1363 3746 1432 probabimus,

2179 1445 2374 1516 quibus
2415 1462 2518 1502 non
2569 1445 2738 1501 solum
2788 1449 3089 1518 spirituale,
3137 1453 3231 1505 sed
3277 1460 3329 1505 et
3372 1451 3655 1516 sceeulare,
3702 1454 3747 1507 si

2182 1550 2400 1590 necesse
2429 1534 2609 1599 fuerit,
2643 1536 2930 1600 auxilium,
2977 1537 3084 1593 Deo
3124 1540 3430 1608 adjuvante,
3473 1541 3740 1594 ministra-

2180 1627 2378 1682 bimus.
2413 1626 2520 1683 Vos
2548 1627 2712 1698 igitur
2739 1629 3163 1698 omnipotentem
3193 1632 3473 1685 Dominum
3505 1638 3748 1695 exorate,

2182 1725 2240 1770 ut
2271 1717 2385 1786 ipse
2424 1717 2569 1771 vires
2608 1725 2661 1772 et
2704 1716 2990 1775 facultates
3031 1721 3186 1774 nobis
3223 1721 3441 1786 tribuat,
3485 1729 3751 1790 quatenus

505 1808 755 1876 oblitum,
797 1818 854 1864 ut
893 1813 957 1866 ad
989 1809 1106 1880 ejus
1136 1825 1479 1883 conspectum
1521 1816 1880 1881 obmutuerit;
1912 1830 2074 1884 quam
2109 1793 2148 1850 Β
2178 1809 2415 1878 suscepti
2477 1808 2756 1879 rcgiminis
2816 1809 3157 1879 importabile
3218 1812 3424 1880 pondus
3478 1812 3751 1882 possimus

506 1901 777 1982 ipsolitam
808 1903 1289 1960 obnmteseentiam
1323 1907 1510 1964 habuit
1538 1922 1634 1978 pro
1659 1905 1938 1970 miraculo,
1971 1921 2078 1975 quo

506 1987 649 2044 Deus
699 1990 808 2046 Viri
860 1994 1200 2048 sanctitatem
1252 1995 1601 2066 comprobare
1645 1995 1826 2050 vellet.
1875 1993 2076 2049 Contra

505 2096 636 2137 vero
666 2081 957 2154 Gregorius
989 2085 1071 2140 VII
1117 2087 1220 2157 (ita
1251 2087 1338 2142 hic
1371 2087 1630 2155 tantisper
1657 2087 1810 2157 juxta
1838 2101 2075 2144 comnm-

506 2189 630 2229 trem
673 2175 978 2244 opinionem
1030 2175 1250 2248 loquor)
1300 2177 1352 2232 in
1401 2176 1625 2246 epistola
1671 2176 1738 2231 ad
1787 2174 2078 2231 Monachus

509 2267 983 2341 V'allumbrosanos
1029 2269 1266 2333 asserit,
1315 2270 1371 2324 S.
1421 2267 1682 2325 Joannem
1727 2267 2076 2324 Gualbertnm

511 2372 804 2428 numquam
839 2378 856 2410 ι
879 2361 1152 2430 corporeis
1180 2359 1388 2415 oculis»
1421 2374 1452 2412 a
1497 2372 1555 2412 se
1581 2359 1751 2412 visum
1788 2358 1969 2411 fuisse.
1999 2354 2076 2408 En

509 2457 750 2518 apertam
778 2449 1258 2503 contradictionem
1289 2456 1343 2502 et
1371 2446 1589 2512 nodum,
1617 2454 1676 2500 ut
1703 2446 1834 2499 mihi
1861 2443 2076 2513 quidem

511 2538 774 2591 hactenus
799 2537 1031 2601 videtur,
1057 2534 1411 2590 insolubilem.
1444 2533 1759 2602 Priusquam
1784 2532 2078 2593 variorum,

511 2631 601 2700 qui
637 2631 748 2699 haec
777 2631 880 2684 duo
911 2630 1200 2700 pugnantia
1231 2614 1531 2691 conciliare
1552 2628 1730 2684 conati
1769 2638 1912 2692 sunt,
1953 2641 2080 2680 sen-

509 2724 708 2778 tentias
736 2736 1020 2792 exponam,
1047 2720 1198 2790 juvat
1229 2721 1366 2774 hanc
1394 2719 1674 2788 epistolam
1705 2719 1789 2772 hic
1820 2718 2076 2776 inserere.

509 2812 635 2880 quia
678 2825 782 2865 non
812 2824 1000 2880 parum
1033 2809 1098 2862 ad
1128 2807 1311 2862 Sancti
1357 2807 1529 2863 nostri
1575 2807 1800 2878 gloriam
1849 2803 2078 2860 confert.

509 2900 742 2955 Exhibet
778 2914 894 2952 eam
939 2897 1178 2951 Andreas
1217 2897 1503 2952 Januensis
1544 2896 1597 2961 in
1644 2894 1760 2950 Vita
1801 2893 1942 2964 apud
1985 2909 2082 2949 nos

511 2989 873 3059 manuscripta
908 3004 1023 3059 "ap.
1055 2988 1142 3054 82,
1193 2989 1452 3044 Baronius
1481 2989 1534 3043 in
1565 2987 1865 3044 Annalibus
1899 2987 2083 3042 Eccle-

511 3081 745 3136 siasticis
770 3079 835 3133 ad
865 3094 1063 3133 annum
1090 3078 1291 3134 Christi
1328 3080 1478 3145 1073,
1524 3080 1863 3134 Maliillonius
1893 3079 1945 3133 in
1972 3078 2085 3132 An-

515 3171 726 3226 nalibus
775 3170 1136 3226 Benedictinis
1175 3180 1302 3228 tom.
1337 3172 1400 3239 V,
1449 3172 1517 3226 ad
1562 3173 1810 3228 eumdem
1860 3186 2078 3234 annum,

513 3261 761 3316 Labbeus
791 3270 920 3316 tom.
951 3261 1020 3326 Χ,
1045 3262 1402 3318 conciliorum
1429 3263 1533 3319 col.
1559 3264 1686 3330 507,
1723 3263 1942 3334 aliique,
1989 3262 2080 3332 qni

515 3355 740 3410 concilia
776 3365 830 3410 et
865 3354 1184 3412 Pontiﬁcum
1216 3357 1470 3428 epistolas
1497 3358 1848 3429 collegerunt.
1894 3393 1896 3395 ›

585 3444 674 3500 97.
709 3444 991 3502 Prmmissa
1023 3456 1279 3502 consueta
1309 3448 1411 3502 hac
1442 3447 1672 3504 formula
1701 3466 1714 3503 :
1746 3467 1764 3500 ι
1793 3445 2086 3516 Gregorius

513 3535 794 3606 episcopus
821 3552 1008 3592 servus
1041 3554 1318 3594 servorum
1344 3540 1459 3607 Dei,
1487 3540 1724 3608 clericis,
1748 3538 2076 3603 Monaehis,»

516 3626 686 3698 (apud
711 3627 1004 3684 Baronium
1027 3631 1242 3686 additur
1277 3649 1294 3682 ι
1315 3646 1379 3686 ac
1406 3631 1670 3702 religiosis
1711 3630 1895 3700 laicis)
1919 3628 2084 3683 disci-

516 3719 718 3792 plinam
749 3733 946 3778 sauctze
978 3723 1370 3779 recordationis
1410 3721 1634 3778 Joannis
1679 3721 1954 3778 Gualbertt
1994 3724 2087 3773 ab-

515 3811 660 3866 batis
708 3811 1074 3870 imitantibus.
1123 3811 1351 3866 salutem
1408 3822 1464 3866 et
1515 3809 1876 3880 Apostolicam
1923 3808 2087 3863 bene-

518 3899 830 3964 dictionem,
863 3919 882 3952 ι
903 3900 982 3954 sic
1007 3899 1212 3969 incipit.
1237 3921 1254 3952 ι
1284 3901 1434 3956 Licet
1457 3900 1772 3958 veneranda:
1813 3900 2088 3954 memoria:

517 3991 766 4046 ettmdem
801 3990 1062 4045 Joannem
1094 4002 1297 4062 patrem
1338 4001 1578 4048 vestrum
1619 3992 1893 4063 corporeis
1920 3991 2088 4048 oculis

518 4097 626 4136 non
671 4081 994 4147 viderimus,
1042 4083 1164 4152 quia
1214 4092 1392 4139 tamen
1443 4083 1566 4138 ﬁdei
1613 4081 1730 4150 ejus
1779 4084 1988 4153 puritas
2035 4085 2087 4138 in

519 4170 728 4228 Tuscite
781 4171 1021 4242 partibus
1077 4173 1397 4227 mirabiliter
1457 4174 1815 4242 resplendnit,
1862 4173 2087 4227 multum

515 4277 640 4319 cum
683 4277 865 4318 amore
904 4263 1220 4328 dileximus,
1265 4264 1330 4318 ad
1369 4263 1519 4333 cujus
1558 4274 1766 4320 sancta!
1803 4280 2089 4320 conversa-

521 4354 684 4410 tionis
729 4354 1003 4420 studium,
1049 4355 1296 4422 quamvis
1339 4370 1434 4410 vos
1479 4355 1776 4411 imitatores
1816 4370 1936 4410 esse
1982 4371 2086 4408 n-~n

2181 1898 2430 1966 tolerare,
2475 1908 2529 1954 et
2573 1909 2818 1955 sanetam
2863 1900 3160 1956 Ecclesium
3192 1903 3244 1955 in
3277 1910 3474 1956 statum
3517 1901 3753 1972 antiqua:

2177 1989 2453 2058 religionis
2480 1990 2761 2045 reducere.
2791 1991 2991 2046 Valete.
3018 2011 3037 2044 ι

2245 2079 2332 2135 98.
2369 2079 2486 2134 Jam
2519 2079 2747 2135 referam
2775 2091 3000 2136 conatus
3029 2082 3302 2136 variorttm
3343 2081 3432 2150 qui
3461 2080 3751 2152 implexum

2179 2170 2322 2224 hunc
2371 2171 2569 2223 nodum
2600 2169 2812 2225 solvere
2843 2170 3167 2234 voluerunt;
3217 2187 3282 2224 an
3327 2170 3461 2226 satis
3500 2169 3750 2232 feliciter.

2172 2259 2378 2330 jnz’icet
2433 2273 2622 2328 aequus
2673 2260 2862 2318 lector.
2913 2261 3149 2316 Didaens
3201 2260 3538 2325 Francbius,
3594 2259 3752 2328 hujus

2180 2350 2628 2404 contradictionis
2673 2349 3036 2406 ditl‘icultatem
3079 2365 3325 2415 cernens,
3372 2363 3586 2406 omnem
3631 2363 3752 2402 sese

2181 2441 2232 2495 in
2265 2449 2468 2510 partem
2499 2448 2730 2509 torquet,
2763 2448 2837 2503 et,
2883 2448 2940 2492 ut
2980 2440 3093 2493 lucc
3118 2440 3222 2492 duo
3261 2438 3535 2493 contraria
3558 2435 3750 2506 'aliquo

2180 2533 2370 2587 saltem
2421 2532 2581 2586 modo
2629 2531 2918 2585 conciliare
2963 2534 3240 2594 videatur,
3289 2532 3364 2586 ait
3414 2533 3468 2586 in
3518 2530 3745 2585 historia

2181 2620 2314 2676 Vita:
2343 2619 2703 2676 Gualbertime
2731 2620 2821 2674 lib.
2853 2636 2914 2684 ll,
2948 2636 3068 2690 pag.
3094 2621 3201 2675 428
3228 2630 3280 2676 et
3305 2621 3428 2685 J29,
3465 2619 3750 2690 praemedi-

2183 2724 2352 2771 tatum
2378 2713 2782 2782 olijurgatorem
2812 2715 2865 2769 in
2897 2714 3078 2768 Sancti
3112 2726 3459 2783 conspectum
3505 2727 3609 2767 non
3655 2725 3750 2766 ve-

2183 2821 2352 2870 nisse;
2384 2807 2476 2861 sed
2505 2821 2626 2860 cum
2658 2807 3019 2875 pmordmala
3047 2805 3206 2860 verba
3249 2805 3498 2875 privatim
3526 2803 3664 2874 apud
3692 2817 3752 2856 se

2184 2896 2475 2960 recoleret,
2521 2910 2705 2950 eorum
2756 2895 2967 2963 penitus
2997 2894 3222 2949 oblitum
3254 2894 3439 2949 fuisse.
3483 2893 3750 2949 Prmterea

2181 2987 2350 3058 gratis
2371 2986 2620 3051 adstruit,
2653 2985 2836 3040 Sancti
2868 2992 3215 3054 conspectum
3241 2993 3295 3038 et
3323 2984 3538 3039 aﬁ'atnm
3565 2993 3749 3054 postea

2187 3076 2548 3146 ilildebrando
2579 3083 2830 3145 negatura
2864 3072 3048 3138 fuisse,
3090 3087 3155 3127 eo
3179 3075 3320 3142 quod
3352 3072 3582 3127 Sanctus
3624 3072 3756 3126 soli-

2187 3170 2385 3225 tudinis
2430 3186 2491 3225 ae
2532 3168 2853 3223 humilitatis
2892 3182 3081 3222 amans
3127 3173 3432 3235 magnatum
3481 3162 3752 3232 colloquia

2184 3262 2396 3326 vitaret,
2427 3259 2712 3329 omniaque
2753 3257 2963 3328 negotia
3002 3271 3096 3325 per
3145 3254 3504 3310 internuntios
3545 3260 3637 3306 aut
3667 3251 3754 3304 lit-

2187 3361 2332 3406 teras
2367 3347 2675 3402 conficeret.
2709 3345 2915 3400 Asserit
2945 3354 3146 3408 tamen,
3197 3339 3616 3396 Hildebrandum
3652 3339 3784 3398 hoc.

2186 3438 2472 3496 oblivionis
2525 3435 2771 3506 prodigio
2820 3443 3045 3498 motum,
3097 3440 3296 3486 tantam
3343 3429 3656 3499 concepisse
3687 3427 3756 3481 de

2188 3533 2299 3590 V'iri
2329 3530 2616 3587 sanctitate
2643 3527 2974 3597 opinionem,
3007 3533 3066 3577 ut
3091 3522 3358 3576 maximus
3385 3521 3527 3592 inter
3549 3527 3759 3572 utrum-

2187 3637 2293 3695 que
2320 3621 2565 3676 ﬁrmalus
2595 3617 2662 3672 sit
2693 3632 2864 3670 amor.
2905 3613 2971 3669 Ut
2997 3613 3248 3668 ostendat
3281 3610 3334 3664 id
3365 3608 3482 3663 ﬁeri
3518 3606 3755 3677 potuisse

2189 3715 2319 3773 citat
2343 3714 2396 3767 in
2432 3711 2674 3782 margine
2708 3724 2774 3763 ex
2815 3707 2872 3763 S.
2914 3704 3198 3776 Augustini
3230 3700 3455 3774 epistola
3487 3698 3609 3773 105,
3642 3698 3756 3752 hac

2191 3807 2351 3862 verba
2378 3784 2392 3858 ξ
2423 3801 2722 3869 «Quamvis
2763 3813 2861 3853 nos
2903 3813 3008 3852 non
3051 3797 3326 3850 videamus
3355 3790 3525 3846 oculis
3552 3789 3751 3850 carnis,

2188 3898 2368 3952 animo
2381 3894 2623 3950 tamenin
2639 3893 2740 3946 ﬁde
2754 3890 2978 3954 Christi,
3003 3887 3056 3942 in
3076 3886 3250 3957 gratia
3267 3884 3489 3948 Christi,
3513 3882 3566 3936 in
3589 3895 3756 3934 mem-

2188 3990 2300 4047 bris
2331 3987 2530 4043 Cbristi
2576 3996 2838 4046 tenemus,
2877 3979 3269 4050 amplectimur.
3311 3974 3635 4030 osculamur.
3661 3989 3682 4023 ι

2258 4081 2346 4136 99.
2388 4079 2514 4134 Hcce
2560 4075 2880 4141 explicatio,
2925 4081 3270 4141 quantumvis
3312 4075 3554 4122 veterum
3606 4062 3756 4119 testi-

2191 4173 2369 4228 moaio
2400 4171 2677 4232 destituta,
2721 4175 3012 4234 utcmnquc
3039 4160 3315 4216 toleranda
3357 4166 3520 4222 esset,
3553 4155 3606 4230 psi
3643 4155 3753 4210 sola

2190 4269 2249 4322 B.
2291 4265 2505 4321 Attonis
2548 4263 2710 4322 verba
2758 4258 3132 4316 attendamus,
3175 4252 3372 4322 quibus
3412 4264 3518 4304 non
3560 4247 3758 4302 diserte

2191 4357 2512 4427 exprimitur
2559 4350 3010 4414 ilildelirandum,
3052 4355 3237 4416 postea
3285 4340 3603 4412 Gregorium
3647 4335 3752 4397 ΥΠ,

517 4444 868 4514 ambigimus,
911 4454 968 4498 ut
1012 4446 1164 4516 vigor
1203 4445 1541 4502 rectitudinis
1569 4454 1760 4502 vestrae
1789 4448 1855 4501 ad
1897 4431 2088 4516 exstir-
2119 4462 2166 4521 υ
2191 4451 2258 4505 ad
2301 4449 2359 4504 s,
2402 4445 2680 4504 Gualltcrti
2717 4450 3065 4512 conspectum
3107 4446 3200 4490 aut
3241 4433 3530 4504 alloquium
3571 4443 3758 4521 perve-

520 4534 752 4602 pandam
781 4535 847 4588 de
876 4550 1004 4604 agro
1034 4536 1310 4590 Domiuieo
1340 4535 1602 4590 zizaniam
1641 4535 1924 4591 sollicitius
1949 4535 2090 4590 invi-

520 4620 672 4689 gilet,
704 4624 1066 4693 attentiusquc
1098 4623 1332 4690 ferveat,
1383 4633 1620 4692 paterna:
1664 4623 1813 4679 vobis
1839 4625 2090 4678 exhorta-

521 4710 686 4766 tionis
713 4714 874 4766 verba
921 4713 1296 4782 impendimus.
1349 4711 1455 4766 Vos
1484 4712 1686 4782 itaque,
1735 4711 2090 4776 dilectissimi,

519 4802 578 4858 in
636 4810 894 4872 quantum
945 4801 1174 4855 humana
1231 4801 1557 4872 possibilitas
1605 4800 1865 4868 permittit
1929 4802 2090 4854 vitam

522 4889 668 4945 illius
693 4899 1000 4958 sequentes.
1026 4900 1078 4942 et
1113 4906 1232 4944 vero
1257 4891 1394 4944 ﬁlios
1412 4906 1525 4958 ejus
1554 4891 1780 4944 heredes
1807 4889 1964 4942 simili
2001 4905 2093 4945 vos

521 4981 938 5037 conversatione
963 4981 1274 5050 probantes,
1307 4983 1533 5035 viriliter
1578 4981 1722 5050 agite
1746 4989 1801 5034 et
1830 4979 2096 5033 conforta-

1311 5074 1466 5102 ξῆν-οἶσι
1513 5072 1521 5102 Ι
1551 5071 1600 5102 ηῘ
1671 5072 1903 5102 -πιιιΙΛηΙῖιὶ
1926 5071 1944 5102 Ί
1987 5072 2068 5102 νῖιο

529 5074 656 5102 -ειῖηἷ
691 5075 739 5102 ι..
777 5073 998 5102 ΠηηιίυιΛ
1055 5082 1100 5102 nl
1135 5074 1185 5102 τη
1215 5074 1466 5102 ηιιιῖιιιιοῖη

2191 4543 2365 4607 uisse;
2390 4542 2468 4596 sic
2503 4540 2647 4593 enim
2692 4537 2855 4591 habet
2902 4548 3048 4586 num.
3082 4529 3191 4583 A9:
3250 4545 3267 4578 ι
3297 4525 3430 4580 Cum
3473 4536 3594 4578 eum
3625 4520 3760 4575 dure

2194 4636 2471 4702 increpare
2513 4630 2843 4698 disponeret,
2888 4620 3270 4694 praeordinata,
3302 4629 3421 4685 qua:
3447 4612 3627 4702 dicere
3656 4624 3726 4702 pu

2194 4699 2359 4787 tabat,
2390 4721 2588 4776 oblitus
2625 4725 2706 4772 est
2747 4715 2930 4768 verba.
2975 4710 3089 4778 Qua
3129 4707 3296 4779 ipsius
3326 4701 3655 4774 perfectione
3684 4699 3761 4751 sic

2191 4813 2260 4869 ab
2299 4827 2363 4867 eo
2409 4820 2713 4877 comperta,
2762 4805 3018 4873 deinceps
3062 4809 3245 4852 tantus
3294 4796 3430 4849 inter
3475 4801 3764 4865 utrumque

2194 4901 2438 4958 ﬁrmatus
2485 4909 2569 4954 est
2615 4911 2807 4960 amor,
2867 4899 3101 4962 quantus
3151 4889 3293 4941 inter
3338 4883 3540 4937 amicos
3585 4879 3760 4932 caris-

2193 4990 2379 5049 simos.
2411 4997 2465 5042 et
2498 4986 2742 5040 uterinos
2771 4981 2907 5036 solet
2932 4993 3052 5033 esse
3079 4988 3387 5046 germanos.
3415 4989 3434 5022 ›
3470 4969 3540 5022 At
3583 4965 3761 5034 expli-

2688 5073 3131 5102 nnn|nmnnlnlllln
3172 5081 3274 5102 nnn
3322 5061 3556 5102 διδάξεαι
3593 5056 3762 5102 Ρνξὶηί

2263 5080 2459 5102 αἷμ’-Α...
2507 5077 2644 5102 ..ηιςιι
