4122 5330
375 333 476 390 757

1895 295 2096 354 ACTA.

3523 275 3625 331 7'8

377 442 518 499 Sede
544 436 776 495 oﬁicium
804 437 1040 505 gereret,
1071 427 1138 483 ob
1170 423 1310 480 illitts
1339 415 1652 491 patientiam
1697 425 1943 481 coutpro-
1977 425 2021 481 Α
2053 409 2182 463 tiam
2208 424 2222 460 :
2257 424 2274 457 ι
2295 401 2500 459 Prmvio
2526 400 2628 457 hoc
2655 397 2868 453 oculato
2898 393 3162 466 scriptore
3193 395 3291 463 (de
3320 395 3378 449 Β.
3410 398 3624 453 Andrea

379 531 634 594 haudaut,
667 543 790 582 eum
823 526 955 579 dure
986 521 1264 587 increpare
1303 512 1544 566 curabat.
1582 506 1702 559 Mox
1730 502 1794 556 ad
1839 498 1957 568 ejus

383 623 634 679 intuitum
668 616 894 673 mutavit
923 620 1178 672 mentem,
1222 621 1283 659 ac
1314 600 1694 673 praeordinata,
1741 610 1860 666 qua:
1899 608 1958 647 se

383 711 606 785 putabat
634 695 833 769 dicere,
866 702 1064 758 oblitus
1093 707 1175 754 est
1200 697 1380 750 verba.
1411 711 1427 744 ι

459 802 579 856 100.
619 793 1018 867 Papebrochius
1063 797 1245 842 uoster
1291 796 1422 845 ton).
1473 779 1537 833 Vl
1568 777 1689 832 Maii
1723 776 1774 830 in
1815 788 1962 829 com-

387 893 649 950 mentario
674 889 880 945 Praevio
909 886 972 938 ad
1004 885 1169 937 vitam
1207 880 1264 934 S.
1295 875 1541 946 Gregorii
1578 872 1661 927 Vll
1695 888 1838 926 num.
1871 869 1960 933 '59.,

389 989 462 1040 ita
504 999 615 1039 rem
663 981 965 1036 intricatum
1012 971 1269 1043 expedire
1309 969 1548 1022 Illllllll‘:
1589 982 1606 1012 ι
1640 962 1857 1032 Egimus
1900 960 1965 1011 de

391 1079 451 1131 Β.
480 1075 714 1138 Andrea,
752 1071 863 1140 jam
909 1066 1208 1125 nominato,
1249 1061 1333 1114 die
1363 1075 1394 1112 λ
1427 1056 1598 1110 Martii
1633 1063 1684 1106 et
1721 1067 1866 1105 lllllll.
1899 1048 1966 1103 I5

393 1259 553 1314 modo
580 1254 825 1324 nuSpiam
856 1247 1097 1321 reperiri.
1130 1245 1282 1300 Sicut
1311 1252 1487 1295 tamen
1517 1237 1575 1292 S.
1600 1233 1802 1289 Arialdi
1828 1247 1970 1285 mar-

398 1351 529 1421 tyris
567 1323 709 1409 Vita,
755 1345 822 1398 ab
863 1341 1050 1397 eodem
1099 1335 1401 1404 conscripta
1444 1340 1498 1384 et
1532 1346 1560 1382 a
1600 1327 1754 1382 nobis
1795 1323 1967 1378 danda

397 1438 610 1497 XXVIII
639 1436 805 1499 Junii,
839 1433 1067 1489 feliciter
1092 1430 1194 1484 hoc
1221 1423 1414 1480 sa-culo
1444 1417 1664 1475 emenit
1691 1416 1743 1470 iu
1774 1414 1969 1475 lucem,

400 1533 470 1585 ita
518 1541 802 1600 speramus
849 1523 993 1578 illam
1046 1531 1260 1589 quoque
1303 1509 1516 1566 aliunde
1564 1507 1896 1576 prodituram
1943 1515 1974 1554 e

399 1621 673 1682 tenebris,
715 1617 1026 1687 priusquam
1067 1611 1169 1664 sub
1215 1619 1404 1660 manus
1441 1610 1651 1656 nostras
1678 1595 1857 1651 veniat
1884 1591 1978 1646 Ju-

399 1715 520 1768 lius.
548 1712 652 1766 lste
677 1685 852 1762 autem
877 1705 1143 1765 Andreas,
1172 1699 1386 1751 vivente
1413 1694 1591 1747 adhuc
1619 1690 1819 1743 Sancto
1847 1685 1972 1740 fnu-

2062 497 2327 569 loquitur)
2366 492 2508 548 haud
2539 506 2708 562 pauca
2740 487 3056 553 corrigenda
3094 496 3217 540 sunt
3258 486 3311 540 in
3352 486 3492 554 aliis,
3537 489 3628 558 qui

2059 599 2179 663 post.
2216 589 2389 660 ipsum
2423 585 2489 639 de
2520 582 2637 637 Vita
2673 579 2845 635 sancti
2887 576 3148 632 Johannis
3177 576 3453 631 Gnalterti
3492 579 3630 632 scri-

2061 687 2312 751 pserunt;
2370 685 2423 730 et
2463 673 2731 745 przecipue
2779 671 2960 739 opinio
3019 668 3134 733 illa,
3193 682 3312 737 qua:
3359 668 3634 723 mordicus

2063 777 2232 832 tenet,
2270 764 2587 836 Gregorium
2631 759 2716 815 VII
2758 758 3179 818 sanctissimum,
3226 765 3279 810 et
3317 755 3634 812 Pontiﬁcem

2065 862 2357 917 maximum
2399 853 2674 924 corporeis
2709 851 2882 906 oculis
2925 857 3171 904 sanctum
3222 845 3282 900 P.
3333 845 3632 901 Iohannem

2064 952 2412 1009 Gualbertum
2463 961 2567 1000 non
2620 943 2836 997 vidisse.
2895 939 3079 1002 Hunc,
3126 952 3329 1007 quaeso,
3360 937 3639 992 intueatur

2070 1052 2343 1099 auctorem
2385 1057 2397 1093 :
2445 1039 2697 1091 tenebras
2741 1033 2882 1086 enim
2928 1046 3056 1086 suas
3093 1030 3358 1093 excutiet;
3400 1038 3453 1083 et
3492 1029 3643 1084 veri-

2070 1136 2195 1192 tatis
2223 1133 2399 1186 lumen
2433 1125 2818 1199 appreheudet.
2853 1121 2991 1189 Quid
3018 1120 3082 1173 ad
3116 1119 3230 1174 haec
3261 1121 3494 1173 Domuus
3531 1120 3640 1173 An-

2070 1228 2230 1280 dreas
2265 1219 2591 1282 Jauucnsis,
2641 1215 2731 1285 qui
2775 1214 2980 1284 primus
3021 1211 3114 1280 (ut
3153 1210 3312 1279 puto)
3358 1209 3638 1280 epistolam

2072 1319 2217 1373 illam
2248 1313 2610 1385 Apostolieam
2631 1351 2645 1374 ,
2677 1309 2827 1364 Licet
2854 1304 3171 1360 veneranda:
3204 1319 3474 1358 memorne
3494 1347 3507 1368 ,
3536 1313 3644 1361 etc.

2071 1409 2138 1461 ad
2177 1406 2464 1458 Monachus
2499 1399 2664 1454 Vallis
2703 1398 2980 1454 Umbrosze
3010 1395 3109 1450 sub
3139 1393 3357 1448 nomine
3397 1392 3642 1461 Gregorii

2075 1493 2300 1565 Septimi
2333 1489 2604 1560 vulgavit?
2632 1487 2745 1541 Non
2774 1485 3037 1556 Gregorio
3063 1482 3177 1548 Vll,
3211 1482 3304 1536 sed
3343 1481 3520 1551 potius
3547 1480 3647 1534 ali-

2075 1586 2161 1641 cui
2202 1597 2412 1639 summo
2453 1578 2696 1634 Pontiﬁci
2745 1577 2993 1647 proxime
3033 1572 3376 1641 subsequeuti
3425 1570 3645 1640 (quidni

2078 1677 2281 1733 Victori
2307 1675 2391 1739 III,
2414 1674 2596 1744 potius
2624 1670 2843 1726 Urbano
2867 1667 3129 1738 secundo)
3158 1675 3241 1721 est
3273 1663 3644 1727 inscribenda;

397 1799 938 1870 datore,ﬁorebat,in
956 1790 1327 1865 expugnandis
1347 1783 1669 1841 Simoniacis
1688 1779 1746 1833 Β.
1771 1775 1970 1832 Arialdi
2005 1763 2050 1822 Β
2079 1771 2202 1840 quia
2241 1783 2324 1855 ex.
2345 1767 2408 1823 ν.
2446 1764 2488 1818 Il
2523 1763 2733 1819 facilius
2777 1760 2991 1830 quidem
3018 1757 3246 1814 efﬁcitur
3271 1756 3545 1824 septimus.
3591 1752 3649 1806 lu

2175 1865 2186 1870 -
2271 1864 2282 1870 -
2359 1860 2404 1870 --
2673 1857 2686 1870 ι
2748 1863 2760 1870 .
2872 1863 2915 1870 ,Β
2944 1850 3238 1870 ,.s_4__.‘-..l--
3278 1846 3496 1870 !_-!n2-l!-
3572 1845 3648 1870 .-ιζ

401 1895 656 1965 martyris
703 1891 842 1963 apud
887 1885 1316 1942 Mediolaneuses
1365 1876 1574 1945 adjutor
1622 1871 1793 1926 ﬁdelis
1835 1879 1977 1920 anno

402 1957 564 2038 δη.χῖ
599 1979 658 2036 S.
687 1957 843 2042 Atto,
883 1975 1038 2032 Sicuti
1067 1973 1178 2043 jam
1208 1967 1440 2022 vidimus
1471 1964 1536 2018 ad
1567 1959 1682 2029 ejus
1724 1957 1976 2017 natalem,

398 2074 547 2128 XXII
591 2071 750 2140 hujus
794 2069 996 2125 mensis
1038 2063 1182 2128 Maii,
1233 2068 1477 2114 tuortuus
1521 2068 1661 2108 anno
1703 2048 1884 2105 MCLV
1927 2056 1980 2100 et

403 2167 549 2222 circa
595 2139 789 2218 MLXX
835 2161 1070 2232 primum
1123 2163 1308 2216 natus,
1358 2148 1500 2204 nulla
1550 2146 1760 2200 ratione
1806 2139 1981 2212 potuit

406 2255 638 2311 viventis
669 2251 851 2308 Sancti
881 2247 1158 2319 discipulis
1192 2238 1568 2304 adnumerari;
1616 2236 1709 2292 sed
1751 2248 1848 2288 sua
1892 2246 1981 2285 ae-

405 2349 552 2417 cepit
578 2361 646 2402 ex
690 2343 817 2405 illis,
852 2356 916 2396 ac
951 2336 1270 2395 nominatim
1311 2348 1377 2388 ex
1419 2331 1482 2385 Β.
1525 2329 1831 2388 Theuzone,
1875 2337 1984 2377 uno

405 2413 705 2508 caprinis,
736 2434 826 2504 qui
855 2445 1026 2502 usque
1057 2428 1121 2482 ad
1152 2439 1349 2480 annum
1380 2419 1569 2476 MXCV
1600 2417 1797 2472 dicitur
1818 2413 1983 2467 vitam

411 2540 759 2598 propagasse.
791 2538 856 2579 ac
886 2518 1143 2576 nonnulla
1171 2516 1237 2571 de
1271 2515 1381 2568 vita
1411 2509 1584 2566 sancti
1612 2507 1793 2563 Patris
1825 2518 1982 2558 mau-

413 2620 569 2673 dasse
593 2615 808 2670 litteris.

486 2709 608 2763 101.
667 2707 765 2762 llic
798 2718 928 2760 vero
987 2701 1239 2764 Thettzo,
1297 2702 1458 2765 prout
1495 2689 1612 2760 ejus
1654 2687 1816 2742 verba
1860 2683 1989 2738 alle-

414 2809 612 2870 gantur
649 2814 717 2853 ex
759 2786 932 2851 veteri
978 2791 1312 2848 traductione
1349 2787 1530 2842 Italica
1580 2782 1704 2837 anni
1758 2777 1990 2834 MCCLX

415 2896 681 2949 existente
703 2891 756 2944 in
779 2887 1034 2943 Archivio
1060 2883 1524 2944 Vallumbrosano,
1550 2890 1653 2931 non
1681 2872 1991 2929 llildebran-

418 2990 567 3050 dum,
605 2985 696 3039 sed
736 2980 1054 3052 Gregoriqu
1104 2973 1444 3031 Cardiualem
1482 2969 1746 3029 nominat,
1781 2965 1866 3018 cui
1904 2977 1992 3017 res

419 3077 666 3148 superius
697 3080 910 3128 narrata
939 3067 1273 3130 usuvenerit;
1307 3079 1404 3134 pro
1445 3077 1551 3131 quo
1588 3059 1632 3114 si
1675 3057 1994 3111 llildebrau-

423 3169 572 3230 dum,
619 3163 680 3220 S.
710 3165 837 3218 Atto
882 3158 1186 3222 constituit,
1235 3164 1382 3210 ratus
1419 3166 1514 3222 per
1556 3148 1992 3218 anticipationem

425 3255 609 3310 vocari
654 3251 1004 3324 Gregorium,
1044 3262 1110 3301 ex
1156 3245 1370 3316 propria
1413 3242 1464 3296 id
1501 3240 1629 3295 fecit
1665 3237 1994 3304 conjectura,

425 3361 609 3417 eaque.
629 3343 850 3402 minime
874 3340 1070 3403 solida;
1104 3353 1223 3393 cum
1252 3332 1543 3404 Gregorius
1570 3329 1713 3399 Papa
1741 3327 1998 3399 proﬁtea-

428 3446 546 3504 tur,
597 3434 739 3505 quod
791 3439 1037 3488 sanctum
1087 3423 1363 3496 corporeis
1425 3420 1596 3476 oculis
1649 3434 1756 3473 non
1809 3415 2002 3471 viderit

428 3540 706 3597 umquam.
762 3522 1064 3591 Alphousus
1115 3515 1330 3586 quidem
1392 3509 1712 3567 Ciacconius
1761 3507 1815 3560 in
1864 3501 2002 3558 Vitis

430 3614 748 3673 Pontiﬁcum
803 3622 860 3667 et
913 3607 1310 3671 Cardinalium,
1372 3617 1595 3674 ejusque
1643 3609 2004 3669 recognttores

431 3707 958 3778 ampliﬁcatoresque
1014 3700 1366 3764 Victorellus,
1417 3694 1703 3767 Ughellus,
1750 3690 2008 3748 Oldninus

433 3817 537 3872 pro
577 3814 721 3854 anno
767 3795 1012 3856 MLXIII.
1058 3794 1112 3848 in
1153 3807 1314 3862 quem
1368 3789 1646 3844 incidisset
1690 3797 2010 3855 congressus

442 3893 544 3948 iste
579 3907 700 3945 cum
749 3889 809 3944 S.
845 3887 1072 3950 Joanne,
1108 3885 1314 3938 nullum
1349 3881 1504 3937 nobis
1533 3877 1789 3935 exhibent
1819 3874 2010 3931 Cardi-

439 3982 617 4039 ualcm
656 3978 998 4050 Gregorium.
1039 3976 1143 4030 Sed
1177 3989 1301 4028 cum
1341 3979 1547 4026 certum
1587 3969 1678 4033 sit,
1719 3965 1915 4021 multos
1945 3963 2012 4018 ab

439 4075 506 4129 iis
551 4074 726 4128 medio
768 4072 870 4126 isto
909 4085 1023 4126 aevo
1061 4067 1474 4139 praetermissos,
1503 4077 1730 4134 quorum
1767 4059 2013 4114 notitiam

442 4180 548 4220 non
576 4161 792 4218 fuerunt
812 4159 1064 4224 assecuti,
1092 4157 1234 4229 quod
1259 4155 1340 4209 vel
1364 4152 1475 4210 sola
1507 4151 2015 4222 Supplementortuu

444 4253 735 4309 identidem
777 4250 1150 4320 adjunctorum
1200 4246 1353 4316 copia
1418 4243 1643 4315 probat,
1690 4239 1822 4296 nihil
1866 4239 2020 4293 obest

445 4357 736 4415 quominus
759 4340 1078 4411 cogitemus,
1123 4350 1221 4391 suo
1274 4333 1582 4390 Alexandro
1612 4331 1753 4400 Papa
1781 4323 1842 4392 ll,
1881 4327 2020 4381 inter

2077 1845 2324 1932 antiquis
2359 1860 2484 1915 Mss.
2531 1857 2832 1927 ponebatur
2871 1850 3243 1907 tantummodo
3277 1846 3531 1910 initialis,
3572 1845 3650 1898 uti

2081 1958 2132 2010 iu
2166 1953 2536 2010 Decretalihus
2566 1947 2861 2018 savpissime
2882 1953 2937 1999 et
2967 1944 3018 1998 in
3047 1941 3194 1998 calce
3225 1938 3382 2006 hujus
3408 1937 3656 1993 lucubra-

2083 2043 2352 2107 tiunculze,
2381 2041 2457 2095 uti
2487 2039 2549 2094 Τ.
2582 2035 2949 2096 Bazzoleusis,
2980 2033 3080 2086 hoc
3105 2040 3189 2086 est
3215 2028 3465 2083 'I‘heuzzo
3486 2026 3654 2081 abbas

2082 2130 2448 2188 Razzolensis.
2490 2128 2721 2198 lpsemet
2755 2123 3008 2178 Urbanus
3045 2120 3125 2174 sic
3163 2126 3382 2173 notatur
3421 2117 3472 2169 in
3517 2129 3652 2183 qua-

2083 2227 2205 2281 dam
2246 2237 2339 2279 sua
2375 2219 2604 2290 epistola
2648 2215 2933 2284 Rudolpho
2985 2211 3165 2265 abbati
3211 2209 3658 2263 Vallumhrosano

2082 2317 2285 2373 directa
2313 2331 2326 2367 :
2353 2313 2393 2368 V
2422 2308 2742 2380 Apostolicze
2764 2315 2870 2360 etc.
2900 2303 2963 2358 Β.
2998 2300 3440 2356 Vallumbrosauo
3474 2296 3522 2350 Μ
3555 2295 3655 2350 Ca-

2089 2403 2428 2463 malduleusi.
2474 2401 2515 2456 γ
2550 2398 2800 2455 Urbanus
2828 2395 2892 2449 Il.
2925 2393 3165 2448 Rustico.
3193 2390 3263 2444 Μ.
3297 2389 3524 2442 Martium
3551 2385 3658 2438 Ca-

2087 2494 2426 2554 maidulensi.
2455 2492 2560 2546 Per
2581 2488 2877 2557 simplicem
2909 2498 3037 2552 ergo
3066 2479 3346 2541 initialem,
3385 2486 3439 2531 et
3470 2489 3660 2530 amne-

2087 2607 2206 2646 rum
2246 2584 2567 2643 Pontiﬁcum
2598 2579 2663 2643 V,
2698 2589 2751 2634 et
2791 2576 2854 2642 II,
2885 2574 3017 2646 quid.
3049 2572 3245 2626 mirum
3289 2570 3331 2623 si
3371 2565 3657 2636 septimum

2088 2680 2381 2748 collegerat
2409 2673 2654 2728 Andreas
2698 2683 2726 2722 a
2768 2668 2824 2721 S.
2875 2662 3182 2724 Ambrosio,
3223 2661 3408 2728 sicque
3447 2654 3663 2728 putarat

2090 2767 2334 2839 Gregorii
2364 2761 2578 2834 septimi
2609 2759 2774 2813 fuisse
2801 2753 3080 2826 epistolam
3120 2751 3262 2805 illam
3290 2767 3304 2803 :
3330 2748 3478 2802 Licet
3509 2760 3665 2800 vene-

2091 2860 2272 2917 randae
2297 2854 2590 2912 memoriae.
2613 2871 2632 2904 ι

2162 2952 2284 3006 105.
2326 2945 2584 3016 Exposita
2613 2943 2715 2996 hac
2745 2952 2839 2994 sua
2866 2935 3118 3006 opinione
3144 2933 3222 2988 sic
3251 2929 3423 3000 pergit
3457 2945 3470 2982 :
3511 2946 3530 2979 ε
3566 2925 3668 2980 Mi-

2095 3061 2186 3099 ror
2209 3037 2497 3098 Jauuensis
2549 3032 2920 3090 calliditatem.
2961 3025 3170 3081 Asserit
3204 3038 3262 3078 se
3289 3021 3460 3077 sancti
3491 3018 3672 3073 Patris

2098 3135 2378 3204 collegisse
2415 3129 2582 3183 vitam
2617 3141 2655 3183 ,a
2694 3123 2798 3177 ΒΒ.
2835 3119 3049 3174 Audrea
3091 3125 3146 3172 et
3181 3113 3397 3169 Attene.
3442 3110 3562 3175 Isti,
3615 3117 3669 3160 ut

2099 3229 2286 3287 claret,
2322 3223 2389 3276 de
2421 3215 2744 3274 miraculoso
2772 3225 2974 3274 amore,
3014 3207 3105 3278 qui
3147 3205 3392 3259 ﬁrmatus
3418 3208 3521 3264 est,
3567 3213 3682 3252 me-

2100 3319 2280 3374 diante
2309 3311 2412 3367 sibi
2450 3311 2517 3364 ad
2553 3305 2782 3373 invicem
2825 3301 3018 3355 intuitu
3058 3306 3114 3352 et
3144 3293 3502 3350 collocutione
3538 3290 3678 3343 inter

2101 3407 2318 3462 beatum
2347 3397 2665 3470 Gregorium
2701 3392 2783 3447 VII
2809 3400 2862 3446 et
2886 3390 2946 3444 Β.
2971 3387 3271 3442 Julianncm
3301 3379 3674 3440 Gualbertum,

2104 3496 2442 3570 apertissime
2468 3469 2734 3551 tractant;
2783 3483 2870 3538 ille
2909 3495 3035 3534 vero
3074 3492 3140 3532 ne
3169 3475 3394 3529 verbum
3437 3469 3676 3538 quidem.

2107 3566 2392 3646 Invenerat
2419 3583 2508 3638 hic
2538 3575 2826 3652 (suspicor)
2853 3570 3132 3644 epistolam
3159 3566 3305 3620 illam
3332 3574 3676 3631 anonymam,
3737 3597 3739 3599 .

2108 3691 2200 3737 aut
2240 3678 2431 3734 saltem
2473 3647 2697 3728 eoi-rosio
2739 3679 2875 3737 pene
2920 3659 3161 3719 nomine,
3203 3667 3406 3722 suoque
3434 3647 3685 3719 cupiebat.

2110 3773 2350 3826 inserere
2376 3763 2555 3835 operi;
2585 3753 3068 3815 contradictionem
3098 3746 3330 3802 videndo
3359 3742 3557 3803 hauet;
3589 3737 3684 3792 sed

2113 3827 2427 3916 titillatione
2447 3852 2576 3925 quid
2613 3848 2737 3904 novi
2774 3843 2978 3900 ferendi
3011 3841 3205 3895 ductus
3229 3835 3357 3905 quid
3384 3827 3687 3900 excogitat?

2114 3947 2429 4007 Miraculum
2459 3921 2676 4014 penitus
2704 3935 2983 4006 expungit,
3008 3939 3062 3986 et
3085 3932 3137 3984 iu
3160 3924 3520 3998 apocrypham
3550 3921 3687 3977 scri-

2116 4053 2328 4115 pturam
2373 4041 2693 4093 commutat.
2727 4049 2744 4082 I
2789 4027 2924 4081 Tum
2961 4025 3105 4080 circa
3147 4021 3306 4090 hujus
3344 4013 3586 4070 miraculi
3622 4012 3690 4066 li-

2119 4101 2308 4195 inlum,
2339 4130 2391 4184 in
2420 4139 2580 4196 opere
2603 4119 2904 4176 B.Audre:e
2921 4114 3172 4174 relatum,
3199 4114 3350 4162 notat
3365 4101 3643 4172 sequentia
3670 4117 3685 4152 :

2127 4249 2141 4279 ι
2173 4194 2323 4280 Ilaud
2351 4194 2560 4290 ignoret
2589 4208 2832 4268 Eruditio
2875 4207 3067 4262 Vestra
3094 4200 3257 4254 verba
3290 4199 3406 4252 haec
3439 4194 3694 4263 «Capitu-

2127 4334 2146 4368 ε
2167 4315 2274 4368 lum
2294 4313 2360 4368 de
2374 4285 2589 4364 homno
2610 4299 2869 4371 Gregorio
2894 4290 3318 4364 VllApostolicaa
3339 4287 3495 4343 Sedis
3516 4285 3693 4354 Papae

454 4378 736 4415 ιιηυιιιηιιισ
759 4378 1078 4411 vva-“auus,
1124 4378 1221 4391 ..η-υ
1274 4378 1579 4390 .-.ν.........-
1612 4378 1631 4385 ..
1654 4378 1753 4400 ..τη
1781 4378 1842 4392 __,
1881 4378 1931 4381 --τ
1968 4378 1985 4380 ἡ

454 4431 766 4488 Cardinales
804 4446 992 4486 revera
1034 4428 1199 4484 fuisse
1238 4425 1556 4500 Gregorium
1589 4421 1844 4492 aliquem,
1893 4432 1991 4471 nec
2049 4438 2097 4497 Ι)
2125 4417 2183 4460 ut
2209 4408 2261 4461 in
2288 4404 2408 4459 V’ita
2438 4395 2779 4463 infrascripta
2817 4397 2986 4460 nam.
3035 4384 3202 4440 Υιιιὲοο
3225 4397 3345 4438 esse
3373 4378 3572 4449 SCI‘iPl-‘l
3604 4391 3698 4430 σο·

2395 4494 2406 4500 -
2562 4489 2573 4500 .
2696 4486 2729 4500 ιν
2787 4499 2796 4500 ,
2848 4495 2952 4500 η--
2988 4492 3087 4500 ---Α
3136 4491 3253 4500 μ...
3297 4473 3409 4500 ειη-ιι
3449 4468 3695 4500 Ann-“Hunc

449 4528 576 4583 dum
607 4523 823 4584 aliunde
858 4532 1076 4586 notum;
1117 4519 1260 4590 quod
1305 4525 1521 4572 centum
1563 4523 1683 4582 post
1718 4511 1873 4564 anuis
1911 4523 2018 4562 non

451 4619 770 4673 discernens
796 4613 854 4668 S.
883 4614 1033 4676 Atto,
1071 4611 1207 4665 male
1236 4604 1575 4678 supposuerit
1603 4599 2020 4656 llildehrandutn

450 4706 824 4768 Cardinalctu,
879 4705 1080 4758 dictum
1136 4701 1188 4754 in
1243 4696 1562 4752 Pontiﬁcatu
1617 4690 1956 4760 Gregorium.
2001 4704 2018 4737 ι

453 4796 710 4866 Quamvis
739 4795 827 4848 hic
851 4807 1006 4848 error
1044 4806 1072 4844 a
1105 4790 1165 4843 Β.
1207 4788 1402 4840 Attone
1444 4793 1568 4855 post
1607 4790 1822 4836 centum
1858 4790 2027 4832 annos

455 4887 613 4943 facile
641 4883 904 4942 committi
931 4879 1185 4952 potuerit,
1220 4875 1465 4932 eumdem
1504 4881 1679 4926 tamen
1709 4869 1768 4923 Β.
1801 4868 2031 4923 Δηὼ-(ξω

457 4979 706 5048 scriptori
735 4983 1009 5033 comtaneo
1040 4973 1278 5026 tribuere
1315 4985 1420 5024 non
1450 4966 1651 5030 ausim;
1695 4963 1838 5032 quod
1870 4961 2030 5017 etiam

459 5089 568 5127 non
595 5071 864 5126 facturum
893 5065 1058 5120 fuisse
1085 5063 1322 5118 arbitror
1365 5056 1816 5131 Papebrochium,
1859 5051 2033 5109 maxi-

463 5177 606 5210 mum
650 5154 992 5210 anticeitatis
1036 5154 1434 5210 aestimatorem,
1487 5145 1533 5201 si
1580 5143 1926 5210 praeclarum,
1980 5149 2036 5192 ut

2126 4502 2266 4558 lore.
2309 4503 2364 4551 et
2395 4494 2497 4547 hoc
2531 4486 2805 4557 singulare
2839 4495 2957 4535 esse
2988 4492 3091 4532 una
3133 4491 3257 4532 cum
3297 4473 3409 4527 fere
3448 4468 3699 4526 omnibus

2124 4587 2417 4644 initialihns
2462 4579 2655 4636 litteris
2692 4571 3149 4646 par’agraphorum
3197 4565 3248 4620 in
3288 4571 3402 4618 toto
3436 4558 3698 4632 praedicto

2126 4676 2494 4745 tuannscripto
2519 4681 2573 4728 et
2594 4677 2820 4724 exarata
2861 4665 3047 4718 eat’em
3074 4654 3447 4726 antiquissima
3473 4665 3652 4705 manu.
3674 4667 3694 4700 ι

2197 4769 2321 4824 104.
2361 4742 2475 4819 Non
2505 4774 2727 4818 omnino
2755 4755 3003 4826 displicet
3038 4749 3171 4806 mihi
3209 4746 3422 4804 curiosa
3450 4742 3551 4796 viri
3579 4756 3704 4795 eru-

2130 4863 2224 4917 diti
2255 4855 2606 4914 observatio:
2633 4849 2794 4906 facile
2836 4857 3068 4913 namque
3110 4835 3454 4904 lieri'potuit,
3496 4839 3557 4882 ut
3596 4828 3706 4880 Au-

2133 4954 2291 5008 dreas
2324 4945 2644 5008 Janucnsis,
2686 4940 2733 4996 si
2771 4952 2878 4993 non
2919 4949 3016 5006 per
3060 4928 3344 4988 fraudem,
3389 4920 3578 4978 saltem
3604 4931 3714 5008 per

2135 5055 2400 5103 errorem,
2429 5054 2497 5094 ex
2525 5036 2589 5092 γ.
2619 5034 2683 5101 ll,
2736 5031 2788 5084 id
2832 5035 2916 5081 est
2945 5023 3169 5080 Urbano
3199 5015 3264 5078 ll,
3295 5007 3577 5080 collegerit
3604 5001 3718 5064 Vll,

2140 5148 2200 5188 ac
2222 5146 2320 5201 per
2338 5139 2678 5196 consequens
2701 5116 2924 5191 putarit,
2953 5115 3095 5168 hanc
3115 5100 3407 5176 epistolam
3429 5109 3536 5152 non
3562 5105 3723 5160 pose

3365 5197 3575 5210 ~4---—n
3617 5197 3722 5210 ιλιι..
