4122 5330
408 420 411 429 Ι
466 320 585 394 ‘7‘9

1529 331 1589 391 S.
1631 332 1912 392 JOANNIS
1950 327 2347 391 QUALBERTI
2388 324 2678 383 ABBATIS

3646 325 3757 381 7‘0

482 449 786 507 lioinanus-
819 444 1067 504 Pontifex
1117 442 1351 499 nominis
1406 443 1489 497 sui
1541 458 1768 499 numero
1814 452 2065 500 octavus.
2098 448 2145 506 Α
2175 441 2343 495 dacus
2389 435 2670 492 Franchus
2720 434 2774 489 in
2821 436 3140 505 prtel'atione
3183 449 3294 491 sua:
3342 433 3591 492 Historia:
3632 450 3760 493 con-

486 544 615 600 Haec
657 559 763 597 non
813 536 1242 610 iii-{probabiliter
1271 536 1553 596 dicuntur;
1610 537 1706 591 sed
1756 536 1962 590 utinam
1996 534 2066 599 Ι).

481 633 721 689 Joannes
748 609 998 686 Aurelius
1021 626 1208 685 Casari
1239 625 1409 681 solide
1460 626 1774 681 ostenderet
1799 625 2068 680 Andream

484 723 815 778 Jannensem
846 720 1013 775 fuisse
1043 719 1296 790 primum,
1336 717 1428 786 qui
1471 717 1610 771 hanc
1638 715 1920 785 epistolam
1948 730 2072 785 prc—

487 815 724 870 duxcrit.
759 813 911 879 Quod
951 816 1017 866 de
1047 825 1198 865 more
1228 808 1499 865 scribendi
1529 808 1746 862 nomina
1776 807 2071 862 initialihus

484 908 684 964 litteris
713 906 880 970 addit,
911 920 1017 960 non
1047 918 1215 975 nego;
1250 911 1306 956 at
1335 900 1620 971 probatum
1651 913 1926 970 cuperem,
1958 897 2070 954 llo-

486 1016 680 1057 manos
718 997 1012 1052 Pontiﬁces
1049 997 1240 1051 solitos
1283 993 1452 1049 fuisse
1494 990 1789 1046 initialibus
1838 990 2074 1046 nominis

485 1092 570 1147 sui
604 1088 797 1145 litteris
840 1088 1005 1143 etiam
1049 1100 1335 1141 numerum
1367 1084 1584 1138 addere.
1620 1081 1745 1137 limo
1771 1082 1878 1136 duo
1923 1081 1969 1136 si
2010 1081 2072 1135 li-

484 1182 651 1251 quido
682 1182 1050 1235 demonstrata
1084 1178 1347 1241 viderem,
1376 1173 1568 1244 majori
1600 1189 1723 1229 cum
1746 1172 2071 1228 conﬁdentia

480 1270 745 1341 judicium
777 1271 999 1325 ferrem.
1610 1258 1616 1267 ’

560 1362 682 1416 IDES.
721 1359 876 1415 Nunc
904 1369 1103 1424 tamen,
1142 1366 1201 1413 ut
1226 1358 1403 1413 dicam
1432 1357 1574 1427 quod
1603 1356 1806 1422 sentio,
1839 1356 2074 1409 arbitror

487 1453 627 1505 bane
669 1449 951 1520 epistolam
1002 1467 1021 1499 ι
1055 1449 1177 1503 licet
1219 1451 1544 1503 venerandae
1573 1448 1873 1510 memoriae,
1904 1465 1922 1498 ι
1953 1456 2057 1501 etc.

486 1543 748 1612 Gregorio
784 1542 866 1596 VII
898 1541 1309 1609 adjudicandam
1339 1556 1477 1605 esse,
1506 1540 1753 1610 quamvis
1787 1539 2073 1606 Duronius,

488 1632 849 1696 Mahlllonius,
896 1632 1118 1697 Binius,
1168 1632 1420 1686 Labbens
1458 1632 1660 1701 aliique
1707 1630 2074 1686 Ceneiliorum

486 1722 805 1777 eollectores
828 1737 947 1776 eam
984 1720 1084 1791 ipsi
1118 1720 1453 1776 adscribant.
1484 1720 1617 1774 Nam
1647 1719 1787 1775 forte
1810 1720 1861 1774 lti
1886 1731 2075 1774 omnes

2173 528 2372 594 tendit,
2439 526 2501 583 S.
2562 526 2827 581 Joannem
2885 526 3241 584 Gualbertum
3298 544 3540 585 Lxxxvm
3600 529 3763 585 annis

2171 618 2400 684 vixisse,
2445 625 2504 671 ut
2546 630 2739 671 recens
2781 615 2941 670 unius
2978 616 3157 671 saeculi
3205 616 3388 687 opinio
3432 617 3655 683 invexit,
3703 627 3762 673 et

2171 707 2425 763 Chronici
2450 706 2504 760 in
2529 706 3008 777 Arehiepisc0patu
3036 704 3350 762 Florentino
3377 709 3575 763 servati
3601 708 3762 764 Iidem

2171 798 2389 855 elevare
2422 797 2631 862 nititur,
2658 798 2746 851 ubi
2771 796 2984 867 legitur,
3014 795 3400 851 Monasterium
3430 797 3490 853 S.
3525 782 3777 854 Miniatis'

2172 907 2315 950 anno
2348 906 2487 945 uxin
2513 890 2629 945 sine
2659 889 2850 944 abbate
2878 896 2932 943 et
2959 889 3077 945 sine
3103 889 3212 945 ullo
3238 890 3626 945 monachorum
3653 891 3767 947 co!-

2175 983 2317 1053 legio
2346 981 2495 1036 velut
2525 980 2843 1035 derelictum
2870 978 3129 1047 jacuisse.
3164 978 3242 1034 Ex
3270 995 3377 1050 quo
3416 981 3537 1036 Ioco
3561 983 3767 1053 optime

2179 1074 2480 1130 intulerunt
2527 1072 2694 1142 prisci
2742 1070 2908 1129 Vallis
2962 1069 3240 1127 Umbrosa:
3270 1072 3602 1142 scriptores,
3654 1087 3764 1128 non

2175 1167 2279 1221 nisi
2322 1165 2479 1236 longe
2518 1173 2643 1235 post
2666 1177 2865 1218 annum
2911 1177 3084 1227 ιιιιιι,
3119 1150 3361 1233 po:uiSse
3408 1164 3669 1219 Joannem
3707 1165 3761 1219 in

2174 1259 2319 1315 dicto
2340 1252 2671 1313 monasterio
2693 1257 2759 1311 ad
2784 1257 3136 1311 monasticem
3161 1255 3393 1310 admitti.
3416 1275 3435 1309 ι
3464 1255 3761 1311 Dolendum

2175 1359 2258 1407 est
2304 1352 2392 1405 hic
2438 1352 2631 1405 iterum
2688 1365 2793 1404 non
2843 1347 3112 1404 nominari
3164 1347 3371 1418 priscos
3415 1344 3533 1401 illos
3597 1343 3766 1400 \‘allis

2177 1440 2461 1497 Umbrosa:
2506 1440 2839 1512 scriptores,
2879 1440 2970 1509 qui
3016 1437 3263 1492 obscurae
3308 1435 3436 1492 huic
3480 1435 3763 1507 qumstioni

2178 1546 2427 1601 magnam
2459 1531 2633 1587 lucem
2666 1528 2966 1585 adferrent.
2999 1527 3237 1583 Joannes
3270 1526 3547 1583 Croisetus
3580 1534 3767 1581 noster

2178 1627 2231 1682 in
2263 1626 2552 1681 Exercitiis
2592 1624 2835 1684 Pietatis,
2872 1636 3044 1692 nuper
3077 1620 3319 1691 Lugduni
3365 1620 3545 1685 editis,
3571 1618 3768 1690 quibus

2180 1718 2405 1773 inseruit
2438 1716 2782 1787 quot‘idianas
2811 1713 3139 1770 Sanctorum
3180 1712 3330 1768 Vitas
3361 1713 3572 1776 critiee,
3606 1722 3663 1765 ut
3690 1711 3767 1766 ait

486 1829 552 1868 ex
584 1814 773 1867 eodem
803 1812 972 1877 fonte,
998 1814 1050 1866 id
1089 1821 1170 1867 est
1198 1812 1411 1867 Andrea
1443 1808 1723 1873 Januensi,
1754 1811 2073 1874 hauserunt,
2110 1821 2149 1880 Β
2182 1811 2234 1864 in
2264 1807 2607 1880 prtcfatione,
2638 1807 2996 1871 examinatas,
3024 1806 3265 1873 assignat
3291 1804 3349 1857 S.
3381 1801 3575 1858 Joanni
3602 1799 3769 1857 Gual-

488 1914 544 1960 et
586 1905 675 1957 alii
702 1901 838 1957 alios
874 1902 1047 1958 secuti
1083 1902 1203 1958 sine
1240 1912 1455 1957 maturo
1503 1901 1755 1956 examine
1792 1915 1913 1954 eam
1943 1900 2078 1956 Gre-

488 1998 627 2066 gorii
654 1996 745 2052 γη
771 2012 892 2051 esse
924 1998 1062 2050 bona
1090 1995 1192 2050 Ilde
1221 1996 1588 2050 crediderunt.
1632 1994 1712 2047 Ad
1744 1995 1818 2047 ita
1846 1993 2075 2061 opinan-

490 2091 619 2143 dum
651 2104 735 2142 me
765 2087 994 2156 impellit
1018 2086 1317 2142 auctoritas
1341 2086 1492 2139 Beati
1538 2085 1768 2140 Andrea:
1796 2083 2080 2154 scriptoris

490 2180 806 2249 syncbroni,
822 2177 986 2241 cuius
1012 2178 1128 2232 lucc
1152 2187 1277 2232 sunt
1301 2175 1662 2231 disertissima
1687 2176 1881 2230 verba:
1904 2195 1921 2226 ι
1945 2175 2076 2244 Cap.

493 2272 559 2325 de
599 2270 805 2325 Domno
845 2268 959 2324 GG.
1005 2267 1089 2321 VII
1132 2267 1458 2339 Apostolicze
1497 2267 1655 2321 Sedis
1694 2265 1798 2321 PP.
1836 2267 1926 2337 qui
1958 2281 2079 2321 cum

492 2362 966 2415 archidiaconatus
1006 2360 1059 2414 in
1107 2360 1294 2413 eadem
1330 2356 1636 2427 Apostoliea
1670 2355 1808 2411 Sede
1846 2354 2079 2409 ollieium

491 2464 719 2523 gereret.
743 2454 969 2508 obillius
992 2452 1933 2522 patientiamcomprobandam,ctnn
1948 2451 2082 2504 dure

492 2547 774 2613 increpare
822 2544 1069 2598 curabat.
1115 2543 1232 2596 Mox
1277 2543 1344 2596 ad
1394 2542 1512 2609 ejus
1554 2541 1806 2595 intuitum
1855 2540 2083 2594 mutavit

495 2648 756 2699 mentem,
802 2652 875 2692 ac
914 2636 1294 2707 prmordinata,
1338 2648 1457 2700 quze
1506 2647 1567 2687 se
1612 2632 1837 2701 putabat
1875 2631 2079 2695 dicere,

494 2730 694 2782 oblitus
734 2737 817 2782 est
854 2730 1017 2781 verba
1055 2744 1069 2779 :
1102 2725 1217 2791 Qua
1264 2723 1380 2792 ejus
1421 2722 1755 2792 perfectione
1791 2722 1857 2776 ab
1898 2736 1964 2775 eo
2009 2722 2081 2776 ita

490 2828 790 2890 comperta,
824 2827 1007 2872 tantus
1042 2818 1297 2886 deinceps
1332 2818 1474 2868 inter
1504 2822 1796 2882 utrumque
1835 2813 2083 2867 Ilrnmtus

493 2922 573 2964 est
604 2925 776 2971 amor.
829 2917 1066 2979 quantus
1112 2909 1252 2962 inter
1291 2906 1606 2960 carissimos
1649 2914 1811 2973 atque
1842 2905 2084 2961 uterinos

494 3004 629 3053 solet
659 3016 778 3052 esse
805 3014 1113 3069 germanos.
1162 2996 1282 3051 Ila-e
1329 3012 1560 3065 namque
1586 3012 1614 3049 a
1646 2993 1920 3048 veneralili
1964 2995 2084 3057 viro

498 3091 692 3143 abbate
745 3088 976 3141 Iiodull‘o
1022 3085 1456 3141 Passinianensis
1504 3086 1767 3148 cwnobii,
1820 3086 1908 3154 qui
1958 3094 2085 3140 tunc

2180 1905 2336 1960 berto
2364 1908 2573 1958 tantum
2604 1902 2672 1957 74
2706 1904 2829 1957 vitro
2860 1913 3052 1955 annos.
3097 1896 3250 1953 llanc
3278 1895 3394 1964 ejus
3438 1894 3767 1949 sententiam

2180 1997 2345 2052 etiam
2391 1993 2482 2050 alii
2523 1993 2741 2064 quidam
2787 2000 3003 2048 tuentur
3048 1978 3208 2047 Galli.
3257 1987 3398 2053 Nos,
3448 1986 3771 2041 veneranda:

2182 2085 2523 2157 antiquitatis
2561 2085 2887 2140 auctoritate
2931 2082 3197 2148 destituti,
3243 2092 3450 2137 certum
3485 2081 3551 2134 de
3581 2089 3682 2132 nae
3714 2092 3771 2133 re

2173 2179 2438 2249 judicium
2470 2177 2613 2232 ferre
2641 2190 2747 2231 non
2777 2192 3091 2245 possumus;
3130 2174 3221 2229 sed
3254 2176 3305 2227 in
3334 2172 3496 2227 dubio
3523 2167 3769 2240 epinioni

2186 2268 2451 2323 Breviarii
2486 2267 2713 2321 Romani
2742 2267 3019 2320 adhaerere
3046 2264 3333 2319 malumus.

2255 2359 2376 2414 108.
2422 2359 2713 2414 Recentior
2742 2356 2928 2413 Gallus
2955 2372 3258 2427 anonyutus
3294 2358 3347 2410 in
3386 2355 3624 2411 llistoria
3670 2352 3774 2409 0r-

2183 2453 2365 2508 dinum
2397 2449 2787 2520 lteligiosorum
2814 2460 2869 2503 et
2899 2447 3207 2502 Militarium
3238 2457 3366 2501 tom.
3396 2445 3460 2512 V,
3493 2462 3614 2515 pag.
3642 2444 3771 2509 ⁸501,

2184 2543 2480 2611 scriptores
2511 2541 2716 2609 aliquot
2736 2537 3215 2593 Vallumbrosanos
3238 2538 3478 2609 proprio,
3507 2547 3563 2590 ut
3590 2536 3771 2600 aiunt,

2184 2644 2444 2686 mucrone
2480 2630 2729 2701 jugulare
2763 2640 3014 2684 conatur.
3055 2629 3137 2695 Si,
3176 2629 3381 2699 inquit,
3416 2628 3660 2683 Andreas
3683 2623 3779 2680 Ja-

2186 2728 2442 2791 mensis,
2496 2726 2771 2781 Eudoxius
2819 2725 3142 2786 Locatellus.
3193 2725 3424 2780 Didacus
3472 2723 3779 2781 Franchias

2185 2817 2368 2874 dicant
2386 2817 2445 2874 S.
2467 2814 2730 2873 Joannem
2746 2817 3098 2873 Gnalbertum
3123 2818 3529 2888 octogenarinm
3544 2817 3772 2883 abiisse,

2186 2914 2580 2975 consequenter
2622 2907 2952 2967 concedere
2997 2909 3194 2964 de'bent
3240 2924 3361 2963 eum
3411 2917 3598 2963 natum
3652 2922 3780 2963 esse

2187 3012 2329 3051 anno
2358 2996 2482 3050 995.
2513 2997 2579 3051 At
2615 2996 2820 3051 fallitur
2849 3000 3022 3053 bonus
3051 2999 3136 3053 vir
3174 3010 3227 3052 et
3263 3015 3383 3052 cum
3429 2999 3636 3053 umbris
3662 3016 3691 3050 a
3720 3012 3780 3051 se

2188 3090 2327 3144 lictis
2372 3098 2618 3159 pugnat:
2658 3100 2912 3145 auctores
2954 3092 3098 3146 enim
3147 3091 3222 3145 illi
3266 3092 3465 3146 diserte
3501 3099 3777 3155 asserunt,

495 3182 566 3236 ibi
607 3183 826 3246 alerat,
873 3182 1071 3251 saepius
1114 3180 1440 3246 audivimus,
1488 3189 1652 3250 atque
1696 3182 1763 3235 de
1809 3179 1903 3235 tali
1947 3189 2084 3236 teste
2110 3165 2156 3228 C
2188 3180 2246 3238 S.
2274 3179 2538 3238 Joannem
2575 3180 2928 3238 Gualbertum
2956 3184 3339 3255 octogesimum
3369 3190 3621 3236 octavum
3649 3191 3783 3236 aeta-

495 3274 746 3330 Mbitare
772 3274 906 3329 nihil
932 3274 1213 3333 debemus.
1244 3291 1263 3327 ι

502 3387 531 3461 ξ
573 3388 660 3443 ΙΧ.
708 3389 782 3443 De
818 3390 950 3443 serie
991 3387 1356 3458 rhronologicn
1393 3388 1516 3461 tain
1556 3385 1618 3443 S.
1661 3385 1887 3461 Joannis
1917 3386 2085 3461 (ἵησι-

569 3461 699 3516 berti
741 3461 1042 3525 referuntur
1068 3461 1226 3514 carice
1257 3459 1558 3530 opiniones,
1602 3468 1650 3513 et
1694 3460 1962 3529 manifesti
2004 3475 2088 3513 er-

572 3549 714 3586 rores
745 3530 1082 3600 refelluntur.

569 3642 919 3713 Nequaquam
964 3641 1162 3697 mirum
1201 3650 1317 3708 est,
1365 3652 1620 3697 auctores
1667 3641 1811 3697 circa
1859 3641 2090 3696 chrono-

499 3737 669 3790 taxim
704 3736 837 3790 Vita:
866 3733 1234 3790 Gualbertinte
1260 3734 1312 3787 in
1339 3734 1520 3787 varias
1545 3733 1745 3787 abiisse
1770 3732 2086 3795 sententias,

500 3843 624 3883 eum
656 3824 1020 3893 antiquissimi
1053 3826 1177 3879 vita:
1217 3826 1511 3894 scriptores
1552 3841 1639 3881 res
1676 3826 1745 3905 ab
1789 3825 1879 3878 illo
1907 3833 2089 3894 gestas

499 3915 882 3984 ebronologice
921 3928 1028 3968 non
1069 3916 1411 3984 digesseriut.
1458 3915 1613 3978 Hinc,
1656 3923 1714 3968 ut
1753 3916 1967 3986 Opinor,
2010 3929 2091 3967 re-

501 4009 773 4062 centiores
815 4006 1050 4059 maxime
1077 4006 1179 4059 sibi
1214 4006 1510 4073 probabilia
1550 4005 1885 4060 fabricarunt
1921 4015 2091 4075 syste—

504 4106 680 4159 tnata,
714 4111 835 4163 quae
877 4096 963 4151 hie
1007 4097 1235 4150 eruditis
1266 4095 1564 4151 lectoribus
1593 4095 1943 4165 expendenda
1972 4110 2092 4167 pro-

503 4203 782 4257 ponemus.
854 4185 1289 4241 Vallumbrosani
1356 4184 1599 4240 moderni
1674 4194 1958 4249 asserunt,
2029 4185 2088 4238 S.

502 4278 717 4333 Patrem
768 4295 923 4333 suum
964 4279 1031 4332 ad
1074 4288 1290 4333 :etatem
1331 4278 1401 4333 83
1443 4293 1707 4332 annorum
1757 4278 2090 4348 pervenisse,

503 4383 661 4440 atque
703 4371 868 4433 adeo,
916 4387 1039 4426 cum
1072 4371 1241 4443 juxta
1271 4371 1769 4426 communissimam
1815 4371 2093 4426 historico-

508 4479 625 4517 rum
653 4466 980 4519 sententiam
1016 4476 1263 4519 mortuus
1291 4463 1360 4518 sit
1389 4480 1531 4520 anno
1564 4464 1724 4529 1073,
1756 4472 1939 4517 natum
1967 4478 2091 4518 esse

506 4573 652 4610 anno
678 4555 798 4610 985‘.
831 4556 983 4611 llaue
1002 4559 1313 4628 opinionem
1342 4567 1618 4628 oppugnat
1640 4556 1816 4613 Guido
1842 4555 2093 4612 Grandus

507 4647 560 4703 in
587 4647 1071 4702 Dissertationihus
1092 4647 1598 4703 Camaldulensibus
1617 4647 1777 4703 Luca:
1797 4662 1940 4702 anno
1958 4647 2091 4701 1707

510 4740 810 4808 impressis,
844 4748 900 4792 et
929 4754 1050 4794 eum
1081 4739 1360 4795 Breviario
1386 4740 1631 4795 Itontano
1675 4739 1804 4796 facit
1849 4738 1907 4796 S.
1937 4740 2096 4796 Joan-

510 4847 633 4888 nem
665 4830 1013 4886 Gualbertum
1045 4832 1237 4887 decem’
1262 4833 1419 4887 annis
1440 4833 1733 4903 juniorem,
1782 4833 2005 4888 Dissert.
2036 4833 2092 4900 2,

511 4940 631 4995 cap.
661 4923 715 4978 4.
749 4938 899 4977 num.
934 4923 1021 4989 M,
1055 4924 1129 4978 ita
1160 4925 1404 4979 scribens
1435 4942 1448 4978 :
1480 4945 1496 4977 ι
1521 4924 1725 4981 Omitto
1763 4927 1905 4981 aliud
1936 4940 2096 4994 argu-

511 5027 753 5071 mentum
790 5030 858 5070 ex
891 5025 1051 5071 aetate
1086 5016 1254 5087 ipsius
1293 5015 1352 5071 S.
1389 5014 1615 5073 Joannis
1651 5018 1928 5075 Gualberti
1967 5018 2098 5089 peti-

515 5116 647 5173 tum,
680 5108 747 5163 de
775 5094 883 5177 quo
915 5108 1113 5163 vetusti
1154 5123 1346 5163 omnes
1384 5117 1651 5164 auctores
1673 5109 1949 5164 memoria:
1978 5123 2101 5178 pro-

513 5198 786 5266 diderunt,
826 5200 968 5270 quod
1001 5210 1055 5255 et
1098 5199 1151 5254 in
1181 5198 1443 5254 Breviarii
1473 5197 1818 5253 Lectionibus
1845 5197 2097 5265 habetur,

518 5304 663 5330 snnn
709 5292 954 5330 rhlulinnl
1014 5306 1070 5330 nl
1090 5305 1219 5330 ττιη
1295 5288 1471 5330 minii:
1517 5303 1627 5330 cum
1672 5303 1872 5330 rnrvnl
1929 5288 2097 5330 Dnnm

2188 3276 2258 3331 tis
2286 3290 2486 3330 annum
2516 3275 2780 3348 attigisse.
2826 3274 2937 3332 Nec
2972 3276 3141 3330 multo
3170 3275 3361 3340 melius
3386 3283 3574 3329 contra
3603 3272 3785 3329 Fran-

2187 3368 2370 3423 ehium
2400 3376 2812 3438 argumentatur
2839 3366 3014 3422 Guido
3043 3367 3293 3422 Graudus
3321 3366 3535 3420 dissert.
3567 3365 3623 3431 2,
3657 3380 3782 3436 cap.

2187 3458 2243 3525 4,
2274 3473 2426 3513 num.
2458 3457 2545 3522 Η,
2580 3457 2659 3512 sic
2683 3458 2957 3513 inferens:
2985 3476 3004 3509 ‹
3036 3458 3188 3513 Unde
3214 3457 3259 3512 si
3290 3471 3435 3511 anno
3461 3472 3560 3512 mu
3600 3454 3780 3527 (juxta

2110 3578 2117 3583 -
2189 3547 2423 3604 Franebi
2485 3548 2883 3619 hypothesim)
2938 3547 3173 3603 Joannes
3239 3548 3540 3603 monachus
3600 3547 3779 3602 factus

2189 3652 2354 3705 esset,
2386 3642 2634 3695 octennis
2679 3639 2933 3694 sarculum
2975 3640 3316 3709 reliquisset;
3361 3641 3506 3709 quod
3546 3638 3785 3710 perridi-

2190 3734 2371 3788 culum
2403 3739 2505 3794 est,
2543 3746 2668 3800 quia
2711 3732 2953 3800 proiecto
2986 3732 3155 3785 armis
3190 3731 3416 3786 idoneus
3460 3741 3516 3786 et
3561 3732 3782 3788 militan

2190 3822 2475 3891 disciplina
2510 3822 2825 3887 instructus,
2857 3830 2978 3892 post
3004 3822 3215 3875 veniam
3254 3821 3395 3877 hosti
3422 3823 3493 3879 ob
3523 3812 3781 3879 reveren-

2193 3913 2322 3968 tiam
2369 3912 2427 3967 S.
2455 3911 2645 3967 Crucis
2671 3911 2959 3979 imlnltam,
2987 3929 3047 3969 se
3084 3914 3332 3984 religioni
3364 3914 3591 3970 addixit.
3622 3935 3640 3967 ι
3681 3915 3781 3969 Αι-

2194 4005 2374 4071 tende,
2404 4005 2652 4071 obsecro,
2695 4006 2768 4059 mi
2812 4004 3047 4061 Grande.
3078 4006 3132 4062 Id
3173 4018 3317 4063 recte
3356 4018 3696 4078 sequeretur,
3735 4008 3781 4063 si

2193 4095 2478 4151 Franeltus
2511 4105 2656 4150 tuam
2703 4096 2770 4151 de
2811 4107 2970 4152 mtate
3016 4098 3074 4152 S.
3121 4096 3400 4154 Gualberti
3452 4100 3781 4156 sententiam

2193 4189 2522 4245 admitteret.
2553 4190 2622 4243 At
2652 4189 2740 4243 ille
2766 4206 2883 4244 eam
2928 4200 3218 4263 pernegat;
3265 4192 3651 4260 eonteuditque
3678 4193 3779 4261 (an

2195 4293 2341 4338 recte
2388 4299 2491 4337 non
2533 4283 2769 4354 disputo,
2814 4299 2913 4339 nec
2957 4283 3025 4338 ad
3075 4297 3189 4336 rem
3242 4281 3400 4351 facit)
3454 4281 3513 4336 S.
3563 4280 3779 4335 Patrem

2182 4370 2349 4459 ‘suum
2401 4374 2471 4430 88
2514 4374 2672 4428 annis
2717 4374 2943 4439 vixisse;
3006 4374 3287 4443 adeoque,
3333 4374 3376 4427 si
3428 4387 3571 4427 anno
3619 4372 3780 4435 10(3.

2194 4464 2426 4522 Joannes
2456 4465 2751 4539 monachus
2781 4464 2955 4519 factus
2984 4473 3151 4529 esset,
3191 4464 3436 4533 sequitur
3465 4463 3517 4517 in
3548 4462 3780 4516 Franrhi

2195 4557 2519 4629 hypothesi,
2569 4572 2691 4611 eum
2743 4571 2847 4610 non
2898 4563 3133 4619 octavo,
3186 4555 3279 4608 sed
3331 4554 3541 4609 decimo
3587 4563 3782 4608 octavo

2194 4651 2370 4705 anatis
2401 4666 2542 4704 anno
2571 4649 2823 4705 szeeulnm
2857 4648 3159 4719 reliquisse,
3190 4656 3248 4701 ut
3270 4646 3489 4702 cuilibet
3514 4660 3779 4700 annorum

2198 4742 2462 4798 calculum
2486 4741 2804 4797 subdurenti
2829 4743 3053 4812 patebit.
3076 4739 3229 4796 Nunc
3253 4741 3320 4794 ad
3347 4738 3450 4793 alia
3477 4736 3610 4792 Vita:
3637 4737 3784 4794 ill;t:s

2198 4843 2441 4904 tempora
2477 4834 2850 4903 procedamus.

2270 4925 2395 4983 I09.
2439 4926 2699 4981 Seribunt
2736 4925 2940 4994 passim
2972 4920 3436 4987 Vallumbrosani,
3475 4920 3532 4975 S.
3563 4920 3781 4975 Patrem

2200 5035 2380 5085 suttm,
2425 5034 2546 5074 cum
2591 5026 2736 5073 esset
2782 5016 3082 5070 octodecim
3125 5030 3389 5069 annorum
3415 5054 3430 5079 ,
3476 5012 3781 5082 religiosam

2200 5111 2364 5163 vitam
2410 5108 2463 5162 in
2508 5106 2838 5161 monasterio
2888 5105 2945 5159 S.
2994 5104 3232 5159 Miniatis
3277 5104 3584 5174 amplexum
3628 5116 3782 5166 esse,

2202 5214 2266 5254 ae
2295 5206 2413 5269 post
2441 5206 2673 5267 quatuor
2711 5209 2885 5251 annos
2922 5195 3047 5251 inde
3086 5196 3399 5250 discessisse
3431 5193 3499 5249 ad
3537 5206 3781 5250 eremum

2201 5289 2663 5330 Ωιιωῃιιιηιρηερηι
2748 5289 3073 5330 landpmmm
3109 5296 3231 5330 mel
3272 5286 3477 5330 alinnnl
3521 5301 3784 5330 mmnrum
