4122 5330
368 363 462 422 τιι

1873 358 2068 415 ACTA.

3529 363 3638 421 7ιῖ

370 479 640 536 dabimus.
687 473 778 529 Sic
815 473 1054 544 disputat
1093 470 1308 528 dissert.
1356 469 1411 534 Ξ,
1453 484 1570 541 cap.
1611 470 1667 533 ι,
1715 485 1862 525 nutu.
1894 470 1950 525 4.
1981 479 2026 533 Α
2059 483 2156 524 nes
2185 467 2524 525 Mabilloaius
2566 468 2618 523 in
2646 467 2943 524 Annalibus
2969 467 3330 527 Bened'ctiuis
3376 483 3509 532 tom.
3537 473 3633 541 l'r',

379 590 397 623 ι
425 570 576 637 Quod
605 576 788 621 autem
831 564 1064 621 Didacus
1103 563 1401 628 Franchus,
1449 573 1505 618 et
1546 577 1667 617 cum
1708 576 1776 617 eo
1816 577 1953 616 non-

374 661 504 718 nulli
555 674 640 716 uel
711 655 1181 715 Vallumbrosanis
1244 654 1601 723 scriptoribus
1681 652 1955 722 negotium

375 749 564 808 liberti
588 748 805 805 abbatis
838 755 897 801 et
934 746 1171 805 Athonis
1206 746 1445 815 episcopi
1486 746 1553 799 ad
1599 758 1799 799 annum
1840 757 1955 797 urit

376 843 652 904 referant,
709 849 764 896 et
824 847 1221 907 consequenter
1274 836 1959 894 Joannisconversiooem

377 930 732 1003 quadriennio
784 938 951 993 ante,
1004 943 1199 997 nempe
1244 942 1390 985 anno
1436 942 1557 991 ttttt,
1610 924 1960 995 ejusdemque

377 1021 600 1078 Joannis
644 1018 922 1076 Gualberti
970 1017 1038 1072 ad
1083 1016 1550 1075 Camalduleusem
1586 1030 1829 1070 creatum
1866 1014 1961 1068 ad.

379 1124 595 1168 reatum
636 1126 781 1175 anno
815 1125 953 1165 urtu
991 1116 1254 1172 statuant,
1293 1117 1346 1162 et
1386 1107 1439 1162 in
1488 1105 1816 1175 Aquebellte,
1865 1118 1960 1160 seu

381 1202 817 1257 Vallisumbroste
844 1214 1088 1257 eretunm
1120 1200 1423 1269 ingressum
1453 1199 1598 1252 circa
1626 1210 1824 1251 annum
1854 1211 1958 1260 ιιι,

382 1295 434 1350 id
459 1293 679 1353 ontuino
711 1291 1145 1366 commentitium
1173 1299 1284 1355 est;
1321 1304 1474 1358 mque
1500 1303 1564 1344 ac
1590 1287 1816 1343 ﬁctitius
1842 1287 1961 1351 ille,

381 1389 569 1443 nescio
601 1386 726 1455 quis
755 1385 899 1439 Atho
939 1382 1165 1452 primus,
1192 1390 1318 1435 ante
1360 1380 1532 1444 illum,
1575 1380 1666 1449 qui
1707 1380 1777 1433 ab
1823 1394 1963 1434 anno

384 1492 574 1535 nam
632 1475 1007 1533 Florentinam
1048 1472 1366 1529 cathedram
1416 1472 1615 1535 tenuit,
1674 1472 1965 1525 arbitrario

382 1572 590 1641 positus
618 1570 685 1624 ad
710 1567 971 1639 ejusmodi
998 1566 1341 1638 hypotbcsim
1372 1564 1646 1628 tuendam,
1676 1562 1966 1632 majorem-

384 1677 490 1731 que
534 1668 861 1723 vetustatem
906 1672 1017 1714 sute
1057 1656 1275 1713 familiae
1316 1655 1486 1710 initiis
1530 1654 1733 1709 frustra
1781 1654 1965 1709 concio

384 1753 646 1809 liandam.
691 1751 831 1809 Nam
854 1751 903 1807 is
927 1751 1063 1806 alter
1084 1750 1249 1814 Atho,
1274 1750 1369 1820 qui
1397 1764 1539 1805 anno
1567 1765 1681 1803 tum
1710 1748 1966 1804 Ecclesia:

2059 561 2148 614 ubi
2187 560 2253 613 ad
2292 575 2491 614 animm
2533 559 2734 616 Christi
2774 559 2936 626 {028,
2977 561 3057 616 sic
3090 562 3320 617 scribit:
3348 582 3368 614 ι
3398 563 3561 621 Forte
3591 567 3638 622 is

2058 650 2129 705 sit
2163 650 2400 705 Joannes
2440 649 2789 717 Gualbertus,
2831 652 2923 722 qui
2973 653 3079 708 hoc
3124 654 3240 722 ipso
3289 652 3532 725 tempore
3567 655 3638 714 ad

2058 744 2121 799 S.
2154 745 2390 800 Miniatis
2418 743 2805 799 monasterium
2836 759 2895 800 se
2923 749 3148 815 recepft.
3198 746 3360 803 Certe
3398 750 3488 803 vix
3519 757 3640 819 post

2060 836 2162 890 hoc
2207 844 2439 904 tempus,
2490 834 2545 888 in
2587 849 2694 903 quo
2737 849 2878 890 nune
2923 851 3139 900 smnus,
3188 837 3305 907 ejus
3349 840 3641 895 ‘com'ersio

2059 923 2262 981 ὤσει·τί
2292 933 2499 994 potest;
2529 925 2729 994 quippe
2759 925 2851 993 qui
2883 934 3003 993 post
3029 941 3200 980 annos
3235 928 3421 982 decem
3469 930 3641 984 abbas

2060 1017 2298 1079 eloctus,
2354 1016 2408 1069 in
2458 1014 2624 1069 Vallis
2676 1014 2956 1070 Ulilbrm
3001 1016 3345 1071 solitudinem
3391 1020 3642 1086 secessit,

2062 1107 2151 1161 ttbi
2181 1107 2350 1177 prima
2380 1105 2461 1158 sui
2491 1102 2712 1159 Ordinis
2745 1104 2878 1173 jecit
2907 1102 3275 1160 fundamenta.
3302 1128 3321 1158 ι
3354 1099 3546 1163 Pestca
3573 1110 3641 1162 ad

2063 1213 2262 1252 anmnn
2293 1195 2492 1250 Christi
2534 1194 2689 1259 1058,
2732 1196 2803 1248 ita
2833 1204 3057 1249 narrat:
3088 1214 3106 1245 ι
3136 1195 3306 1252 Paulo
3340 1209 3466 1253 ante
3498 1199 3644 1254 hunc

2063 1304 2265 1342 annum
2307 1286 2546 1341 Joannes
2593 1285 2918 1342 Gualbertus
2963 1302 2993 1340 e
3032 1289 3204 1342 sancti
3247 1288 3373 1343 blini
3399 1292 3484 1344 .tis
3526 1307 3643 1345 mo—

2062 1382 2304 1437 nasterio
2332 1382 2604 1447 discessit,
2627 1383 2959 1452 secessitque
2986 1384 3038 1438 in
3064 1385 3268 1439 Vallem
3294 1386 3643 1456 Umbrosam,

2063 1472 2152 1526 ubi
2174 1472 2625 1540 Congregationis
2649 1488 2760 1527 suto
2789 1471 3140 1527 fundamenta
3164 1473 3318 1541 jctit.
3346 1476 3509 1534 Certe
3537 1478 3647 1535 illic

2066 1562 2266 1617 nullam
2296 1562 2421 1616 dum
2457 1563 2686 1618 habebat
2713 1563 2998 1619 ecclesiam
3028 1565 3127 1619 hoc
3168 1578 3331 1628 anno,’
3377 1582 3499 1620 cum
3539 1569 3646 1622 ιη-

2065 1665 2285 1726 perator
2307 1654 2589 1709 Conradns
2611 1670 2716 1709 una
2740 1670 2862 1709 cum
2887 1671 3055 1710 uxore
3079 1672 3173 1711 sua
3201 1657 3347 1710 Gisia
3379 1660 3644 1729 Augusta,

2066 1758 2121 1802 et
2154 1748 2264 1803 lilio
2288 1762 2387 1801 suo
2417 1747 2649 1802 Henrico
2676 1762 2820 1817 rege,
2852 1746 3077 1819 ejusque
3108 1747 3333 1819 conjuge
3362 1750 3647 1805 Cunihilole

386 1842 708 1901 Florentium
735 1840 1069 1911 praesideret,
1101 1839 1318 1893 aliunde
1347 1854 1569 1907 prorsus
1616 1839 1829 1908 ignotus
1858 1845 1961 1900 est,
1997 1820 2039 1878 Β
2068 1839 2398 1894 Florentiam
2434 1838 2684 1893 accessit.
2730 1838 2882 1905 Quod
2925 1840 3014 1893 ubi
3066 1842 3285 1894 rescivit
3324 1842 3645 1911 lnq'erator,

388 1946 551 2006 atque
596 1934 758 1990 nullis
798 1931 1165 1991 monumentis
1201 1929 1526 1993 celebratur,
1572 1930 1701 1993 sed,
1740 1929 1965 1983 attentis

389 2026 738 2096 sequentibus
765 2023 1149 2087 monumentis,
1182 2021 1404 2076 omnino
1434 2020 1818 2090 expungendus
1847 2032 1965 2074 esse

389 2117 751 2179 convincitur,
786 2123 1066 2184 totumque
1095 2113 1225 2167 illud
1253 2112 1694 2181 cbronologicum
1730 2119 1965 2183 systema

389 2205 475 2260 vel
503 2221 566 2258 ex
596 2220 667 2265 eo,
684 2204 975 2268 refellitur,
1006 2204 1151 2273 quod
1177 2202 1336 2258 anuis
1358 2202 1753 2272 prmdictisatm
1775 2211 1830 2256 et
1851 2214 1967 2255 twn

389 2313 459 2353 ne
477 2298 695 2367 quidem
724 2298 886 2352 ullum
913 2297 1303 2353 ntouacborum
1331 2295 1636 2361 collegium,
1670 2308 1771 2349 nec
1799 2294 1969 2349 abbas

390 2389 532 2444 ullus
555 2389 695 2457 apud
721 2387 782 2445 S.
810 2388 1049 2445 liliuiatis
1075 2388 1357 2442 eccluiatn
1383 2385 1674 2450 residebat,
1704 2385 1799 2441 sed
1827 2401 1969 2441 anno

391 2480 673 2543 dumtaxat
720 2494 857 2534 nam
909 2494 1037 2533 cura
1088 2477 1364 2533 Lamherti
1414 2476 1755 2547 (lldebrandi
1804 2476 1972 2531 voluit

392 2571 609 2638 dicere)
653 2570 948 2627 Florentiui
972 2570 1220 2639 episcopi
1273 2578 1573 2624 restaurata
1610 2567 1712 2623 fuit
1743 2582 1967 2623 venera-

390 2661 515 2717 bilia
566 2660 652 2719 illa
698 2661 959 2727 basilica,
1009 2670 1065 2715 et
1122 2660 1403 2725 monachi,
1455 2676 1484 2714 a
1518 2659 1733 2729 quibus
1762 2659 1969 2728 pridem

393 2753 608 2807 deserta
636 2751 833 2815 fuerat,
874 2751 1001 2805 illuc
1037 2752 1293 2807 revocati.
1322 2771 1345 2803 ι

463 2844 588 2897 “0.
625 2844 919 2911 Postquam
949 2841 1087 2896 hanc
1113 2856 1264 2899 suam
1300 2843 1651 2896 assertionem
1685 2841 1848 2897 variis
1877 2857 1974 2896 au-

394 2932 652 2987 thenticis
679 2932 1057 2991 instrumentis
1103 2947 1167 2986 ex
1227 2932 1448 3002 L'ghello
1496 2932 1767 2997 adductis,
1815 2947 1975 3000 argu-

394 3025 700 3093 tnentisque
723 3024 848 3089 inde
872 3023 1116 3077 formatis
1141 3024 1404 3091 probarit,
1437 3024 1513 3075 sic
1542 3023 1705 3090 pergit
1735 3039 1881 3077 num.
1905 3024 1970 3078 9:

400 3136 418 3168 ι
455 3116 695 3186 Denique
721 3133 840 3171 cum
870 3116 985 3169 solo
1011 3117 1220 3171 Athone
1253 3117 1365 3175 illo,
1397 3117 1486 3184 qui
1515 3118 1582 3167 ab
1613 3132 1755 3168 anno
1784 3132 1971 3171 suam

393 3206 574 3271 ﬂoruit
605 3207 821 3263 vivebat
856 3206 1086 3261 Ubertus
1123 3205 1466 3260 Simoniaeus
1491 3204 1680 3267 abbas,
1717 3206 1803 3259 cui
1836 3221 1980 3261 anno

395 3315 581 3362 amr,
627 3300 840 3353 Athone
881 3298 1131 3360 sedente,
1180 3296 1518 3366 privilegium
1564 3298 1833 3364 quoddam
1873 3298 1982 3352 lar-

396 3392 541 3461 gitus
569 3399 655 3445 est
679 3389 1002 3446 Benedictus
1028 3387 1097 3442 ΙΧ
1142 3388 1287 3457 Papa
1320 3388 1459 3456 apud
1492 3386 1770 3456 Ugbcllum
1800 3404 1854 3457 p.
1888 3389 1974 3450 82.

397 3484 550 3552 cujus
588 3485 801 3545 initium
843 3492 964 3538 est:
999 3503 1016 3535 ι
1043 3484 1250 3537 Dilecto
1291 3484 1403 3537 tilio
1439 3482 1638 3538 Oberto
1687 3484 1978 3538 venerabili

402 3592 422 3625 ι
467 3574 986 3631 ιιὺὺίιιὶειιιοικιειετίἱ
1034 3575 1093 3627 8.
1144 3572 1382 3627 Miniatis
1417 3572 1711 3626 Florentini
1761 3573 1980 3641 suisque

402 3681 427 3715 ι
470 3665 871 3719 successoribus
892 3671 1202 3734 perpetuam
1227 3663 1285 3716 in
1307 3662 1531 3716 Domino
1552 3662 1795 3716 salutem.
1815 3661 1981 3717 Valde

408 3773 426 3807 ι
477 3754 645 3809 bonus
672 3754 908 3818 videtur,
942 3774 960 3805 ι
1001 3763 1111 3810 etc.
1158 3754 1342 3821 itaque
1386 3768 1492 3807 non
1536 3753 1695 3807 modo
1742 3752 1979 3822 episcopi

399 3845 649 3921 Athonis.
680 3845 774 3899 sed
798 3843 1011 3901 abbatis
1035 3844 1199 3899 etiam
1228 3842 1413 3898 Uberti
1445 3851 1657 3912 tempus
1681 3843 1977 3913 conspirat,

400 3944 461 3990 ιιι
496 3936 634 3991 hanc
661 3933 886 3989 Joannis
935 3933 1213 3989 bttalberti
1250 3933 1317 3988 ad
1363 3933 1829 3989 (lamaldulensem
1863 3947 1983 3988 ere-

402 4040 549 4079 nuun
595 4024 984 4095 profectionem
1030 4024 1096 4079 ad
1143 4039 1343 4078 annuat
1393 4039 1578 4079 uxxvn
1606 4065 1621 4091 ,
1677 4026 1787 4080 into
1833 4025 1980 4080 circa

402 4132 630 4178 lxxxrt,
663 4116 859 4171 factam
888 4126 1158 4185 putemus.
1194 4136 1215 4169 ι
1244 4116 1447 4172 Deinde
1474 4132 1629 4173 suam
1658 4120 1980 4173 sententiam

403 4222 471 4262 ex
500 4209 614 4262 lttaa
628 4208 931 4263 Abbatlssa:
956 4207 1265 4273 donatione,
1298 4208 1521 4262 oratorii
1550 4208 1979 4263 Vallutnbrosani

402 4299 924 4368 consecrationem
956 4296 1263 4353 Theuzonis
1306 4298 1549 4352 eremitaa
1589 4308 1748 4353 aatate
1785 4300 1982 4353 contir-

406 4403 535 4447 tnat.
565 4391 695 4460 Qua!
716 4392 759 4449 si
778 4392 961 4446 omnia
994 4389 1207 4447 adferre
1233 4391 1415 4456 velim,
1446 4391 1673 4446 nimium
1701 4399 1982 4446 excrescct

2066 1930 2119 1984 id
2161 1930 2264 1984 sibi
2310 1932 2529 1985 honoris
2568 1931 2778 1985 caelitus
2817 1938 3149 1985 r:se:vatum
3204 1932 3538 1994 existimans,
3592 1940 3653 1989 ut

2067 2022 2271 2077 sanctis
2295 2022 2402 2075 illis
2427 2021 2710 2076 Fratribus
2730 2022 3061 2088 subveniret,
3094 2030 3324 2077 vacante
3350 2035 3469 2093 post
3498 2039 3648 2079 mor-

2070 2123 2176 2167 tem
2223 2108 2407 2167 Jacobi
2456 2112 2746 2168 dioeccsaui
2795 2114 3031 2183 episcopi
3084 2113 3349 2168 Fesulana
3398 2115 3649 2182 ecclesia,

2070 2202 2361 2257 Rodull‘um
2403 2200 2967 2258 Patherbrunneusem
3011 2205 3317 2273 prcesuletn,
3356 2222 3513 2275 quem
3558 2208 3648 2262 alii

2069 2294 2375 2349 Rothonem
2408 2305 2626 2359 vocant,
2669 2294 3101 2350 Vallumbrosam
3142 2301 3490 2353 tonsecrandi
3531 2316 3655 2354 ora-

2071 2386 2196 2441 torii
2229 2400 2392 2440 causa
2430 2386 2642 2440 misit.»
2689 2386 2812 2441 llmc
2853 2388 3033 2441 omnia
3072 2401 3136 2442 ex
3175 2387 3371 2444 litteris
3398 2384 3514 2444 huc
3556 2389 3653 2444 ab-

2069 2475 2287 2531 batissae
2311 2488 2370 2530 se
2398 2474 2653 2531 didicisse
2677 2475 2929 2532 allirmat.

2147 2566 2269 2620 H2.
2308 2566 2464 2622 Circa
2509 2566 2745 2622 Oratorii
2781 2567 2941 2637 hujus
2979 2569 3439 2624 consecrationem
3479 2568 3655 2623 Guido

2072 2655 2326 2711 Craudns
2371 2656 2591 2711 dissert.
2619 2656 2688 2723 2,
2724 2670 2873 2711 num.
2918 2658 3010 2724 12,
3046 2660 3294 2715 observat
3332 2658 3610 2729 sequentia
3637 2652 3663 2712 ε’

2077 2765 2098 2799 ι
2125 2747 2349 2803 Frustra
2399 2764 2526 2803 vero
2567 2751 2809 2804 nonnulli
2857 2751 3075 2807 Ordinis
3125 2753 3281 2822 hujus
3320 2752 3651 2807 Vallumbro-

2072 2840 2193 2891 sani
2236 2840 2538 2907 scriptorcs
2581 2848 2702 2908 post
2753 2840 3015 2895 Didacutn
3066 2841 3372 2897 Francbum
3418 2840 3553 2895 llist.
3593 2842 3651 2894 S.

2072 2925 2231 2980 Joan.
2263 2926 2456 2982 Gualb.
2498 2928 2591 2982 lib.
2624 2928 2678 2993 5,
2710 2929 2979 2999 duplicem
3022 2932 3485 2986 consecrationem
3518 2930 3656 2987 Ora-

2047 3060 2051 3064 .
2078 3021 2201 3074 torii
2234 3021 2590 3091 distinguunt,
2625 3021 2849 3076 alterum
2881 3023 3207 3078 anteriorem
3231 3040 3371 3078 anno
3398 3041 3531 3079 uxttt
3557 3025 3658 3079 sub

2081 3107 2311 3163 Henrico
2335 3110 2352 3163 Ι
2379 3111 2730 3180 ltnperatore,
2757 3114 2980 3166 alteram
3011 3117 3109 3169 sub
3135 3118 3387 3170 tionraJo
3414 3118 3469 3171 ll.
3505 3116 3659 3171 Unde

2083 3190 2246 3256 totius
2274 3204 2616 3258 instrumenti
2645 3205 2759 3261 latae
2786 3222 2948 3262 sensu
2973 3218 3247 3280 corrupto,
3280 3218 3334 3265 et
3365 3205 3656 3266 Ifenticum

2080 3294 2334 3349 Conrado
2362 3297 2718 3363 substituunt,
2759 3309 2813 3354 et
2841 3315 2937 3369 pro
2965 3301 3141 3356 Gisela
3172 3304 3287 3366 ejus
3316 3316 3485 3357 uxore
3513 3302 3657 3358 Clu!

2082 3387 2382 3454 negundem
2434 3388 2652 3457 legunt,
2706 3400 2761 3444 et
2809 3407 2906 3461 pro
2946 3392 3229 3462 Rcdulpho
3275 3393 3664 3451 Parivroncnsi

2081 3474 2356 3544 episcopo,
2378 3476 2443 3529 ad
2472 3478 2935 3534 consecrationem
2969 3482 3154 3542 misso,
3180 3480 3443 3537 Menrezc.
3468 3498 3520 3538 m
3548 3483 3664 3551 ejus

2080 3577 2480 3623 antecessorem
2527 3571 2847 3641 subrogant,
2893 3583 3001 3626 tam
3042 3574 3188 3628 nullo
3228 3575 3441 3643 penitus
3474 3574 3663 3629 funda-

2082 3669 2285 3725 mento,
2312 3674 2473 3728 quam
2504 3675 2659 3716 casso
2687 3677 2908 3731 prorsus
2934 3662 3147 3729 labors;
3196 3663 3479 3719 Francbus
3516 3667 3662 3720 cn'm

2080 3751 2269 3805 mutila
2307 3752 2440 3805 bitat
2467 3751 2520 3805 in
2552 3753 2796 3823 margine
2826 3754 2990 3809 verba
3023 3755 3141 3810 ltta:
3187 3756 3494 3820 abbatissm,
3536 3756 3665 3809 sub;

2085 3850 2258 3896 tracto
2309 3841 2575 3912 Rudolphi
2630 3845 2877 3911 nomine,
2929 3845 3031 3901 hoc
3082 3848 3261 3902 modo.
3315 3866 3336 3899 ι
3368 3847 3665 3923 honoratur

2088 3951 2108 3984 ι
2137 3933 2376 4003 dirigens
2411 3932 2867 3991 Pavibroncnsem
2910 3938 3129 4008 dignum
3163 3937 3273 3993 Deo
3304 3938 3605 4009 praasulem,
3638 3957 3658 3992 ι

2082 4026 2321 4097 citatque
2386 4028 2805 4084 instrumentum
2870 4030 2987 4085 ltta:
3053 4024 3339 4086 abbatissa:
3397 4032 3464 4086 de
3522 4047 3666 4086 anno

2082 4132 2329 4185 lxxxtx,
2369 4120 2510 4189 quod
2542 4130 2692 4175 certe
2735 4120 3074 4192 Rodulpbum
3116 4123 3392 4192 exprimit,
3434 4138 3666 4191 eumque

2083 4225 2112 4263 a
2142 4209 2392 4266 Conrado
2424 4214 2685 4278 missum,
2724 4230 2830 4269 non
2871 4216 2939 4269 ab
2981 4216 3215 4271 llenrico
3247 4217 3464 4277 fatetur,
3507 4217 3666 4286 idque

2081 4313 2205 4373 post
2250 4301 2436 4358 Jacobi
2496 4304 2749 4359 Fesulani
2806 4306 3043 4376 episcopi
3095 4317 3365 4368 mortem,
3424 4299 3667 4374 adeoque

2082 4409 2225 4448 armo
2247 4409 2518 4458 urxxvm,
2554 4410 2660 4449 non
2685 4411 2852 4461 ut";
2890 4405 2944 4450 et
2978 4397 3193 4465 quidem
3236 4398 3300 4450 de
3339 4396 3536 4466 prima,
3559 4407 3665 4451 non

403 4482 494 4537 hic
524 4481 911 4552 paragraphus.
942 4480 1177 4547 Quilibet
1220 4481 1467 4535 curiosus
1508 4480 1795 4550 ea'legero
1840 4490 1985 4549 pote-
2011 4495 2058 4555 ι)
2084 4487 2151 4541 de
2210 4490 2444 4545 secunda
2506 4491 2913 4546 consecratione
2947 4508 2960 4544 :
3001 4507 3124 4545 nam
3182 4492 3248 4546 ad
3310 4490 3436 4544 illud
3497 4503 3668 4558 usque

406 4573 500 4636 rit,
534 4573 675 4642 apud
722 4572 1037 4643 praedictum
1066 4569 1368 4627 Guidonem
1402 4570 1678 4626 Grandqu
1717 4578 1825 4624 tota
1872 4569 1981 4624 dis-

405 4668 701 4721 sertatione
737 4665 995 4721 secunda.
1047 4662 1115 4718 llt
1155 4673 1335 4719 autem
1378 4663 1446 4718 de
1485 4662 1819 4733 argumentis
1865 4660 1983 4730 ejus

408 4756 605 4820 dicam,
645 4756 786 4825 quod
815 4756 1022 4820 sentio,
1075 4756 1141 4810 iis
1171 4754 1425 4824 expensis
1471 4754 1601 4807 mihi
1650 4753 1865 4807 videtur
1892 4768 1984 4807 ne-

408 4860 581 4910 cesse,
608 4854 665 4901 ut
699 4844 1151 4908 Vallumbrosani,
1188 4854 1284 4898 aut
1309 4842 1742 4898 Florentinorum
1777 4843 1984 4913 episco-

411 4949 598 5004 porum
626 4934 942 5005 Catalogum
978 4936 1271 5006 corrigam,
1298 4944 1392 4988 aut
1414 4934 1598 4990 Attoni
1620 4934 1983 4991 Simoniacam

411 5024 585 5078 labem
634 5038 927 5095 aspergere
971 5023 1267 5089 desinant,
1316 5033 1408 5079 aut
1449 5025 1685 5097 denique
1738 5026 1983 5081 ordinem

413 5130 568 5169 suum
610 5118 786 5173 serius
836 5114 1139 5170 institutum
1194 5114 1467 5170 fateantur
1512 5135 1526 5172 :
1569 5132 1719 5182 nam,
1767 5130 1888 5187 qua:
1932 5117 1986 5172 in

2097 4587 2310 4648 tempus
2339 4581 2456 4636 sine
2484 4581 2713 4636 ecclesia
2743 4590 2982 4636 moratos
3018 4581 3312 4636 monachos
3350 4581 3524 4635 docet.

2158 4687 2178 4720 ι
2214 4670 2329 4723 ll3.
2356 4669 2457 4738 Qui
2491 4686 2616 4727 vero
2645 4687 2757 4727 rem
2787 4674 2928 4726 haue
2969 4674 3035 4725 ad
3075 4670 3367 4725 Henricum
3405 4670 3667 4732 referunt,

2042 4782 2047 4785 -
2082 4767 2143 4813 ιιι
2171 4758 2239 4813 B.
2262 4759 2480 4815 Theuzo
2505 4762 2557 4816 in
2584 4762 2690 4816 vita
2726 4760 2783 4816 S.
2812 4759 3035 4816 Joannis
3065 4775 3186 4830 cap.
3218 4759 3303 4821 lo.
3337 4761 3537 4816 Xantes
3566 4759 3671 4811 Pe-

2084 4850 2303 4905 rusinus
2334 4851 2384 4904 itt
2418 4852 2606 4906 eadem
2644 4852 2752 4907 vita
2787 4866 2909 4922 pag.
2953 4853 3045 4917 l5,
3084 4861 3141 4907 et
3181 4850 3241 4905 8.
3283 4850 3426 4905 Albo
3467 4849 3673 4919 pariter

2087 4939 2142 4996 in
2168 4944 2276 4997 vita
2303 4959 2423 5013 cap.
2465 4944 2558 5006 22.
2606 4944 2936 5015 intelligendi
2984 4960 3091 5001 non
3136 4949 3261 4998 sunt
3298 4944 3365 4996 de
3396 4939 3673 4995 Henrico!

2086 5034 2181 5088 sed
2211 5034 2277 5087 de
2303 5033 2365 5097 ll,
2395 5036 2485 5105 qui
2509 5035 2740 5091 Conradi
2773 5035 2942 5107 ipsius
2968 5038 3112 5093 ﬁlius
3140 5040 3275 5096 erat,
3293 5031 3513 5100 jamque
3533 5030 3678 5096 regis

2087 5124 2303 5179 titulum
2334 5125 2660 5195 obtinuerat,
2705 5137 2761 5184 et
2809 5137 3022 5197 patrem
3060 5128 3115 5181 in
3149 5123 3354 5177 Italiam
3394 5120 3683 5176 comitatus
