4110 5362
474 335 580 393 7ιὸ

1554 332 1613 388 8.
1654 331 1936 391 ΙΟᾹΝΝῙΞ
1972 331 2358 390 GUALBERTI
2398 332 2682 390 ABBATIS

3636 335 3741 388 7H

474 455 594 511 torii
623 450 1078 510 consecrationem
1104 447 1376 507 distinxit;
1414 449 1645 518 priorem
1677 449 1776 502 sub
1821 447 2052 502 lieni-iro
2081 460 2126 515 Α
2156 455 2207 508 in
2262 449 2472 518 signum
2525 458 2690 519 grata:
2740 448 2840 502 sibi
2894 449 3176 504 admodum
3223 447 3450 503 actionis
3509 455 3739 520 aspexit.

471 560 572 616 per
597 544 956 603 Menvercum,
989 540 1341 608 posteriorem
1381 538 1480 593 sub
1517 537 1765 592 Conrado
1809 552 1908 606 per
1951 537 2054 591 Ιιοο

472 636 755 704 dulpbum,
781 632 968 686 ambos
993 629 1460 684 Padcrbornenses
1481 628 1788 697 episcopos;
1820 628 1912 681 sed
1942 636 2049 681 tan-

476 736 588 780 tum
617 730 810 794 prteter
847 720 1077 789 primam
1123 717 1357 773 Oratorii
1407 718 1834 772 consecratioem
1881 717 1950 771 ab
1988 731 2056 770 eo

468 814 741 881 episcopo,
757 825 917 880 quem
946 809 1235 876 imperator
1257 807 1478 862 miserat
1499 805 1807 878 (llodull‘um
1828 805 2054 875 scilicet)

472 905 691 963 factam,
725 908 909 954 narrat
937 899 994 952 8.
1020 899 1161 952 Atho
1204 912 1323 966 cap.
1367 896 1440 950 22
1479 896 1716 959 laudato,
1760 894 2055 949 oratorium

468 992 811 1061 ampliatum,
841 998 1214 1045 consecratum
1254 1002 1443 1042 rursus
1479 997 1599 1056 post
1645 986 1848 1054 aliquot
1887 999 2058 1039 annos

471 1079 638 1137 fuisse
669 1083 735 1135 ab
763 1082 1003 1136 lluberto
1050 1078 1106 1134 S.
1157 1079 1221 1132 R.
1267 1078 1324 1132 Ε.
1367 1077 1635 1132 Cardinali
1680 1076 1736 1131 S.
1798 1076 2054 1136 lluﬂinre;

471 1175 633 1228 aliam
685 1183 831 1227 certe
878 1169 1341 1226 consecrationem
1382 1168 1450 1238 (si
1503 1181 1621 1235 qua:
1665 1180 1734 1220 ex
1771 1165 2054 1236 hypothcsi

475 1263 658 1318 Dicaci
699 1261 933 1315 Franehi
987 1258 1368 1329 praecessisset)
1404 1257 1594 1312 eodem
1636 1257 1755 1311 loco
1784 1271 1887 1309 non
1919 1271 2058 1325 prte~

475 1354 842 1407 termissnrus.
874 1370 892 1401 ›
928 1349 1249 1418 Episcopum
1281 1348 1604 1404 catholicum
1635 1347 1704 1400 ad
1735 1345 1901 1400 Vallis
1933 1345 2060 1402 Um-

474 1447 646 1502 brosae
671 1455 1074 1505 monasterium,
1101 1440 1190 1509 qui
1213 1455 1478 1494 summum
1504 1439 1674 1494 altare
1694 1444 2056 1494 consecraret.

472 1535 543 1589 ab
593 1535 821 1587 Henrico
867 1531 906 1586 ll
955 1531 1174 1584 missum
1213 1529 1376 1585 fuisse
1411 1537 1558 1582 tenet
1601 1529 1760 1583 etiam
1797 1527 2060 1581 Baronius

473 1635 607 1677 tom.
659 1622 723 1676 XI
759 1620 1043 1682 Annalium
1077 1622 1144 1676 ad
1170 1634 1369 1673 annum
1408 1618 1606 1674 Christi
1653 1616 1810 1672 1055.
1849 1616 1954 1671 Sed
1993 1617 2062 1670 ab

474 1716 581 1768 hac
617 1712 951 1783 digressione
990 1711 1055 1764 ad
1089 1709 1376 1763 Mabillonii
1409 1707 1784 1762 chronotaxim
1826 1713 2062 1760 reverta-

471 1819 634 1866 ntur,
694 1812 1046 1870 nostrumque
1095 1800 1160 1855 de
1211 1815 1273 1854 ea
1317 1787 1578 1869 judicium
1625 1811 1837 1853 Sincere
1890 1811 2057 1867 expo-
2091 1783 2134 1843 Β

471 1908 689 1949 namus.

545 1985 668 2039 1M.
706 1983 1004 2040 Conﬁrmat
1033 1985 1352 2044 sententiam
1379 1997 1553 2046 suam,
1588 1997 1750 2054 supra
1792 1998 2060 2038 memora-

476 2088 608 2140 tam,
635 2079 686 2130 in
719 2076 1182 2130 observatimiilms
1208 2075 1418 2145 praeviis
1447 2077 1514 2130 ad
1545 2075 1717 2130 Vitam
1747 2076 1806 2132 8.
1839 2075 2062 2133 Joannis

469 2166 748 2221 Cnalberti
799 2166 992 2221 satculo
1035 2181 1084 2219 v1
1125 2165 1493 2230 Benedictino,
1528 2177 1677 2236 parte
1692 2167 1745 2231 2,
1783 2182 1903 2237 pag.
1933 2167 2058 2233 166,

477 2259 562 2314 his
585 2260 760 2314 verbis
788 2276 800 2311 ε
839 2277 858 2311 ι
882 2257 998 2326 Quo
1027 2268 1264 2328 tempore
1300 2259 1354 2312 in
1398 2257 1892 2314 Vallumbrosanam
1923 2259 2056 2314 soli-

473 2350 713 2406 tudinem
765 2349 1054 2408 secesserit
1096 2347 1360 2414 Joannes,
1412 2349 1710 2420 colligimus
1754 2364 1823 2404 ex
1871 2349 2062 2405 litteris

472 2440 610 2506 lttzc,
640 2442 810 2496 sancti
837 2439 1023 2494 Hillari
1054 2440 1356 2503 abbatissae,
1393 2455 1513 2510 qua:
1535 2440 1731 2505 locum,
1758 2450 1915 2495 antea
1939 2440 2060 2496 Bel-

472 2537 584 2592 jam
610 2532 818 2602 Aquam
855 2531 1076 2591 dictum,
1117 2530 1218 2600 ipsi
1257 2530 1322 2583 ad
1371 2531 1752 2585 exstruendum
1797 2540 2064 2584 monaste-

477 2623 617 2676 rium
662 2621 930 2677 conccssit
975 2636 1116 2674 anno
1165 2636 1389 2675 uxxxrx.
1419 2640 1436 2670 ι
1481 2619 1551 2675 Ut
1596 2628 1831 2674 mentem
1889 2634 2060 2674 meam

472 2716 706 2768 candide
744 2714 1002 2782 aperiam,
1060 2712 1244 2783 judico
1279 2711 1498 2766 omnino
1544 2711 1747 2766 incerta
1785 2724 1903 2764 esse
1945 2726 2064 2779 «pne

472 2806 724 2874 superius
769 2806 834 2858 de
886 2814 1124 2873 tempore
1169 2803 1528 2860 Gualbcrtinte
1570 2802 1954 2867 conversionis,
1997 2803 2063 2857 de

476 2894 756 2949 decennali
793 2895 1214 2950 commoratione
1259 2894 1312 2947 in
1350 2894 1678 2948 monasterio
1703 2892 1758 2948 8.
1798 2893 2058 2958 Miniatis,

476 2998 532 3040 et
582 2988 646 3040 de
695 3001 836 3040 antro
883 2999 1152 3054 causaque
1202 2985 1470 3040 discessus
1509 2985 1748 3039 tradidit.
1807 2985 2064 3053 Quamvis

470 3089 660 3132 autem
684 3093 749 3133 ex
781 3079 975 3134 litteris
1002 3078 1115 3133 ltttc
1143 3079 1429 3138 abbatissae
1460 3094 1600 3133 anno
1633 3078 1765 3134 1039
1789 3079 1931 3165 datis
1955 3094 2058 3132 non
2089 3117 2134 3178 ϐ

474 3167 909 3237 improbabiliter
939 3168 1362 3226 Vallumbrosani
1390 3167 1609 3226 Ordinis
1631 3155 1920 3240 primordia
1954 3169 2065 3225 col-

475 3262 629 3331 ]igat,
665 3270 843 3316 tamen
887 3262 999 3316 hzec
1034 3260 1149 3329 ejus
1188 3262 1580 3330 argumentatio
1613 3271 1820 3331 tempus
1848 3262 2056 3316 institu-

475 3352 641 3406 tionis
668 3367 774 3405 non
803 3353 935 3407 satis
956 3354 1232 3408 evidenter
1251 3353 1594 3408 determinat.
1635 3352 1814 3408 Potuit
1835 3369 2065 3424 namque

476 3441 540 3496 8.
569 3439 804 3499 Joannes
830 3440 1152 3497 Gualbertus
1186 3451 1311 3497 ante
1341 3442 1454 3497 lttae
1482 3442 1823 3498 donationem
1849 3452 1904 3497 et
1926 3442 2064 3497 Ora-

415 3533 417 3535 ’
478 3535 603 3589 torii
641 3534 723 3588 sui
766 3533 1156 3589 dedicationem
1199 3533 1396 3588 dudum
1441 3533 1492 3586 in
1529 3531 1616 3586 illa
1659 3532 1945 3587 solitudine
1988 3530 2068 3584 vi-

477 3625 643 3680 xisse.
667 3625 723 3679 1d
745 3622 1138 3694 quodammodo
1163 3622 1468 3692 signiﬁcare
1490 3622 1700 3676 videtur
1719 3620 1776 3672 Β.
1800 3620 2064 3684 Andreas,

471 3716 699 3785 quando
727 3731 873 3770 num.
910 3715 997 3778 16,
1021 3714 1150 3769 dicit
1172 3729 1265 3768 eos
1291 3713 1553 3767 mansisse
1579 3731 1595 3763 ι
1615 3721 1858 3780 tempore
1880 3710 2065 3776 multo,

476 3811 714 3877 gignettm
745 3805 1117 3859 tantummodo
1151 3805 1414 3859 habentes
1444 3804 1772 3867 oratorium;
1807 3822 1826 3852 ι
1853 3818 1919 3858 ac
1945 3803 2066 3856 dein

474 3877 630 3952 amni.
675 3896 760 3958 19,
798 3896 908 3965 agit
959 3898 1023 3949 de
1076 3895 1384 3948 monasterii
1411 3893 1532 3948 loco
1559 3896 1626 3947 ab
1665 3895 1763 3950 ltta
1788 3893 2070 3952 abbatissa

475 3987 708 4050 tradito;
765 3985 1086 4054 tandemque
1141 4000 1286 4038 nmn.
1331 3984 1418 4046 98,
1468 3985 1566 4039 loci
1613 3985 2068 4040 consecrationem

479 4094 574 4132 seu
598 4076 986 4131 dedicationem
1013 4083 1292 4130 memorat.
1334 4075 1602 4141 Quantum
1634 4084 1812 4129 autem
1842 4076 1983 4130 inter
2007 4091 2070 4129 ea

480 4169 651 4222 fuerit
676 4170 934 4236 temporis
981 4165 1348 4230 intervallum,
1380 4181 1483 4219 non
1524 4174 1608 4220 est
1637 4176 1942 4234 promptum
1991 4168 2072 4219 di-

463 4255 689 4314 ‘vrinare.
731 4258 1067 4328 Quapropter
1090 4257 1218 4310 mihi
1242 4274 1346 4312 non
1372 4266 1455 4311 est
1483 4257 1692 4311 animus
1724 4272 1790 4312 ex
1825 4257 2074 4316 indeﬁni.

479 4351 556 4404 tis
582 4359 821 4403 veterum
859 4348 1102 4403 terminis
1142 4358 1197 4402 et
1232 4347 1452 4403 incertis
1498 4348 1854 4402 recentiorum
1893 4347 2067 4415 conje~

2155 540 2287 594 Cum
2335 548 2479 593 tanta
2510 541 2681 596 victus
2721 539 2899 594 divina
2944 539 3226 595 clementia
3273 539 3581 594 nzonasticm
3617 539 3742 595 vitae

2155 629 2381 696 arripuit
2413 629 2735 685 institutum.
2792 628 2897 684 Sed
2951 639 3136 698 postea
3181 629 3429 683 abbatem
3483 629 3741 686 deserens

2157 716 2540 784 Simoniacum,
2588 719 2712 773 novi
2754 719 2970 774 Ordinis
3015 721 3421 782 monachorum,
3468 719 3738 775 dictorum

2159 806 2321 862 Vallis
2349 807 2646 874 Umbrosa',
2673 800 2846 865 factus
2871 819 2952 865 est
2984 811 3258 866 Institutor
3297 812 3351 866 et
3383 819 3593 876 auctor,
3629 811 3741 866 vir-

2159 896 2363 952 tatibus
2385 907 2544 968 atque
2573 900 2854 955 miraculis
2869 900 3069 955 clarus.
3100 918 3118 951 ›
3158 901 3296 967 Quid
3331 917 3397 956 ex
3443 902 3525 957 his
3572 903 3741 956 omni-

2158 985 2256 1040 bus
2278 996 2404 1041 ante
2438 989 2755 1042 decennium
2793 989 3083 1058 c0ntigisse
3124 990 3270 1054 velit,
3323 992 3520 1046 nescio.
3560 992 3740 1058 Quare

2158 1073 2211 1126 id
2238 1074 2391 1129 alteri
2423 1089 2509 1129 me
2534 1076 2773 1145 peritiori
2801 1077 3210 1132 discernendum
3237 1079 3500 1148 relinquo.
3543 1079 3739 1150 Ughel-

2162 1177 2245 1226 lus
2299 1179 2464 1235 agens
2511 1166 2578 1221 de
2621 1163 2982 1234 Regembaldo
3017 1167 3267 1238 episcopo
3312 1169 3594 1234 Fesdauo,
3649 1169 3739 1239 qui

2163 1263 2406 1309 mortuus
2463 1263 2548 1310 est
2578 1263 2718 1311 ante
2761 1270 2962 1310 annum
3017 1256 3192 1322 1028,
3245 1256 3743 1316 Vallumbrosanam

2156 1341 2638 1414 Congregationem
2677 1345 2808 1401 facit
2844 1346 3225 1415 antiquiorem,
3251 1354 3307 1401 et
3334 1347 3404 1401 ita
3433 1349 3742 1404 indetermi-

2160 1445 2284 1490 nate
2311 1436 2547 1508 loquitur
2570 1448 2700 1495 tom.
2727 1440 2791 1495 111
2833 1441 2996 1494 Italia:
3019 1454 3219 1507 sacrae,
3241 1442 3340 1498 col.
3373 1443 3500 1498 285.
3524 1461 3542 1494 ι
3573 1444 3740 1515 Hujus

2160 1527 2394 1597 episoOpi
2441 1531 2770 1598 temporibus
2818 1531 3022 1587 Fesula:
3073 1533 3312 1588 funditus
3363 1535 3558 1591 excisze
3594 1546 3738 1604 Slllll,

2161 1624 2270 1670 una
2308 1619 2606 1674 cathedrali
2644 1630 2888 1691 excepta,
2935 1637 3076 1676 anno
3120 1638 3214 1677 ιχ.
3256 1623 3591 1681 lliustravcre
3637 1627 3741 1681 lte-

2160 1711 2425 1780 gembaldi
2447 1713 2633 1782 optimi
2669 1714 2912 1784 prmsulis
2933 1715 3297 1784 pontiﬁcatum
3327 1717 3449 1770 data
3494 1718 3546 1771 in
3580 1719 3746 1788 ipsius

2161 1801 2378 1856 dimcesi
2409 1799 2596 1857 Ordini
2634 1801 3078 1859 Vallumbrosano
3125 1821 3154 1858 a
3206 1804 3411 1860 Joanne
3455 1807 3744 1862 Cualberto

2162 1889 2496 1947 nobilissimo
2530 1889 2843 1948 Florentino
2883 1893 3017 1956 cive,
3052 1909 3115 1948 ac
3154 1895 3414 1968 religiosa:
3447 1896 3622 1950 sancti
3649 1896 3746 1949 Mi-

2162 1984 2324 2037 niatis
2352 1985 2542 2038 domus
2589 1983 2948 2040 Benedictinze
2981 1984 3196 2041 familim
3227 1989 3610 2042 monachorum
3645 1987 3746 2041 ini-

2165 2075 2257 2128 tia.
2283 2093 2300 2125 ι
2345 2075 2600 2129 Attendat
2622 2077 2709 2130 hic
2737 2076 2908 2132 leetor
2944 2077 3010 2130 ad
3048 2079 3359 2132 monasterii
3408 2078 3466 2133 S.
3509 2077 3745 2132 ﬁniatis

2161 2165 2464 2230 exordium,
2496 2165 2729 2235 illudque
2757 2181 2878 2221 cum
2909 2168 3230 2238 supradictis
3254 2167 3515 2225 conferat.

2234 2257 2356 2314 116.
2385 2257 2467 2313 Ad
2493 2258 2700 2328 Ughelli
2723 2261 3028 2329 opinionem
3053 2260 3296 2330 proxime
3315 2263 3576 2317 accedunt
3594 2261 3743 2316 Onu-

2162 2349 2346 2420 plurius
2374 2349 2662 2405 Panvinius
2690 2351 2744 2405 in
2779 2352 3045 2407 Chronico
3082 2353 3464 2416 ecclesiastico,
3509 2351 3745 2408 Joannes

2161 2439 2398 2510 Baptista
2430 2441 2780 2498 Riccioliusin
2801 2441 3151 2515 Chronologia
3173 2444 3481 2500 Reformata
3504 2454 3631 2501 tom.
3658 2445 3745 2510 Ill,

2161 2547 2283 2604 pag.
2307 2533 2424 2600 150,
2450 2532 2726 2603 Philippus
2755 2533 2999 2591 Labbeus
3028 2537 3458 2608 inlChronologia
3481 2537 3745 2593 Historica

2165 2622 2374 2688 tom.ll,
2391 2633 2534 2692 part.
2560 2639 2622 2688 ιι,
2649 2637 2714 2678 ac
2748 2623 3053 2695 Alphonsus
3082 2627 3395 2682 Ciacconius
3425 2627 3478 2681 in
3504 2627 3740 2682 Historia

2163 2712 2485 2768 Pontiﬁcum
2529 2713 2892 2771 Romanorum
2943 2731 3006 2771 ac
3048 2716 3108 2773 S.
3161 2719 3223 2770 Β.
3270 2719 3330 2772 Ε.
3380 2719 3746 2774 Cardinalium

2166 2815 2295 2859 tom.
2321 2804 2362 2871 1,
2397 2805 2501 2859 col.
2540 2806 2664 2871 Tit,
2713 2807 2805 2875 qui
2849 2822 3036 2863 omnes
3065 2807 3281 2863 Ordinis
3322 2809 3747 2865 Vallumbrosani

2165 2895 2558 2953 institutionem
2599 2897 2667 2952 ad
2710 2911 2910 2951 annum
2947 2897 3145 2953 Christi
3190 2897 3327 2954 1050
3374 2899 3632 2954 referunt.
3679 2902 3749 2953 At

2163 2999 2271 3040 non
2299 2985 2475 3051 video,
2529 2987 2796 3057 quomodo
2825 2987 3092 3043 Ciacconii
3150 2988 3372 3043 historia
3400 3005 3429 3044 a
3463 2989 3748 3045 Vietorello

2164 3086 2219 3131 et
2264 3075 2492 3132 Oldoino
2535 3087 2690 3132 aucta
2721 3079 2853 3132 satis
2895 3079 2999 3132 sibi
3058 3088 3286 3133 constet.
3347 3080 3566 3149 Legitur
3602 3081 3746 3134 enim

2167 3179 2296 3224 tam.
2323 3167 2365 3234 l,
2396 3168 2500 3224 cel.
2531 3167 2683 3234 1021,
2717 3169 2831 3225 haec
2875 3171 3101 3226 asseon
3129 3157 3191 3223 εἰ
3220 3168 3331 3226 Sub
3357 3169 3562 3226 Jemrue
3604 3168 3726 3226 XlX

2163 3274 2304 3314 anno
2330 3260 2541 3314 Domini
2571 3274 2738 3325 lxxx,
2770 3259 3122 3332 Congregatio
3158 3262 3310 3316 tertia
3359 3263 3529 3316 sancti
3576 3262 3746 3317 Bene-

2165 3350 2455 3420 dicti,quze
2486 3349 2650 3406 Vallis
2674 3350 2948 3406 Umbrosm
2970 3352 3184 3416 dicitur.
3211 3352 3468 3423 originem
3492 3354 3694 3408 habuit.
3723 3370 3746 3405 ι

2165 3440 2342 3509 Atque
2373 3441 2612 3509 ejusdem
2643 3440 2769 3494 tomi
2799 3440 2902 3495 col.
2936 3441 3063 3506 86'2,
3088 3441 3284 3496 dicitur
3312 3443 3376 3496 ad
3405 3442 3462 3496 8.
3485 3439 3748 3499 Joannem

2166 3529 2513 3584 Gualbertum
2527 3531 2824 3584 accurrisse
2851 3547 2868 3580 ι
2895 3529 3182 3584 Dominicte
3201 3530 3587 3587 Incarnationis
3604 3547 3749 3587 anno

2168 3635 2362 3684 vaut,
2421 3621 2564 3675 inter
2612 3621 2992 3690 discipulorum
3035 3621 3273 3691 primos,
3323 3623 3748 3679 adolescentulus

2138 3714 2142 3718 '
2168 3710 2384 3778 quidam
2411 3707 2772 3772 Florentinus,
2797 3710 2986 3765 Petrus
3010 3712 3243 3776 nomine,
3272 3709 3437 3776 clara,
3464 3721 3521 3766 ut
3547 3713 3747 3780 ferum,

2168 3799 2685 3855 Aldobrandiuornm
2707 3801 2876 3870 stirpe
2900 3803 3226 3874 progenitus,
3257 3803 3424 3873 ipsius
3448 3805 3618 3858 sancti
3645 3804 3750 3859 Pa-

2171 3888 2268 3942 tris
2298 3888 2614 3958 conjunctus
2647 3898 2703 3946 et
2739 3891 2930 3945 atlinis.
2957 3909 2976 3943 »
3030 3891 3156 3946 llaec
3177 3893 3300 3947 dum
3337 3893 3607 3948 conciliari
3645 3907 3751 3948 non

2166 3988 2413 4047 possunt,
2467 3981 2568 4036 nisi
2614 3980 2736 4050 quis
2785 3981 2980 4036 dixerit
3016 3979 3073 4035 8.
3109 3980 3366 4036 Joannem
3404 3981 3750 4037 Gualbertunt

2172 4071 2357 4126 nmltis
2379 4072 2534 4127 annis
2585 4072 2638 4126 in
2676 4073 2961 4128 solitudine
2991 4071 3429 4128 Vallumbrusana
3463 4073 3754 4144 discipulos

2174 4164 2447 4229 habuisse,
2474 4173 2758 4235 antequam
2789 4165 3042 4222 Ordinem
3083 4180 3236 4220 suum
3275 4165 3595 4221 institueret.
3636 4164 3750 4220 Hoc

2174 4253 2217 4308 si
2253 4255 2372 4322 quis
2411 4253 2576 4308 solide
2613 4255 2924 4318 ostenderit,
2967 4255 3064 4309 has
3103 4255 3236 4308 duas
3267 4255 3498 4324 epochas
3526 4271 3631 4309 non
3656 4269 3755 4327 pu-

2177 4359 2341 4413 gnare
2365 4343 2590 4399 libenter
2617 4344 2846 4400 fatebor.

477 4426 656 4496 eturis
695 4449 833 4495 hanc
861 4449 997 4494 inter
1027 4437 1518 4504 Vallumbrosanos,
1546 4437 1982 4493 Camaldulenscs
2010 4453 2071 4492 ac
2102 4450 2150 4508 ι)
2247 4437 2367 4490 117.
2425 4437 2700 4492 Postremo
2743 4439 2847 4492 hoc
2893 4435 3009 4492 loco
3058 4435 3353 4506 palpabiles
3399 4436 3750 4508 quorumdam

483 4532 867 4586 Benedictinos
903 4529 1325 4585 controversiam
1355 4529 1639 4594 dirimere;
1691 4529 1782 4584 sed
1825 4530 2070 4599 quisgue,

477 4622 630 4693 quod
659 4621 799 4676 volet
817 4622 1033 4685 sentiat,
1059 4621 1228 4675 donec
1247 4636 1310 4674 ex
1335 4618 1655 4675 certioribus
1682 4620 2069 4681 monumentis.

481 4729 668 4781 forsan
699 4714 798 4769 hac
825 4712 1108 4768 occasione
1133 4713 1402 4776 eruendis,
1425 4713 1488 4766 de
1515 4712 1589 4767 rei
1610 4712 1835 4768 veritate
1865 4711 2064 4782 liquido

482 4804 812 4862 constiterit.
849 4803 1001 4857 Nunc
1026 4803 1252 4858 aliormn
1280 4802 1560 4872 opiniones
1589 4818 1619 4856 a
1649 4786 2073 4872 praecedenti..us

481 4896 856 4967 discrepantes
881 4894 1180 4948 audiamus.
1482 4964 1484 4967 ι
1822 4950 1827 4957 ,

560 4986 681 5040 115.
723 4985 982 5038 Barontus
1008 4993 1136 5039 tom.
1165 4982 1230 5036 XI
1249 4981 1534 5036 Annalium
1563 4982 1628 5036 ad
1650 4996 1848 5035 annum
1872 4980 2072 5035 Christi

491 5077 648 5140 1051,
676 5089 839 5145 agens
862 5074 927 5128 de
951 5074 1229 5138 miraculo,
1269 5075 1410 5143 quod
1451 5073 1734 5126 occasione
1765 5070 1958 5125 Leonis
2004 5070 2072 5124 1X

484 5185 658 5240 papae,
704 5169 758 5224 in
806 5169 1136 5225 monasterio
1186 5165 1498 5220 Passiniano
1545 5163 1882 5232 hospitantis,
1931 5177 1961 5215 a
2013 5162 2072 5214 8.

482 5261 694 5334 Joanne
729 5262 1020 5317 Gualberto
1050 5268 1318 5330 patratum
1362 5265 1466 5319 est,
1509 5254 1657 5321 vagis
1689 5253 1975 5307 admodum
2016 5260 2072 5304 et

2176 4527 2319 4582 circa
2371 4527 2527 4596 hujus
2574 4524 2792 4582 Ordinis
2839 4525 3227 4581 insti.utiooem
3282 4525 3753 4595 paracltronismos

2175 4619 2443 4689 detegam,
2466 4631 2601 4687 quos
2633 4616 2896 4683 retulisse,
2937 4616 3200 4671 refutasse
3225 4616 3348 4670 erit.
3387 4615 3753 4684 Legendarius

2173 4708 2380 4772 Callus,
2417 4708 2540 4761 alibi
2579 4706 2992 4778 hypercriticus,
3029 4707 3117 4761 hic
3163 4705 3343 4760 crisitn
3385 4720 3536 4759 suam
3575 4703 3756 4773 perdi-

2175 4797 2317 4850 disse
2343 4796 2551 4849 videtur
2574 4813 2586 4850 :
2613 4795 2746 4849 Nam
2770 4805 2899 4849 tom.
2931 4794 2990 4859 ll,
3024 4796 3073 4848 in
3115 4795 3222 4848 vita
3254 4794 3310 4846 S.
3341 4792 3561 4848 Joannis
3588 4792 3754 4847 Gual-

2174 4885 2310 4940 berti
2348 4885 2476 4940 dicit
2501 4885 2646 4939 hunc
2667 4883 2920 4940 Ordinem
2965 4900 3105 4937 anu.)
3134 4883 3258 4937 1051
3293 4883 3588 4938 institutum
3609 4896 3757 4940 esse.

2173 4977 2498 5031 Franciscus
2551 4976 2762 5045 Longus
2810 4990 2838 5028 a
2882 4974 3164 5030 Coriolano
3221 4975 3275 5029 in
3335 4989 3436 5031 suo
3480 4972 3760 5029 Breviario

2174 5069 2560 5139 Cbronologico
2588 5078 2756 5137 putat,
2779 5066 3257 5137 Congregationem
3287 5065 3452 5122 Vallis
3483 5065 3757 5121 Umbrosa

2177 5161 2385 5214 initium
2438 5161 2688 5215 habuisse
2734 5173 2874 5214 anno
2917 5158 3115 5214 Christi
3176 5156 3330 5213 1060.
3389 5159 3532 5214 ldem
3595 5158 3760 5214 sentit
3812 5175 3818 5181 ’

2173 5251 2406 5306 Joannes
2430 5250 2734 5306 Gualterius
2757 5251 2807 5304 in
2835 5249 3101 5306 Chronico
3126 5249 3514 5306 Chronicornm
3548 5259 3679 5305 tom.
3710 5247 3754 5312 l.

3065 5339 3199 5362 1-!!1‘
3263 5337 3533 5362 l1--|._--._.
3586 5338 3731 5362 n-|-

2660 5341 2896 5362 ---ξι--..Α
2935 5354 2949 5362 .
