4110 5362
320 313 422 369 7.εὸ

1853 315 1974 367 AL"!
1991 316 2056 366 Α.

3492 325 3600 378 748

316 425 439 479 bus.
466 442 483 473 ι
526 419 591 476 lli
623 419 765 475 forte
793 418 962 476 secuti
987 429 1116 476 sunt
1139 430 1410 480 errantem
1441 418 1763 492 Polydorum
1792 417 1912 474 Vir—
1940 427 1986 486 Α
2017 415 2233 471 mualdo
2267 431 2466 472 vixisse
2493 415 2754 476 Joannem
2791 434 3045 490 expresse
3076 425 3288 482 tradant
3313 431 3606 502 scriptores

317 505 522 586 gilium,
562 515 649 584 qui
676 515 727 568 in
753 527 915 584 opere
952 513 1018 568 de
1058 527 1238 567 rerum
1277 513 1646 568 inventoribus
1685 527 1806 583 pag.
1849 513 1903 579 7,

317 620 434 674 cap.
473 604 525 667 2,
559 605 720 660 etiam
755 619 955 659 annum
993 603 1150 668 l060,
1179 604 1365 672 prima:
1396 602 1551 672 hujus
1577 602 1792 658 Ordinis
1829 604 1909 657 in-

316 697 581 758 stitutioni
629 697 886 767 assignat.
934 695 1184 750 Crassius
1225 703 1478 751 errarunt
1521 694 1908 750 Volaterranus

315 789 406 843 lib.
439 805 550 853 ut,
579 799 632 844 et
669 788 936 842 Arnoldus
968 788 1240 843 Pontacus
1280 789 1564 858 episcopus
1592 787 1908 844 Vasetcnsis

315 897 368 935 tn
404 880 862 952 Chrouographia,
889 879 979 950 qui
1013 888 1195 934 tenent
1239 880 1377 934 hanc
1419 879 1907 950 Congregationem

313 973 540 1042 cmpisse
565 986 708 1025 anno
737 970 890 1024 1070.
934 970 1042 1025 Nec
1071 969 1289 1026 defuere
1310 971 1471 1025 etiam
1502 969 1638 1025 adeo
1670 971 1908 1025 historia:

314 1062 504 1132 ignari,
537 1071 592 1114 ttt
620 1076 762 1115 anno
792 1061 928 1116 N00
969 1061 1111 1115 hunc
1147 1060 1402 1116 Ordinem
1435 1062 1608 1131 primo
1655 1073 1906 1116 exortum

311 1165 431 1206 esse
453 1152 860 1206 somniaverim.
901 1151 1008 1206 Sed
1051 1153 1206 1206 taedet
1231 1152 1435 1206 diutius
1482 1152 1563 1207 his
1607 1153 1908 1208 referendis

309 1243 594 1296 inberere.
636 1241 712 1297 De
756 1253 926 1298 tuorte
977 1241 1035 1297 S.
1066 1241 1289 1298 Joannis
1319 1243 1595 1298 Gualherti
1630 1245 1906 1314 disputare

308 1341 527 1388 nonest
553 1347 812 1388 necesse:
856 1350 978 1387 nam
1014 1335 1151 1388 inter
1201 1350 1389 1389 omnes
1441 1335 1609 1389 ferme
1653 1335 1906 1389 convenit

311 1438 434 1477 cum
473 1422 669 1478 obiisse
701 1439 842 1478 anno
899 1423 1056 1479 l073.
1096 1426 1273 1492 Quare
1319 1424 1450 1479 nihil
1497 1425 1583 1479 hic
1629 1441 1906 1481 moramur

309 1530 536 1586 paucos,
565 1515 655 1584 qui
685 1515 751 1569 ad
783 1533 946 1570 unum
984 1516 1212 1572 alterum
1260 1532 1459 1572 annum
1503 1519 1570 1572 ab
1611 1519 1710 1572 hac
1757 1533 1902 1573 com-

306 1608 455 1662 muni
487 1608 755 1663 sententia
783 1608 942 1664 rcccd
951 1617 1063 1662 unt.

307 1739 338 1811 δ
527 1742 607 1796 Au
657 1743 886 1796 admissa
941 1741 1236 1814 Mabillanit’
1280 1743 1896 1814 aliorumquesententia

377 1813 516 1866 circa
555 1815 738 1866 seriem
774 1813 1191 1882 chronologicam
1238 1814 1298 1867 S.
1341 1813 1566 1867 Joannis
1607 1813 1897 1878 Guulberti,

368 1885 772 1954 potuerit‘idetn
815 1882 1038 1954 Sanctus
1083 1900 1200 1936 cum
1235 1885 1296 1938 δ.
1329 1882 1627 1937 Romualdo
1655 1901 1806 1954 agere
1846 1886 1900 1938 in

373 1968 550 2008 eremo
583 1951 1001 2007 Camaldulensi.

376 2065 451 2119 Ex
512 2065 830 2120 chronotaxi
890 2066 1202 2132 Mabillonii,
1261 2066 1510 2132 Barouii,
1562 2066 1899 2137 aliorumque

299 2156 638 2228 paragrapho
656 2156 981 2225 praecedenti
1010 2159 1173 2212 relata
1210 2157 1422 2211 videtur
1467 2157 1720 2213 historice
1746 2159 1897 2230 sequi

303 2246 365 2300 8.
418 2247 775 2302 ltomualdutn
825 2263 856 2302 a
903 2247 959 2303 8.
1017 2247 1223 2304 δαιοηο
1277 2249 1569 2304 Gualherto
1617 2250 1670 2304 in
1715 2265 1898 2305 eremo

301 2337 697 2393 Camaldulensi
726 2354 831 2394 non
856 2337 1023 2393 fuisse
1059 2340 1354 2403 inventum,
1381 2349 1563 2410 utpote
1592 2341 1681 2410 qui
1709 2355 1739 2394 c
1765 2341 1898 2396 vivis

299 2436 609 2482 excesserat
650 2421 1019 2483 anteanuutn
1068 2428 1216 2491 1027,
1261 2429 1416 2482 sicuti
1466 2445 1533 2482 ex
1585 2430 1897 2484 authentico

301 2516 660 2572 instrumento
687 2518 1009 2580 donationis,
1049 2516 1208 2570 Petro
1243 2516 1486 2588 Daguiuo
1521 2535 1551 2571 a
1587 2517 1896 2573 Theobaldo

297 2609 554 2680 episeopo
579 2611 802 2665 Arctino
835 2609 990 2664 facta:
1020 2611 1210 2679 probat
1237 2610 1377 2665 idem
1406 2610 1747 2666 Mabillonius
1789 2626 1887 2666 saec

296 2699 422 2754 culo
453 2714 501 2752 γι
531 2699 880 2756 Ιιριιεδίειίηο
913 2711 1065 2772 parte
1114 2721 1128 2756 ι
1174 2702 1226 2754 iu
1276 2702 1740 2758 observationibus
1784 2703 1891 2758 Ro-

294 2791 587 2846 tnualdinze
607 2791 744 2847 Vita:
773 2793 1083 2863 praemissis.
1125 2792 1307 2862 Neque
1332 2794 1471 2848 hanc
1495 2795 1893 2852 chrouotaxeos

295 2897 410 2936 sua:
454 2883 726 2952 sequelam
776 2884 1076 2938 dissimulat
1106 2883 1468 2949 Mabillouius;
1503 2887 1593 2939 sed
1633 2886 1684 2940 in
1709 2887 1892 2940 Anna-

296 2969 436 3026 libus
461 2971 826 3028 Beuedictiuis
855 2984 981 3028 tom.
1027 2973 1089 3028 IV
1131 2974 1196 3027 ad
1225 2990 1426 3029 annum
1471 2974 1670 3029 Christi
1727 2975 1886 3042 1058,

295 3061 378 3116 sic.
404 3079 520 3117 eam
557 3073 741 3133 aperte
767 3065 918 3135 ponit
945 3083 957 3118 ε
995 3083 1012 3116 ι
1040 3066 1342 3134 Antequam
1375 3065 1799 3121 Vallumbrosam
1830 3083 1887 3122 se

295 3157 560 3224 rec'pcret
595 3155 852 3222 Joannes,
897 3155 1265 3211 Catualdulum
1310 3156 1580 3225 profectus
1618 3166 1718 3221 est,
1765 3173 1888 3211 san-

288 3256 438 3300 ctam
470 3247 576 3301 illic
607 3248 965 3302 habitantium
997 3251 1459 3304 conversationem
1489 3248 1884 3318 exploraturus.

295 3336 427 3391 Erat
453 3339 630 3392 adhuc
663 3339 780 3409 ejus
807 3339 911 3394 loci
957 3339 1115 3396 Prior
1141 3339 1354 3406 Petrus,
1388 3340 1475 3410 qui
1508 3352 1728 3396 sanctos
1771 3340 1888 3394 illus

295 3429 534 3500 hospites
571 3431 622 3486 in
666 3448 817 3487 suam
850 3433 1160 3488 societatem
1192 3434 1451 3504 adOptare
1487 3435 1733 3490 tentavit.
1781 3433 1886 3491 V’e-

295 3537 413 3577 rum
475 3539 596 3578 cum
651 3539 838 3579 eorum
894 3526 962 3580 de
1018 3523 1348 3596 prmferenda
1404 3526 1727 3582 ctenobitica
1778 3527 1883 3581 vita

290 3615 623 3684 propositum
650 3615 1022 3682 intellexisset,
1062 3631 1156 3670 eos
1182 3616 1248 3670 ad
1276 3615 1403 3670 illud
1445 3617 1881 3688 persequendum

285 3710 606 3765 adhortatus
632 3721 735 3765 est.
777 3710 906 3765 lndc
941 3708 1180 3765 Joannes
1205 3725 1324 3764 cum
1349 3711 1511 3764 sociis
1546 3707 1883 3766 Vallumbro-

290 3815 408 3856 sam
445 3803 690 3867 accessit,
739 3817 860 3872 qua:
901 3802 1078 3856 medio
1123 3801 1238 3856 fere
1277 3801 1469 3856 itinere
1513 3802 1882 3858 Camalduluut

289 3891 434 3946 inter
457 3901 510 3946 et
531 3891 856 3947 Florentiam
878 3893 1049 3961 posita
1074 3903 1174 3946 est.
1199 3910 1218 3944 ι
1261 3891 1520 3944 Eamdem
1543 3906 1882 3963 consequen-

286 3984 422 4037 tiam
463 3982 749 4040 admittere
799 3986 957 4040 debet
987 3985 1267 4049 Baronius,
1310 4000 1432 4039 cum
1463 3987 1515 4039 in
1562 3985 1878 4054 Annalibus,

285 4083 418 4127 toni.
452 4073 540 4141 XI,
569 4075 634 4128 ad
660 4090 859 4129 annum
883 4071 1081 4130 Christi
1111 4075 1240 4129 1027
1267 4077 1322 4130 S.
1349 4075 1628 4151 Romuatttt‘
1674 4076 1878 4132 obitum

284 4165 537 4220 collOccl.

359 4261 478 4317 119.
517 4260 642 4318 Scio
677 4264 818 4319 hunc
850 4279 1197 4335 congressum
1239 4263 1296 4320 8.
1326 4263 1550 4320 Joannis
1577 4265 1872 4332 Gualbcrti,

279 4365 406 4404 cum
471 4351 530 4407 S.
576 4353 874 4408 llomualdo
926 4369 956 4408 a
1003 4348 1280 4424 plerisque
1325 4355 1710 4423 scriptoribus,
1764 4365 1874 4410 tum

2008 507 2372 577 probat'ssimi
2406 509 2880 569 Vallis-Umbrosa:
2903 516 2985 585 (ut
3009 517 3073 570 de
3099 521 3299 574 nostris
3319 521 3600 594 Fortunio,

2011 600 2218 665 Ractio,
2249 599 2429 665 Minio,
2461 602 2633 671 deque
2667 608 2866 662 exteris
2903 623 3062 678 quam
3111 609 3355 680 plurimis
3391 615 3602 690 sileam)

2009 691 2257 746 Andreas
2285 691 2589 759 Januens's,
2620 697 2707 764 qui
2736 697 2879 753 circa
2904 713 3104 754 annum
3137 701 3272 757 Hl9
3308 703 3508 769 floruit,
3536 708 3592 764 in

2011 781 2139 836 Vita
2183 782 2241 836 8.
2280 782 2434 837 Joan.
2484 783 2761 839 Gualberti
2797 803 2914 858 cap.
2961 790 3018 844 11
3047 807 3059 853 ;
3090 789 3445 864 Hieronymus
3487 795 3599 850 Ra-

2014 873 2290 939 diolensis,
2321 875 2412 944 qui
2441 889 2582 928 anno
2609 877 2825 931 circiter
2851 878 2984 934 1480
3012 881 3260 936 eamdem
3300 884 3469 939 Vitam
3501 901 3594 956 pa-

2012 965 2117 1019 trio
2142 980 2390 1021 sermone
2418 969 2714 1037 expressit;
2762 968 2963 1024 Xan'es
2985 970 3297 1039 Perusinus,
3328 975 3418 1044 qui
3452 977 3598 1034 circa

2011 1069 2211 1109 annum
2279 1057 2413 1110 £500
2464 1059 2652 1112 eadem
2703 1059 2979 1115 Gualberti
3047 1061 3178 1116 Acta
3223 1063 3439 1136 colltgit
3477 1081 3597 1136 pag.

2009 1145 2114 1211 2i;
2159 1146 2392 1202 Joannes
2438 1147 2771 1213 Joannalius,
2806 1151 2895 1220 qui
2923 1151 3022 1206 sub
3049 1152 3324 1209 Clemente
3355 1155 3463 1211 \"lll
3501 1156 3601 1212 Le-

2009 1238 2218 1291 ct'oztes
2260 1238 2316 1292 S.
2357 1236 2582 1293 Joannis
2618 1239 2914 1307 Cuzlberti,
2955 1239 3231 1298 Breviario
3259 1245 3594 1314 inserendas,

2009 1331 2332 1400 composuit,
2368 1341 2425 1386 ut
2457 1348 2515 1386 re
2557 1333 2666 1401 ipsa
2703 1335 2915 1388 demum
2953 1334 3170 1390 inserta:
3205 1347 3351 1403 sunt,
3377 1347 3539 1410 atque
3565 1356 3596 1394 a

2008 1419 2064 1474 8.
2101 1422 2164 1475 Β.
2194 1423 2252 1476 C.
2285 1423 2622 1493 approbata);
2653 1438 2716 1478 ac
2743 1424 2902 1479 dcuzu
2927 1440 2956 1478 n
3001 1426 3292 1482 novissime
3330 1429 3596 1485 Ascanius

2007 1509 2370 1566 Tamburiuus
2411 1513 2478 1567 de
2521 1512 2638 1567 Jur.
2681 1513 2822 1568 Abb.
2869 1523 2999 1569 tom.
3023 1517 3160 1586 disp.
3192 1516 3281 1582 24,
3315 1527 3504 1588 qumst.
3536 1518 3590 1586 5,

2006 1617 2156 1655 num.
2183 1601 2282 1668 20;
2309 1611 2360 1657 et
2383 1603 2611 1658 Didacus
2633 1603 2910 1661 Ftauchus
2942 1607 2993 1659 in
3021 1605 3118 1674 eju-
3140 1608 3260 1662 dem
3289 1609 3346 1662 S.
3369 1608 3592 1667 Joannis

2001 1693 2280 1749 Gualbcxti
2320 1695 2573 1762 Histria,
2623 1695 2714 1750 lib.
2755 1712 2837 1762 tv;
2895 1698 3201 1770 nostgisque
3249 1701 3436 1758 diebus
3485 1701 3596 1758 Ve-

1932 1773 1974 1834 Β
2002 1785 2220 1838 nantius
2250 1785 2452 1840 Simius
2490 1787 2540 1840 in
2581 1801 2679 1842 suo
2715 1786 2970 1860 Catalogo
3008 1791 3108 1845 litt.
3151 1807 3191 1858 ι,
3231 1805 3378 1848 num.
3420 1793 3474 1849 9.
3499 1813 3519 1846 ι
3599 1816 3602 1820 λ

2078 1875 2201 1929 120.
2242 1875 2395 1932 Ηιιειε
2432 1877 2845 1935 Rontualdinum
2891 1892 2946 1936 et
3000 1881 3406 1940 Guailrcrtinum
3458 1901 3590 1942 con-

1999 1983 2244 2038 gressum
2288 1986 2317 2022 a
2365 1970 2547 2026 citatis
2575 1973 2885 2027 aucterllus
2918 1988 2982 2028 ac
3034 1973 3304 2031 Erexiario
3349 1977 3593 2036 Romano

2001 2062 2182 2116 doceri
2226 2077 2329 2116 non
2365 2061 2606 2129 inlicior;
2637 2079 2700 2118 ac
2735 2065 3082 2120 vetustissimi
3125 2064 3256 2122 Vita:
3301 2069 3592 2139 scriptores

2000 2165 2122 2206 cum
2166 2152 2426 2208 intactum
2484 2153 2834 2224 reliquerunt,
2886 2158 3030 2225 quod
3059 2155 3261 2224 juvtrit
3293 2159 3590 2230 intelligere

1999 2261 2064 2301 ex
2100 2245 2276 2301 verbis
2308 2245 2586 2318 ip_.~iusmet
2617 2246 2816 2302 Granli
2853 2248 3073 2304 Dissert.
3105 2249 3160 2314 2,
3203 2265 3319 2319 cap.
3348 2251 3400 2309 8.
3432 2267 3582 2306 num.

1997 2336 2052 2402 2,
2087 2336 2157 2391 ita
2189 2334 2406 2390 fatentis
2438 2351 2452 2390 :
2496 2356 2514 2389 ι
2544 2337 2618 2392 Ex
2648 2354 2750 2392 una
2783 2348 2955 2408 rarte,
2987 2353 3104 2407 qua:
3133 2339 3200 2394 ad
3233 2342 3585 2396 asserendum

2001 2427 2356 2482 Ronutalduzn
2408 2437 2530 2499 post
2576 2443 2774 2483 annum
2825 2428 2962 2484 1032
3020 2433 3194 2485 adius
3241 2447 3404 2502 supxr
3434 2434 3586 2488 t'tem

1997 2519 2244 2586 superius
2265 2518 2490 2573 adducta
2518 2527 2663 2585 sunt,
2690 2519 2887 2574 invicte
2915 2536 3018 2575 non
3042 2522 3266 2590 proba-tt
3300 2525 3376 2579 ἰιι
3395 2531 3582 2588 utam,

1990 2623 2117 2663 cum
2165 2609 2297 2664 nihil
2350 2610 2592 2665 absolute
2636 2619 2690 2666 et
2737 2613 3016 2667 evidenter
3066 2615 3276 2668 evincat
3319 2611 3583 2669 Joannem

1994 2701 2346 2756 Gualbertum
2373 2702 2425 2756 in
2454 2701 2848 2758 Catuallulensi
2875 2719 3059 2760 eremo
3081 2723 3125 2775 pl
3147 2707 3256 2761 t'us
3284 2704 3332 2760 Β
3370 2706 3582 2760 mualdo

1994 2793 2216 2858 vivend,
2242 2809 2400 2864 quam
2433 2793 2592 2849 Petro
2617 2793 2862 2864 Dtgttino
2897 2794 3095 2862 Priori,
3139 2806 3258 2866 post
3291 2797 3579 2851 lloatualdi

1994 2883 2200 2938 obitum
2227 2883 2561 2938 auscultasse
2592 2885 2659 2939 ab
2689 2899 2857 2955 coque
2891 2885 2972 2940 sui
3003 2885 3222 2941 Ordinis
3263 2886 3578 2943 instituendi

1993 2976 2302 3030 vaticinium
2329 2986 2380 3030 et
2411 2977 2710 3045 auspicium
2751 2978 3043 3048 aeccpisse.‘
3092 2976 3249 3043 Nam,
3286 2988 3346 3033 ut
3374 2994 3489 3049 (ap.
3519 2977 3578 3044 4,

1992 3081 2141 3119 num.
2174 3066 2227 3131 2,
2257 3068 2456 3131 notavi,
2488 3072 2808 3142 vetustiores
2837 3085 2902 3122 ex
2946 3069 3049 3134 his,
3095 3070 3184 3140 qui
3226 3085 3336 3124 rent
3373 3079 3579 3142 gestam

1988 3155 2251 3219 referunt,
2300 3158 2366 3211 ad
2415 3156 2760 3213 Cantaldul'n
2793 3159 2838 3213 is
2885 3159 3050 3213 eremi
3104 3159 3366 3226 l‘tiorem,
3431 3162 3577 3218 nulla

1991 3246 2226 3300 nominis
2249 3246 2620 3316 designatione
2644 3248 2971 3314 dist'n3tum,
2999 3249 3122 3304 dive
3153 3251 3206 3303 t':
3227 3265 3285 3305 se
3311 3249 3575 3308 Jcaunem

1988 3335 2342 3390 Gualbt‘rtutu
2395 3338 2656 3403 traluut;
2703 3339 3025 3408 posteriores
3067 3341 3118 3414 i_d
3165 3344 3232 3396 de
3276 3341 3574 3400 llomualdo

1989 3427 2187 3480 diserte
2224 3427 2672 3497 itttcr,;r.tautur,
2709 3427 2856 3483 illum
2895 3439 3019 3484 tunc
3048 3430 3344 3486 Camal.'u'i
3377 3433 3575 3504 degen-

1990 3524 2098 3570 tezu
2125 3531 2294 3585 suppo
2332 3525 2503 3581 c..t_-s,
2535 3533 2567 3572 ι]
2593 3535 2639 3571 ut
2669 3520 2984 3586 trabautes;
3029 3521 3207 3592 itaque
3239 3523 3289 3577 in
3319 3525 3572 3594 ambiguo

1989 3609 2170 3664 relicti
2203 3625 2287 3665 res
2316 3620 2416 3665 est.
2448 3631 2466 3663 ι
2511 3611 2742 3682 lngenua
2766 3628 2894 3669 sane
2916 3614 3082 3684 ipsius
3111 3617 3407 3672 alversarii
3436 3623 3568 3674 con-

1986 3699 2165 3756 fessio.

2058 3792 2177 3846 l2l.
2220 3792 2312 3848 llis
2352 3793 2513 3864 iactis
2558 3798 2710 3868 quasi
2756 3797 3138 3867 fundamrnth,
3185 3813 3380 3858 statum
3421 3819 3568 3875 quac-

1984 3879 2176 3939 sliouis
2196 3885 2284 3939 hic
2310 3888 2527 3957 agendm
2551 3887 2790 3944 breviter
2822 3893 3052 3961 explico,
3082 3904 3138 3947 ut
3169 3899 3289 3964 qus
3311 3910 3396 3966 lue
3420 3897 3566 3952 clare

1984 3971 2244 4047 intelligat
2293 3980 2419 4048 quid
2446 3979 2739 4035 intendam.
2786 3981 2969 4038 Sciant
3002 3987 3160 4056 igitur
3185 4001 3402 4051 omnes,
3433 3991 3564 4045 mihi

1981 4084 2088 4123 non
2120 4085 2240 4127 esse
2291 4073 2437 4127 litem
2487 4090 2610 4129 cum
2661 4078 2973 4132 auctoribus
3007 4077 3164 4148 paulo
3206 4088 3330 4139 ante
3361 4081 3561 4146 citat's,

1979 4160 2070 4228 qui
2119 4161 2175 4217 S.
2219 4161 2440 4218 Joannis
2483 4163 2757 4220 Gualberti
2787 4167 3072 4221 adventum
3105 4169 3156 4222 in
3187 4185 3425 4225 eremum
3456 4170 3560 4227 Ca-

1977 4248 2363 4306 malduleusem
2402 4261 2527 4308 ante
2555 4269 2754 4308 annum
2791 4255 2926 4309 l027
2951 4264 3214 4311 statuunt.
3277 4259 3558 4315 DiXleﬂllll

1977 4348 2315 4416 paragrapho
2364 4347 2706 4415 pr:ccede..ti,
2757 4349 2895 4403 hanc
2946 4351 3392 4418 controversiam,
3433 4367 3556 4424 spe-

285 4435 743 4498 VallumbrOsanis
787 4453 897 4498 tum
943 4443 1462 4508 Camaldnlensibus,
1494 4444 1764 4499 mordicus
1793 4454 1872 4498 te-

1992 4444 2125 4489 :tato
2159 4438 2379 4506 przccise
2419 4447 2659 4492 veterum
2704 4438 3120 4512 liographorum
3167 4453 3348 4513 textu,
3393 4464 3424 4502 a
3470 4466 3560 4505 me

284 4535 424 4600 neri,
455 4536 699 4606 quamvis
719 4537 784 4590 de
809 4545 1046 4606 tempore
1071 4535 1226 4604 hujus
1247 4534 1369 4589 facti
1398 4535 1558 4604 aliqui
1581 4535 1870 4604 plurimum

281 4627 426 4684 inter
468 4642 526 4682 se
574 4627 914 4694 dissentiant,
964 4629 1104 4683 sicut
1130 4644 1254 4682 mox
1290 4628 1486 4682 clarius
1522 4627 1865 4697 intelligetur.

281 4715 500 4774 Horum’
525 4729 805 4775 auctorum
837 4721 1075 4790 opinioni
1119 4729 1302 4787 aperte
1345 4719 1489 4774 favet
1537 4719 1868 4774 Breviarium

278 4813 606 4881 Romanum,
645 4815 786 4885 quod
830 4815 966 4868 festo
1014 4814 1070 4868 S.
1111 4814 1338 4869 Joannis
1385 4814 1660 4870 Gualherti
1716 4813 1781 4866 ad
1816 4829 1868 4867 χι

277 4906 404 4962 Julii
431 4907 482 4962 in
506 4907 826 4963 lectionibus
854 4906 1084 4975 prepriis
1127 4921 1384 4974 expresse
1410 4905 1573 4959 tradit
1620 4915 1866 4959 sanctum

275 4996 539 5053 Joannem
571 5000 634 5055 ad
665 4998 1093 5056 Camaldulensis
1139 4997 1307 5052 eremi
1355 4995 1582 5052 incolam
1615 4996 1869 5051 Romual-

274 5089 404 5132 :‘Inm
433 5089 730 5161 profec:uut
755 5088 898 5155 esse,
924 5091 992 5145 ab
1016 5104 1186 5158 eoque
1218 5088 1462 5143 ccelicum
1503 5087 1582 5140 sui
1636 5089 1864 5144 instituti

1975 4526 2266 4582 iudecisam
2294 4529 2546 4599 relinqui,
2571 4533 2739 4586 donec
2773 4535 3004 4588 certiora
3036 4537 3305 4607 utrimque
3326 4538 3557 4595 aﬂeran-

1976 4625 2062 4670 tur
2091 4631 2457 4686 monumenta,
2491 4638 2608 4694 quze
2632 4639 2745 4678 rem
2775 4626 2932 4696 plane
2957 4627 3261 4684 conficiant.
3306 4630 3419 4688 Non
3452 4629 3554 4700 est,

1973 4709 2216 4780 inquam,
2251 4714 2379 4768 mihi
2424 4715 2487 4769 lis
2529 4733 2650 4770 cum
2688 4717 2774 4781 iis,
2806 4720 2896 4789 qui
2931 4719 2988 4775 8.
3018 4718 3242 4776 Jaaxmis
3278 4722 3554 4782 Gualberti

1971 4816 2093 4855 cum
2149 4801 2205 4857 S.
2268 4803 2563 4860 Romualdo
2612 4820 2950 4866 ccuversato
2989 4827 3075 4867 em
3127 4800 3458 4881 defendunt,
3505 4826 3559 4868 et

1973 4892 2133 4948 simul
2167 4893 2223 4946 S.
2277 4893 2634 4952 Retnualdum
2677 4909 2801 4955 ante
2847 4917 3048 4958 annum
3097 4901 3236 4956 1027
3289 4913 3558 4959 mortuuzn

1971 5001 2090 5041 esse
2126 4989 2467 5055 concedunt;
2509 4991 2685 5060 qualis
2731 4995 2870 5048 inter
2919 4997 3054 5051 alios
3095 5007 3181 5049 est
3225 4995 3560 5065 Augustinus

1967 5075 2280 5143 Fortunius,
2322 5083 2413 5149 qui
2454 5082 2546 5138 lib.
2599 5097 2615 5138 ι
2660 5080 2799 5138 Hist.
2845 5081 3122 5153 Camal.l.,
3169 5098 3289 5153 cap.
3335 5085 3424 5149 54,
3483 5083 3559 5136 ita
