4110 5362
582 290 675 345 ῖοΠ

1635 282 1690 341 S.
1732 285 2016 343 JOANMS
2049 283 2442 343 GUALBEHTI
2484 281 2773 339 AHBATIS

3725 282 3841 346 ’148

579 404 803 460 net-tatis
824 400 1163 474 privilegium
1191 413 1360 455 sacrae
1384 411 1566 455 eremo
1598 400 1944 479 concesserit.
1994 420 2013 453 ι
2052 399 2153 454 lta-
2185 409 2225 465 Α
2261 396 2586 466 templatim:
2629 395 2754 451 vitae
2800 395 2909 453 Deo
2974 394 3347 453 servientium.
3406 397 3842 474 Constructaque

578 512 681 567 que
705 493 1074 569 tantummodo
1098 491 1382 559 contendo,
1406 489 1638 546 admissa
1663 493 1927 547 sententia
1965 506 2150 547 eorum

578 588 665 656 qui
700 585 758 639 S.
785 583 1005 639 Joannis
1031 581 1307 638 Gualberti
1348 580 1652 654 ingressum
1685 582 1736 635 in
1781 596 2021 637 eremuzn
2044 580 2150 636 Ca-

578 676 957 733 tnaldulensem
984 673 1344 748 ultraannum
1370 674 1503 729 1027
1529 671 2151 749 ᾶὶιΐονιιηιμρτοὺίὼῐιίεέ

578 769 710 823 sime
736 767 888 838 sequi
936 767 1085 837 quod
1119 766 1176 821 S.
1208 766 1535 836 Romualdus
1565 766 1631 822 ab
1659 781 1724 823 eo
1748 774 1865 823 tum
1898 767 2152 837 temporis

564 858 645 917 .tbi
680 874 783 913 non
810 858 1044 927 potuerit
1071 857 1221 911 vivus
1247 856 1498 913 inveniri.
1940 912 1945 917 .

564 990 569 997 .
646 950 768 1004 ΜΞ.
796 949 930 1005 Huic
953 949 1352 1020 consequentia:
1373 948 1625 1004 manibus
1648 950 1977 1020 pedibusque
2001 950 2152 1022 obni-

577 1044 706 1097 titur
734 1055 877 1110 smpe
914 1039 1026 1110 jam
1061 1040 1310 1095 laudatus
1338 1038 1513 1095 Guido
1559 1039 1843 1105 Grandus,
1875 1040 2152 1109 vitamque

577 1133 633 1184 S.
681 1130 855 1186 Patris
899 1129 981 1185 sui
1032 1128 1318 1184 Romnaldi
1368 1142 1538 1199 usque
1595 1129 1662 1183 ad
1707 1145 1906 1183 annum
1947 1128 2150 1184 Christi

577 1223 711 1279 1057
740 1222 1039 1292 protrahit;
1073 1222 1124 1276 in
1154 1221 1464 1291 Appendice
1504 1229 1685 1276 autem
1730 1230 1853 1292 post
1894 1220 2150 1296 disserta-

577 1317 773 1371 tionem
822 1314 1115 1370 secundam
1163 1314 1298 1369 duas
1344 1313 1713 1369 Romualdinze
1756 1314 1889 1389 Vita:
1934 1314 2153 1368 exhibet

575 1405 790 1460 tabulas
814 1402 1327 1473 elytronologicas,_in
1354 1419 1584 1472 quarum
1626 1404 1797 1472 prima
1839 1404 1907 1456 ad
1949 1416 2151 1455 annum

576 1496 773 1550 Christi
807 1493 962 1558 1056,
995 1502 1145 1547 notat
1173 1493 1450 1561 sequentia
1480 1510 1490 1544 :
1521 1511 1538 1543 ‹
1563 1490 1934 1547 Camaldulum
1961 1490 2020 1547 S.
2052 1491 2151 1544 Pa-

576 1598 659 1641 ter
680 1587 893 1640 rediens
910 1584 1172 1641 Joannem
1197 1583 1551 1640 Gualhertum
1574 1585 1648 1639 ad
1672 1600 1729 1640 se
1753 1584 2149 1665 confugientetn

560 1692 672 1747 per
705 1692 799 1731 sex
831 1690 1043 1731 menses
1093 1674 1257 1748 (unde
1301 1675 1719 1753 determinatam
1765 1675 1908 1751 istud
1941 1684 2151 1744 tempus

2256 489 2383 543 inibi
2414 488 2634 544 basilica
2663 488 2833 543 sancti
2865 480 3183 557 Salvatoris,
3205 491 3443 563 quinque
3467 492 3685 551 cellulas
3706 510 3842 552 cum

2254 580 2367 635 suis
2400 580 2763 636 tabernaculis
2795 581 2991 637 ibidem
3019 581 3285 646 distinxit,
3313 590 3475 654 atque
3509 583 3579 639 ab
3604 586 3836 643 invicem

2252 681 2537 741 separant.
2563 670 2668 725 Sed
2695 679 2751 725 et
2792 670 3014 742 singulis
3033 672 3239 728 cellulis
3273 673 3517 745 singulos
3555 677 3770 746 deputa'
3792 677 3840 732 it

2253 762 2450 818 fratres
2479 764 2753 822 eremitas.
2797 765 2888 834 qui
2935 764 3288 821 smcularlbus
3312 768 3459 823 curis
3494 778 3549 823 et
3574 768 3842 827 sollicitu-

2251 848 2377 909 dine
2419 852 2641 919 remoti,
2679 854 2775 909 soli
2809 854 3006 910 divinat:
3053 858 3496 928 contemplationi
3548 860 3835 917 insistant.

2252 936 2454 1009 Quibus
2502 944 2662 997 etiam
2693 944 2910 998 Petrum
2952 939 3314 1001 venerabilem
3364 949 3667 1015 cremitam,
3696 950 3839 1006 τε..-

2252 1049 2410 1104 quam
2438 1034 2646 1088 ﬁdelem
2693 1035 2996 1090 ministrum
3025 1045 3077 1091 et
3120 1034 3505 1112 praeceptorem
3537 1042 3701 1098 dedit.
3730 1043 3836 1098 Cui

2253 1140 2350 1178 nos
2379 1140 2593 1194 quoque.
2637 1140 2759 1180 cum
2791 1127 2993 1181 nostris
3034 1130 3269 1198 posteris
3319 1134 3741 1198 successoribus,
3778 1143 3840 1189 ut

2248 1208 2372 1268 cum
2413 1216 2762 1270 denominata
2811 1227 2999 1272 sancto
3048 1220 3166 1276 viro
3194 1261 3207 1286 ,
3248 1220 3552 1278 Homttaldo
3596 1222 3835 1289 scilicet,

2247 1316 2457 1376 partem
2495 1304 2546 1359 in
2593 1316 2793 1361 aeterna
2826 1310 2934 1363 vita
2979 1309 3291 1376 habeamus,
3348 1312 3638 1379 donamus,
3671 1316 3836 1387 largi-

2253 1413 2374 1451 mur
2419 1409 2773 1467 prtetaxatum
2827 1399 3001 1455 locum
3033 1403 3329 1458 secundum
3373 1406 3621 1475 [ra-ﬁxos
3652 1410 3841 1464 ιιι-,ιιί-

2253 1503 2353 1565 nos
2380 1489 2445 1543 ad
2470 1505 2622 1543 usum
2666 1500 2718 1544 ct
2758 1502 3031 1563 sumptum
3064 1494 3293 1549 fratrum
3330 1500 3706 1566 eremitarnm,
3734 1517 3838 1572 pro

2255 1584 2497 1647 tempore
2540 1580 2735 1634 ibidem
2784 1581 2891 1637 Deo
2922 1582 3316 1650 famnlantium,
3360 1598 3522 1658 atque
3553 1597 3649 1659 per
3678 1595 3834 1661 pagi-
3882 1606 3893 1614 ‘

2253 1680 2376 1719 nam
2411 1668 2569 1735 httjus
2598 1671 2768 1724 nostri
2804 1673 3070 1743 privilegii
3111 1672 3241 1730 cum
3284 1677 3602 1734 inveStimus
3650 1683 3717 1736 de
3748 1682 3839 1737 his

577 1768 834 1829 hauserit,
887 1767 1029 1822 δεῖτε
1076 1767 1231 1837 aveo)
1273 1767 1566 1822 ρτεηιίιίρω
1611 1767 1735 1821 vim;
1758 1768 2044 1836 pmccpus
2071 1766 2150 1821 in-
2183 1764 2227 1829 Β
2252 1758 2529 1825 omnibus,
2570 1775 2690 1830 qua}
2721 1761 2859 1816 infra
2908 1764 3218 1835 designatos
3260 1769 3522 1825 terminos
3546 1769 3644 1828 nos
3675 1773 3837 1829 hodie

574 1859 771 1923 struit,
796 1873 929 1931 mox
945 1873 1038 1912 sua
1067 1857 1444 1932 benedictione
1472 1867 1527 1913 et
1557 1857 2058 1931 t'aticiuioOrdinis
2085 1859 2152 1913 ab

575 1950 667 2004 illo
704 1950 1015 2005 instituendi
1067 1949 1133 2003 ad
1168 1950 1370 2006 Vallem
1416 1950 1740 2023 Umbrosam
1780 1952 1893 2006 sive
1942 1952 2152 2020 Aquam

578 2042 780 2097 Heliam
805 2043 1048 2097 dimittit.
1086 2062 1103 2095 ι
1154 2042 1266 2098 Hoc
1299 2051 1533 2113 systetna
1576 2058 1765 2109 suum,
1813 2046 1955 2115 quod
1996 2045 2157 2100 innu-

558 2135 740 2189 meris
762 2134 1166 2203 difﬁcultatibus
1188 2133 1487 2211 subjectum
1512 2143 1617 2200 est,
1641 2137 1806 2190 variis
1829 2135 2154 2206 conjecmris

573 2225 920 2279 eteontortis
949 2224 1417 2301 eXplieationibus,
1450 2226 1744 2282 artiﬁciose
1771 2235 1952 2282 tamen
1998 2227 2154 2282 undi-

573 2330 678 2385 que
701 2318 957 2381 corrasis,
986 2316 1229 2371 stabilire
1274 2326 1523 2372 conatur.
1559 2317 1782 2393 Singula
1824 2319 1943 2389 ejus
1988 2334 2154 2388 argu-

576 2414 757 2479 menta
790 2417 1046 2460 excutere
1069 2416 1121 2461 et
1145 2406 1381 2462 refutare
1407 2408 1496 2463 hic
1523 2423 1627 2463 non
1658 2410 1998 2487 vacataNatn
2050 2412 2154 2467 hoc

573 2497 734 2566 iusta:
763 2498 919 2554 molis
946 2499 1142 2554 librum
1168 2500 1424 2570 exigeret.
1457 2500 1609 2568 Quod
1632 2502 1676 2556 si
1703 2502 1822 2572 quis
1844 2502 1988 2557 circa
2014 2504 2154 2559 hanc

576 2604 690 2642 rem
735 2589 889 2658 plura
940 2589 1243 2652 desideret,
1281 2589 1566 2644 consulere
1604 2592 1809 2660 poterit
1855 2592 2155 2661 scriptores

556 2677 836 2755 ,Venetos,
865 2693 1002 2753 quos
1033 2677 1187 2732 libris
1235 2678 1394 2733 editis
1430 2686 1619 2733 contra
1670 2679 1838 2749 ipsius
1868 2680 2156 2735 chronolo-

573 2771 718 2840 giam
766 2770 1131 2843 insurrexisse
1176 2769 1436 2839 intelligo.
1473 2769 1584 2825 Nos
1606 2810 1621 2834 ,
1652 2770 1869 2826 omissis
1897 2771 2017 2827 aliis
2047 2787 2154 2827 non

577 2861 785 2915 levibus
820 2859 1179 2929 argumentis,
1204 2858 1420 2935 unicum
1451 2859 1729 2929 systemati
1771 2858 1888 2928 ejus
1919 2859 2154 2930 diploma

575 2964 941 3020 Opponemus,
986 2959 1041 3004 et
1069 2963 1284 3023 omnem
1335 2948 1545 3020 eﬁ‘ugiis
1590 2950 1793 3005 aditum
1828 2952 2157 3022 praecludere

576 3045 921 3101 conabimur.

2257 1847 2322 1901 ad
2357 1865 2581 1902 manum
2631 1859 2872 1906 nostram
2903 1853 3245 1911 donnicatam
3275 1858 3351 1930 (id
3394 1869 3476 1915 est
3520 1863 3571 1915 itt
3598 1863 3830 1918 Domino

2250 1938 2462 2006 nostro)
2509 1940 2771 1995 habemus
2813 1949 2866 1995 et
2915 1943 3311 2001 detincmus....
3345 1947 3481 2014 Quia
3526 1965 3656 2022 ergo
3687 1954 3834 2021 quod

2248 2044 2354 2107 nos
2390 2044 2489 2099 pro
2531 2030 2702 2087 salute
2742 2041 2796 2085 et
2841 2035 3078 2090 remedio
3119 2037 3311 2091 animze
3358 2051 3592 2108 nostrm,
3626 2055 3839 2098 nostro-

2256 2134 2483 2190 rumque
2513 2122 2885 2177 successorum
2912 2125 3288 2197 episcoporum
3329 2128 3439 2183 Deo
3483 2133 3835 2201 contulimus,

2250 2214 2350 2283 'per
2379 2221 2579 2267 (eterna
2613 2215 2930 2270 seculorum
2958 2221 3132 2288 spatia
3161 2228 3362 2288 ratum,
3409 2224 3620 2278 ﬁrmum
3664 2235 3837 2294 atque

2255 2303 2629 2358 ineunvulsutn
2663 2305 2820 2361 debet
2839 2320 3179 2379 permanere,
3205 2327 3233 2366 a
3266 2310 3375 2367 Deo
3406 2312 3565 2369 Patre
3587 2315 3839 2387 omnipo-

2259 2403 2404 2450 tente
2452 2406 2507 2451 et
2554 2397 2779 2452 Domino
2827 2409 3014 2455 nostro
3058 2400 3194 2457 Jesn
3235 2402 3482 2471 Christo,
3537 2417 3840 2478 sanctoque

2248 2482 2461 2559 Spiritu
2507 2488 2914 2557 interdicimus,
2948 2502 3004 2548 et
3037 2492 3210 2552 modis
3229 2498 3483 2557 omnibus
3509 2496 3836 2565 inhibemus,

2255 2586 2316 2631 ut
2360 2578 2538 2634 nullus
2567 2588 2752 2635 noster
2781 2597 3068 2639 successor
3090 2625 3104 2648 ,
3148 2588 3435 2658 episcopus
3471 2586 3709 2643 Arctinze
3740 2588 3841 2643 Ec-

2250 2666 2456 2751 clesiae.
2486 2671 2806 2739 praedictum
2844 2672 3066 2728 fratrem
3093 2673 3312 2730 Petrum
3342 2678 3648 2742 eremitam,
3681 2693 3839 2733 suos-

2256 2774 2362 2826 que
2390 2767 2639 2827 posteros
2667 2776 3012 2819 successores
3057 2766 3312 2822 eretnitas
3352 2767 3418 2822 de
3465 2769 3570 2832 his,
3612 2785 3734 2839 qua:
3771 2768 3834 2824 ε.

2258 2846 2525 2903 Salvatori
2558 2853 2927 2908 cont'essimus
2952 2855 3018 2908 ad
3047 2870 3199 2910 usum
3226 2866 3279 2911 et
3297 2867 3570 2928 sumptum
3596 2857 3837 2913 fratrum

2257 2939 2631 3003 eremitarum.
2661 2952 2755 2997 aut
2786 2945 2885 3013 ipsi
2925 2961 2953 2999 a
2980 2947 3150 3011 nobis,
3194 2948 3310 3005 sive
3355 2952 3423 3004 ab
3446 2948 3567 3005 aliis
3590 2951 3838 3006 homini-

2257 3028 2358 3085 bus
2397 3032 2813 3101 aequisiverint,
2844 3037 3134 3102 devestire,
3164 3038 3471 3106 molestare,
3507 3040 3838 3112 inquietare,

646 3090 1059 3204 ﬁguli-micam
1085 3133 1213 3190 illud
1235 3144 1318 3191 est
1342 3090 1638 3192 Theobaldi
1660 3135 1866 3192 Aretini
1889 3135 2153 3207 episcopi,
2182 3109 2226 3172 C
2256 3132 2351 3177 aut
2386 3090 2547 3177 ullam
2580 3090 3051 3181 dinumerationem

566 3224 1025 3296 .quodintegrum
1052 3225 1221 3281 videri
1246 3235 1425 3296 potest
1450 3226 1594 3297 apud
1624 3227 1987 3298 Augustinum
2018 3225 2157 3283 For-

562 3318 785 3379 ,tuniunt
814 3316 910 3374 lib.
935 3333 952 3372 ι
976 3315 1341 3373 Historiarum
1374 3318 1887 3386 Camaldulensium,
1917 3335 2037 3391 cap.
2062 3318 2154 3374 40.

576 3408 785 3480 Quippe
829 3424 952 3466 cum
994 3408 1261 3479 prolixum
1316 3409 1425 3475 sit,
1466 3410 1740 3480 multaque
1785 3412 2062 3468 contineat
2089 3411 2156 3466 ad

577 3500 1007 3574 controversiam
1034 3510 1295 3556 nostram
1341 3517 1450 3557 non
1494 3502 1832 3571 Spectantia,
1878 3501 2034 3556 nobis
2069 3500 2158 3556 hic

574 3589 827 3658 sulliciet,
857 3599 1172 3646 accuratum
1205 3591 1349 3646 illius
1397 3592 1611 3647 dedisse
1636 3591 2018 3665 compendium
2042 3630 2058 3656 ,
2088 3605 2158 3646 ex

579 3682 821 3753 propriis
848 3680 1143 3737 Theobaldi
1172 3682 1351 3738 verbis
1386 3683 1489 3737 hoc
1508 3682 1665 3737 modo
1694 3692 1977 3752 exceptum
2003 3700 2017 3738 :
2051 3700 2070 3733 ι
2097 3682 2158 3737 in

579 3770 802 3827 nomine
831 3780 1034 3826 sancta:
1076 3779 1133 3826 et
1161 3770 1452 3826 individua:
1474 3772 1779 3828 Trinitatis.
1813 3773 2157 3829 Theobaldus

577 3862 752 3937 sancti
796 3861 991 3915 Donati
1039 3860 1316 3927 Vicarius;
1355 3881 1374 3914 ι
1420 3863 1495 3916 ita
1542 3863 1742 3934 passim
1782 3862 1994 3918 Aretini
2035 3864 2156 3939 epi-

576 3952 726 4022 scopi
759 3964 879 4005 sese
906 3958 1122 4017 vocant,
1152 3960 1210 4005 ttt
1257 3961 1410 4007 notat
1432 3952 1773 4009 Mahillonius
1811 3968 1939 4008 sate.
1971 3969 2024 4009 v1
2054 3953 2158 4008 Be-

579 4041 855 4098 nedictino
874 4053 1025 4112 parte
1046 4057 1087 4108 t,
1112 4057 1232 4114 pag.
1253 4043 1381 4099 ΞΠ.
1403 4062 1422 4095 ι
1453 4042 1703 4099 Omnium
1716 4044 1952 4100 ﬁdelium
1973 4044 2160 4101 Chris-

585 4136 855 4193 tianorum
883 4136 986 4193 hoc
1008 4135 1225 4193 dilectio
1270 4137 1498 4203 noverit,
1529 4138 1670 4209 quod
1697 4153 1796 4192 nos
1818 4138 1889 4213 ob
1917 4153 2157 4194 amorem

573 4229 686 4300 pia:
713 4227 991 4305 memoria
1032 4227 1296 4303 spiritalis
1326 4227 1505 4283 Patris
1529 4228 1703 4284 nostri
1751 4229 1815 4283 D.
1845 4226 2152 4295 Romualdi,

578 4319 867 4376 clarissimi
902 4320 1162 4386 eremitat,
1202 4318 1477 4399 communi
1520 4319 1751 4376 consilio
1797 4328 1851 4377 et
1888 4334 2158 4377 consensu

578 4407 808 4464 fratrum
853 4408 1173 4479 clericorum
1216 4420 1524 4466 nostrorum
1571 4410 1946 4491 episcoporum
1986 4410 2157 4467 dona-

580 4513 724 4563 mus,
755 4508 810 4554 et
836 4500 1182 4555 concedimus
1204 4514 1312 4571 pro
1336 4500 1572 4557 remedio
1594 4502 1789 4558 animae
1811 4511 2008 4559 nostra:
2033 4518 2153 4557 om-

581 4586 841 4659 niumque
853 4603 1231 4647 successorum
1250 4601 1559 4649 nostrorum
1581 4594 1955 4666 episcoporum
1972 4595 2035 4651 Ι).
2058 4580 2157 4651 Pe-

583 4688 668 4735 tro
689 4683 983 4737 venerabili
1010 4683 1254 4739 eremitse
1278 4684 1346 4740 ad
1380 4700 1537 4744 usum
1564 4690 1620 4742 et
1644 4697 1917 4758 sumptum
1945 4686 2160 4747 confra-

584 4770 1123 4841 trum,'eremetican_t
1154 4772 1318 4827 vitam
1347 4773 1450 4829 sub
1474 4789 1540 4830 eo
1560 4766 1870 4832 ducentium
1889 4816 1906 4844 ,
1939 4776 2158 4845 suisqtte

581 4855 990 4920 successoribus
1019 4852 1296 4931 eremitis',
1330 4865 1620 4935 quamdam
1646 4866 1930 4922 ecclesiam
1962 4865 2017 4921 in
2047 4879 2158 4920 me-

581 4952 684 5007 diis
706 4947 951 5024 Alpibus,
969 4951 1094 5023 jura
1117 4948 1380 5027 episcopii
1419 4956 1593 5013 sancti
1620 4955 1834 5020 Donati,
1858 4970 2022 5027 quam
2055 4969 2157 5009 nos

2259 3224 2371 3268 tum
2404 3231 2548 3270 anno
2578 3217 2736 3283 1027,
2761 3235 2903 3274 anno
2926 3221 3271 3290 pontiﬁcatus
3304 3224 3512 3279 Domini
3539 3223 3840 3280 Theodaldi

2257 3303 2325 3371 V,
2353 3322 2537 3361 mense
2560 3307 2824 3378 Augusto,
2858 3309 3151 3368 indictione
3182 3328 3237 3367 ι.
3274 3333 3294 3366 ο

2330 3395 2453 3450 125.
2496 3397 2665 3466 Hujus
2693 3399 2998 3470 diplomatis
3039 3403 3146 3456 vim
3179 3412 3234 3457 et
3262 3405 3640 3461 auctoritatem
3665 3419 3839 3477 agnu-

2257 3487 2360 3542 scit
2390 3486 2619 3558 ipsemet
2664 3488 2937 3557 Grandes,
2975 3508 3129 3562 cujus
3158 3494 3318 3548 verba
3366 3497 3454 3551 hic
3501 3497 3648 3552 lubet
3690 3507 3841 3552 tran-

2257 3580 2515 3644 scribere,
2537 3581 2661 3649 quia
2687 3582 2737 3636 in
2767 3597 2861 3637 ore
2882 3585 3177 3639 adversarii
3224 3585 3397 3654 majus
3423 3589 3633 3658 pondus
3660 3588 3841 3644 solent

2258 3675 2480 3730 habere.
2513 3675 2635 3730 Haec
2668 3676 2847 3746 itaque
2879 3677 3078 3733 fatetur
3103 3678 3333 3734 Dissert.
3373 3695 3433 3747 tt,
3466 3697 3585 3751 cap.
3612 3681 3670 3747 8,
3698 3698 3752 3735 ιι.
3778 3679 3839 3737 5.

2248 3756 2281 3816 ἰ
2339 3764 2416 3820 Es
2472 3766 2575 3820 alia
2627 3783 2753 3823 vero
2800 3780 2954 3840 parte
2999 3768 3338 3826 diﬂicultatcs
3379 3772 3508 3828 huic
3551 3772 3839 3844 systemati

2257 3857 2536 3927 opposita),
2576 3873 2680 3913 non
2723 3859 2823 3914 nisi
2857 3856 3207 3930 probabiliter
3236 3862 3616 3932 espediuutur,
3643 3860 3839 3919 ultima

2259 3949 2557 4016 praesertim
2590 3963 2657 4002 ex
2683 3948 2964 4022 privilegio
2987 3950 3279 4007 Theodaldi
3303 3952 3492 4023 petita,
3518 3968 3637 4022 quae
3664 3953 3842 4023 majus

2248 4036 2392 4091 inihi
2439 4053 2653 4108 semper
2688 4044 2959 4111 negotium
3001 4043 3273 4098 facessere
3311 4056 3424 4115 pra:
3469 4044 3691 4113 reliquis
3721 4045 3839 4098 visa

2259 4137 2377 4194 est,
2418 4146 2481 4185 ac
2518 4131 2696 4185 minus
2741 4143 3009 4199 exactam,
3055 4150 3219 4204 quam
3266 4149 3461 4191 cetera:
3507 4136 3835 4191 solutionem

2259 4217 2563 4283 admittere,
2610 4223 2746 4275 adeo
2779 4230 2838 4274 ut
2887 4225 3089 4289 verba,
3130 4238 3197 4278 ex
3232 4224 3324 4279 illo
3370 4225 3652 4296 privilegio
3681 4224 3840 4279 nobis

2252 4315 2533 4385 opposita,
2579 4316 2849 4386 quondam
2898 4315 3146 4372 :tddititia
3180 4319 3537 4385 crediderim,
3566 4322 3720 4391 quasi
3754 4319 3840 4373 di-

2262 4403 2442 4474 ploma
2474 4406 2625 4472 illud,
2662 4406 2747 4460 vel
2777 4408 2847 4462 ab
2886 4406 3068 4476 aliquo
3100 4407 3479 4479 interpolatutn
3521 4410 3838 4476 immissa.

2262 4495 2345 4553 vel
2384 4497 2611 4568 ipsemet
2650 4498 2803 4553 nobis
2850 4497 3226 4569 interpolatum
3269 4499 3602 4556 exhibuisset
3641 4499 3842 4556 Furtu-

2260 4588 2405 4653 nius,
2450 4603 2570 4657 qua:
2614 4598 2795 4642 tamen
2842 4589 3077 4658 suspicio
3120 4604 3262 4645 nunc
3304 4598 3518 4658 cessat;
3548 4599 3838 4662 pestquant

2260 4678 2672 4750 autographuut,
2705 4678 2873 4748 ipsius
2912 4676 3210 4733 Theodaldi
3258 4694 3420 4733 tnanu
3450 4680 3836 4751 subscriptum,

2254 4774 2314 4820 ‘et
2335 4765 2515 4834 sigillo
2547 4767 2808 4820 munitum
2838 4766 2891 4821 in
2929 4766 3327 4823 Camalduieusi
3355 4768 3630 4835 Archivio,
3660 4782 3842 4823 arma;

2254 4856 2343 4908 rio
2392 4855 2446 4920 1,
2486 4870 2635 4907 ιιιιιιι.
2660 4854 2763 4921 56,
2792 4855 3206 4927 diligentissime
3253 4857 3631 4923 lustravimtts,
3664 4868 3844 4927 neque

2261 4944 2645 5014 suppositionis
2671 4945 2757 5001 vel
2789 4945 3221 5017 iaterpulationis
3248 4957 3433 5003 notam
3464 4948 3626 5003 ulla!!!
3666 4946 3843 5003 oﬂ'eue
