4110 5362
405 307 516 368 ’μθ

1962 294 2160 351 ACTA.
2525 306 2550 322 ··

3551 289 3660 344 ἐἷἶο

409 427 466 493 7,
493 439 641 482 unm.
685 424 774 480 1'5.
809 441 828 475 ι
860 421 1049 494 Itaque
1077 417 1444 478 diﬂicultatem
1488 430 1629 474 naue
1655 414 1871 472 eludere
1895 424 1978 470 ut-
2006 417 2054 476 Α
2081 410 2439 480 detegeretur.
2470 427 2488 461 ι
2524 407 2681 465 Circa
2703 422 2903 463 annum
2932 405 3057 473 870,
3078 406 3400 478 inquttloco
3413 405 3656 477 proxime

397 530 618 587 cunque
661 513 1030 578 tentabimus,
1083 509 1424 566 observando
1477 506 1774 564 clausulam
1835 507 1976 561 hanc

399 609 506 678 piae
535 607 827 669 memorite,
865 605 1097 661 fortasse
1124 620 1232 659 non
1276 611 1569 666 mortuum,
1599 602 1694 657 sed
1725 599 1974 657 celebra-

414 697 682 753 tissimum
709 712 774 751 ac
800 695 1162 751 memoranda:
1197 694 1416 763 pietatis
1437 693 1611 747 virum
1650 692 1932 764 designare
1955 731 1973 755 ,

405 797 470 846 ut
501 786 762 841 memoria
803 802 909 856 pro
939 785 1082 838 fama
1101 824 1116 848 ,
1145 783 1488 847 celebritate,
1536 782 1784 846 nomine,
1815 796 1975 836 usur-

403 887 583 952 petor.
633 878 699 933 Ut
727 879 870 931 enim
897 876 1101 931 hortari
1123 877 1362 930 solemus
1396 874 1653 938 viventes,
1684 882 1744 927 ut
1763 871 1978 942 aliquod

405 968 663 1026 memoria
712 968 932 1036 dignum
970 965 1178 1021 facinus
1222 975 1438 1034 patrare
1489 965 1694 1028 velint,
1739 980 1849 1036 quo
1893 962 1977 1018 sui

406 1059 642 1114 staminis
683 1057 1077 1112 immortalitati
1109 1057 1441 1128 proSpiciant
1466 1097 1480 1125 ,
1529 1056 1601 1112 ita
1640 1057 1785 1112 viros
1834 1055 1980 1126 ipsos

402 1148 638 1219 egregiis
659 1147 922 1218 operibus
947 1149 1130 1205 claros
1151 1189 1164 1211 .
1197 1150 1371 1204 adhuc
1402 1150 1643 1204 viventes
1689 1147 1977 1202 immortali

379 1240 668 1300 .mcmoria
697 1243 908 1315 dignos,
937 1242 1020 1297 vel
1048 1242 1368 1297 immortalis
1389 1252 1479 1295 aut
1502 1242 1746 1313 gloriosa:
1770 1255 1978 1295 memo-

410 1337 502 1390 riae
528 1337 674 1391 viros
705 1336 977 1407 appellare
1008 1337 1203 1390 merito
1232 1349 1538 1404 possumus,
1578 1345 1633 1388 et
1678 1347 1820 1404 saepe
1848 1347 1979 1388 cou-

407 1427 699 1484 snevimus.
754 1445 774 1478 ι
825 1425 1196 1494 Prmterquam
1235 1425 1376 1496 quod
1431 1427 1544 1479 lucc
1585 1425 1878 1495 explicatio
1913 1424 1982 1480 sit

412 1518 666 1580 violenta,
689 1527 748 1572 et
778 1533 807 1571 a
840 1519 1112 1573 communi
1135 1517 1412 1578 hominum
1441 1518 1765 1571 commercio
1786 1517 1982 1572 abhor-

409 1627 574 1675 rens,
619 1611 808 1681 ingens
856 1619 938 1665 est
985 1611 1276 1664 discrimen
1322 1609 1472 1662 inter
1526 1609 1901 1679 expressiones
1952 1623 1983 1662 a

383 1703 626 1758 Grande
656 1711 903 1757 contorte
924 1702 1274 1770 excogitatas.
1307 1708 1359 1754 et
1391 1700 1530 1754 inter
1559 1701 1785 1755 usitatas
1809 1699 1981 1770 diplo-

2075 503 2270 568 eitato,
2295 504 2540 557 Andreas
2565 501 2850 572 episcopus
2876 499 3224 556 Florentinus
3250 500 3304 553 in
3327 497 3656 554 abbatissam

2077 592 2392 646 monasterii
2444 593 2502 647 5.
2559 591 2793 646 Andrea:
2843 591 3064 646 ordinat
3097 589 3458 646 ldembertam
3516 589 3658 660 apud

2082 685 2359 756 Ughellum
2408 695 2535 739 tom.
2571 684 2609 737 ll
2637 683 2918 754 (frequens
2949 683 3048 752 ipsi
3087 697 3242 738 error
3289 696 3392 753 pro
3418 680 3502 751 Ill)
3531 696 3655 752 pag.

2078 781 2130 834 id
2182 787 2264 834 est
2321 778 2426 832 col.
2470 776 2569 840 55,
2607 778 2696 831 ubi
2751 777 2864 832 hmc
2912 775 3156 830 formula-
3184 774 3434 845 leg'tur:
3487 791 3506 824 ι
3553 773 3654 829 Se-

2078 873 2311 926 cundum
2350 870 2437 924 illa
2470 877 2767 940 praecepta,
2799 883 2918 936 quae
2949 867 3208 922 Dominus
3248 864 3410 934 (forte
3451 864 3538 919 hic
3563 879 3661 920 no-

2080 975 2201 1016 men
2241 961 2507 1031 quoddam
2546 959 2718 1028 deest)
2741 967 2795 1013 et
2821 959 2971 1013 bona:
2993 952 3377 1014 recordationis
3404 956 3662 1010 Dominus

2078 1050 2382 1107 Ludovicus
2413 1052 2706 1122 imperator
2742 1050 3047 1106 constituit.
3077 1049 3181 1116 Qui
3217 1059 3393 1103 tamen
3426 1047 3660 1102 Ludovi-

2079 1158 2178 1199 cus
2202 1159 2343 1198 anno
2356 1144 2458 1197 875
2484 1141 2765 1196 Mediolani
2794 1140 2928 1195 obiit
2954 1156 3136 1196 mense
3158 1141 3424 1212 Augusto.
3447 1158 3464 1190 ι
3489 1138 3658 1199 Unde,

2082 1235 2328 1301 obsecro,
2356 1235 2502 1288 novit
2522 1233 2790 1296 Graudus,
2819 1231 3172 1286 ldetttbertam
3197 1247 3340 1286 anno
3361 1229 3466 1286 8.70
3498 1230 3662 1285 abba-

2078 1326 2267 1380 tissam
2289 1323 2454 1378 fuisse
2475 1325 2804 1388 ordinatam,
2825 1337 2950 1378 eam
2978 1322 3258 1392 diplomati
3285 1322 3464 1377 nullus
3487 1335 3663 1376 annus

2082 1414 2488 1469 subscribatur?
2520 1415 2598 1467 An
2634 1413 2773 1468 forte
2819 1412 2868 1466 id
2906 1412 3212 1468 conticitex
3243 1427 3308 1466 eo
3353 1411 3496 1482 quod
3542 1419 3664 1479 post

2086 1505 2296 1559 finitum
2325 1505 2558 1574 diploma
2588 1513 2881 1575 sequantur
2910 1504 3022 1557 lucc
3049 1501 3257 1573 Ughelli
3289 1503 3482 1557 verba:
3514 1520 3533 1554 ‹
3565 1499 3664 1554 Hic

2084 1595 2355 1656 Andreas,
2388 1595 2737 1649 Florentinus
2773 1594 3078 1664 episcopus,
3114 1607 3254 1645 anno
3285 1591 3389 1646 870
3421 1588 3664 1645 interfuit

2081 1681 2284 1752 judicio
2330 1685 2598 1753 quondam
2647 1682 2877 1738 Luecnsi
2923 1683 2989 1736 ad
3023 1682 3259 1736 favorem
3293 1680 3520 1736 Gerardi
3549 1680 3664 1750 epi-

403 1795 572 1848 mmis
607 1794 778 1848 nostri
809 1793 1064 1862 phrases,
1117 1801 1176 1846 ιη
1211 1791 1381 1847 cup-is
1420 1801 1630 1845 malum
1677 1806 1770 1846 eas
1807 1791 1986 1846 confc-
2019 1761 2061 1819 Β
2088 1776 2236 1844 SCOpi
2269 1774 2531 1830 Lucensis
2568 1790 2656 1828 an.
2693 1791 2761 1828 xv
2814 1773 3072 1828 Ludovici
3111 1773 3154 1827 ll
3193 1773 3321 1843 imp.
3375 1772 3486 1826 ind.
3518 1787 3599 1826 tu.
3639 1791 3657 1823 ν

411 1888 550 1940 renti
599 1886 804 1940 clarum
854 1885 965 1939 fiet.
1007 1884 1224 1939 Judiccs
1271 1883 1355 1938 hic
1382 1882 1588 1953 appello
1620 1883 1888 1951 quoslibet
1917 1881 1989 1937 lc-

408 1986 605 2041 etores,
628 1993 656 2030 a
684 1977 919 2047 partium
946 1976 1122 2030 studio
1145 1976 1369 2036 alienos,
1393 1986 1445 2028 et
1467 1975 1803 2029 confidenter
1826 1979 1990 2030 int-cr-

407 2080 564 2133 rogo,
592 2081 794 2120 annon
813 2065 1190 2132 iudicaverint,
1221 2065 1278 2118 S.
1308 2063 1664 2118 Romualdum
1698 2076 1988 2131 mortuum,

407 2153 503 2205 ubi
548 2154 779 2222 primum
811 2155 862 2206 in
892 2153 1183 2222 diplomate
1211 2153 1450 2222 legerant
1483 2153 1620 2208 hanc
1646 2153 1989 2209 donationem

409 2241 576 2296 Petro
607 2244 848 2312 Dagnino
876 2245 1072 2298 factam
1103 2261 1223 2300 esse
1245 2263 1266 2296 ι
1299 2246 1368 2300 ob
1391 2261 1633 2300 amorem
1665 2247 1764 2316 piae
1791 2262 1992 2303 memo-

416 2336 508 2388 ria:
553 2335 615 2389 Ι).
665 2335 980 2400 liomualdi,
1017 2347 1078 2390 ut
1112 2336 1454 2392 'l'heodaldus
1493 2353 1618 2392 cum
1649 2338 1993 2393 denominalo

411 2435 606 2479 sancto
649 2426 788 2490 viro,
837 2425 1140 2480 Romualdo
1169 2427 1406 2492 scilicet.
1439 2437 1644 2497 partem
1693 2428 1744 2481 in
1792 2438 1994 2482 :eterna

417 2516 522 2568 vita
562 2535 578 2566 ι
621 2517 846 2572 haberet
880 2534 892 2570 :
927 2518 1031 2571 nisi
1065 2518 1207 2572 enim
1258 2517 1601 2572 Thcodaldus
1637 2519 1994 2573 Romualdum

413 2620 519 2672 iam
553 2609 689 2663 coelo
712 2618 1005 2679 receptum,
1029 2619 1084 2665 et
1109 2625 1320 2680 semper
1347 2611 1582 2664 timendo
1608 2611 1856 2665 humanae
1887 2611 1996 2665 fras

417 2700 640 2769 gilitatis
701 2703 944 2771 periculo
1001 2711 1243 2772 ereptum
1305 2703 1664 2770 credidisset,
1727 2704 1996 2773 quomodo

419 2799 631 2856 partem
666 2791 866 2846 habere
893 2808 1014 2846 cum
1044 2792 1133 2847 illo
1162 2793 1214 2846 in
1245 2801 1444 2848 :eterna
1467 2793 1578 2846 vita
1606 2793 1998 2848 desiderasset?

401 2880 569 2947 Adde
604 2883 746 2949 quod
772 2882 999 2936 formula
1030 2882 1130 2951 pia:
1157 2883 1428 2947 memorizr.
1461 2882 1514 2936 in
1541 2883 1809 2938 sescentis
1831 2884 1997 2954 diplo-

403 2975 660 3029 matibus
689 2984 956 3030 mortuum
983 2975 1265 3028 manifeste
1293 2973 1579 3044 significet.

2091 1866 2197 1921 Sed
2228 1867 2342 1921 hzec
2364 1867 2437 1920 nil
2471 1867 2536 1920 ad
2561 1867 2870 1936 prmccdens
2897 1865 3128 1934 diploma
3153 1865 3443 1935 pertinent.
3467 1863 3664 1918 Eodem

2085 1959 2208 2030 jure
2239 1959 2494 2030 colligere
2519 1959 2801 2029 potuisset,
2832 1959 3188 2013 ldembertam
3217 1973 3358 2012 anno
3386 1957 3518 2021 876,
3543 1965 3667 2028 post

2093 2060 2324 2104 mortem
2385 2049 2644 2102 Ludovici
2685 2049 3013 2104 abbatissam
3061 2065 3183 2104 esse
3220 2059 3458 2103 creatam
3483 2090 3498 2116 ,
3541 2047 3666 2116 quia

2093 2141 2266 2194 cidem
2319 2140 2594 2208 diplomai
2649 2141 2959 2208 prmeeduut
3025 2140 3140 2194 hzec
3195 2139 3404 2208 Ughelli
3457 2139 3662 2193 verba:

2103 2251 2121 2284 ι
2157 2233 2403 2286 Andreas
2445 2246 2730 2302 successor
2769 2231 3040 2302 Rodingii.
3092 2231 3182 2286 llle
3217 2231 3341 2295 fuit,
3387 2231 3511 2300 qui,
3543 2245 3665 2284 cum

2095 2321 2317 2378 Carolus
2355 2322 2550 2377 Calvus
2591 2323 2659 2377 ab
2705 2322 2934 2392 Asperto
2978 2321 3360 2376 Mediolancnsi
3401 2320 3668 2389 archiepi-

2096 2428 2258 2482 scopo
2289 2413 2578 2467 diademati
2610 2413 2758 2482 regni
2801 2413 3120 2482 insignctur,
3149 2414 3515 2482 augustiorem
3549 2426 3670 2482 spe-

2096 2504 2235 2558 ciem
2270 2519 2484 2574 pompa:
2519 2504 2779 2569 facturus,
2807 2503 3048 2558 interfuit
3075 2520 3215 2558 anno
3247 2503 3370 2559 876.
3411 2521 3430 2554 ι

2171 2580 2290 2648 {'29.
2333 2595 2466 2648 Cum
2511 2595 2692 2664 itaque
2733 2596 2847 2650 haec
2878 2596 3240 2666 praecedentia
3271 2593 3477 2664 Ughelli
3509 2595 3669 2650 verba

2099 2687 2244 2741 nullo
2273 2687 2434 2741 modo
2476 2689 2542 2741 ad
2569 2704 2688 2742 eam
2722 2705 2832 2742 rem
2865 2699 3127 2758 spectent,
3162 2705 3226 2746 ex
3272 2689 3338 2744 iis
3365 2690 3672 2760 diplomatis

2099 2794 2272 2832 annus
2297 2778 2642 2833 determinari
2676 2780 2878 2850 nequit.
2906 2780 3058 2837 Unde
3080 2783 3267 2847 miror,
3295 2781 3429 2837 adeo
3447 2782 3675 2838 rotunde

2099 2871 2316 2924 Grando
2360 2870 2549 2936 asseri,
2603 2872 2652 2925 id
2695 2871 2838 2925 circa
2871 2888 3071 2926 annum
3102 2873 3242 2938 870,
3268 2874 3454 2926 datum
3483 2873 3673 2928 fuisse.

2101 2964 2439 3035 QuaprOptcr
2468 2981 2678 3036 pceseut
2725 2965 3002 3020 meliorem
3055 2967 3258 3022 Grandi
3307 2967 3465 3022 fidem
3497 2969 3678 3038 requi-

493 3062 615 3117 {27.
656 3063 773 3118 Jam
800 3065 1157 3118 examinanda
1201 3073 1326 3118 sunt
1353 3065 1458 3118 duo
1481 3065 1747 3136 exempla,
1781 3081 1899 3136 qua!
1929 3068 1995 3123 ad

2105 3069 2226 3107 rere
2253 3055 2303 3107 iu
2334 3052 2636 3121 obiiciendo
2665 3055 2768 3109 hoc
2815 3058 3080 3125 exemplo,
3113 3067 3207 3112 aut
3239 3067 3387 3113 certe
3415 3057 3677 3126 majorem

423 3155 796 3210 stabilieudam
841 3171 994 3211 suam
1026 3155 1454 3226 qualemcunque
1499 3157 1996 3226 interpretationem

423 3245 602 3300 adfert
653 3246 926 3303 Grandus.
974 3246 1213 3302 Primum
1260 3249 1498 3304 occurrit
1538 3251 1676 3319 apud
1718 3252 2001 3322 Ughellum

407 3343 560 3406 'tom.
590 3335 652 3389 lll
683 3335 844 3390 ltalim
874 3353 1042 3392 sacra:
1065 3338 1169 3392 col.
1211 3339 1340 3402 297,
1372 3340 1458 3392 ubi
1487 3339 1720 3394 Jacobus
1743 3341 2001 3404 Bavatus,

427 3426 727 3482 Fesulanus
749 3429 1060 3499 episcopus,
1096 3429 1245 3494 dicit,
1279 3445 1336 3484 se
1366 3431 1613 3499 quaedam
1653 3431 1835 3500 largiri
1875 3448 2006 3486 con-

428 3517 647 3573 credita:
673 3519 772 3574 sibi
797 3520 1038 3575 ecclesiae
1059 3535 1156 3590 pro
1179 3521 1414 3576 remedio
1437 3521 1630 3575 animae
1653 3537 1781 3585 sua},
1807 3538 2005 3592 speque

427 3612 883 3669 remunerationis
913 3612 1107 3667 futura:
1127 3654 1141 3678 ,
1183 3621 1235 3666 ct
1266 3627 1363 3682 pro
1389 3613 1670 3668 animabus
1698 3624 2004 3669 antecesso-

406 3759 410 3763 _
438 3719 562 3757 rum
594 3719 816 3760 suorum
844 3705 1153 3774 pra-solum,
1191 3723 1209 3755 ‹
1247 3721 1344 3760 nec
1389 3721 1494 3758 non
1528 3721 1626 3775 pro
1653 3705 1822 3761 salute
1871 3707 2008 3762 Con-

437 3795 549 3850 radi
575 3797 905 3852 serenissimi
933 3796 1270 3864 imperatoris
1295 3796 1464 3851 felicis
1485 3799 2009 3868 memoriansuzeqne

431 3887 677 3960 conjugis
694 3887 858 3943 Gislze
895 3889 1168 3958 Augustat,
1201 3896 1308 3942 etc.
1340 3888 1498 3952 Ecce,
1530 3888 1700 3958 inquit
1735 3889 2006 3955 Graudus,

433 3977 745 4034 Conradum
791 3978 1056 4035 Cresarem
1109 3980 1279 4034 felicis
1316 3981 1591 4035 memerita
1635 3982 1834 4036 dictum
1867 3997 2011 4036 anno

437 4069 594 4131 1052.
627 4087 748 4126 eum
768 4073 972 4126 obierit
998 4087 1137 4126 anno
1171 4071 1324 4134 l059,
1345 4073 1431 4128 die
1461 4088 1513 4128 tv
1533 4071 1676 4127 Junii
1707 4076 1846 4143 apud
1879 4073 2012 4128 Tra-

435 4159 654 4227 iectum.
696 4180 714 4212 ι
745 4161 816 4214 At
855 4161 1184 4216 Fesnlanum
1215 4163 1510 4216 antistitem
1552 4163 1683 4217 nihil
1729 4166 1871 4219 aliud
1925 4167 2012 4222 hic

437 4251 594 4316 velle,
623 4268 781 4322 quam
825 4263 882 4306 ut
908 4254 1022 4308 hmc
1051 4254 1273 4308 donatio
1318 4256 1489 4325 prosit
1535 4257 1727 4310 anima:
1755 4256 2009 4322 Conradi,

436 4341 675 4412 felixque
699 4344 768 4396 sit
799 4352 922 4412 post
952 4355 1184 4398 mortem
1229 4343 1346 4411 ejus
1396 4345 1677 4410 memoria,
1710 4347 1843 4401 satis
1869 4356 2015 4415 patet

2105 3145 2158 3198 in
2191 3159 2256 3199 eo
2291 3145 2651 3199 examinando
2679 3146 3032 3216 diligentiam.
3076 3147 3294 3203 Interim
3335 3149 3679 3204 adversarius

2105 3239 2262 3294 fateri
2298 3238 2456 3294 debet
2491 3239 2790 3303 Andream,
2837 3241 2890 3294 in
2925 3243 3114 3296 co.'em
3153 3243 3442 3312 diplomate
3469 3241 3536 3296 de
3572 3241 3682 3297 [to-

2107 3335 2268 3403 diugo
2297 3335 2696 3402 prmdecessore
2725 3350 2821 3389 suo
2862 3336 3014 3391 bona:
3047 3339 3320 3392 memoria:
3346 3339 3676 3408 loquentem,

2107 3445 2266 3498 agere
2293 3430 2358 3483 de
2393 3429 2637 3499 Rodingo
2665 3430 2776 3497 jam
2826 3439 3056 3484 mortuo.
3095 3429 3236 3484 Idem
3277 3444 3378 3499 ego
3408 3431 3472 3483 de
3503 3429 3679 3485 Ludo-

2107 3521 2226 3574 vico
2273 3521 2426 3573 boum
2475 3519 2864 3574 recordationis
2897 3519 3169 3583 existimo,
3213 3519 3457 3587 adeoque
3505 3517 3680 3587 diplo-

2110 3620 2252 3664 mata
2303 3618 2424 3680 νοεῖ.
2475 3609 2616 3663 illius
2661 3618 2890 3664 mortem
2926 3610 3108 3664 datum
3145 3624 3264 3664 esse
3301 3608 3506 3677 judico,
3551 3612 3681 3680 quia

2110 3699 2252 3754 nulla
2288 3715 2374 3753 me
2398 3707 2578 3754 movet
2607 3700 2763 3762 ratio,
2794 3706 2854 3753 ut
2882 3713 3224 3755 communem
3256 3698 3415 3768 hujus
3442 3699 3683 3753 formulae

2110 3791 2560 3861 significationem
2611 3793 2901 3847 invertant.
2935 3792 3087 3864 Piget
3129 3794 3213 3848 his
3251 3793 3684 3848 cari'latiouibus

2093 3885 2313 3967 diutius
2341 3885 2637 3941 immorari.
2663 3885 2846 3942 Potius
2867 3886 2930 3940 ad
2954 3901 3138 3942 sacros
3159 3885 3397 3942 cmlitum
3424 3886 3474 3941 h'
3496 3901 3680 3952 nores,

2113 3985 2300 4032 sancto
2325 3985 2513 4032 nostro
2543 3993 2571 4030 a
2614 3977 2841 4032 summis
2885 3977 3231 4047 pontificibus
3261 3978 3531 4045 decretos,
3562 3993 3687 4048 pro-

2113 4071 2448 4141 grediamur.

2282 4162 2311 4233 §
2350 4162 2440 4216 XI.
2481 4161 2826 4218 Canonisalio
2871 4163 2932 4218 S.
2961 4163 3185 4218 Joannis
3221 4163 3515 4218 (Iualbcrti.

2184 4253 2418 4307 Narrant
2447 4263 2674 4322 utraque
2697 4263 2839 4317 acta,
2877 4255 3004 4309 huic
3029 4254 3425 4309 commentario
3453 4253 3688 4308 subnec-

2117 4347 2296 4409 tenda,
2341 4346 2612 4414 quomodo
2659 4346 2717 4400 S.
2752 4345 2978 4400 Joannis
3016 4345 3293 4400 Gualberti
3343 4359 3540 4415 corpus
3565 4353 3692 4414 post

433 4451 503 4490 ex
531 4437 634 4490 hac
676 4435 904 4490 formula
951 4437 1230 4506 diplomati
1277 4437 1580 4506 subscripta
1613 4451 1626 4490 ε
1661 4456 1678 4488 ‹
1709 4438 1899 4492 Acturo
1929 4448 2016 4493 est
2043 4439 2090 4496 D
2117 4436 2330 4492 felicem
2369 4437 2562 4492 anima:
2603 4451 2668 4491 ex
2701 4437 2806 4492 hac
2832 4439 2940 4492 vita
2975 4438 3262 4493 transitum
3305 4437 3693 4493 inter'wstivos

435 4534 622 4579 autem
667 4525 770 4578 hoc
799 4542 942 4580 anno
975 4527 1266 4580 Dominiem
1301 4526 1692 4582 lnearuationis
1723 4529 1880 4592 1052,
1914 4530 2017 4582 lin-

438 4615 580 4684 perii
625 4615 689 4669 D.
722 4615 956 4670 Couradi
986 4616 1213 4686 Augusti
1244 4630 1387 4671 anno
1421 4631 1480 4681 v,
1513 4617 1810 4672 indictione
1840 4634 1908 4672 xv
1938 4618 2019 4674 fe-

445 4705 645 4760 liciter.
706 4725 726 4759 ι
775 4706 1002 4773 Quando
1050 4706 1305 4762 Grandus
1348 4706 1403 4759 in
1446 4706 1686 4777 genuino
1727 4708 2017 4778 diplomate

437 4796 780 4860 ostenderit,
832 4795 1200 4850 Theodaldum
1249 4795 1462 4850 dedisse
1522 4797 1809 4851 ecclesiam
1859 4797 2018 4853 Petro

442 4890 690 4960 Dagnino
734 4904 879 4945 anno
911 4891 1208 4946 Dmninica:
1258 4889 1850 4957 lnearnationis1027,
1895 4893 2021 4947 vita:

445 4979 732 5036 Romualdi
761 4981 886 5045 HO,
917 4981 1072 5036 sicut
1096 4983 1150 5036 in
1185 4981 1360 5052 prima
1399 4981 1576 5035 tabula
1610 4997 1706 5036 sua
1737 4983 2022 5039 chronolo-

439 5069 564 5142 giea
591 5072 797 5136 statuit,
830 5069 986 5126 facile
1014 5072 1182 5142 ipsius
1206 5070 1554 5140 explieationi
1577 5073 2016 5140 acquiescemus‘;

438 5163 686 5232 quando,
717 5163 966 5232 inquam,
1017 5163 1119 5220 hoc
1165 5160 1484 5233 parallelqu
1529 5162 1816 5229 invenerit,
1860 5167 2022 5221 verba

446 5253 803 5278 Ιη-..,..ι..ιιξ..ε
838 5252 1138 5278 .Ιξ-1Α....--3-
1172 5269 1197 5278 Α
1229 5256 1497 5278 --.κυκηηὲ
1547 5253 1833 5278 ..Ξ-..ΞΙῒ--.2

1117 5271 1138 5278 μ
1172 5269 1197 5278 Α
1229 5267 1496 5278 ΑΑσιΑυ-νιαασιί
1547 5267 1938 5278 Αια--Ιᾶ-αΙᾹΔ-ιι-
1969 5267 2016 5278 ξ..

2119 4527 2328 4581 calores
2357 4526 2426 4580 ab
2447 4527 2599 4580 omni
2631 4525 2824 4582 faetore
2855 4543 2950 4598 per
2975 4528 3208 4582 triduum
3237 4527 3479 4582 immune
3510 4526 3690 4590 fuerit,

2120 4633 2186 4673 ac
2223 4617 2346 4673 dein
2381 4617 2617 4671 maximo
2649 4618 2828 4687 populi
2864 4633 3132 4674 concursu
3174 4619 3467 4687 sepultura:
3521 4617 3694 4672 tradi-

2119 4717 2255 4762 tum.
2288 4706 2719 4764 Vallumbrosani
2765 4710 3058 4780 scriptor-es
3095 4707 3314 4778 volunt,
3368 4708 3429 4765 S.
3473 4699 3695 4765 Patrem

2121 4814 2275 4854 suum
2307 4799 2494 4868 paucis
2525 4809 2647 4869 post
2680 4811 2907 4856 mortem
2936 4803 3094 4857 anuis
3140 4816 3171 4855 a
3215 4801 3481 4871 Gregorio
3522 4802 3610 4856 Vll
3643 4803 3698 4857 in

2123 4899 2433 4945 sanctorum
2476 4905 2762 4945 numerum
2809 4891 2973 4948 fuisse
3021 4891 3275 4948 relatum.
3329 4892 3423 4948 Sic
3452 4893 3701 4946 Andreas

2116 4977 2410 5032 Januensis
2430 4978 2482 5032 in
2511 4979 2628 5048 ejus
2652 4977 2796 5046 Vita,
2819 4995 2940 5050 cap.
2969 4982 3060 5047 89,
3089 4981 3166 5036 ait
3193 4997 3205 5032 :
3243 4997 3262 5030 ε
3298 4980 3528 5050 Liquide
3555 4989 3706 5046 patet

2123 5082 2193 5122 ex
2221 5068 2488 5123 Chronica
2512 5069 2851 5138 Floreatina,
2892 5085 2923 5126 a
2955 5071 3166 5127 Joanne
3207 5068 3404 5124 Villani
3435 5070 3553 5124 cive
3574 5067 3704 5122 Flo-

2126 5159 2342 5213 rentino
2363 5159 2676 5230 compilata,
2718 5161 2857 5219 libro
2892 5177 2946 5216 tv
2984 5170 3042 5217 et
3080 5159 3321 5227 capitqu
3359 5159 3424 5212 16
3461 5156 3708 5225 ejusdem

2125 5248 2408 5276 Pl.......:.....
2457 5252 2696 5274 ..η-..μω
2726 5252 2752 5274 ι.
2775 5270 2781 5271 κ
2807 5269 2814 5271 Α
2834 5263 2846 5272 .
2872 5269 2881 5271 _
2905 5269 2935 5272 η
2973 5250 3025 5272 ν,
3045 5269 3057 5272 -
3077 5267 3098 5270 ν-
3118 5265 3140 5270 κ-

3187 5261 3234 5270 ...α
3281 5262 3428 5270 -ι-.--μ
3459 5259 3554 5268 -Α-
3587 5259 3680 5268 Α--
