4110 5362
515 241 577 296 .‘il
1558 242 1615 298 8.
1656 242 1938 301 JOANNIS
1977 243 2376 306 GUALBERTI
2414 250 2703 307 ABBATIS

3637 262 3746 321 Ἴδε

479 370 622 413 anno
644 354 862 411 Domini
918 353 1070 409 l013.
1121 350 1138 406 ὁ
1187 353 1331 409 Idem
1370 352 1576 409 asserit
1604 354 1914 414 Bernardus
1956 358 2049 415 Del
2082 350 2130 408 Λ
2159 359 2428 428 Octobris,
2471 364 2647 420 vocati
2683 367 2869 420 coram
2917 364 3107 423 eodem
3141 382 3356 426 summo
3398 354 3661 431 Poutrllce
3685 356 3747 434 et

478 447 612 503 Sera
632 447 688 502 in
720 444 1002 519 compend.
1034 443 1170 500 Abh.
1194 443 1331 500 Gen.
1364 458 1485 515 cap.
1517 446 1567 501 l.
1606 466 1625 499 ι
1661 445 1943 515 Quamvis,
1968 450 2054 505 in-

433 537 612 608 «μιῇ,
643 552 741 608 pro
766 544 919 594 certo
946 535 1213 592 habeatur
1243 535 1302 591 S.
1332 535 1596 593 Joannem
1639 539 1693 594 in
1748 541 2052 614 catalogum

475 637 784 687 sanctorum
816 644 847 683 a
887 627 1159 698 Gregorio
1204 627 1287 684 νη
1324 627 1494 683 fuisse
1523 631 1787 687 canonice
1832 642 2052 702 coopta-

475 710 615 789 tum,
654 731 833 779 tamen
870 736 1012 776 nunc
1045 735 1142 792 per
1181 720 1390 777 litteras
1414 721 1693 779 leestini
1735 724 1798 778 lll
1839 725 1906 781 de
1951 725 2051 782 hac

471 828 533 869 re
575 813 928 869 dubitandum
973 828 1084 869 non
1131 822 1235 869 est.
1290 832 1310 867 ι
1358 814 1483 870 Ηκο
1522 814 1619 870 illi.
1675 815 1878 872 Verum
1926 832 2049 874 cum

469 908 561 963 ille
586 908 825 964 Joannes
848 892 1122 973 Villanus,
1147 908 1237 978 qui
1272 908 1363 963 hic
1398 907 1617 971 citatur,
1652 909 1727 965 sit
1750 911 2046 978 recentior,

468 1009 521 1054 et
551 1000 747 1071 prioris
797 1000 954 1056 istius
996 998 1436 1055 cauonizationis
1487 1000 1802 1056 authentica
1845 1001 2047 1058 instru-

467 1098 650 1147 menta
677 1105 782 1146 non
809 1088 1174 1160 proferantur,
1204 1091 1271 1146 ad
1299 1091 1535 1147 certiora
1570 1090 1890 1148 documenta
1922 1108 2046 1164 pro-

469 1199 748 1255 peramus.

541 1277 659 1332 l5l.
703 1276 1025 1334 Caelestinus
1062 1275 1160 1340 lll,
1195 1283 1411 1347 petente
1450 1276 1510 1331 D.
1546 1274 1811 1346 Gregorio
1850 1275 2043 1332 abbate

462 1368 916 1435 Passiniauensi,‘
941 1367 999 1424 S.
1028 1367 1292 1425 Joannem
1328 1368 1684 1424 Gualbertum
1727 1377 2041 1425 sanctorum

464 1462 710 1533 catalogo
758 1461 1067 1532 adscripsit,
1116 1470 1175 1520 ut
1217 1462 1387 1532 liquet
1412 1477 1480 1516 ex
1535 1461 1772 1530 ejusdem
1828 1464 2042 1520 abbatis

462 1553 722 1623 epistola,
756 1567 917 1624 quam
976 1552 1063 1608 hic
1090 1568 1156 1608 ex
1190 1554 1373 1608 Didaci
1409 1553 1669 1610 Francbii
1703 1555 1797 1610 lib.
1831 1555 1899 1610 12
1942 1571 2041 1612 ex-

460 1661 647 1716 cerpo,
669 1654 728 1700 ut
755 1660 943 1701 omnes
967 1646 1397 1702 canonizatiouis
1425 1646 1671 1701 ordinem
1713 1653 1769 1701 et
1796 1648 2035 1713 modum,

460 1739 674 1808 aliaque
718 1738 782 1792 ad
828 1751 949 1793 eam
994 1738 1332 1808 spectantia,
1383 1736 1529 1793 clare
1575 1736 1895 1809 intelligant.
1945 1736 2037 1794 Sic

456 1832 643 1900 itaque
688 1839 848 1886 sonat
874 1828 1138 1900 epistola:
1177 1846 1196 1881 ε
1240 1829 1438 1884 Frater
1475 1827 1791 1900 Gregorius,
1821 1828 2037 1885 humilis

458 1924 628 1978 abbas
666 1921 983 1977 monasterii
1038 1921 1216 1977 saneti
1276 1919 1557 1977 Michaelis
1610 1921 1921 1993 archangeli
1970 1922 2036 1977 de

456 2013 794 2077 Passiniano,
831 2012 1046 2069 dilectis
1079 2015 1135 2067 in
1176 2012 1395 2068 Christo
1425 2012 1683 2067 fratribus
1708 2023 1763 2068 et
1790 2011 2036 2083 Capitulo

455 2104 524 2160 de
561 2103 879 2160 Passiniano
919 2112 975 2158 et
1022 2102 1146 2158 aliis
1199 2101 1442 2171 ejusdem
1491 2102 1685 2158 amicis
1726 2111 1783 2158 et
1822 2102 2032 2158 devotis

453 2194 684 2252 salutem
732 2194 785 2247 in
832 2193 1062 2248 Domino
1105 2204 1161 2249 et
1197 2194 1453 2264 gaudere.
1504 2190 1611 2247 Pro
1665 2191 2034 2262 magnitudine

454 2285 638 2357 gaudii
688 2295 745 2342 et
795 2284 1025 2351 lic-tilia),
1070 2300 1233 2354 quam
1282 2284 1484 2340 nostris
1532 2283 1805 2339 mentibus
1850 2283 2032 2338 infun-

453 2381 534 2437 dit
596 2379 807 2435 abunde
855 2376 1075 2446 Su‘perni
1127 2376 1300 2447 gratia
1365 2375 1668 2445 largitoris,
1722 2374 1776 2429 in
1825 2373 2035 2429 exalta-

456 2474 602 2529 tione
643 2470 880 2526 nominis
915 2469 1061 2524 beati
1094 2452 1388 2523 ret’eximii
1425 2464 1605 2522 Patris
1653 2466 1826 2521 nostri
1864 2464 2031 2521 Joan-

448 2563 537 2618 nis
561 2560 858 2627 Gualberti,
887 2572 917 2612 a
942 2571 1050 2629 quo
1082 2568 1206 2627 post
1234 2556 1530 2610 almiftcum
1572 2554 1791 2609 Patrem
1824 2554 2030 2610 beatis-

448 2652 646 2708 simum
673 2641 1063 2712 Benedictum,
1101 2647 1377 2717 religionis
1406 2654 1462 2699 et
1490 2645 1792 2700 honestatis
1832 2660 2027 2698 mona-

448 2744 601 2800 stiete
630 2741 836 2796 cultum
862 2738 1186 2808 recepimus,
1225 2746 1519 2806 antequam
1550 2735 1808 2791 narrandi
1841 2750 2027 2790 suma-

448 2849 571 2892 mus
597 2833 830 2897 initium,
855 2832 1137 2885 hortamur
1157 2842 1254 2883 vos
1275 2842 1407 2882 voce
1429 2843 1535 2882 non
1559 2826 1734 2882 solum
1758 2827 2026 2896 corporis,

448 2924 543 2981 sed
577 2924 745 2995 (quod
773 2930 853 2978 est
901 2920 1273 2991 praestantius)
1301 2917 1584 2973 affectione
1609 2917 1887 2973 interioris
1933 2917 2028 2972 bo-

444 3016 629 3080 minis,
659 3022 719 3068 ut
741 3028 839 3083 pro
868 3012 1036 3082 ipsius
1063 3011 1270 3066 honore
1311 3008 1490 3065 Patris
1528 3009 1585 3064 in
1635 3008 1865 3064 Domino
1894 3023 2029 3079 gau-

446 3106 621 3165 deatis
646 3144 663 3172 ,
710 3104 938 3173 gemina:
981 3102 1299 3158 substantia:
1338 3102 1539 3173 giganti
1565 3100 1644 3174 [id
1672 3109 1746 3157 est
1787 3098 2028 3174 Christo]

444 3196 652 3268 gratias
681 3191 1028 3258 referrcntes,
1061 3192 1154 3262 qui
1182 3207 1305 3247 cum
1331 3199 1477 3246 esset
1504 3191 1722 3246 excisus
1749 3189 1815 3245 de
1841 3201 2029 3246 monte

443 3286 564 3341 sine
588 3282 1071 3350 matribus,.crevit
1122 3281 1175 3336 in
1217 3291 1456 3337 montem
1496 3295 1750 3351 magnum
1787 3320 1802 3362 ,
1834 3288 1893 3336 ut
1932 3296 2030 3351 per

442 3381 647 3451 ipsum,
678 3379 820 3450 quod
851 3387 936 3434 est
973 3376 1279 3442 inetfabile,
1313 3391 1537 3449 regnum
1571 3376 1806 3446 accipiat
1853 3377 2026 3448 pusil-

443 3476 551 3531 lus.
582 3473 689 3529 Per
733 3473 994 3528 vicarium
1038 3485 1273 3540 namque
1310 3485 1464 3525 suum
1488 3504 1504 3534 ,
1535 3469 1793 3525 videlicet
1839 3470 2026 3526 Doni-

441 3582 571 3625 num
632 3567 835 3637 Papam
895 3564 1250 3621 leestinum
1308 3561 1414 3627 lll,
1467 3560 1711 3616 Dominis
1762 3560 2027 3629 episcopis

440 3656 679 3713 Ostiensi
704 3665 761 3712 et
812 3654 1095 3710 Portuensi
1136 3651 1516 3708 assistentibus
1538 3690 1554 3718 ,
1589 3658 1645 3705 et
1674 3649 1943 3721 religiosis
1974 3657 2030 3705 et

441 3744 666 3815 reliquis
695 3743 1026 3813 presbyteris
1052 3752 1107 3796 et
1134 3740 1457 3796 Diaconibus
1483 3740 1734 3794 similiter
1762 3739 2031 3793 Cardina-

440 3836 585 3893 libus
610 3835 664 3890 in
694 3835 780 3889 die
808 3833 1167 3888 Kalendarum
1194 3831 1470 3896 Octobris,
1495 3831 1750 3901 inspectis
1777 3829 2029 3885 testimo-

441 3927 547 3983 niis
604 3933 660 3981 et.
704 3925 814 3980 vita
860 3923 1101 3993 ejusdem
1152 3923 1381 3991 Sancti,
1434 3938 1628 3978 nomen
1685 3921 1932 3992 ejusdem
1970 3930 2027 3976 et

440 4017 778 4079 memoriam,
804 4014 917 4084 jam
962 4015 1116 4086 quasi
1147 4015 1471 4086 negligentia
1516 4029 1735 4068 suorum
1786 4013 2026 4083 discipu-

439 4112 629 4168 lorum
669 4108 935 4181 sepultam
965 4148 981 4174 ,
1032 4107 1294 4164 exultavit
1322 4145 1338 4173 ,
1396 4112 1452 4161 et
1505 4105 1703 4175 ubique
1739 4103 2023 4160 colendam

438 4211 672 4351 $22552:
703 4293 837 4352 Cum
853 4295 1194 4367 (quibusdam
1207 4290 1352 4347 enim
1379 4290 1577 4347 nostris
1592 4290 1799 4346 aemulis
1820 4290 2023 4346 facien-

2142 453 2400 511 ‘Dominis
2428 454 2809 515 Gardinallbus
2832 498 2848 524 ,
2900 459 2952 514 in
2981 461 3129 518 hunc
3162 462 3383 519 modum
3425 467 3741 536 petitionem

2154 554 2389 601 nostram
2414 548 2594 603 exorsi
2630 563 2836 616 sumus,
2889 549 3068 607 Vitam
3102 553 3161 610 8.
3209 552 3439 613 Joannis
3486 566 3713 616 tenente

2141 650 2265 706 ,ιιι-το
2303 637 2555 693 manibus
2589 657 2602 693 :
3603 671 3606 674 ~
3704 664 3707 667 λ

2222 725 2343 781 155.
2377 745 2397 778 ι
2436 726 2512 784 De
2539 730 2705 785 vestri
2737 731 2957 789 luminis
2987 733 3342 804 plenitudine,
3388 745 3642 807 tanquam
3673 739 3743 797 de

2151 818 2495 879 firmamento
2547 823 2669 879 coeli
2723 839 2825 882 nos
2875 826 3099 883 modicae
3157 828 3446 890 scintillae,
3499 828 3635 884 lucis
3687 841 3745 887 et

2149 910 2390 967 scientiae
2416 911 2751 969 incrementa
2782 915 3143 985 suscipientes
3171 956 3188 983 ,
3235 918 3442 989 liquido
3469 919 3739 985 novimus,

2147 1001 2290 1069 quod
2318 1002 2409 1071 qui
2438 1002 2733 1073 discipulos
2759 1005 2997 1060 honorat
3022 1006 3299 1074 Veritatis,
3319 1009 3498 1079 ipsum
3529 1011 3742 1075 magni¢

2146 1089 2296 1156 ﬁcal,
2322 1091 2415 1161 qui
2439 1105 2533 1148 eos
2562 1094 2698 1148 tales
2729 1094 2880 1157 fecit,
2915 1105 2973 1149 ut
2998 1111 3129 1152 suos
3174 1096 3382 1153 faceret
3411 1098 3736 1162 coheredes.

2146 1181 2304 1247 Ecce,
2334 1193 2394 1238 ut
2422 1184 2609 1254 paucis
2634 1195 2762 1239 utar
2788 1187 2987 1249 verbis,
3035 1187 3491 1246 Revercndissimi
3545 1190 3739 1250 Patres

2140 1279 2198 1324 et
2226 1271 2462 1337 Domini,
2493 1275 2848 1344 mandragora
2883 1276 3032 1331 dedit
3070 1279 3294 1335 odorem
3328 1282 3385 1335 iu
3431 1287 3604 1353 portis
3632 1302 3734 1342 no-

2143 1362 2313 1417 stris:
2346 1362 2548 1419 Beatus
2593 1364 2862 1435 siquidem
2905 1374 2961 1422 et
3005 1369 3239 1425 eximius
3283 1372 3448 1429 Pater
3497 1376 3736 1435 Joannes

2136 1449 2422 1510 institutor
2469 1460 2526 1508 et
2578 1456 2840 1523 magister
2890 1457 3356 1518 Vallumbrosanae
3418 1465 3731 1541 Congrega-

2137 1540 2307 1597 .tionis
2347 1552 2403 1598 et
2455 1542 2715 1611 Ordinis,
2763 1561 2922 1617 quem
2973 1548 3233 1607 Dominus
3290 1555 3616 1614 mirabiliter
3648 1540 3732 1617 ad

2137 1649 2198 1691 se
2225 1637 2410 1703 traxit,
2442 1637 2569 1694 dum
2596 1640 2644 1695 ei
2667 1656 2766 1711 per
2791 1658 3012 1699 crucem
3054 1658 3221 1717 caput
3275 1649 3557 1708 inclinavit
3581 1693 3598 1718 ,
3630 1657 3733 1710 mi-

2070 1706 2113 1767 Β
2142 1726 2344 1783 raeulis
2365 1743 2581 1799 quoque
2609 1739 2665 1785 et
2696 1731 2819 1788 vitae
2863 1706 3151 1804 splendore
3182 1740 3380 1795 enituit
3405 1783 3421 1810 ,
3470 1706 3611 1800 sicut
3653 1760 3727 1801 ex

2137 1814 2304 1885 ipsius
2327 1817 2492 1889 gestis
2515 1821 2759 1890 apertius
2778 1822 3108 1879 declaratur.
3138 1824 3291 1883 Unde
3318 1845 3419 1899 ego
3442 1841 3507 1887 et
3526 1831 3731 1890 fratres

2126 1905 2265 1972 mei,
2300 1908 2461 1964 vicini
2489 1924 2705 1982 quoque
2729 1913 2967 1984 episcopi
2996 1924 3053 1971 et
3082 1916 3172 1971 alii
3201 1919 3559 1978 ecclesiarum
3580 1939 3723 1995 prte-

2128 1993 2227 2057 ‘lati
2253 1997 2484 2065 petimus
2506 2015 2536 2052 a
2572 2000 2874 2057 Sanctitate
2903 2010 3106 2071 vestra,
3137 2016 3197 2062 ut
3225 2008 3365 2064 sicut
3387 2026 3512 2066 eum
3539 1993 3715 2070 llruti-

2136 2093 2218 2140 ter
2245 2087 2519 2143 credimus
2562 2105 2683 2146 cum
2709 2107 2808 2149 suo
2852 2093 3002 2166 Rege
3043 2112 3279 2168 regnare.
3302 2100 3357 2155 in
3404 2103 3604 2171 curiis,
3652 2106 3729 2161 ita

2136 2195 2311 2251 ipsum
2362 2185 2416 2240 in
2472 2186 2718 2258 catalogo
2764 2187 3090 2246 Sanctorum
3116 2192 3376 2261 'ju'oeatis
3416 2198 3617 2253 ascribi
3666 2200 3723 2254 in

2136 2267 2333 2340 te'rris;
2364 2286 2633 2344 quatenus
2654 2277 2772 2346 ejus
2801 2281 3014 2336 meritis
3046 2291 3103 2337 et
3134 2285 3619 2343 intercessionibus
3648 2290 3720 2347 de

2132 2371 2276 2419 statu
2319 2364 2594 2436 lippientis
2636 2368 2747 2424 Lite
2793 2372 2861 2426 ad
2913 2370 3171 2430 formosae
3230 2375 3485 2435 Rachelis
3525 2394 3719 2450 perve-

2132 2456 2346 2512 niamus
2380 2460 2684 2529 amplexus.

2203 2546 2329 2603 154.
2365 2568 2383 2601 ‹
2413 2549 2507 2605 llis
2557 2550 2822 2617 decursis,
2877 2554 3106 2625 genibus
3154 2559 3391 2616 curvatis
3432 2560 3607 2616 Vitam
3659 2560 3720 2617 8.

2130 2636 2354 2694 Joannis
2401 2638 2628 2697 Domino
2671 2642 2826 2714 Papae
2868 2646 3199 2716 obtulimus;
3246 2665 3411 2720 quam
3454 2634 3719 2710 Dominus

2130 2729 2436 2787 Cardinalis
2458 2732 2724 2791 Ostiensis
2752 2736 2871 2807 ejus
2903 2741 3155 2794 mandato
3182 2744 3449 2812 recipiens
3469 2782 3490 2811 ,
3532 2745 3725 2802 diebus

2134 2822 2304 2876 tenuit
2350 2823 2662 2893 aliquantis.
2715 2826 2811 2881 Die
2850 2828 3012 2899 igitur
3051 2831 3310 2898 praedicto
3352 2832 3731 2890 Kalendarum.

2129 2911 2380 2972 Octobris
2401 2916 2455 2969 in
2487 2916 2647 2986 pleno
2674 2921 2999 2977 consistorio
3041 2922 3303 2980 Dominus
3348 2925 3491 2997 Papa
3516 2969 3532 2994 ,
3567 2943 3721 2985 com-

2132 3006 2380 3060 mendata
2407 3008 2700 3084 plurimum
2724 3011 2831 3065 vita
2861 3013 2919 3067 S.
2950 3013 3175 3070 Joannis
3202 3017 3472 3086 praedicti,
3495 3016 3724 3074 laudans

2131 3088 2612 3168 Coiigregationem
2640 3115 2791 3161 suam
2817 3110 2874 3158 et
2894 3104 3185 3173 specialius
3199 3108 3418 3163 domum
3448 3117 3720 3173 nostram.

2131 3195 2193 3241 ut
2218 3186 2285 3241 de
2308 3197 2493 3242 cetero
2518 3188 2758 3259 ejusdem
2787 3192 2845 3249 S.
2873 3192 3101 3250 Joannis
3128 3212 3326 3253 ll0:l|ell
3355 3198 3409 3254 in
3446 3199 3715 3272 Catalogo

2132 3277 2454 3335 Sanctorum
2480 3292 2794 3352 poneretur,
2825 3293 2880 3341 et
2909 3286 3176 3344 festivitas
3203 3288 3320 3360 ejus
3362 3290 3551 3346 eodem
3601 3291 3714 3357 die,

2128 3384 2238 3440 quo
2265 3370 2420 3437 obiit,
2450 3372 2659 3427 scilicet
2682 3374 3000 3431 duodecimo
3052 3380 3257 3434 tnensis
3296 3378 3422 3435 Julii
3475 3380 3717 3436 celebra-

2130 3469 2301 3523 retur,
2333 3475 2598 3517 consensu
2625 3478 2846 3519 suorum
2874 3465 3104 3523 fratrum
3141 3469 3488 3526 Dominarum
3522 3471 3711 3527 Cardi-

2128 3550 2333 3605 nalium
2355 3591 2370 3614 ,
2414 3567 2645 3621 quorum
2675 3557 2894 3611 nomina
2922 3558 3314 3629 subsequenter
3356 3562 3708 3625 adnotantur,

2127 3642 2798 3711 Apostolicaauctoritate
2834 3648 3114 3713 decrevit,
3162 3650 3510 3720 replicando,
3565 3653 3710 3723 quod

2127 3735 2314 3791 eadem
2347 3736 2537 3806 petitio
2563 3736 2682 3791 aliis
2704 3739 2929 3794 summis
2951 3739 3329 3808 Pontitieibus,
3360 3744 3477 3799 suis
3501 3730 3717 3814 praede?

2128 3826 2455 3894 cessoribus,
2493 3825 2671 3880 fuerat
2698 3838 2967 3896 porrecta,
2994 3839 3049 3883 et
3075 3831 3197 3886 suis
3217 3831 3287 3885 ad
3319 3833 3700 3904 surripiendum

2129 3915 2459 3986 temporibus
2490 3925 2786 3971 resertata.

2198 4003 2320 4059 155.
2342 4022 2361 4054 ι
2382 4004 2515 4061 Huic
2527 4006 2924 4060 canonizationi
2950 4005 3381 4066 interfueruntbi
3405 4011 3709 4090 presbyteri

2125 4093 2465 4160 Cardiualcs,
2497 4095 2744 4151 videlicet
2772 4111 2789 4151 :
2830 4096 3179 4170 Paudulpbus
3205 4141 3221 4159 .
3250 4101 3469 4157 natione
3493 4099 3706 4158 Lucen-
3804 4129 3821 4138 ~

2126 4189 2220 4253 sis,
2248 4186 2485 4244 basilica:
2517 4187 2797 4244 duodecim
2825 4190 3204 4259 Apostolorum
3233 4192 3519 4263 presbyter
3540 4192 3703 4249 Card.

2124 4278 2318 4334 Petrus
2338 4278 2705 4343 Placentinus,
2723 4280 2781 4334 S.
2798 4280 3012 4335 Ceciliae
3033 4282 3215 4350 presb.
3234 4283 3396 4337 Card.
3414 4280 3703 4348 Jordanns,

425 4386 604 4457 tibus)
637 4401 734 4456 pro
760 4386 881 4440 aliis
907 4385 1135 4456 negotiis
1168 4383 1311 4439 Urbs
1342 4383 1394 4436 in
1421 4379 1652 4436 ferventi
1690 4397 1788 4437 nos
1831 4382 2014 4437 calere
2048 4390 2091 4448 ι)
2122 4372 2392 4441 quondam
2422 4369 2605 4425 Abltas
2630 4369 2811 4426 Fossa!
2853 4386 3023 4436 novae,
3056 4372 3114 4427 S.
3163 4373 3494 4429 Potentiana:
3520 4375 3702 4444 presb.

430 4477 562 4532 Julii
592 4477 908 4546 recepisset,
923 4491 1086 4546 super
1106 4488 1214 4544 quo
1234 4473 1393 4528 amici
1418 4472 1589 4527 nostri
1611 4488 1717 4527 non
1745 4472 2015 4526 modicum

441 4568 827 4634 tristabantur,
875 4568 1127 4622 timentes
1176 4564 1333 4621 nobis
1380 4573 1602 4634 propter
1647 4564 1773 4619 vita:
1803 4565 2018 4634 dispen-

437 4661 620 4728 dium,
663 4661 873 4716 meritis
897 4700 912 4726 ,
939 4668 996 4715 ut
1040 4658 1348 4721 credimus.
1385 4656 1528 4712 beati
1568 4655 1793 4712 Joannis
1834 4654 2016 4710 omnia

430 4762 563 4809 sunt
584 4763 869 4825 cooperata
898 4753 951 4808 in
988 4752 1209 4807 bonum.
1246 4748 1563 4806 Salutantes
1605 4749 1785 4817 itaque
1826 4747 2017 4801 devote

436 4856 492 4901 et
553 4855 864 4902 reverentes
925 4843 1203 4900 humiliter
1263 4840 1545 4913 praefatum
1610 4837 2014 4894 sanctissimum

436 4937 722 4993 Dominum
754 4935 974 5005 Papam,
1012 4932 1406 5005 postulavimus
1462 4938 1522 4983 ut
1564 4927 1743 4984 sancti
1793 4923 2017 4980 Joannis

2119 4461 2282 4515 Card.
2307 4458 2544 4515 Joannes
2569 4458 2929 4526 Lombardus,
2965 4463 3093 4517 olim
3145 4462 3188 4517 Τ
3195 4479 3451 4519 useaneu.
3490 4468 3706 4535 episc0—-

2120 4565 2239 4621 pus,
2280 4549 2337 4605 S.
2362 4549 2655 4606 Clementis
2679 4551 2860 4621 presb.
2892 4550 3058 4607 Card.
3100 4553 3397 4622 ltontanus,
3426 4557 3706 4625 quandam

2118 4641 2488 4713 Primicerius,
2546 4641 2605 4697 8.
2650 4643 2954 4700 Anastasius
3009 4647 3193 4716 presb.
3247 4646 3409 4703 Card.
3460 4648 3706 4719 l-lugucio

2119 4735 2178 4790 S.
2210 4735 2425 4789 Martini
2457 4736 2509 4788 in
2536 4746 2720 4790 monte
2768 4738 2948 4806 presb.
2978 4737 3141 4793 Card.
3185 4736 3363 4795 Guido
3410 4738 3471 4795 S.
3522 4739 3708 4797 Mariae

2120 4836 2271 4882 trans
2299 4826 2535 4882 Tiberim
2564 4830 2650 4883 tit.
2683 4828 2741 4884 S.
2772 4829 2982 4885 Callisti
3024 4834 3204 4900 presb.
3233 4831 3394 4888 Card.
3444 4832 3707 4900 Joannes,

2099 4916 2268 4971 .olim.
2315 4916 2601 4972 Ca’ssinen.
2650 4919 2981 4985 monachus,
3031 4922 3092 4977 8.
3131 4920 3394 4991 Stephani
3440 4923 3491 4978 in
3536 4921 3713 4978 Catio

2449 5012 2461 5026 l
2532 5010 2569 5026 η
2654 5012 2667 5026 ι
2725 5011 2761 5026 η
2841 5013 2872 5026 .ο
2991 5013 3029 5026 η
3316 5015 3348 5026 η
