4110 5362
366 392 470 451 733
488 414 503 457 ς

1899 397 2115 467 serti

3520 396 3625 483 vss

362 510 669 604 Cngoriu
685 510 984 604 Crescendi
1030 513 1089 569 8.
1123 512 1306 572 Maria:
1348 519 1406 571 in
1453 516 1691 587 Acquiro
1721 518 1947 575 Diacon.
1980 529 2024 586 Α
2056 523 2109 578 in
2134 526 2385 594 praesenti
2415 527 2543 595 vita,
2571 543 2668 599 per
2698 520 3089 587 exhibitionem
3122 514 3356 604 plurium
3388 536 3625 595 miracu-

361 601 522 665 Card.
548 601 797 660 Romani.
824 603 1119 661 Lotharius
1151 604 1252 661 88.
1286 606 1463 677 Sergii
1490 616 1546 662 et
1593 605 1815 683 Bacchi,
1847 625 1946 664 na-

363 692 509 747 tione
551 690 860 765 Campanus
890 736 906 760 ,
946 695 1103 752 Diae.
1144 696 1368 753 Cardin.
1418 695 1713 768 Gregorius
1752 698 1949 756 Catelli

364 786 425 845 8.
462 785 682 859 Georgii
713 786 782 841 ad
814 784 1004 841 Velum
1051 801 1279 844 aureum
1310 787 1457 843 Diae.
1492 788 1659 851 Card.
1698 791 1950 849 Nieolaus

363 878 422 935 S.
445 879 628 934 Maria:
655 880 709 934 in
737 878 1048 935 Cosmedin.
1079 880 1230 936 Diae.
1271 879 1433 937 Card.
1466 883 1724 940 Romani.
1780 883 1949 956 Magi-

362 978 476 1025 ster
499 968 747 1041 .Egidius
771 969 1090 1039 Anagninus
1128 969 1185 1025 8.
1221 970 1426 1026 Nieolai
1456 973 1510 1027 iu
1558 988 1782 1031 carcere
1811 975 1945 1030 Tul—

363 1061 513 1121 liano
532 1060 680 1116 Diae.
730 1060 953 1116 Cardin.
1003 1060 1229 1117 Centius
1277 1061 1627 1120 Camerarius
1673 1065 1731 1119 S.
1768 1064 1950 1121 Lueia:

362 1149 508 1205 Diae.
536 1148 724 1215 Card.,
752 1158 915 1219 atque
939 1148 1195 1220 Magister
1221 1150 1414 1207 Petrus
1442 1152 1730 1224 Capuanus
1755 1152 1814 1209 S.
1838 1154 1949 1210 Ma-

361 1240 456 1297 ria
484 1240 538 1295 iu
582 1238 675 1294 Via
714 1239 818 1296 lata
862 1238 1013 1295 Diae.
1058 1239 1220 1297 Card.
1265 1242 1536 1298 Prmterea
1584 1244 1950 1301 interfuerunt

359 1336 522 1392 (tiam
556 1335 794 1408 praefatae
828 1335 1231 1391 eanonizalioni
1274 1351 1343 1392 ex
1392 1338 1578 1394 multis
1620 1346 1676 1393 et
1707 1338 1948 1395 diversis

360 1428 654 1499 [revinciis
680 1427 736 1483 in
762 1427 907 1483 dicto
956 1427 1285 1484 consistorio
1314 1429 1448 1483 tanti
1500 1429 1802 1500 principis,
1839 1430 1948 1484 imo

361 1531 633 1579 lautorum
656 1520 983 1591 principum,
1009 1521 1109 1575 viri
1144 1520 1491 1576 honorabiles
1516 1561 1531 1586 ,
1563 1521 1946 1591 Arcbiepisco-

359 1631 462 1687 pus
506 1615 844 1685 Amalphia,
886 1614 1182 1685 Episcopus
1233 1614 1602 1679 Puteolanus,
1648 1614 1948 1685 Episcopus

358 1708 616 1774 Nolanus,
643 1707 1009 1763 Ariminensis
1039 1715 1166 1762 tunc
1189 1706 1415 1770 electus,
1440 1715 1493 1762 et
1517 1707 1730 1762 Electus
1752 1705 1945 1762 famosi

360 1798 674 1855 mouasterii
706 1797 988 1854 Fuldensis
1015 1797 1081 1851 de
1110 1797 1452 1860 Alemanuia,
1470 1797 1561 1863 qui
1589 1798 1779 1853 eadem
1811 1797 1944 1852 hora

2051 616 2250 681 lorum,
2273 619 2732 676 commendabiles
2762 622 2958 691 reddit,
2985 628 3369 690 et,secundum
3393 633 3627 702 prophe-

2051 711 2213 765 ticum
2243 710 2486 776 rerbum,
2513 725 2607 767 eos
2638 711 2765 767 facit
2791 715 2841 769 in
2870 725 3071 773 :eterna
3103 732 3225 775 esse
3257 724 3542 791 memoria,
3571 722 3628 780 et

2051 798 2120 855 ab
2138 801 2387 857 omnibus
2410 802 2697 859 celebriter
2718 806 2987 862 venerari.
3036 805 3153 865 Nec‘
3169 810 3313 865 enim
3337 812 3624 885 quisquam

2049 890 2360 950 Catholieus
2395 895 2621 967 ambigit
2649 938 2663 961 ,
2710 914 2833 952 eum
2886 908 2941 954 et
2998 900 3103 957 hoc
3144 900 3426 974 Scriptura
3470 921 3625 964 saera

2052 993 2302 1051 testetur,
2328 987 2471 1056 quod
2501 988 2554 1040 in
2587 984 2806 1042 Sanctis
2838 990 2953 1044 suis
2985 990 3239 1047 laudatur
3264 994 3540 1061 Dominus,
3574 1006 3639 1052 et.

2050 1076 2139 1146 qui
2166 1077 2400 1132 honorat
2427 1092 2542 1143 cos,
2577 1077 2749 1148 ipsum
2788 1077 3072 1134 Dominum
3098 1098 3322 1152 prorsus
3350 1084 3581 1141 honorat
3609 1096 3651 1151 ;'

2053 1169 2168 1239 ipso
2196 1178 2489 1225 attestante
2520 1170 2611 1240 qui
2642 1170 2777 1225 dicit
2809 1190 2821 1225 :
2858 1169 2959 1239 Qui
2991 1188 3085 1228 vos
3108 1175 3360 1242 honorat,
3394 1192 3482 1232 me
3520 1172 3629 1233 ho?

2053 1268 2235 1325 norat,
2264 1268 2321 1316 et
2347 1260 2438 1331 qui
2468 1274 2564 1315 vos
2589 1260 2800 1331 recipit.
2833 1277 2919 1317 me
2948 1263 3158 1333 recipit.
3178 1265 3243 1319 Et
3273 1266 3395 1321 item
3430 1286 3443 1321 :
3473 1266 3645 1334 Quod.

2051 1356 2142 1409 uni
2164 1371 2228 1410 ex
2259 1355 2393 1410 meis
2417 1355 2653 1410 minimis
2678 1356 2901 1422 fecistis,
2918 1357 3048 1412 mihi
3073 1356 3298 1415 fecistis.
3318 1359 3381 1415 Et
3409 1362 3628 1434 quidem

2052 1444 2246 1501 rationi
2277 1456 2699 1503 consentaneum
2749 1464 2871 1504 esse
2915 1450 3176 1517 probatur
3199 1491 3214 1516 ,
3253 1458 3314 1506 ut
3341 1493 3354 1516 ,
3386 1454 3655 1523 quando-‘

2050 1539 2265 1608 quidem
2315 1540 2657 1611 omnipotens
2704 1540 2866 1595 Pater
2911 1540 3035 1596 Filii
3084 1544 3167 1596 sui
3220 1542 3515 1601 coheredes
3562 1559 3629 1600 eo

2050 1632 2158 1700 q'uo
2188 1630 2362 1700 ipsum
2404 1631 2612 1687 honore
2653 1632 2820 1687 voluit
2871 1631 3117 1705 insigniri
3172 1633 3289 1704 ipso
3332 1643 3524 1692 orante
3577 1643 3633 1689 et

2050 1721 2301 1778 dicente:
2330 1722 2485 1788 Volo,
2506 1722 2691 1787 Pater,
2719 1733 2777 1776 ut
2801 1723 2889 1777 ubi
2922 1738 3020 1795 ego
3052 1727 3192 1789 sum,
3222 1724 3334 1778 illic
3355 1726 3425 1779 sit
3455 1735 3511 1781 et
3534 1726 3657 1780 mi-‘

2051 1812 2219 1867 nister
2242 1827 2429 1878 meus;
2462 1820 2515 1868 et
2545 1828 2756 1867 rursum
2783 1832 2796 1868 :
2825 1813 2883 1869 Si
2910 1814 3032 1884 quis
3057 1813 3187 1868 mihi
3217 1814 3631 1879 ministraverit,

358 1891 536 1947 fuerat
580 1890 953 1953 continuatus.
1005 1888 1237 1944 Nuntius
1292 1904 1423 1945 vero
1471 1887 1535 1943 Ν.
1599 1887 1945 1959 Imperatoris

2048 1900 2430 1957 honorificabit
2457 1918 2579 1957 eum
2625 1901 2787 1958 Pater
2829 1880 2983 1958 mens
3012 1944 3027 1970 ,
3079 1904 3170 1973 qui
3204 1903 3255 1957 in
3306 1903 3460 1960 oculis
3504 1913 3588 1960 est
3614 1947 3628 1968 ,

356 1983 938 2054 Constantinopolitani
1001 1998 1107 2039 non
1154 1981 1356 2048 defuit,
1394 1991 1558 2053 atque
1608 1980 1673 2036 N.
1723 1980 1946 2037 nuntius

357 2075 501 2147 regis
523 2074 728 2145 Anglia:
754 2090 769 2140 ;
803 2074 985 2144 plures
1011 2073 1101 2128 alii
1129 2072 1416 2129 eonelerici
1446 2083 1502 2128 et
1527 2071 1676 2139 laici,
1703 2068 1938 2142 quorum

360 2168 576 2224 nomina
599 2166 693 2224 ille
720 2168 889 2232 novit,
919 2166 1012 2237 qui
1041 2182 1140 2223 nos
1164 2166 1342 2221 finxit.

427 2259 553 2320 £37.
590 2258 909 2330 rCapellani
941 2273 1069 2313 vero
1110 2254 1736 2328 praenominati-domini
1785 2254 1946 2323 Papa!

358 2366 466 2407 non
493 2350 801 2416 defuerunt,
825 2349 917 2420 qui
946 2348 1103 2406 nobis
1127 2348 1469 2415 assistentes,
1494 2346 1570 2400 Tu
1595 2346 1762 2401 Deum
1802 2343 1943 2398 Lau—

357 2451 572 2510 d-unus,
601 2444 708 2501 alta
737 2458 871 2502 voce
900 2451 1280 2501 cantaverunt.
1309 2438 1540 2508 Moxque
1564 2438 1618 2494 in
1654 2437 1772 2509 ipsa
1803 2436 1947 2493 cclc-

357 2542 628 2609 hratione,
659 2548 928 2611 pncsente
949 2539 1137 2595 eodem
1182 2550 1399 2592 summo
1444 2533 1707 2589 Pontice
1732 2572 1747 2597 ,
1778 2531 1947 2603 ipsius

360 2633 420 2689 S.
446 2631 671 2689 Joannis
717 2632 897 2687 oratio
930 2639 1017 2687 est
1057 2645 1086 2683 a
1128 2629 1451 2700 presbytero
1506 2624 1753 2680 recitata.
1793 2621 1945 2677 Unde

358 2727 576 2798 pulvere
603 2739 833 2782 excusso
862 2723 1114 2778 vitiorum
1150 2721 1216 2775 ad
1248 2718 1573 2773 laudandam
1622 2717 1677 2771 iu
1721 2715 1928 2770 Sancto

356 2819 473 2887 ejus
494 2816 781 2873 hominum
803 2815 923 2871 sitis
946 2814 1258 2885 praeparati,
1274 2821 1328 2866 et
1353 2811 1480 2881 quia
1503 2810 1770 2865 hactenus
1790 2807 1942 2861 flevi-

360 2910 480 2973 stis,
527 2916 786 2978 tanquam
818 2907 931 2962 reri
960 2905 1079 2971 filii,
1111 2906 1178 2959 de
1216 2910 1393 2959 morte
1428 2900 1608 2955 Patris
1629 2938 1643 2962 .
1673 2899 1743 2954 de
1773 2898 1946 2967 ipsius

358 3001 510 3071 quasi
557 2998 958 3055 resurrectione
1011 2996 1264 3067 spiritum
1320 2991 1503 3064 gaudii
1555 2990 1828 3053 induatis,
1891 2996 1947 3043 ct

358 3104 482 3147 eum
536 3089 822 3145 Psalmisto
869 3088 1140 3144 veraciter
1184 3083 1532 3140 decantetis:
1584 3080 1713 3135 Mihi
1764 3087 1945 3133 autem

362 3184 523 3239 nimis
543 3182 794 3238 honorati
823 3191 952 3236 sunt
971 3180 1129 3235 amici
1155 3180 1255 3243 tui,
1273 3178 1432 3231 Deus.
1460 3174 1704 3229 Prazsens
1716 3171 1946 3241 denique

361 3274 560 3346 gloria,
590 3289 712 3344 quas
760 3272 828 3328 de
877 3272 1199 3328 Sanctorum
1251 3266 1619 3325 celebratione
1669 3265 1946 3327 habetur,

362 3366 505 3423 illius
533 3367 720 3441 gloria:
744 3374 800 3421 et
824 3363 1006 3436 gaudii
1049 3370 1133 3418 est
1162 3362 1362 3431 imago,
1389 3372 1553 3429 quam
1584 3354 1786 3409 nullius
1828 3367 1952 3408 sen-

363 3474 456 3514 sus
467 3457 609 3515 valet
630 3457 1114 3527 comprehendere,
1132 3469 1230 3510 nec
1251 3467 1431 3510 sermo
1445 3456 1948 3521 quantumcumque

363 3549 617 3606 disertius
646 3549 940 3619 explicare.
973 3549 1047 3603 Ea
1082 3547 1250 3616 igitur
1273 3545 1359 3600 die
1388 3586 1402 3610 ,
1435 3559 1541 3614 qua
1573 3556 1670 3598 vos
1700 3540 1947 3609 eontige«

356 3632 436 3696 irit
475 3641 684 3697 litteras
709 3640 843 3694 tanti
894 3639 1113 3711 tripudii
1164 3638 1445 3709 recipere,
1493 3634 1637 3691 beati
1680 3632 1945 3696 Joannis,

364 3729 577 3788 Domini
602 3739 657 3787 et
685 3730 861 3787 Patris
884 3730 1075 3795 nostri,
1108 3730 1249 3785 sicut
1291 3729 1343 3784 in
1369 3729 1450 3784 sui
1484 3726 1678 3781 natalis
1712 3725 1819 3789 die,
1852 3738 1948 3777 no-

361 3823 572 3878 cturnis
626 3832 684 3878 et
740 3821 949 3878 diurnis
995 3819 1247 3875 laudibus
1298 3818 1567 3875 studeatis
1623 3816 1946 3873 memoriam

362 3914 660 3979 celebrare,
688 3925 939 3985 supernae
979 3911 1276 3984 Majestatis
1314 3910 1659 3968 clementiam
1686 3908 1947 3964 attentius

362 4008 738 4078 implorantes,
764 4019 1034 4079 quatenus
1055 4008 1133 4062 sic
1165 4023 1263 4062 nos
1293 4006 1458 4063 faciat
1494 4021 1592 4076 per
1618 4004 1778 4074 hujus
1814 4002 1942 4058 vita:
1972 4026 1973 4029 η

359 4098 596 4151 stadium
621 4112 839 4153 currere
861 4138 877 4163 ,
919 4100 1106 4153 nostro
1129 4097 1265 4152 duce
1279 4104 1334 4151 et
1378 4103 1606 4166 patrono
1648 4101 1929 4165 pneeuute

362 4186 421 4242 S.
447 4186 681 4254 Joanne,
712 4199 768 4242 ut
796 4203 893 4259 per
913 4204 1078 4242 llllllm
1111 4195 1167 4243 et
1194 4190 1246 4242 in
1273 4203 1400 4250 uno,
1441 4187 1531 4257 qui
1564 4184 1718 4252 dicit,
1752 4184 1863 4256 Ego
1889 4192 1943 4238 et

363 4279 524 4336 Pater
554 4296 718 4335 unum
748 4296 951 4345 sumus,
981 4279 1204 4350 perfecti
1254 4295 1447 4336 cursus
1478 4278 1726 4335 braviqu
1761 4276 1945 4347 capia-

363 4389 505 4429 mus.
542 4372 750 4430 Valcte.
798 4393 816 4426 ο

433 4465 557 4521 158.
610 4465 749 4523 Huic
794 4464 1038 4536 epistolae
1078 4463 1344 4519 subnecte
1390 4461 1599 4516 Bullam
1647 4459 1941 4515 eanoniza«

2049 1994 2438 2063 homines,.qui
2468 1995 2701 2049 exlutea
2728 1995 2953 2050 materia
3003 2005 3130 2050 sunt
3155 2036 3169 2058 ,
3225 1995 3632 2066 ipsius‘memo-

2048 2086 2183 2141 riam
2215 2087 2490 2142 celebrent
2520 2097 2575 2142 et
2608 2099 2936 2143 venerentur
2957 2087 3009 2142 in
3041 2089 3226 2154 terris,
3251 2088 3404 2157 cujus
3428 2103 3645 2145 nomen.

2047 2177 2287 2232 creditur
2314 2177 2574 2247 scripturn
2603 2192 2725 2233 esse
2754 2179 2808 2233 in
2841 2178 3017 2234 cretis.

2108 2267 2231 2322 159.
2269 2285 2287 2318 ς
2319 2266 2433 2323 ilac
2464 2268 2721 2323 nimirum
2762 2268 3203 2324 consideratione
3253 2266 3480 2334 inducti,
3507 2274 3637 2323 cunt

2046 2362 2237 2431 preces
2259 2358 2577 2416 dilectorum
2614 2350 2860 2415 filiorum
2904 2366 3217 2417 nostrorum
3253 2359 3467 2432 Georgii
3497 2358 3635 2433 [lege

2047 2450 2319 2524 Gregorii]
2346 2451 2571 2508 Abbatis
2592 2460 2647 2507 et
2683 2450 2996 2507 Conventus
3043 2451 3479 2507 Passinianeusis
3509 2467 3627 2508 mo-

2048 2543 2306 2609 nasterii,
2341 2551 2693 2613 vestrumque
2743 2542 3112 2598 testimdnium
3156 2542 3548 2612 recepissemus
3574 2551 3632 2597 et

2046 2633 2278 2699 litteras,
2307 2641 2366 2687 ut
2399 2632 2598 2688 inclita:
2628 2633 3019 2689 recordationis
3061 2631 3323 2689 Joannem
3351 2631 3626 2703 quondam

2046 2724 2334 2792 Abbatem,
2366 2723 2906 2782 Vallis-Umbrenum
2928 2725 3372 2797 Congregationis
3403 2726 3623 2780 institu-

2049 2824 2247 2880 torem,
2274 2813 2365 2886 qui
2397 2815 2675 2871 Creatoris
2718 2816 2801 2869 sui
2849 2828 3037 2871 servos
3073 2815 3306 2885 prudens
3352 2813 3535 2870 extitit
3577 2804 3634 2867 et

2049 2905 2243 2973 fidelis,
2274 2914 2331 2961 et
2368 2905 2590 2961 familiae
2618 2906 2720 2962 sibi
2748 2905 3052 2962 commissae
3079 2907 3132 2960 in
3161 2914 3407 2975 tempore
3452 2904 3624 2958 tritici

2049 3010 2360 3058 mensuram
2388 3000 2648 3072 impendit
2671 3016 2685 3065 ;
2716 3007 2771 3055 et
2794 3014 2974 3070 quem,
2999 2999 3125 3068 quia
3155 2998 3254 3053 fuit
3274 3008 3437 3069 super
3450 2999 3621 3068 pauca

2050 3091 2242 3154 fidelis,
2276 3098 2398 3161 past
2419 3090 2626 3144 obitum
2656 3104 2812 3145 suum
2843 3103 3011 3158 super
3030 3087 3200 3143 multa
3232 3087 3491 3143 Dominus
3513 3089 3643 3158 ipse»

2051 3182 2351 3248 constituit,
2382 3190 2436 3237 et
2463 3180 2646 3236 multis
2668 3180 3052 3236 miraculorum
3085 3164 3383 3251 privilegiis
3405 3179 3632 3251 insigni-

2054 3274 2151 3339 vit,
2183 3273 2303 3329 istis
2347 3273 2509 3327 etiam
2557 3271 2886 3341 temporibus
2913 3281 2972 3325 ut
2996 3269 3198 3326 dicitur
3224 3310 3238 3336 ,
3288 3269 3619 3325 incessanter

2053 3364 2308 3428 illustrat,
2336 3364 2659 3419 Sanctorum
2688 3361 2945 3430 Catalogo
2967 3376 3330 3417 annumerare
3352 3369 3407 3417 et
3436 3374 3633 3417 conso-

2052 3457 2198 3512 ciare
2226 3455 2505 3511 vellemus.
2536 3453 2721 3512 Visum
2749 3454 2932 3524 itaque
2956 3456 3040 3509 est
3064 3454 3245 3518 nobis,
3271 3462 3326 3509 et
3352 3454 3628 3508 communi

2051 3548 2276 3605 consilio
2307 3547 2536 3602 fratrum
2572 3545 2784 3611 insedit,
2812 3553 2867 3600 et
2895 3544 3195 3599 vicinorum
3245 3545 3624 3615 episcoporum

2050 3648 2104 3695 et
2150 3638 2382 3694 aliorum
2429 3636 2782 3692 Prmlatorum
2842 3634 3134 3699 Ecclesiae,
3188 3632 3510 3688 deberemus
3560 3631 3630 3685 du

2048 3732 2459 3789 conversatione
2486 3728 2727 3798 ejusdem
2763 3726 2891 3782 boni
2921 3726 3033 3782 Viri
3064 3736 3119 3781 et
3156 3723 3431 3779 miraculis
3474 3721 3631 3777 testi-

2048 3818 2585 3892 monia'prmstolari.
2620 3819 2842 3874 Domum
2878 3831 3009 3872 vero
3056 3831 3179 3872 cum
3219 3814 3628 3884 EpiscOporum,

2046 3914 2335 3978 Abbatum,
2362 3911 2637 3977 Priorum,
2661 3907 3201 3969 Arehidiaeonorum,
3234 3904 3623 3966 Plebanorum,

2050 4002 2486 4074 Pnepositorum,
2533 3996 3038 4054 Eeelesiastieorum
3088 4002 3146 4048 et
3195 3991 3643 4048 Monastieorum,

2045 4098 2419 4154 Conventuum
2453 4103 2617 4165 atque
2663 4092 2890 4147 aliormn
2920 4105 3083 4160 super
3107 4086 3349 4157 ejusdem
3395 4083 3651 4138 Ministri.

2045 4186 2172 4244 Jesu
2214 4187 2419 4243 Christi
2445 4185 2556 4240 vita
2585 4193 2640 4238 et
2672 4181 3085 4239 conversatione
3137 4187 3299 4248 atque
3348 4174 3630 4231 miraculis

2046 4279 2440 4351 recepissemus
2493 4276 2802 4332 testimonio
2831 4281 2888 4329 et
2935 4282 3355 4342 preces;,super
3395 4263 3625 4319 eanoni~

2044 4374 2219 4428 zando
2285 4372 2521 4434 eodem‘,
2578 4367 2808 4421 fratrum
2875 4371 3185 4418 nostrorum
3242 4357 3649 4414 convenientia.

2044 4460 2303 4533 requisita
2331 4468 2387 4517 et
2416 4458 2620 4524 habita,
2649 4456 2951 4512 referentes
2992 4451 3199 4523 gratias
3230 4448 3495 4513 Creatori,
3526 4447 3618 4516 qui

362 4559 526 4619 tionis
553 4576 697 4615 anno
728 4542 884 4625 H93,
909 4575 940 4613 a
964 4558 1261 4614 leestino
1282 4556 1348 4611 Ill
1374 4556 1596 4618 editam,
1623 4568 1743 4619 quae
1764 4560 1942 4608 exstat
1972 4563 2018 4621 ι)
2047 4550 2346 4607 Ecclesium
2375 4563 2531 4603 suam
2559 4560 2774 4615 seraper
2802 4558 2939 4599 nova
2966 4540 3117 4611 prole
3161 4538 3482 4608 multiplicat
3507 4576 3521 4601 ,
3568 4545 3625 4590 ct

362 4652 502 4720 apud
530 4651 595 4707 D.
626 4650 965 4706 Thesaurum
1004 4634 1236 4713 Veliam,
1268 4647 1326 4702 8.
1373 4644 1634 4701 Praxedis
1664 4643 1941 4705 abbatem,

362 4749 489 4798 ante
514 4739 690 4796 Vitam
727 4739 786 4795 8.
817 4738 1044 4825 Joannis
1067 4736 1369 4802 Gualberti,
1407 4750 1551 4790 anno
1581 4733 1721 4789 1612
1757 4733 1943 4788 Roma:

360 4830 581 4895 editam,
604 4831 749 4900 apud
780 4829 1034 4885 Didacum
1058 4830 1382 4883 Frauehium
1413 4827 1505 4882 lib.
1539 4827 1624 4889 12,
1656 4840 1777 4897 pag.
1807 4825 1933 4891 516,

361 4930 418 4976 et
447 4923 499 4976 in
527 4921 763 4976 Bullario
804 4920 1003 4976 Laertii
1057 4920 1353 4976 Cherubiui
1407 4927 1540 4974 tom.
1573 4919 1621 4982 ί,
1671 4935 1795 4989 pag.
1849 4912 1974 4973 3l.'

361 5010 657 5069 Franchius
688 5028 811 5085 pag.
844 5012 949 5069 508
978 5012 1111 5067 dicit
1153 5027 1271 5066 eam
1306 5011 1488 5066 datam
1520 5025 1641 5066 esse
1671 5012 1740 5066 ad
1764 5011 1942 5066 Abba-

363 5114 472 5140 IAm
500 5116 545 5140 nl
575 5113 904 5140 nnnuisnlnns
952 5104 1426 5140 D-mnininnoncnm
1503 5104 1599 5140 Alii
1631 5114 1807 5140 «utinm
1837 5107 1942 5140 dun

2052 4651 2159 4696 tam
2190 4653 2461 4701 rosarum,
2493 4651 2655 4707 quam
2686 4635 2923 4690 liliorum
2952 4632 3084 4687 ﬂore
3117 4633 3380 4694 decorat,
3410 4642 3624 4697 praeno-

2047 4733 2309 4787 minatum
2335 4728 2397 4783 Β.
2441 4726 2703 4786 Joannem
2750 4724 3197 4781 canouizavimus
3225 4763 3241 4787 ,
3298 4730 3352 4791 et
3398 4734 3627 4775 numero
3704 4742 3709 4746 ο

2046 4821 2418 4880 confessorum
2454 4818 2656 4875 Christi
2688 4818 3028 4873 decrevimus
3054 4808 3626 4884 adjungendum.Com

2047 4913 2312 4968 fossorum
2341 4909 2582 4964 omnium
2611 4907 2814 4978 Regem
2844 4919 3007 4975 prece
3034 4900 3224 4958 humili
3245 4901 3624 4984 deposcentes,

2047 5013 2104 5059 ut
2134 5002 2374 5074 ejusdem
2401 5000 2765 5063 Confessoris,
2798 4999 2891 5068 qui
2921 4997 3025 5052 sibi
3067 5000 3293 5066 propter
3333 4989 3540 5042 lucidas
3570 4996 3663 5041 et.

2045 5095 2369 5140 niiiisliimlas
2417 5091 2619 5140 nlaeni!
2666 5082 2950 5140 aelinnes.
3009 5083 3269 5140 precibus
3317 5088 3372 5133 et
3420 5075 3632 5130 meritis
