4110 5362
469 361 592 416 755.

470 572 704 629 divinam
733 570 1178 640 omnipotentiam
1217 572 1539 629 exultante-5.
1579 574 1636 631 Si
1693 578 1876 642 enim,
1910 589 2065 636 atte-'

467 670 647 718 stante
676 675 802 715 voce
834 660 1134 728 Dominica,
1160 662 1328 717 Deum
1360 664 1589 735 diligere
1628 671 2038 736 comprobatur,

466 753 558 822 qui
586 751 832 806 mandata
855 752 972 822 ejus
993 751 1266 819 observat,
1293 767 1320 808 a
1353 754 1619 811 fructibus
1664 762 2038 827 przenominati

465 841 638 894 sancti
672 841 778 896 viri
819 841 1179 910 cognoscitur,
1223 842 1362 911 quod
1410 845 1547 914 apud
1581 845 1748 900 Deum
1777 851 1948 916 possit
1987 859 2040 904 et

465 931 660 987 debeat
711 947 808 1002 pro
864 933 1242 1002 peccatoribus
1293 932 1584 988 ellicaciter
1627 937 1912 1002 exaudiri;
1947 941 2042 1007 qui

465 1023 798 1091 Evangelicm
824 1023 1224 1094 praedicationis
1252 1039 1358 1078 non
1381 1025 1575 1080 surdus
1599 1028 1834 1094 auditor,
1855 1030 2040 1084 mundi

465 1105 680 1184 gaudia,
709 1123 970 1184 tanquam
1024 1124 1269 1170 stercora
1315 1126 1601 1186 reputans,
1631 1119 1937 1188 dereliquit,
1987 1128 2042 1175 et

465 1195 698 1278 sequens
724 1207 924 1263 Christi
955 1207 1197 1278 vestigia,
1229 1223 1332 1261 non
1362 1207 1534 1262 solum
1561 1208 1618 1272 in
1644 1217 1824 1264 vestro
1854 1225 2038 1266 mona-

464 1301 631 1356 sterio
660 1301 1012 1355 monasticam
1044 1299 1356 1371 religionem
1388 1301 1643 1365 instituit,
1665 1318 1851 1356 verum
1876 1303 2039 1359 etiam

463 1375 669 1464 sepiem
702 1393 1024 1448 monasteria
1051 1391 1361 1458 fabricavit,
1395 1403 1448 1446 et
1475 1393 1539 1446 ad
1573 1393 1828 1447 ultimum
1859 1393 2040 1447 Passi-

463 1486 723 1541 niancase
756 1484 1138 1538 monasterium
1172 1499 1451 1555 reparans,
1507 1485 1558 1538 in
1602 1501 1666 1540 eo
1712 1494 2038 1554 praesentem

462 1579 631 1634 vitam
680 1576 936 1632 laudabili
985 1577 1212 1634 decessu
1240 1577 1459 1650 ‘tinivit.
1501 1577 1633 1632 ltlud
1682 1587 1860 1632 tamen
1902 1579 2042 1632 inter

463 1670 579 1740 ejus
605 1669 860 1724 miracula
891 1670 1123 1740 primum
1147 1679 1199 1729 et
1222 1671 1550 1740 prmcipuum
1580 1671 1871 1736 invenitur,
1897 1670 2041 1738 quod

463 1776 562 1830 pro
590 1760 815 1830 quodam
846 1775 1008 1831 opere
1034 1761 1421 1816 misericordite
1453 1761 1667 1815 cuidam
1699 1760 1752 1815 in
1779 1776 1836 1816 se
1860 1759 2039 1814 delin-

1520 366 1576 423 s.
1615 365 1899 426 JOANNIS
1934 361 2327 432 cunmm
2363 374 2653 443 sonans

472 479 746 547 recolatis,
770 479 1312 550 ipsius-ltstivitatem
1341 481 1522 538 colere
1543 486 1805 543 studentis
1832 526 1848 552 ,
1894 488 1945 542 in
1977 505 2043 544 eo
2073 493 2118 552 Α
2147 484 2404 561 explicari
2431 483 2707 562 posset,'si
2741 484 3037 546 Franehius
3063 481 3233 546 eumn
3261 478 3426 546 Bulbi:
3450 503 3735 563 exempmr
3781 568 3784 572 i
3823 482 3828 489 ’

2143 582 2335 638 Abbati
2357 580 2784 647 Passiuianensi,
2808 582 3032 638 alterum
3058 584 3260 639 Abbati
3283 583 3732 641 Vallumbrosano
3815 599 3821 604 '

3616 358 3724 424 ’ῐέίέ

2143 675 2367 729 missum
2392 690 2512 731 esse
2543 675 2766 730 diceret.
2791 673 2988 730 Verum
3015 692 3136 732 cum
3167 680 3542 734 tantummodo
3561 687 3754 732 unnm'

2143 763 2384 836 proferat
2416 766 2713 834 exemplar,
2743 766 2978 836 illudque
3003 768 3263 825 directum
3290 785 3409 825 esse
3436 769 3732 825 contendat

2144 856 2212 910 ad
2242 855 2507 912 Abbatem
2539 857 3009 914 Passinianensem
3029 899 3046 926 ,
3080 855 3348 932 quomodo
3375 863 3488 917 lure
3516 864 3726 918 dierum
3811 872 3816 875 ‘

2142 949 2378 1005 varietas
2406 950 2459 1004 in
2485 942 2970 1021 ipsiussystemate
2998 954 3366 1022 componenda
3399 954 3489 1018 sit,
3516 953 3730 1009 discere

2143 1040 2319 1111 cupio.
2346 1040 2486 1096 Puto
2515 1057 2613 1110 ego
2641 1041 2848 1096 Bullam
2887 1045 3138 1115 superius
3165 1060 3226 1098 ex
3257 1044 3475 1099 Laertio
3517 1044 3726 1099 Cheru-

2143 1134 2268 1188 bino
2313 1135 2691 1204 transcriptum
2731 1136 2890 1207 dirigi
2919 1137 2984 1190 ad
3021 1137 3282 1191 Abbatem
3326 1136 3730 1212 Vallun.brosa-_

2144 1241 2301 1290 num;
2333 1225 2384 1278 id
2418 1227 2532 1295 ipse
2557 1226 2757 1281 clamat
2797 1237 3082 1282 conteztus
3102 1271 3115 1293 ,
3149 1229 3200 1283 in
3232 1245 3338 1298 quo
3364 1239 3557 1300 praeter
3585 1229 3689 1282 alia
3708 1271 3725 1293 ,

2143 1330 2263 1382 qure
2309 1324 2514 1369 attente
2556 1315 2752 1387 legenti
2801 1328 3126 1382 occurrent,
3167 1320 3284 1372 lucc
3324 1319 3389 1373 de
3431 1318 3488 1373 S.
3520 1318 3729 1374 Joanne

2143 1403 2438 1460 G-ualberto
2471 1406 2729 1461 dicuntur
2759 1427 2773 1462 :
2809 1427 2826 1459 α
2865 1408 3109 1478 Sequens
3129 1409 3328 1463 Christi
3362 1393 3584 1481 chtigia
3616 1425 3726 1463 non

2145 1491 2317 1552 solum
2352 1498 2405 1552 in
2432 1507 2614 1554 vestro
2654 1500 2979 1556 monasterio
3020 1503 3368 1556 monasticam
3394 1487 3724 1570 religionem

2145 1587 2397 1652 instituit,
2421 1583 2605 1643 verum
2630 1591 2793 1644 etiam
2825 1599 3028 1659 septem
3061 1593 3387 1646 monasteria
3414 1591 3730 1662 fabricavit,

2144 1685 2198 1730 et
2219 1677 2284 1731 ad
2312 1677 2556 1732 ultimum
2585 1673 3000 1734 Passinianense
3023 1681 3407 1734 monasterium
3439 1697 3722 1750 reparans,

2145 1766 2197 1820 in
2245 1782 2308 1821 eo
2349 1779 2667 1836 pra-sentem
2718 1769 2882 1822 vitam
2925 1768 3176 1823 laudabili
3207 1770 3426 1825 decessu
3473 1772 3660 1825 ﬁnivit.
3701 1795 3718 1823 ι
3761 1782 3763 1784 ·

463 1853 690 1920 «ιιιειιιῖ,
740 1863 864 1908 ante
910 1853 1084 1922 ipsum
1127 1851 1182 1918 in
1235 1853 1452 1906 modum
1499 1853 1678 1908 crucis
1724 1861 1995 1921 prostrato
2022 1894 2038 1918 .
2073 1836 2115 1894 Β
2143 1864 2212 1918 At
2256 1864 2370 1918 haec
2407 1864 2568 1917 verba
2605 1883 2621 1915 ι
2662 1863 2714 1917 in
2755 1872 2935 1918 vestro
2968 1864 3296 1918 monasterio
3335 1883 3352 1915 ι
3389 1866 3526 1934 apud
3556 1864 3732 1918 Frui.-.

463 1944 688 2012 provide
716 1954 769 2000 et
795 1945 1089 2000 clementer
1131 1944 1408 2009 exhibito,
1468 1944 1642 2015 imago
1681 1942 1935 1998 Crucitixi
1967 1945 2037 2010 ei,

465 2037 643 2092 adhuc
671 2037 724 2091 in
771 2036 1014 2099 saeculari
1062 2036 1251 2091 militia
1299 2035 1594 2100 existenti,
1626 2044 1789 2104 caput
1842 2034 2041 2088 dicitur

465 2126 773 2183 inclinasse.
835 2128 956 2182 Dat.
1009 2126 1262 2194 Laterani
1313 2124 1552 2181 secundo
1594 2123 1731 2179 Non.
1791 2121 2042 2178 Octobris

463 2217 816 2275 Pontilicatus
845 2218 1015 2274 nostri
1040 2233 1181 2273 anno
1211 2217 1393 2273 tertio.
1442 2237 1459 2269 ο

499 2354 504 2360 .
534 2309 654 2364 141.
681 2308 836 2364 Circa
863 2310 1002 2366 diem
1026 2309 1150 2365 huic
1176 2309 1338 2363 BUHLB
1360 2309 1731 2378 subsignatum
1755 2307 2041 2376 quamdam

465 2401 686 2459 adverto
715 2401 774 2456 in.
796 2401 1023 2455 diversis
1053 2401 1380 2455 editioaibus
1409 2401 1855 2470 discrepantiam.
1879 2399 2040 2453 Dida-

466 2509 565 2549 cus
593 2494 894 2550 Frauehius
920 2494 1012 2549 lib.
1056 2494 1141 2560 l2,
1173 2510 1295 2565 pag.
1327 2494 1450 2558 5l9,
1491 2496 1541 2548 in
1571 2495 1676 2550 line
1709 2495 1782 2548 ita
1811 2494 2042 2548 subscri-

464 2595 618 2655 ptum
667 2586 818 2657 legit.
854 2606 870 2638 ι
907 2587 1101 2649 Datum
1151 2586 1444 2653 Laterani,
1489 2589 1512 2642 l
1567 2586 1749 2642 Nonas
1793 2586 2044 2644 Octobris

465 2678 821 2735 Pontilicatus
848 2681 1014 2735 nostri
1041 2696 1182 2736 anno
1216 2681 1399 2740 tertio.
1433 2700 1451 2734 ι
1488 2680 1544 2736 Si
1577 2697 1674 2752 per
1708 2682 1810 2738 hoc
1842 2681 2043 2736 intelli-

467 2781 557 2842 gat
587 2773 759 2841 pridie
791 2771 972 2825 Nonas
998 2769 1272 2837 Octobris,
1306 2772 1360 2827 in
1399 2773 1725 2844 assignanda
1753 2772 1840 2828 die
1888 2783 2047 2828 sexta.

468 2860 717 2916 Octobris
745 2878 866 2915 eum
897 2859 1115 2916 Laertio
1142 2861 1451 2917 Chetubiuo
1472 2863 1774 2918 conveniet.
1798 2861 2043 2918 Thesau~

467 2966 562 3006 rus
590 2951 773 3006 Velius
800 2965 961 3020 supra
985 2952 1202 3017 citatus,
1227 2954 1426 3008 omisso
1451 2954 1561 3022 die,
1588 2955 2044 3024 subscriptionem

469 3042 550 3096 sic
573 3042 780 3101 edidit:
821 3063 838 3094 ‹
874 3044 1063 3098 Datum
1096 3045 1150 3099 in
1196 3045 1550 3102 Lateranensi
1604 3056 1792 3104 nostro
1844 3049 2043 3118 palatio
2074 3106 2077 3107 ν

469 3152 614 3192 anno
676 3137 884 3191 Domini
949 3138 1084 3193 1195
1131 3154 1274 3195 anno
1328 3140 1706 3210 ttt,Pontilic.
1771 3143 1966 3196 nostri.
2021 3162 2037 3195 ι

468 3227 774 3297 Alphonsus
788 3228 1106 3288 Ciacconius
1130 3232 1376 3287 Historia:
1396 3248 1505 3286 suse
1535 3242 1663 3288 tom.
1691 3233 1742 3298 1,
1760 3232 1859 3288 col.
1884 3235 2043 3299 1155,

471 3322 524 3374 in
554 3322 878 3392 assignando
935 3324 1366 3378 canunizationis
1403 3325 1488 3379 die
1520 3336 1669 3380 certo
1720 3326 1924 3380 erravit
1971 3326 2042 3379 ita

471 3410 716 3466 scribens
745 3426 759 3465 :
795 3431 812 3463 ‹
842 3411 1042 3477 Eodem
1072 3429 1216 3468 anno
1256 3415 1389 3469 1195
1435 3415 1765 3470 Cwleslinus
1796 3415 2045 3471 Pontifex

468 3501 730 3558 Joannem
757 3504 1110 3560 Gualbertum
1144 3507 1198 3560 in
1224 3505 1549 3567 Sanctorum
1585 3524 1871 3563 numerum
1901 3519 2045 3562 retu-

470 3595 533 3649 lit
562 3594 818 3650 Kalendis
861 3595 1214 3665 Septembris.
1256 3619 1273 3650 »
1310 3599 1480 3670 Error
1534 3600 1623 3654 hic
1665 3601 1853 3654 eodem
1901 3609 2047 3656 temo

469 3683 571 3739 col.
605 3684 759 3748 “53,
792 3687 845 3740 in
877 3685 1238 3742 additiouibus
1272 3687 1546 3741 Victorelli
1589 3688 1930 3759 aliorumque
1967 3690 2046 3744 sic

471 3777 800 3845 corrigitur:
840 3797 857 3828 ‹
898 3778 955 3830 11
992 3776 1129 3832 Non.
1160 3777 1348 3834 Octob.
1383 3795 1526 3833 anno
1553 3780 1584 3833 '5
1616 3780 1968 3834 Pontificatus
1997 3781 2046 3834 id

470 3866 720 3934 praestitit
741 3866 1066 3922 Coaleslinus
1087 3867 1312 3922 Constit.
1337 3868 1392 3933 2,
1421 3868 1697 3924 Gloriosus
1721 3869 1880 3936 Dens,
1906 3879 2046 3937 rete.
2081 3929 2084 3933 η

471 3959 636 4014 Forte
678 3960 999 4015 Ciacconius
1047 3978 1210 4015 unum
1260 3978 1500 4019 mensem
1529 3980 1626 4032 pro
1649 3964 1818 4018 altero
1843 3965 2045 4034 posuit,

471 4051 752 4123 voluitque
777 4053 963 4112 dicere
983 4053 1035 4117 id
1054 4052 1260 4110 factum
1286 4071 1410 4110 esse
1441 4055 1699 4125 Kalendis
1750 4056 2004 4112 Octobris
2030 4073 2044 4121 ;

474 4148 615 4215 quod
646 4147 713 4202 de
745 4147 887 4202 edita
917 4147 1040 4215 isto
1068 4147 1154 4202 die.
1188 4146 1337 4202 Bulla
1385 4148 1610 4218 intelligi
1647 4163 1754 4202 non
1805 4148 2044 4214 deberet,

475 4237 570 4292 sed
600 4238 673 4291 de
716 4239 1128 4300 canonizatione
1179 4238 1364 4294 Romae
1411 4239 1582 4303 facta,
1616 4241 1692 4293 uti
1738 4249 1965 4294 testatur
1994 4240 2046 4293 in

473 4327 675 4383 litteris
696 4344 857 4397 supra
887 4329 1065 4383 allatis
1088 4328 1381 4398 Gregorius
1411 4328 1845 4390 Passiniauensis
1865 4332 2049 4386 Abbas

479 4421 561 4474 his
589 4421 766 4474 verbis
796 4439 807 4472 :
844 4441 862 4472 ι
895 4422 990 4475 Die
1022 4423 1185 4489 igitur
1216 4421 1474 4489 praedicto
1498 4421 1859 4484 Kalendarum
1888 4421 2050 4477 Octo.

2142 1954 2323 2008 cbium
2379 1963 2432 2008 et
2491 1953 2825 2009 Thcsaurum
2863 1954 3071 2010 Velium
3116 1971 3218 2009 non
3259 1947 3535 2025 leguntur;
3574 1973 3720 2025 quae,

2142 2053 2320 2097 utrum
2355 2045 2564 2110 abhis,
2614 2062 2680 2099 an
2731 2047 2798 2100 ab
2844 2045 2964 2102 aliis
3011 2062 3293 2116 suppressa
3329 2041 3475 2109 sint,
3518 2041 3722 2101 nescio.

2145 2133 2370 2199 Saltem,
2403 2145 2539 2190 teste
2568 2135 2834 2191 Francbio
2862 2153 2982 2208 pag.
3018 2136 3153 2202 5l9,
3203 2136 3489 2207 Purpurati
3540 2138 3733 2192 Patres

2144 2243 2284 2282 anno
2316 2227 2450 2282 1595
2490 2227 2689 2282 bullam
2718 2228 3162 2292 canonizatibnis,
3198 2229 3343 2283 omni
3375 2229 3505 2282 vitio
3535 2244 3727 2284 carere

2144 2321 2516 2387 declararunt;
2552 2319 2694 2390 quod
2725 2321 2879 2376 nobis
2915 2321 3130 2377 suflicit.

2216 2413 2336 2466 115.
2369 2406 2525 2467 Anno
2553 2412 2688 2468 1194
2711 2411 2851 2468 idem
2885 2413 3228 2478 leestinus,
3252 2413 3443 2468 festum
3479 2415 3536 2470 S.
3563 2415 3732 2470 Joan.

2144 2503 2228 2557 nis
2257 2502 2534 2558 Gualberti
2574 2502 2780 2558 soleuui
2827 2518 3020 2572 pompa
3066 2503 3328 2558 celebrari
3370 2505 3580 2569 volens,
3625 2507 3726 2559 has

2144 2592 2292 2647 dedit
2331 2591 2567 2658 litteras,
2601 2607 2736 2663 quas
2773 2592 2992 2647 exhibet
3029 2593 3337 2648 Tbesaurus
3380 2594 3560 2649 Velius
3601 2606 3733 2650 ante

2145 2685 2307 2738 vitam
2333 2683 2388 2739 S.
2414 2682 2661 2751 Joannis,
2691 2694 2743 2738 et
2782 2684 3013 2740 Didacus
3039 2683 3370 2749 Franchius,
3409 2703 3532 2759 pag.
3573 2688 3677 2743 59.0
3709 2709 3723 2742 :

2151 2797 2168 2828 ι
2192 2776 2515 2832 CteleSIinus
2533 2777 2836 2847 cpiscopus,
2852 2793 3039 2832 servus
3059 2780 3334 2832 servorum
3354 2779 3476 2843 Dei,
3503 2795 3726 2834 venera-

2143 2867 2341 2922 bilibns
2375 2867 2660 2923 Fratribus
2692 2868 2947 2932 Aretino,
2983 2867 3240 2931 Senensi,
3301 2879 3353 2924 et
3405 2870 3724 2924 Pistoriensi

2145 2959 2412 3028 episcopis
2441 2959 2671 3013 salutem
2699 2967 2753 3012 et
2779 2960 3126 3029 apostolicam
3149 2959 3595 3014 benedictionem.
3630 2959 3729 3014 Sa-

2145 3049 2242 3103 luti
2293 3057 2491 3102 nostra}
2521 3048 2810 3120 plurimum
2845 3051 3116 3104 credimus
3145 3050 3429 3118 expedire,
3459 3051 3503 3104 si
3541 3066 3726 3105 eorum

2147 3140 2201 3193 in
2230 3140 2390 3195 terris
2418 3139 2685 3195 celebrem
2717 3141 3028 3203 habeamus
3041 3139 3375 3202 memoriam,
3400 3155 3588 3195 eorum
3616 3156 3730 3195 mea

2151 3233 2250 3286 rita
2283 3232 2595 3287 solennibus
2621 3231 2903 3286 recolendo
2930 3231 3239 3301 praeconiis,
3275 3246 3502 3300 quorum
3533 3233 3584 3286 in
3619 3246 3730 3285 co:-

2149 3323 2215 3376 lis
2237 3339 2520 3393 speramus
2544 3322 3026 3377 intercessionibus
3053 3322 3288 3377 assiduis
3315 3321 3732 3390 adjuvari.lline

2148 3423 2225 3468 est
2257 3413 2424 3482 igitur
2470 3415 2632 3484 quod,
2657 3429 2776 3469 cum
2807 3413 3031 3468 dilectus
3054 3412 3196 3467 ﬁlius
3227 3421 3410 3467 noster
3434 3412 3736 3482 Gregorius

2149 3509 2314 3564 abbas
2344 3509 2656 3564 monasterii
2684 3509 2750 3564 de
2783 3508 3102 3563 Passiuiano
3131 3508 3198 3561 ad
3241 3504 3433 3562 Sedem
3463 3505 3732 3575 Apostoli-

2149 3616 2266 3655 eam
2307 3599 2646 3662 accessisset,
2681 3607 2734 3652 et
2762 3597 2828 3651 de
2860 3604 3046 3650 sancta
3076 3594 3505 3665 conversatione,
3535 3593 3646 3646 vita
3676 3601 3734 3647 et

2150 3691 2357 3746 meritis
2404 3689 2466 3742 Β.
2511 3688 2734 3744 Joannis
2792 3685 3159 3750 confessoris,
3219 3685 3370 3755 cujus
3422 3683 3754 3738 venerabile

2151 3798 2344 3850 corpus
2379 3783 2430 3835 in
2459 3781 2578 3850 ejus
2606 3779 2834 3835 ecclesia
2872 3777 3185 3846 requiescit,
3213 3775 3443 3845 plurima
3474 3785 3620 3830 certa
3645 3775 3730 3828 in-

2152 3874 2288 3928 dicia
2318 3889 2499 3927 coram
2529 3872 2682 3926 nobis
2703 3881 2759 3926 et
2779 3869 3038 3924 fratribus
3067 3867 3510 3934 obtulisset;nos,
3533 3866 3736 3922 auditis

2150 3969 2412 4023 virtutum
2445 3965 2561 4034 ejus
2592 3975 2646 4020 et
2673 3962 3056 4017 miraculorum
3091 3959 3368 4029 insigniis,
3397 3968 3452 4013 et
3479 3961 3621 4027 quod
3649 3958 3732 4010 in-

2155 4068 2234 4112 ter
2261 4057 2508 4111 carnales
2542 4052 2909 4124 spiritualem,
2942 4051 3081 4104 inter
3123 4049 3367 4102 homines
3399 4048 3564 4102 etiam
3602 4061 3732 4100 con—

2151 4148 2512 4203 versationem
2544 4144 2842 4214 angelicam
2873 4139 3169 4203 habuisset,
3195 4139 3400 4206 ipsum,
3424 4136 3514 4208 qui
3543 4151 3738 4205 corpo-

2153 4240 2342 4307 raliter
2367 4237 2658 4292 dissolutus
2685 4252 2808 4291 cum
2844 4233 3060 4288 Christo
3085 4231 3195 4300 jam
3225 4245 3342 4284 esse
3383 4231 3614 4290 meruit,
3663 4245 3730 4282 ne

2153 4331 2334 4385 debito
2374 4328 2542 4398 ipsius
2575 4326 2764 4382 honori
2808 4334 2860 4379 et
2903 4324 3088 4394 gloria:
3128 4321 3526 4392 quodannnodo
3555 4319 3732 4383 detra-

2154 4423 2282 4476 here
2313 4420 2638 4482 videremur,
2664 4419 2708 4472 si
2749 4416 3142 4472 sanctiﬁcatum
3183 4428 3211 4466 a
3250 4412 3361 4467 Deo
3397 4411 3732 4481 permittere-

476 4509 590 4563 bris
637 4511 690 4563 in
735 4511 896 4578 pleno
940 4513 1264 4567 consistorio
1315 4511 1573 4567 Dominus
1622 4513 1858 4582 Papa....
1898 4524 1957 4566 ut
1984 4514 2049 4568 de
2081 4529 2126 4586 ι)
2155 4527 2275 4565 tntis
2299 4509 2523 4565 ulterius
2546 4506 2846 4563 devotionis
2868 4506 3114 4560 lntxnana:
3134 4517 3323 4558 carere
3347 4499 3730 4561 veneratione,

478 4611 660 4658 cetero
726 4603 967 4671 ejusdem
1024 4603 1080 4658 S.
1147 4603 1368 4659 Joannis
1425 4620 1616 4658 nomen
1681 4607 1735 4658 in
1797 4605 2058 4674 Catalogo.

480 4699 801 4751 Sanctorum
826 4705 1208 4766 poneretur....
1240 4697 1546 4768 Apostolica
1586 4697 1915 4753 auctoritate
1961 4697 2052 4750 de-

479 4787 671 4841 crevit.
719 4806 738 4840 ι

524 4913 526 4916 -
555 4880 682 4934 142.
723 4879 881 4935 Aliud
913 4891 1173 4951 praeterea
1204 4880 1476 4951 quidpiam
1507 4879 1650 4934 circa
1674 4879 1813 4932 hanc
1847 4875 2051 4929 Bullam

480 4970 793 5036 observavi,
820 4971 964 5039 quod
1008 4970 1140 5025 satis
1169 4971 1478 5024 combinare
1504 4983 1729 5036 nequeo.
1754 4966 2055 5021 Francbius

478 5066 574 5119 lit).
601 5063 668 5118 15
706 5064 955 5119 Historia:
985 5079 1126 5129 sure,
1156 5079 1274 5134 pag.
1308 5049 1417 5116 508
1445 5071 1498 5114 et
1525 5059 1650 5123 516,
1679 5059 1756 5112 ait
1781 5067 1891 5111 tres
1913 5058 2056 5124 ejusa

481 5158 602 5211 dem
637 5156 842 5211 tenoris
873 5155 1085 5219 Bullas,
1115 5153 1335 5207 variatis
1365 5149 1824 5218 inscriptionibus,
1857 5163 1886 5200 a
1917 5146 2054 5201 Pon-

481 5247 627 5300 titiee
674 5247 866 5301 missas
914 5261 1036 5301 esse
1074 5263 1086 5298 :
1118 5244 1347 5313 primam
1391 5240 1604 5308 quidem
1645 5240 1711 5293 ad
1765 5238 2056 5306 Episropos

748 5338 969 5362 ..Ιιηηιηκ
1005 5337 1068 5362 ..ιι
1107 5331 1369 5362 “nmen-Inc
1405 5330 1424 5362 Ι
1447 5329 1786 5362 ηηηηῑιηιιιιῖοιι
1839 5329 2054 5362 Inl'lium

483 5335 688 5362 ⁸1⁸...ηιξηη

2156 4605 2220 4658 de
2247 4603 2496 4656 Fratrum
2529 4609 2837 4655 nostrorum
2869 4595 3095 4653 consilio
3125 4593 3448 4650 Sanctorum
3479 4590 3739 4658 Catalogo

2155 4691 2462 4746 censuimus
2484 4688 2922 4744 adscribendmn.

2228 4781 2349 4835 t-M.
2372 4797 2391 4831 ι
2411 4778 2544 4834 Cum
2577 4778 2738 4849 igitur
2765 4777 2980 4832 lucerna
3009 4777 3124 4844 ejus
3155 4774 3234 4830 sic
3254 4771 3734 4827 arserithactcnus

2159 4872 2210 4925 in
2238 4871 2339 4925 hoc
2368 4870 2589 4933 mundo,
2625 4869 2766 4937 quod
2811 4881 2906 4937 per
2950 4867 3042 4921 Dei
3079 4865 3305 4935 gratiam
3335 4864 3448 4933 jam
3485 4877 3590 4916 non
3635 4860 3735 4915 sub

2158 4960 2354 5023 modio,
2387 4959 2480 5014 sed
2510 4972 2673 5028 super
2692 4956 3074 5010 candelabrum
3093 4953 3351 5008 meruerit
3379 4949 3656 5012 collocari,
3681 4946 3746 5000 in.

2157 5066 2214 5105 se
2245 5049 2441 5104 ardens
2471 5063 2567 5119 per
2592 5063 2756 5117 Opera
2773 5045 3079 5110 charitatis,
3103 5040 3420 5097 aliisluceus
3442 5056 3539 5111 per
3558 5053 3742 5093 exem-

2157 5142 2334 5212 pltnn,
2366 5139 2782 5196 Fraternitatem
2810 5145 3042 5190 vestram
3071 5148 3352 5188 monemus
3379 5141 3436 5185 et
3457 5132 3736 5186 hortamur

2159 5235 2210 5287 in
2243 5231 2498 5294 Domino,
2535 5244 2633 5297 per
2660 5225 2967 5296 Apostolica
2993 5224 3196 5293 scripta
3225 5221 3579 5283 mandantes,
3605 5231 3744 5286 qua-

2343 5342 2369 5362 ι.
2404 5323 2656 5362 "multum
2685 5320 2885 5362 Αιιιιειιρ
2911 5328 2967 5362 ot
2996 5315 3250 5362 fratribus
3273 5313 3392 5362 eius
3416 5309 3626 5362 fueritis
3653 5324 3732 5362 re-

2161 5337 2311 5362 Innnc
