4110 5362
337 315 459 366 Ὶδτ

1858 315 2062 377 acra.
2150 301 2171 308 ‘

3503 325 3600 382 753

337 425 630 485 salubriter
682 425 931 497 excitetis
956 467 973 493 ,
1025 425 1306 501 ipsumque
1361 428 1652 486 festivitate
1711 430 1919 488 micanti
1944 438 1996 497 Α
2023 447 2087 489 ex
2116 414 2183 490 eo
2226 433 2376 501 loco',
2405 448 2514 506 quo
2544 435 2596 492 in
2625 435 2711 494 die
2738 410 3088 508 depositionis
3114 402 3224 496 suae
3270 400 3463 499 locata:
3489 440 3601 501 fue-

338 516 701 592 pmnuntietis
733 521 1029 575 constituto
1056 515 1152 586 die
1175 521 1332 577 annis
1368 520 1594 593 singulis
1619 521 1925 594 specialiter

339 607 720 667 excolendum.
749 611 942 667 Datum
972 608 1228 668 Lateran.
1254 628 1285 668 x
1316 610 1542 670 Kalend.
1569 612 1925 689 Junii‘Ponti-

341 701 537 759 tlcatus
565 702 736 758 nostri
767 716 912 758 anno
931 712 1145 773 quarto.
1172 722 1192 757 ι
1221 704 1343 760 "me
1369 719 1491 760 cum
1522 705 1758 761 editione
1785 705 1927 762 The-

340 794 487 850 sauri
539 793 675 851 Velii
729 793 1100 859 conveniunt,
1130 805 1492 866 praaterquam
1521 797 1665 867 quod
1712 797 1765 853 in
1821 797 1928 853 line

339 884 728 942 Thesauriana:
748 884 822 940 ita
849 893 1120 956 ponatur:
1152 904 1171 937 ι
1203 886 1396 942 Datum
1421 885 1608 941 Roma:
1634 886 1773 959 apud
1797 900 1928 943 sau-

338 986 491 1035 ctum
531 976 753 1033 Petrum
798 992 834 1033 ι
880 975 1150 1033 Kalendas
1180 975 1323 1033 Junii
1361 976 1716 1034 Pontifieatus
1757 977 1929 1035 nostri

339 1083 491 1125 anno
514 1076 733 1139 quarto.
769 1084 790 1121 ι
824 1065 954 1125 Scio
978 1066 1196 1138 quidem
1225 1067 1339 1123 lucc
1365 1082 1490 1123 cum
1522 1067 1795 1139 prioribus
1821 1082 1927 1123 non

340 1174 617 1232 pugnare,
650 1159 744 1216 sed
774 1159 879 1215 hoc
916 1157 1211 1214 discrimen
1237 1197 1254 1222 ,
1289 1157 1415 1214 licet
1448 1159 1736 1229 exiguum,
1763 1159 1932 1228 signi-

345 1252 479 1317 ﬁco,
528 1260 589 1307 ut
637 1265 828 1308 omnes
875 1248 1179 1322 intelligant
1229 1264 1329 1307 nos
1369 1264 1518 1307 more
1554 1260 1740 1308 nostro
1766 1251 1930 1308 etiam

343 1342 550 1397 minuta
578 1340 1137 1412 quaqueobservare.
1272 1354 1273 1357 ‘
1324 1338 1332 1347 ’
1788 1340 1796 1345 ’

415 1430 538 1487 ιιδ.
556 1430 665 1487 Hoc
694 1430 865 1487 Breve
892 1430 1170 1488 leestini
1197 1432 1281 1498 Ill,
1308 1433 1492 1490 nescio
1518 1449 1624 1506 qua
1650 1433 1716 1490 de
1744 1448 1928 1500 causa,

345 1519 650 1576 executioni
681 1520 997 1576 mandatum
1025 1537 1133 1577 non
1159 1521 1289 1590 fuit;
1318 1524 1393 1579 ita
1421 1534 1478 1578 ut
1504 1524 1847 1580 Innocentius
1868 1524 1931 1580 ιιι

343 1610 461 1679 ejus
484 1625 769 1667 successor
796 1621 917 1683 post
944 1611 1148 1685 aliquot
1172 1626 1345 1670 annos
1367 1630 1534 1671 novas
1560 1616 1769 1671 dederit
1792 1616 1939 1672 litte-

347 1704 471 1770 ras,
502 1703 699 1774 quitus
743 1701 1066 1776 Episcopum
1111 1704 1486 1762 Plorentinum
1516 1716 1569 1763 et
1606 1706 1947 1763 Fesulanum

2028 532 2175 591 rant,
2203 532 2590 591 extraxerunt,
2623 535 2680 581 et
2708 527 2762 582 l‘n
2797 528 2978 596 altari,
3006 529 3074 585 ad
3100 530 3375 587 sinistram
3402 531 3611 590 intran-

2027 615 2173 672 tibus
2221 616 2436 704 posito,
2487 618 2904 677 recondidcrunt
2952 621 3005 679 in
3060 621 3251 679 eodem
3305 622 3653 704 Passiniaui,

2028 703 2384 775 monasterio.
2422 726 2443 761 ι
2474 705 2546 764 At
2582 707 2697 778 jam
2733 710 2932 789 sensim
2982 710 3099 769 sine
3133 728 3296 771 sensu
3326 715 3395 773 ad
3427 733 3612 776 sacras

2028 795 2534 870 exuviasdelapsus
2557 814 2701 868 sum,
2722 802 2790 859 de
2817 803 3013 874 quibus
3044 803 3321 879 sigillatim
3347 809 3614 868 disseram

2028 891 2370 964 paragrapho
2415 895 2698 965 sequenti,
2743 904 3028 970 postquam
3075 898 3257 972 aliqua
3306 902 3375 959 de
3424 902 3614 963 Sancti

2029 979 2177 1039 cultu
2201 984 2535 1057 praemisera.

2032 1075 2061 1149 δ
2094 1075 2208 1133 XII.
2240 1076 2302 1135 S.
2328 1078 2554 1136 Joannis
2584 1076 3079 1222 Catilillxzti’f‘rzltm,
3105 1084 3341 1159 reliquia:
3368 1097 3417 1144 et
3446 1087 3616 1146 aloriu

2104 1231 2492 1311 H7.Quamvis
2504 1242 2690 1301 Sancti
2710 1249 2879 1302 nostri
2892 1246 3118 1314 cultum,
3129 1263 3463 1307 summorum
3478 1252 3618 1308 Pon—

2033 1330 2238 1387 tilicum
2255 1326 2491 1391 decretis
2516 1336 2650 1393 satis
2666 1334 2960 1405 firmatum,
2981 1338 3224 1410 pluribus
3246 1339 3488 1399 stabilire
3509 1357 3616 1398 non

2032 1422 2103 1479 sit
2127 1439 2285 1496 opus,
2320 1433 2500 1482 tamen
2546 1438 2611 1484 ut
2655 1439 2969 1487 consuetam
3004 1430 3262 1502 Majorum
3307 1426 3630 1491 uestrorum

2034 1516 2089 1571 in
2134 1517 2469 1576 illustrandis
2507 1520 2828 1578 Sanctorum
2868 1523 3021 1586 Actis
3052 1526 3363 1582 methodum
3400 1541 3618 1597 sequar,

2033 1622 2238 1678 paucas
2262 1609 2767 1685 Martyrol‘ugiorum
2792 1614 3151 1685 quorumdam
3179 1615 3622 1671 annuntiatioues

2035 1700 2387 1758 enumerabo.
2414 1706 2670 1761 Auctaria
2714 1705 2966 1772 Usuardi,
3000 1724 3106 1766 non
3153 1709 3224 1764 ita
3253 1709 3460 1781 pridem
3482 1708 3621 1768 illu-

346 1794 415 1848 m]
457 1792 835 1849 celebrandam
887 1794 946 1850 S,
994 1794 1220 1851 Joannis
1264 1797 1612 1853 festivitatem
1659 1799 1927 1853 Ιιοιιιδιιιιο,
1965 1784 2007 1843 Β
2034 1793 2213 1859 strati,
2234 1794 2352 1865 pari
2378 1810 2641 1851 consensu
2672 1812 2794 1853 eum
2830 1799 3126 1856 celebrant.
3153 1799 3446 1857 l’lorcutini
3475 1800 3623 1856 codi-

347 1883 436 1939 Eae
462 1885 603 1955 apud
631 1883 959 1941 Franchium
996 1901 1123 1959 pag.
1164 1885 1297 1952 5'22,
1329 1888 1409 1943 sic
1437 1887 1637 1943 habent
1666 1906 1679 1942 :
1714 1906 1733 1939 ι
1771 1889 1933 1942 Ιιιιιο-

344 1976 557 2032 centius
599 1976 903 2048 episcopus,
934 1992 1126 2034 servus
1154 1978 1435 2034 servorum
1463 1980 1575 2043 Dei,
1610 1980 1932 2035 venerabili-

346 2070 451 2126 bus
476 2069 739 2125 fratribus
764 2070 1081 2126 Florentino
1108 2081 1164 2127 et
1192 2071 1468 2128 Fesulano-
1487 2073 1754 2145 episcopis
1783 2072 1932 2129 salu-

348 2169 456 2216 tem
478 2172 533 2217 et
562 2162 929 2232 Apostolicani
964 2164 1415 2222 benedicdoncm.
1449 2165 1506 2220 lu
1546 2166 1740 2222 litteris
1777 2166 1941 2222 boum

346 2251 618 2307 memoria:
636 2250 912 2308 Coslestini
935 2255 1351 2324 praedecessoris
1371 2256 1539 2311 nostri
1557 2258 1933 2328 perspeximus

347 2345 635 2410 contineri,
651 2340 795 2415 quad
816 2361 938 2402 cum
960 2346 1074 2417 ipse
1095 2347 1162 2403 de
1187 2348 1327 2404 beati
1342 2346 1564 2404 Joannis
1585 2349 1930 2417 confessoris,

346 2433 497 2505 citius
539 2452 737 2508 corpus
767 2437 821 2494 in
868 2440 1198 2494 monaSIerio
1237 2441 1303 2495 de
1333 2428 1653 2495 Passiniano
1681 2442 1928 2512 quiescit,

347 2526 459 2581 vita
486 2535 540 2582 et
571 2527 780 2584 meritis
821 2537 877 2583 et
915 2530 1328 2603 conversatione
1365 2530 1652 2597 laudabili,
1691 2542 1746 2587 et
1791 2533 1933 2602 quod

348 2616 487 2672 tlem
519 2616 754 2675 Sanetus
778 2609 899 2690 post
927 2621 1134 2676 obitum
1175 2637 1332 2677 suum
1375 2622 1653 2678 miraculis
1686 2623 1932 2695 plurimis

348 2718 401 2764 et
429 2709 724 2767 virtutibus
748 2714 1020 2769 eoruscari
1052 2729 1147 2786 per
1180 2714 1359 2771 oblata
1392 2716 1586 2772 iudicia
1610 2728 1663 2771 et
1685 2719 1928 2788 probata,

348 2799 560 2870 plenam
590 2802 838 2858 notitiam
865 2804 1180 2873 habuisset,
1219 2817 1272 2862 et
1298 2824 1418 2864 eum
1447 2825 1570 2864 cum
1596 2809 1814 2865 Christo
1846 2827 1932 2865 re-

348 2902 600 2962 gnantem
625 2892 1057 2951 Christianorum
1082 2898 1302 2953 deberet
1330 2899 1545 2955 devotio
1572 2902 1842 2966 venerari,
1866 2901 1934 2956 de

350 2984 581 3041 fratrum
610 3002 832 3069 suorum
861 2990 1088 3067 consilio
1117 2990 1292 3060 ipsum
1321 2991 1645 3047 Sanctorum
1678 2991 1934 3062 Catalago

349 3081 563 3133 censuit
589 3079 942 3151 adscriptum,
977 3083 1223 3149 Aretino,
1255 3083 1481 3137 Senensi
1522 3093 1576 3139 et
1617 3083 1930 3138 Pistoriensi

349 3170 649 3240 episcopis,
676 3173 1409 3250 datis,litteris’Apostolicis
1445 3178 1498 3231 in
1541 3178 1838 3243 mandatis,
1877 3188 1935 3232 ut

351 3273 471 3313 cum
520 3260 588 3315 ab
637 3262 831 3318 abbate
867 3272 921 3318 et
975 3262 1240 3322 fratribus
1288 3254 1599 3323 monasterii
1655 3269 1935 3323 memorati

340 3352 595 3421 requiii
624 3351 872 3421 fuissent,
902 3357 968 3411 ad
993 3357 1168 3427 ipsum
1200 3361 1583 3414 monasterium
1625 3361 1828 3428 pariter
1850 3375 1953 3435 ac-_

336 3445 607 3509 cedentes
629 3454 684 3500 et
712 3462 835 3501 cum
871 3450 1172 3504 reverentia
1205 3460 1261 3505 et
1303 3452 1507 3505 honore
1536 3492 1551 3516 ,
1585 3452 1674 3521 qui
1705 3451 1859 3507 debet
1884 3452 1936 3505 in

354 3535 552 3613 talibus
582 3526 863 3602 adhiberi,
884 3555 1079 3611 corpus
1109 3541 1718 3612 Confessm'istprmdtcti
1766 3544 1833 3596 ab
1875 3559 1939 3597 eo

353 3625 506 3690 lno,
537 3627 589 3683 in
620 3643 727 3698 quo
756 3628 989 3698 positum
1041 3629 1243 3698 fuerat,
1283 3633 1422 3688 sicut
1459 3634 1613 3689 decet
1654 3615 1955 3699 Sanctum,I

354 3714 653 3771 solenniler
674 3716 970 3799 clevautes,
999 3719 1600 3795 devotionemfidelium
1617 3725 1693 3778 “ad
1719 3732 1936 3777 venera-

358 3807 560 3862 tionem
589 3809 758 3880 ipsius
790 3812 1084 3868 salubriter
1105 3815 1443 3880 excitarcut,
1474 3827 1529 3870 et
1557 3816 1939 3872 solennitatem

354 3901 593 3969 ejusdem
636 3907 795 3960 annis
832 3906 1058 3977 singulis
1103 3923 1201 3962 suo
1230 3909 1316 3963 die
1347 3917 1653 3971 statuerent
1689 3892 1959 3987 excolen-f

356 3995 479 4081 dam
506 4016 519 4051 :
544 3998 637 4052 sed
681 4014 778 4068 per
806 4016 901 4056 eos
943 3984 1065 4056 man
1089 4001 1264 4081 latum
1293 4002 1658 4073 Apestolicum
1695 4018 1799 4058 non
1840 3984 1957 4081 fuit'i

354 4087 740 4159 mancipatum.
856 4092 867 4105 ‘
930 4093 934 4098 ’
1502 4094 1507 4101 ’
1600 4098 1603 4103 ’
1684 4097 1689 4101 ’
1801 4148 1806 4153 .
1955 4147 1958 4163 ε

387 4180 399 4201 ‘
436 4177 554 4231 “6.
577 4198 595 4229 ι
611 4176 864 4236 Volentes
889 4182 1072 4248 igitur,
1095 4190 1154 4235 ut
1176 4182 1309 4237 tanti
1326 4181 1435 4239 Viri
1452 4182 1731 4248 memoria,
1755 4184 1821 4237 de
1836 4182 1961 4254 quo’

355 4265 618 4322 exultatio
640 4278 725 4323 est
753 4270 972 4341 Angelis
998 4270 1116 4338 Dei,
1142 4272 1280 4340 apud
1313 4271 1556 4338 homines
1582 4272 1811 4341 celebris
1843 4260 1967 4333 ha_-'

357 4354 570 4425 bentur,
617 4356 968 4414 Fraternitati
1008 4370 1201 4415 vestrae
1236 4374 1333 4429 per
1382 4359 1691 4429 Apostolica
1740 4361 1961 4440 scripta'

1961 3132 2006 3192 Ο

2034 1898 2125 1939 ces
2145 1884 2200 1939 in
2231 1887 2550 1955 quibusdam
2574 1889 2778 1944 voculis
2799 1890 3169 1963 discrepantes
3199 1892 3272 1947 ita
3299 1890 3411 1949 fere
3434 1906 3624 1950 omnes

2034 1977 2317 2044 enuntiant
2348 1996 2361 2031 :
2393 1998 2412 2031 ι
2451 1978 2506 2034 Ιιι
2550 1980 2783 2048 Tuscia,
2834 1982 2887 2036 in
2942 1984 3214 2039 territorio
3266 1984 3581 2047 Florentino
3606 2026 3621 2051 ,

2034 2069 2174 2137 apud
2231 2060 2617 2127 monasterium
2671 2075 2842 2129 sancti
2889 2074 3167 2132 Michaelis
3207 2077 3272 2132 de
3318 2058 3623 2147 Pasignano

2034 2155 2315 2215 Fesulante
2338 2161 2621 2225 dimcesis,
2652 2164 2914 2220 transitus
2939 2166 3110 2220 sancti
3137 2165 3360 2221 Joannis
3388 2166 3619 2231 abbatis,

2034 2247 2337 2308 fundatoris
2354 2250 2572 2309 Ordinis
2606 2251 3107 2320 Vallistbrosae,
3132 2252 3223 2329 qui
3252 2256 3405 2310 vivus
3434 2255 3491 2316 in
3517 2270 3613 2310 8:1:-

2035 2341 2158 2397 culo
2179 2356 2240 2398 se
2269 2343 2397 2399 totis
2421 2338 2629 2401 viribus
2661 2345 3008 2402 mortificavit
3047 2363 3144 2417 pro
3189 2336 3425 2402 Christo.
3454 2345 3623 2415 Hujus

2035 2431 2357 2489 venerabilis
2368 2435 2549 2491 obitus
2569 2437 2777 2491 exstitit
2795 2452 2939 2497 anno.
2957 2437 3224 2495 Incarnati
3247 2436 3391 2492 verbi
3415 2453 3621 2492 in.me

2038 2524 2197 2597 [alias
2224 2525 2469 2600 uLxxtv].
2500 2526 2707 2584 Tamen
2739 2528 3004 2585 festivitas
3032 2530 3091 2584 fit
3126 2529 3177 2584 in
3201 2528 3393 2584 Tuscia
3420 2517 3624 2583 vtldus

2035 2616 2306 2674 Octobris.
2346 2637 2365 2670 ι
2400 2618 2618 2674 Bclinus
2646 2620 2724 2675 sic
2753 2620 2916 2675 habet
2938 2621 3194 2676 brevius:
3227 2640 3244 2672 ι
3285 2621 3415 2676 Item
3449 2621 3623 2675 sancti

2034 2707 2298 2765 Johannis
2327 2707 2628 2765 Gualberti.
2672 2729 2691 2761 ι
2737 2710 2939 2766 Eodem
2989 2709 3149 2766 modo
3192 2710 3468 2776 Molanus,
3522 2709 3623 2763 nisi

2036 2805 2179 2875 quod
2208 2805 2260 2859 in
2287 2805 2404 2876 ejus
2428 2804 2666 2860 editione
2691 2803 2992 2859 minoribus
3023 2803 3160 2876 typis
3191 2803 3418 2857 addatur
3443 2788 3467 2854 ε’
3485 2822 3502 2852 ι
3524 2801 3627 2856 Cu-

2031 2898 2120 2969 jus
2164 2898 2338 2952 Vitam
2386 2898 2555 2953 edidit
2584 2897 2795 2954 Blasius
2837 2897 3176 2969 Milanesius;
3213 2917 3231 2950 ι
3276 2912 3395 2966 qua:
3424 2884 3627 2951 additio

2035 2990 2248 3044 videtur
2285 3004 2407 3043 esse
2459 2988 2652 3043 Molani
2677 3029 2692 3054 ,
2745 2989 2835 3062 qui
2882 2988 3021 3044 forte
3072 2986 3230 3043 aliam
3266 3006 3283 3040 ι
3315 2988 3371 3042 S.
3404 2986 3628 3042 Joannis

2036 3079 2310 3135 Gualberti
2342 3097 2359 3130 ι
2406 3078 2582 3133 Vitam
2615 3095 2721 3135 non
2751 3090 2995 3135 noverat.
3384 3072 3387 3075 ’
3422 3146 3427 3151 ο

2109 3169 2229 3225 148.
2255 3169 2555 3226 Mcmorant
2585 3172 2832 3226 eumdem
2862 3169 3119 3226 Sanctum
3148 3185 3335 3225 omnes
3363 3167 3626 3239 Martyro-

2038 3261 2144 3333 logi
2175 3261 2528 3327 recentiores,
2552 3276 2582 3315 e
2598 3256 2799 3332 quibus
2824 3276 3026 3334 paucos
3050 3260 3304 3329 selegisse
3331 3256 3625 3314 sutlecerit.

2038 3344 2249 3409 Petrus.
2274 3353 2580 3409 Galesinins
2609 3355 2689 3408 sic
2722 3340 2925 3409 referti:
2960 3373 2977 3404 ι
3011 3351 3316 3407 Passiniani
3351 3352 3402 3404 in
3432 3350 3631 3409 ﬁnibus

2040 3444 2475 3500 Florentinorum
2515 3444 2685 3499 sancti
2717 3428 3250 3508 JoannisGualberti
3275 3439 3627 3503 coafesseris,

2040 3535 2131 3604 qui
2169 3550 2347 3591 rerum
2383 3535 2743 3589 humanarum
2780 3534 3129 3604 deSpicientia
3173 3542 3225 3588 et
3258 3531 3629 3607 ittagnitudine

2041 3625 2259 3695 pietatis
2281 3624 2573 3690 excellens,
2595 3622 3063 3679 Vallis-Umbrosa:
3093 3622 3337 3683 ord'ucm
3366 3619 3626 3684 instituit;

2043 3712 2196 3782 Cujus
2228 3714 2341 3775 Viri
2389 3716 2695 3779 sanctitate,
2727 3730 2846 3785 qua:
2887 3722 2942 3768 et
2985 3713 3169 3768 muliis
3199 3712 3473 3766 miraculis
3502 3726 3627 3780 spe-

2041 3816 2186 3862 ctata
2212 3816 2317 3873 est,
2338 3817 2390 3862 et
2419 3808 2470 3861 in
2499 3807 2747 3879 religiose
2782 3808 2976 3877 pieque
2999 3805 3158 3877 factis
3189 3805 3416 3861 mirifice
3441 3804 3624 3864 eluxit,

2042 3897 2279 3968 cognita,
2306 3898 2628 3954 leestinus
2689 3898 2916 3963 tertius,
2958 3896 3203 3952 Pontifex
3232 3890 3537 3973 ‘Maximu's,
3567 3894 3631 3949 ilo

2042 3988 2153 4043 lum
2206 3988 2259 4042 in
2305 3998 2523 4046 sanctos
2563 3980 2765 4044 retulit.
2797 4007 2814 4040 ι
2862 3988 3133 4043 Arnoldns
3168 3986 3328 4041 \Vion
3369 3976 3420 4040 in
3459 3985 3630 4057 L‘gno

1953 4074 1961 4151 ί
2042 4082 2189 4148 vitae,
2214 4080 2306 4137 lib.
2333 4082 2387 4147 5,
2410 4091 2606 4152 quarto
2632 4081 2754 4137 ldus
2779 4081 2997 4136 Julilsic
3024 4097 3146 4135 eum
3170 4079 3500 4136 annuntiat:
3533 4096 3549 4127 ι
3573 4077 3628 4130 ln

2044 4169 2379 4230 monasterio
2426 4173 2749 4229 Passiniano
2794 4189 2958 4244 prope
2990 4174 3317 4245 Florenti-im
3367 4171 3631 4240 depositio

2042 4266 2218 4319 sancti
2249 4264 2473 4321 Joannis
2495 4265 2770 4321 Gualberti
2797 4264 3027 4328 abbatis,
3058 4264 3383 4329 institutoris
3409 4260 3631 4318 Ordinis

2045 4355 2549 4421 Vallis-Umbrosre,
2590 4356 2878 4410 sanctitate
2925 4364 2981 4409 et
3030 4352 3411 4434 inuncabuntur)
3462 4352 3629 4422 gloria

358 4442 713 4517 mandamus,
743 4466 830 4519 qu:
852 4458 1011 4506 tenus
1044 4466 1139 4515 ea,
1180 4450 1335 4519 juxta
1379 4452 1521 4521 quod
1558 4451 1698 4515 idem
1732 4452 1938 4519 praedc—
1970 4443 2355 4528 clarissimi.
2388 4467 2407 4500 ›
2446 4446 2689 4517 Denique
2725 4446 3175 4529 Martyrologium
3210 4445 3511 4499 Romanum
3552 4461 3627 4499 χιι

356 4552 542 4595 cessor
566 4550 775 4596 'noster
804 4558 807 4559 '
832 4543 1182 4597 mandaverat
1207 4584 1223 4609 ,
1258 4544 1452 4613 exequi
1500 4544 1800 4614 praeurctis
1840 4553 1967 4608 tam,

356 4629 547 4685 libenti
578 4632 792 4700 animo,
825 4648 987 4705 quam
1014 4633 1227 4689 devoto.
1252 4634 1445 4696 Datum
1476 4621 1725 4709 Later-an.
1761 4650 1807 4688 \‘l
1838 4634 1957 4689 lia-'

359 4721 505 4777 lend.
542 4723 755 4794 ‘Aprilis
798 4723 1050 4782 Pontille.
1110 4728 1281 4787 nostri
1327 4742 1415 4779 an.
1473 4708 1968 4805 tertiodecimo.

358 4808 512 4869 llanc
536 4811 837 4870 Innocentii
859 4816 1147 4886 epistolam
1189 4817 1336 4872 brevi
1365 4815 1797 4895 ell'eetum‘sunm
1824 4832 1949 4872 cou-

358 4892 778 4961 sécutam'esse
832 4908 903 4960 ila
941 4906 1105 4962 tradit
1141 4905 1377 4963 Jacobus
1410 4892 1637 4976 Mindria
1680 4894 1733 4961 in
1777 4908 1952 4964 Chro-

356 4994 487 5070 nico
517 4995 554 5065 τ’,
584 4986 617 5047 ι’
654 4996 829 5051 Anno
872 4995 1056 5053 Mch
1082 5039 1096 5062 ,
1131 4998 1219 5054 die
1264 4988 1471 5053 decima
1522 4997 1800 5063 Octobris,
1854 4986 1970 5068 pcr‘

354 5072 986 5163 Joannetnirp'Scopum
1039 5087 1452 5153 Florentinutn,
1507 5098 1559 5141 et
1619 5088 1945 5159 liayncriutn

354 5171 669 5245 episcopum
705 5176 1075 5263 Fe’sulanum,’
1104 5175 1348 5246 aliosque
1383 5174 1575 5246 plures
1599 5179 1649 5233 in
1689 5166 1949 5246 dignitate

501 5268 682 5292 I2...a--
710 5290 713 5291 ν
738 5268 799 5292 ,ΙΑ
832 5284 1091 5292 Α--......----
1138 5267 1348 5292 τιμηξλε
1389 5268 1494 5292 Ιὶη-.
1516 5288 1542 5292 μ-
1591 5289 1613 5292 ,ν
1648 5286 1775 5292 --.αλλ
1836 5289 1868 5292 γέ

934 5285 1091 5292 ι.....---
1138 5271 1348 5292 ῃ---.ιλτ
1390 5271 1494 5292 Ιὶη-.
1516 5288 1542 5292 μ-
1591 5289 1613 5292 ,ν
1648 5286 1775 5292 --υ-ην.
1836 5289 1887 5292 γέ-

360 5268 682 5292 ΛΑ..ι-ιει..ι--
710 5290 713 5291 ν
738 5268 799 5292 ..Α

2049 4540 2175 4618 Julii
2204 4540 2274 4596 ita
2306 4530 2469 4595 habet
2501 4557 2513 4593 :
2567 4531 2601 4591 ι’
2623 4539 2677 4594 In
2725 4540 3055 4615 monasterio
3100 4535 3417 4617 Passiniano
3442 4534 3631 4608 prope

2050 4632 2382 4689 Florentium
2413 4632 2470 4688 S.
2502 4631 2725 4688 Joannis
2753 4630 3032 4687 Gualberti
3062 4631 3275 4704 abbatis
3306 4630 3632 4684 inStitutoris

2049 4722 2269 4779 Ordinis
2322 4721 2817 4778 Vallis-Umbrosis).
2870 4742 2888 4774 ι
2931 4720 3246 4777 Fusioribus
3302 4719 3501 4789 elogiis
3537 4735 3631 4773 seu
3716 4780 3725 4790 ,

2050 4814 2188 4871 Vitae
2215 4815 2471 4885 epitomis
2508 4829 2630 4869 eum
2662 4818 2997 4869 exet-narunt
3042 4808 3368 4868 Fraiiciscus
3408 4810 3633 4866 Ilarteus

2051 4905 2106 4961 in
2145 4904 2475 4976 Compendio
2506 4905 2651 4960 Surii
2678 4945 2692 4970 ,
2735 4902 3014 4975 Philippus
3043 4888 3326 4959 Ferrarius
3374 4903 3428 4955 in
3479 4902 3634 4957 Cata-

2050 4997 2171 5067 logo
2200 4982 2524 5053 Sanctorum
2565 4997 2753 5064 ltalite,
2786 4989 3322 5074 ϐίιιιιςίρξ³Βιιςθιίιιιιε
3369 4994 3425 5046 in
3459 4995 3637 5050 Menn-

2050 5090 2194 5161 logio
2244 5090 2633 5155 Denedietino,
2685 5090 2840 5161 llugo
2885 5074 3171 5145 Menardus
3213 5085 3267 5141 et
3312 5080 3641 5140 Benedictus

2051 5181 2357 5252 Dorganius
2403 5183 2457 5237 in
2511 5182 2751 5253 ejusdem
2798 5180 3016 5237 Ordinis
3062 5173 3414 5241 Caletnlario,
3444 5176 3643 5242 aliique
