4110 5362
483 402 499 409 .,
515 365 617 435 ῖδθ

516 492 634 535 rum
659 493 783 539 cum
807 470 971 551 nimis
993 481 1202 553 prolixa
1228 481 1323 546 sit,
1343 488 1397 559 et
1421 494 1489 539 ex
1514 482 1734 552 antiqua
1765 480 1945 553 lingua
1979 479 2088 545 ltaq
2115 487 2161 545 Α

516 571 624 630 lica
657 587 854 649 magno
881 571 1065 629 labore
1095 573 1148 628 in
1181 572 1425 629 Latinam
1457 587 1715 629 conversa
1749 572 1993 644 rhythmi
2013 570 2084 626 lc-

491 674 701 739 Aporem
732 668 788 716 et
820 660 1160 716 vernaculam
1190 661 1590 733 simplicitatem
1618 661 1869 740 perderet
1889 701 1908 726 ι
1928 658 2085 715 facile

516 748 693 804 locum
713 746 833 818 ejus
862 750 1131 822 supplebit
1155 751 1387 822 hymnus
1406 750 1704 821 Sapphicus
1723 766 1788 806 ex
1811 750 2087 827 Breviario

515 836 965 926 Vallnntbrosano
988 840 1323 913 descriptus,
1370 842 1460 913 qui
1510 851 1591 898 est
1627 841 1791 898 veluti
1840 841 2085 920 quaedam

514 920 785 1003 praedicta:
813 933 1092 989 cantilena:
1119 935 1385 1006 synopsis.
1428 933 1479 989 Is
1522 936 1700 1005 itaque
1737 932 1817 989 sic
1859 916 2088 987 habetur

518 1020 657 1095 apud
684 1019 986 1093 Phlippum
1025 1022 1332 1083 Ferrarium
1377 1015 1454 1080 in)
1478 1023 1732 1098 Catalogo
1766 1008 2088 1086 Sanctorum

515 1108 682 1186 Italiae
712 1110 800 1167 die
828 1128 903 1167 xu
924 1111 1077 1169 Julii.

661 1287 797 1344 Dum
827 1288 1019 1346 Grecis
1034 1289 1244 1363 signum
1270 1299 1415 1347 vtaet
1450 1292 1537 1348 nic
1564 1291 1616 1346 in
1639 1291 1819 1357 hoste,

659 1375 863 1443 Parcit,
892 1387 945 1434 et
966 1370 1216 1439 constans
1238 1381 1419 1437 odium
1448 1381 1675 1436 remittit
1699 1398 1714 1434 :

660 1465 791 1523 Orat
812 1467 863 1522 in
887 1469 1139 1538 templum
1154 1468 1284 1544 [lege
1309 1470 1723 1544 templo],caput
1745 1485 1871 1531 ecce
1890 1468 2095 1535 Christi

604 1633 607 1637 {
984 1563 1177 1625 Flectit
1204 1566 1257 1620 in
1294 1565 1465 1620 illum.

666 1652 859 1737 Postea
886 1655 1102 1711 saeclum
1136 1653 1345 1728 fugiens
1375 1656 1667 1728 malignum
1696 1640 1699 1641 ν

664 1742 735 1821 Se
761 1745 872 1801 suis
898 1756 1076 1803 vestes
1106 1748 1355 1805 manibus
1377 1748 1612 1804 Joannes

664 1830 838 1891 lnduit
867 1852 1073 1902 sacras,
1100 1841 1507 1911 monachusque
1534 1839 1702 1897 servit

972 1926 1283 2003 Belliginni.
1370 1966 1371 1969 η

568 2012 569 2015 “
656 2014 759 2073 llic
787 2017 880 2073 Dei
909 2017 1022 2074 zelo
1038 2019 1244 2091 jngiter
1263 2022 1593 2092 perardens,

554 2188 559 2189 γ
665 2103 843 2186 thue
870 2108 955 2162 vir
980 2108 1166 2177 fortis,
1193 2106 1379 2166 vitium
1410 2098 1637 2166 duorum

560 2240 561 2243 η
663 2197 955 2259 Praesulum
980 2203 1240 2273 pandens,
1262 2206 1514 2277 pepulum
1545 2212 1791 2260 ruentem

674 2364 681 2369 .
987 2292 1202 2351 Terruit
1223 2312 1462 2353 omnem.

660 2381 719 2441 In
746 2382 831 2439 via
861 2398 1109 2455 pergens,
1143 2387 1289 2459 inopi
1319 2398 1545 2461 reperto

666 2477 894 2535 Unicum
929 2495 1122 2551 panem
1150 2483 1320 2551 dedit,
1350 2499 1414 2540 ac
1442 2485 1646 2555 recepit

668 2570 785 2641 lpse
811 2579 937 2627 tunc
963 2582 1178 2641 ternos;
1212 2574 1400 2630 Deitas.
1420 2591 1673 2645 suprema

991 2661 1136 2717 Misit
1159 2663 1222 2717 al
1254 2663 1425 2719 illum.

672 2750 839 2808 Vallis
859 2747 1139 2808 Utnbrosae
1176 2754 1337 2809 struit
1366 2755 1491 2811 inde
1525 2770 1684 2809 sacra

675 2840 839 2906 Tecta
867 2841 962 2897 Vir
986 2851 1229 2909 sanctus,
1257 2843 1602 2914 simulatque
1627 2859 1819 2909 secum

672 2931 878 2998 Edocet
902 2932 1103 2993 multos
1132 2934 1377 2990 homines
1397 2935 1612 2990 beatam

988 3028 1195 3086 Ducere
1227 3030 1417 3093 vitam.

674 3117 810 3172 Dum
837 3119 967 3190 tegit
997 3119 1182 3189 culpas
1207 3123 1504 3179 monachus
1531 3123 1733 3193 pudore
1752 3163 1776 3189 λ

676 3208 892 3281 Detegit
917 3210 1036 3266 illas
1063 3211 1251 3267 humili
1280 3213 1514 3270 Joannes

678 3296 843 3366 Voce,
870 3315 937 3354 ne
960 3300 1130 3357 frater
1154 3317 1342 3374 pereat
1369 3305 1577 3362 silendo

1003 3392 1231 3466 Propter
1264 3398 1484 3454 omissa.

679 3481 929 3545 Fluctuat
955 3484 1176 3547 demens
1206 3489 1405 3561 rapidis
1432 3491 1482 3544 in
1509 3491 1666 3548 undis
1697 3510 1716 3557 τῆ

674 3574 897 3633 Invocat
926 3576 1183 3635 Sanctum
1215 3564 1459 3639 metuens
1487 3598 1755 3653 aquarum

677 3667 915 3739 Impetus
942 3671 1096 3751 Arni,
1119 3673 1345 3731 columis
1369 3674 1427 3729 ﬁt
1453 3690 1641 3731 amens

990 3763 1140 3820 lntus
1166 3773 1219 3820 et
1253 3775 1425 3821 extra.

676 3849 916 3906 Nubium
943 3852 1132 3922 plenus
1164 3855 1446 3911 minitatur
1470 3871 1589 3927 aer,

676 3940 812 3998 Dum
839 3956 968 3996 suas
992 3941 1187 3998 fratres
1210 3954 1500 4015 properant
1531 3948 1727 4001 aristas
1746 3987 1760 4013 ,

687 4031 757 4099 Ut
785 4041 979 4119 terant,
1011 4044 1158 4102 orat;
1188 4039 1403 4107 penitus
1428 4038 1625 4110 refugit-

999 4124 1241 4182 Nubibus
1278 4144 1397 4197 aer.

682 4212 817 4271 Dum
850 4223 997 4271 tenet
1024 4215 1178 4274 lactus
1207 4220 1503 4275 monachus
1526 4221 1821 4293 malignum

687 4307 979 4377 Spiritum,
1008 4308 1236 4366 formam
1259 4311 1458 4382 leporis
1477 4323 1753 4383 gerentem

687 4395 971 4470 Nesciens,
995 4398 1227 4457 Sanctus
1256 4392 1500 4460 metuens
1528 4405 1760 4470 retexit,

1005 4491 1083 4559 Ne
1112 4493 1272 4548 cadat
1304 4492 1414 4548 ille.

687 4579 861 4634 Carne
884 4596 989 4637 non
1011 4584 1209 4645 audent
1228 4585 1499 4650 monachi,
1524 4595 1767 4643 carentes

688 4669 865 4734 Pane,
892 4687 951 4727 se
977 4673 1152 4739 vesci;
1186 4689 1346 4744 prece
1375 4676 1738 4747 supplicantis

688 4761 923 4833 Angelus
953 4780 1121 4835 panes
1152 4765 1298 4831 tulit,
1326 4775 1486 4834 atque
1511 4768 1729 4829 cunctis

1010 4854 1192 4911 Trusit
1217 4857 1447 4919 orexim.

694 4945 847 5009 Mane
874 4961 1203 5017 consurgens
1228 4960 1419 5003 onerat
1445 4956 1691 5020 petentes

1528 366 1584 422 S.
1625 366 1909 424 JOANNIS
1946 366 2340 441 αυειιβειιτι
2378 366 2671 425 ΑΒΒᾹΤΙΞ.

2326 480 2615 546 Ριωειιιεω
2644 478 2788 543 viso,
2808 484 3053 553 metuens
3078 474 3359 532 docentem
3411 520 3433 551 ι

2411 559 2415 562 ’
2633 569 2901 639 Dogmata
2919 567 3078 645 falsa,

2213 712 2221 719 .
2323 663 2494 721 Cessit
2517 679 2548 719 e
2574 662 2681 717 vita
2711 660 2974 718 meditans
3003 659 3299 731 olympum.

2325 734 2532 825 Co'rpus
2556 753 2609 809 in
2636 752 2794 809 terris
2820 760 3107 807 veneratur
3140 748 3328 817 huius'

2234 856 2237 857 '
2328 845 2559 917 Spiritus
2588 844 2741 900 ltetus
2769 857 3016 913 superam
3041 839 3228 913 petivit

2634 932 2886 989 Protinus
2917 948 3139 990 arcenn:

2326 1026 2467 1094 Ecce
2488 1039 2632 1081 nunc
2655 1022 2810 1094 fagus
2839 1038 3045 1081 memor
3066 1030 3152 1079 est
3171 1020 3395 1086 Joannis
3422 1032 3440 1073 :

2326 1117 2487 1174 Flore
2514 1130 2637 1172 nam
2663 1115 2870 1170 cunctis
2892 1113 3129 1184 folioque
3154 1112 3326 1183 fagis,

2329 1207 2567 1279 Singulis
2595 1206 2750 1262 annis
2772 1206 2942 1275 prior,
2978 1213 3032 1260 et
3059 1203 3269 1259 videtur

2685 1296 2950 1360 Omnibus
2974 1295 3099 1349 ista.

2328 1390 2470 1445 Ante
2505 1394 2772 1444 sacratum
2806 1385 3066 1441 tumulum
3095 1381 3325 1440 Joannis

2330 1482 2418 1538 Fit
2438 1481 2583 1537 salus
2606 1480 2791 1551 aegris,
2826 1477 3102 1534 medecina
3136 1475 3315 1540 fessis,

2328 1574 2533 1633 Lumen
2561 1571 2785 1635 orbatis,
2818 1569 3133 1641 fugiuntque
3168 1574 3415 1627 monstra

2682 1661 2927 1718 Tartaris
2955 1669 3092 1719 atra.

2195 1756 2420 1812 Romani
2471 1751 2761 1810 Pontiﬁces
2813 1749 3052 1823 ejusdem
3102 1748 3294 1806 Sancti
3339 1749 3540 1806 cultum
3598 1747 3776 1819 magis

2120 1835 2475 1918 Bmagisque
2528 1845 2787 1917 paulatim
2845 1851 3271 1915 premoverunt:
3346 1856 3470 1897 nam
3527 1839 3779 1896 Clemens

2204 1940 2306 1996 Vill
2368 1938 2608 1996 decrevit
2667 1945 2726 1992 ut
2780 1936 2847 1992 de
2894 1950 2960 1991 eo
3009 1934 3164 1990 ﬁeret
3219 1933 3663 1991 commemoratio
3702 1920 3779 1986 in

2198 2031 2383 2090 Ollicio
2409 2030 2666 2087 Ecclesiae
2707 2029 2984 2084 Romanae.
3015 2026 3148 2083 Dein
3174 2026 3421 2084 Clemens
3451 2023 3498 2078 X
3532 2023 3780 2094 permisit

2199 2129 2266 2184 de
2292 2141 2357 2183 eo
2384 2125 2604 2182 recitari
2634 2123 2878 2183 Ollicium
2924 2122 3202 2194 pmprium
3254 2121 3367 2177 ritu
3411 2116 3776 2189 semidupliei.

2200 2216 2438 2273 Tandem
2480 2213 2822 2271 Innocentius
2847 2210 2918 2269 XI
2965 2210 3129 2282 jussit
3161 2218 3219 2267 ut
3245 2210 3350 2266 ritu
3399 2207 3597 2281 duplici
3630 2206 3779 2278 lege-

2201 2315 2352 2372 retur
2406 2304 2574 2376 ipsius
2602 2302 2869 2369 alliciam,
2919 2299 3394 2373 prouthodiedum
3437 2305 3516 2355 est
3571 2298 3625 2353 in
3654 2297 3785 2352 Βω-

2201 2396 2374 2451 viario
2402 2396 2668 2451 Romano.
2719 2392 3043 2464 Respublica
3068 2390 3375 2447 Florentina
3397 2386 3509 2458 jam
3543 2386 3611 2453 ab
3637 2402 3791 2455 anno

2205 2488 2343 2556 1500
2390 2486 2663 2558 publicum
2715 2485 2882 2543 edidit
2943 2483 3257 2546 decretum,
3322 2494 3430 2550 quo
3489 2480 3590 2535 sub
3641 2476 3781 2533 mul-

2204 2588 2290 2634 cta
2331 2576 2639 2648 pecuniaria
2681 2573 2939 2643 jubentur
2978 2570 3151 2628 claudi
3180 2568 3410 2627 otlicinte
3454 2577 3509 2624 et
3547 2567 3783 2624 taberna

2207 2668 2293 2723 die
2313 2677 2502 2723 sancto
2523 2666 2815 2733 Gualberto
2837 2678 3013 2720 sacra.
3041 2650 3153 2718 Hoc
3178 2659 3404 2731 publicae
3423 2657 3784 2715 venerationis

2211 2756 2575 2812 testimonium
2622 2755 2676 2809 in
2713 2753 2951 2808 archivis
2983 2749 3441 2813 Vallumbrosanis
3495 2762 3783 2815 conserva.

2210 2857 2322 2915 tum
2368 2846 2457 2901 hic
2501 2843 2768 2900 indicasse
2806 2840 3020 2897 sollieit.
3052 2839 3178 2895 llaac
3230 2838 3297 2895 de
3336 2836 3505 2898 cultu.
3539 2836 3689 2891 Nunc
3716 2835 3790 2891 de

2210 2938 2473 3011 reliquiis,
2502 2936 2727 3007 aliisque
2761 2933 3124 2990 monumentis
3157 2931 3223 2987 ad
3254 2930 3508 2987 Sanctum
3537 2937 3785 2991 nostrum

2211 3027 2594 3099 spectantibus,
2626 3039 2869 3096 agamus.
3577 3060 3586 3067 .

2284 3117 2408 3179 150,
2444 3116 2655 3186 Corpus
2689 3115 2747 3170 S.
2769 3112 2991 3171 Joannis
3013 3110 3313 3177 Gualhcrti,
3342 3109 3500 3183 paulo
3529 3118 3649 3179 post
3672 3105 3789 3177 ejus

2138 3172 2182 3234 Ο
2214 3208 2439 3273 obitum,
2470 3216 2529 3263 ut
2549 3172 2775 3275 utraque
2803 3212 3027 3259 narrant
3047 3208 3206 3268 Acta,
3239 3172 3575 3257 reconditum
3602 3172 3790 3263 estvita,

2212 3296 2541 3354 monasterio
2574 3294 2927 3357 Passiniano;
2961 3294 3103 3363 quod
3134 3299 3194 3346 ut
3235 3288 3425 3359 majori
3453 3304 3573 3345 cum
3607 3288 3786 3360 splen-

2213 3392 2342 3445 dore
2385 3395 2820 3451 conservaretur,
2868 3384 2935 3440 Β.
2967 3385 3029 3439 υ.
3081 3383 3332 3438 Aurelius
3384 3380 3543 3451 vulgo
3589 3379 3782 3435 Foroli-

2209 3480 2415 3541 viensis
2430 3493 2572 3532 anno
2600 3474 2758 3541 1580,
2788 3474 3046 3532 sacellum
3076 3474 3349 3544 eleganter
3382 3470 3683 3536 exornavit,
3734 3472 3787 3524 el

2233 3586 2406 3641 nagna
2459 3584 2579 3624 cum
2607 3558 2801 3645 pompa
2849 3581 2915 3621 ac
2946 3563 3235 3638 praesulem
3285 3561 3589 3633 frequentia
3636 3573 3791 3619 sacra

2215 3678 2336 3719 ossa
2368 3662 2640 3729 recognita
2671 3643 2734 3716 ac
2780 3643 2994 3735 visitata
3031 3669 3335 3731 marmoreo
3376 3654 3578 3710 tumulo
3610 3652 3790 3709 condi

2228 3755 2314 3809 lit.
2343 3754 2516 3823 Caput
2546 3750 2744 3808 ibidem
2796 3750 2849 3804 in
2898 3748 3074 3821 prima
3122 3745 3475 3801 translatione
3525 3743 3791 3799 inclusum

2217 3847 2391 3902 fuerat
2420 3842 2674 3915 peculiari
2710 3842 2902 3906 thecae,
2944 3854 3105 3919 quam
3134 3838 3200 3892 ιι.
3239 3837 3303 3891 υ.
3347 3836 3595 3892 Placidus
3622 3833 3792 3889 Pavaq

2216 3935 2388 3991 uellus
2418 3933 2706 4002 Patavinus
2736 3933 2881 3988 circa
2917 3944 3117 3986 annum
3142 3928 3277 3984 1440
3308 3927 3476 3981 multo
3507 3924 3790 3997 pretiosiu-

2216 4043 2331 4082 rem
2361 4026 2614 4082 reddidit.
2643 4024 2708 4079 Β.
2736 4023 2800 4078 D.
2828 4018 3177 4077 Columbinus
3200 4020 3265 4076 de
3288 4018 3550 4089 Alphiano
3578 4004 3792 4072 cont-es.

2215 4118 2287 4172 sit
2306 4116 2548 4172 ecclesia:
2568 4112 2893 4168 Florentium
2914 4109 3270 4166 sanctissima:
3296 4106 3577 4162 Trinitatis
3604 4103 3797 4161 mavil-.

2218 4210 2322 4275 lam
2350 4208 2409 4263 S.
2444 4208 2618 4263 Patris
2646 4204 2944 4272 Gualberti,
2982 4219 3102 4274 quae
3142 4217 3284 4258 anno
3310 4201 3467 4267 1580,
3503 4200 3556 4254 in
3598 4196 3795 4254 sacello

2216 4298 2455 4371 ejusdem
2482 4296 2723 4354 ecclesia:
2743 4295 3003 4353 collocata
3043 4303 3145 4349 est.
3186 4290 3475 4347 Brachium
3509 4289 3791 4344 dexterum

2218 4393 2303 4448 his
2343 4390 2663 4447 miraculose
2699 4388 2767 4442 ad
2808 4383 3359 4441 Vallem-Umbrosam
3406 4380 3638 4436 delatum
3688 4387 3799 4445 est,

2141 4508 2196 4568 Β
2222 4484 2295 4539 uti
2330 4482 2569 4554 pluribus
2598 4478 2854 4535 describit
2880 4475 3188 4532 Thesaurus
3230 4470 3414 4526 Velius
3461 4470 3600 4525 inter
3635 4468 3797 4523 mira,

2161 4558 2188 4583 ⁷
2221 4574 2361 4639 cula,
2394 4581 2513 4643 post
2547 4571 2606 4626 S.
2638 4569 2861 4626 Joannis
2888 4565 3065 4621 Vitam
3107 4565 3388 4635 impressa,
3419 4576 3537 4631 cap.
3568 4559 3621 4624 4,
3654 4558 3711 4629 5,
3739 4560 3794 4622 (ἰ.

2219 4666 2274 4731 7,
2304 4665 2357 4732 8,
2385 4663 2419 4718 9
2441 4672 2496 4717 et
2522 4662 2605 4715 10.
2636 4658 2936 4715 Francbius
2965 4655 3057 4711 lib.
3100 4653 3188 4719 10,
3233 4668 3358 4725 pag.
3420 4650 3524 4705 570
3551 4658 3606 4705 et
3642 4663 3792 4718 seqq.

2218 4754 2296 4808 De
2342 4755 2532 4808 eadem
2584 4748 2893 4819 prodigiosa
2950 4743 3159 4800 brachii
3217 4739 3568 4796 translatione
3622 4736 3794 4791 videri

2219 4832 2394 4918 potest
2424 4843 2777 4911 Hieronymus
2805 4834 3139 4893 lladiolensis
3165 4834 3216 4888 in
3245 4829 3536 4894 miraculis,
3566 4828 3653 4883 hic
3676 4834 3799 4896 post.

2221 4915 2509 5004 utramque
2556 4931 2723 4985 vitam
2764 4927 3012 4991 edendis,
3063 4939 3212 4978 num.
3265 4920 3318 4989 7,
3360 4921 3395 4976 8
3441 4928 3497 4974 et
3539 4931 3694 4987 seqq.
3739 4915 3799 4970 ιιι

3474 5021 3594 5036 ..Ι-..-
3643 5024 3770 5036 Λ-οιν
