4110 5362
457 375 595 432 765‘;

456 579 700 636 scribere
744 576 922 650 pergit
951 574 1385 646 Papebrochius:
1425 597 1445 635 ι
1501 576 1677 650 Caput
1723 578 1924 637 ibidem
1961 588 2049 637 est

456 670 513 725 in
557 668 742 747 herma
790 680 1092 743 argettea;
1136 667 1351 739 Maxilla
1380 670 1435 733 in
1469 673 1803 743 nimiasterio
1837 671 1905 729 8..
1925 672 2049 731 Tri-

457 758 735 831 uitatfsde
762 757 1071 824 Florentia;
1122 757 1414 821 Brachium
1459 762 1517 817 in
1564 762 1938 821 Vallnmbrosa
1990 765 2056 822 in-

456 850 681 927 antiqtm
706 859 763 907 et
784 849 1024 923 eleganti
1051 849 1088 923 ᾗ
1118 850 1315 922 pedum
1336 852 1557 911 ciboria
1588 853 1886 927 involutum
1915 871 2048 927 pan-

454 940 563 1009 nis,
592 926 688 996 ιιλὶ
710 949 766 996 et
788 940 971 1011 cuspis
993 938 1258 1000 Dominici
1295 942 1466 1011 clavi,
1482 944 1541 1000 in
1567 946 1740 1003 vicem
1763 926 1958 1004 manus
1978 964 2042 1006 ex

453 1029 529 1089 bu
572 1030 798 1093 brachio
816 1032 1201 1107 ιηίεεπφθτδ.
1224 1032 1307 1098 Lit
1328 1034 1666 1101 Zotjicuatdoi
1687 1047 1799 1103 uta,
1822 1038 1928 1111 p:.l.
1946 1036 2061 1097 tua.

449 1121 513 1179 in
534 1126 951 1195 renuenstraatia
979 1135 1281 1198 spectatur.
1307 1125 1508 1183 Ibidem
1535 1144 1668 1189 crux
1698 1128 1874 1202 lignea
1904 1131 2045 1201 vilis,

455 1209 592 1271 alias
621 1230 831 1286 magum
856 1216 1117 1273 adversus
1138 1217 1416 1275 daemones
1454 1220 1754 1291 potestatis,
1778 1234 2049 1294 argenteae

456 1306 646 1377 grandi
677 1308 909 1364 inclusi.
935 1307 1219 1376 Crucilixi,
1271 1311 1364 1382 qui
1411 1312 1585 1368 eidem
1632 1313 1684 1370 iu
1736 1314 1936 1386 templo
1984 1315 2058 1373 8..

456 1394 696 1455 Hiuiatis
735 1406 903 1471 caput
951 1399 1258 1468 inclinavit,
1312 1402 1491 1474 imago
1514 1404 1616 1460 sub
1632 1404 1867 1476 eleganti
1896 1421 2046 1462 mar-

457 1500 651 1545 moreo.
676 1489 1028 1545 tabernaculo
1057 1489 1253 1546 ibidem
1285 1500 1412 1546 ante
1447 1493 1674 1551 chorum
1705 1495 1920 1563 visitur,
1952 1495 2051 1553 sed

454 1576 730 1637 coloribus
771 1580 994 1636 omnino
1035 1579 1148 1652 jam
1192 1583 1439 1639 exoletis.
1488 1584 1572 1643 Ad
1614 1585 1807 1656 pedem
1849 1588 2049 1645 montis

456 1673 764 1729 arctissima
815 1674 1011 1730 semita
1058 1675 1304 1732 abscedit
1345 1677 1413 1732 ad
1465 1677 1628 1744 latus,
1673 1680 1761 1747 ubi
1805 1688 2055 1745 erectum

457 1762 872 1821 tabernacu‘um
926 1765 1137 1836 pictura
1186 1767 1517 1837 sua-locum
1562 1768 1807 1837 indicat,r
1836 1748 1901 1827 in.
1930 1769 2049 1842 quo

458 1854 679 1910 inimico
698 1868 989 1913 occurrens
1003 1854 1307 1914 S.Joannes
1327 1858 1503 1929 ipsqu
1519 1874 1579 1916 se
1600 1860 1830 1927 vicitJn
1844 1840 2050 1932 pariete
2082 1840 2125 1899 Β

458 1945 693 2011 sin'stm
721 1946 821 2004 alte
863 1948 1054 2004 Crucis
1092 1948 1332 2008 insertus
1365 1936 1613 2023 cstlapis
1642 1953 1897 2025 religiose
1936 1962 2048 2012 tec-

458 2043 569 2101 tus,
592 2037 685 2107 qui
704 2052 903 2109 corpus
924 2037 984 2094 8.
1014 2037 1240 2097 Joannis
1260 2040 1537 2098 Gualberti
1566 2061 1663 2114 per
1680 2044 1807 2112 500,
1831 2056 1886 2101 et
1905 2044 2050 2117 quod

459 2129 727 2198 excurrit,
768 2145 942 2187 annos
991 2130 1145 2187 texit.
1175 2131 1361 2204 lmago
1403 2135 1594 2191 altaris
1621 2133 1741 2205 ejus
1783 2136 2050 2195 miracula
2089 2134 2092 2138 ’

460 2230 837 2299 reprmserttat.
886 2242 906 2276 ι
1085 2287 1092 2293 ,
1140 2246 1147 2251 ~
1362 2252 1365 2255 ι
1800 2262 1804 2267 ρ
1880 2254 1904 2285 ,ι
1968 2262 2011 2289 η

534 2311 657 2367 154.
694 2298 902 2368 Praeter
923 2314 1037 2369 lucc
1062 2329 1219 2370 sacra
1244 2327 1595 2374 monumenta
1619 2334 1651 2373 a
1673 2317 2065 2389 Papebrocltio.

459 2414 786 2467 memorata,
834 2402 954 2459 alia:
1005 2405 1057 2459 in
1100 2405 1269 2462 variis
1314 2405 1480 2463 Italiae
1519 2407 1653 2464 locis
1709 2394 2053 2480 reperiuntur

456 2491 703 2563 ejusdem
730 2494 917 2550 Sancti
935 2496 1191 2567 reliquiae.
1211 2498 1515 2555 Frauchius
1536 2500 1629 2556 lib.
1657 2501 1745 2566 12,
1772 2516 1893 2573 pag.
1921 2502 2048 2570 526,

461 2588 555 2649 a't,
583 2587 797 2643 dentem
826 2588 1071 2661 aliasque
1091 2592 1293 2647 ossium
1321 2602 1507 2663 partes
1529 2610 1558 2648 a
1588 2594 1647 2649 υ.
1680 2594 1896 2650 Tiberio
1920 2594 2052 2651 Cor—

461 2677 653 2734 seiliuo
684 2679 910 2736 Romam
954 2680 1121 2738 fuisse
1164 2683 1391 2750 delatas,
1440 2693 1604 2754 atque
1650 2700 1794 2740 anno
1825 2686 1962 2742 1585
1999 2688 2051 2742 in

462 2768 693 2825 e-.clesia
718 2769 775 2825 S.
800 2770 1064 2833 Praxedis
1085 2772 1407 2839 collocatas;
1433 2775 1625 2844 pagina
1649 2790 1777 2830 vero
1802 2778 2053 2847 sequenti

462 2860 672 2923 scribit,
729 2871 939 2932 partem
979 2861 1137 2934 digiti
1167 2863 1404 2920 sinistra:
1430 2866 1638 2922 manus
1682 2867 1734 2921 in
1766 2861 2053 2925 ecclesiam

461 2950 801 3008 Foroliviens
822 2968 888 3006 'm
913 2951 970 3008 S.
1001 2953 1330 3011 Mercurialis
1356 2972 1498 3013 anno
1523 2957 1658 3013 153⁵1
1686 2958 1852 3015 fuisse
1874 2971 2057 3017 trans-

464 3044 653 3112 latam,
685 3062 748 3101 ac
787 3045 985 3101 ibidem
1016 3047 1069 3102 in
1098 3048 1325 3114 sacello,
1361 3051 1505 3120 quod
1531 3052 1708 3108 eidem
1733 3052 1936 3110 Sancto
1963 3055 2056 3110 dc-

463 3135 700 3190 dicatum
721 3146 825 3202 est,
845 3137 1120 3192 honorari.
1146 3137 1287 3193 Idem
1318 3141 1550 3211 scriptor
1571 3142 1662 3198 lib.
1692 3144 1742 3206 Ἰ,
1776 3161 1897 3215 pag.
1928 3146 2047 3209 187,

465 3227 682 3293 asserit,
711 3227 977 3284 cucullum
1007 3228 1069 3286 S.
1089 3228 1313 3286 Joannis
1337 3231 1609 3290 Gualberti
1641 3237 1692 3289 in
1723 3239 2055 3294 monasterio

468 3320 528 3374 8.
562 3319 729 3376 8117ἰί
758 3336 787 3375 a
810 3322 1180 3379 monachabus
1210 3323 1672 3382 Vallumbrosanis
1703 3329 2012 3384 conservari
2037 3321 2061 3395 ς’

467 3409 626 3479 hujus
683 3411 880 3467 cuculli
933 3420 1167 3494 partem,
1216 3415 1442 3472 articulo
1484 3416 1633 3489 digiti
1682 3416 1978 3487 majorem,
2025 3435 2061 3475 a

465 3500 527 3557 P.
548 3501 815 3575 Janningo
838 3514 1021 3575 nostro
1045 3506 1181 3581 mihi
1205 3508 1479 3573 traditam,
1510 3511 1751 3565 studiose
1771 3525 2055 3575 conseruo,

467 3612 572 3651 una
614 3612 737 3652 cum
776 3598 963 3653 ltalieo
1000 3598 1341 3666 testimonio,
1394 3615 1500 3669 quo
1549 3601 1612 3655 Ι).
1661 3600 1844 3657 Bruno
1895 3602 2056 3657 'l‘ozzi

466 3688 837 3744 Cancellarins
864 3689 1082 3745 Ordinis
1106 3705 1251 3745 anno
1291 3691 1445 3755 1700,
1486 3691 1572 3755 die
1599 3692 1633 3746 1
1663 3686 1865 3761 Aprilis
1898 3694 2056 3748 iidem

466 3776 625 3847 facit,
658 3778 755 3834 has
776 3778 940 3835 'veras
967 3794 1089 3834 esse
1118 3778 1176 3834 S.
1225 3778 1502 3835 Gualbcrti
1530 3779 1826 3849 Reliquias.
1862 3780 2058 3837 Paulus

468 3868 731 3925 Masinius
757 3870 809 3924 in
837 3885 933 3925 sua
958 3868 1197 3924 Bononia
1220 3870 1542 3938 perlustraza
1576 3885 1650 3924 xu
1680 3869 1828 3935 Julii,
1858 3858 2061 3926 invenit

469 3962 526 4018 in
550 3962 747 4031 templo
764 3960 1225 4032 RehgiosarumS.
1241 3960 1548 4016 Catharina:
1575 3960 1628 4014 in
1649 3960 1831 4031 platea
1852 3961 2058 4032 majore

470 4052 713 4123 ejusdem
744 4051 931 4107 Sancti
965 4051 1247 4122 reliquias,
1277 4050 1533 4120 additque
1562 4049 1669 4106 illic
1698 4065 1817 4107 esse
1839 4058 2061 4122 puteum

470 4141 580 4208 iam
611 4157 642 4197 a
673 4141 841 4197 multo
881 4152 1122 4213 tempore
1162 4151 1492 4207 extructum,
1530 4142 1583 4197 in
1615 4158 1722 4213 quo
1747 4148 1831 4198 est
1859 4159 1996 4213 aqua
2029 4159 2060 4198 e

472 4233 621 4288 huic
648 4232 705 4288 8.
736 4232 962 4290 Joannis
986 4233 1288 4296 Gualberti,
1318 4234 1385 4289 ad
1406 4250 1566 4304 qttatn
1595 4235 1786 4291 devote
1808 4236 2062 4291 haurien-

471 4328 594 4380 dam
652 4325 804 4381 multi
858 4326 1104 4383 homines
1149 4335 1500 4398 concurrpnt.
1550 4325 1666 4382 Non
1702 4327 1887 4383 dubito
1931 4327 2062 4398 quin

471 4420 635 4473 e:iasu
664 4419 716 4472 in
749 4418 849 4473 alia
873 4418 1115 4486 ejusdem
1153 4417 1371 4476 Ordinis
1408 4420 1735 4491 monasteria
1766 4421 2065 4492 dispertita:

586 408 595 437 ς
658 434 663 449 η
1517 373 1578 432 s.
1608 353 1902 434 retusis
1937 375 2336 453 GUALBEKTI
2372 345 2666 436 tamus

490 530 495 537 .
528 485 923 565 manus.”
944 498 1103 560 sacra
1125 493 1489 555 monumenta
1514 501 1548 543 a
1589 499 1650 555 se
1676 489 1793 543 uisa
1822 488 1914 547 sic
1947 487 2043 544 de-
2069 493 2123 556 Α
2146 487 2277 556 Viro
2301 490 3002 566 templumdedicatum'est;
3020 491 3747 553 Vallumbroselfadietunia‘

2081 3186 2125 3247 C

3630 381 3741 440 7Βῦ

2145 580 2366 643 Manum
2390 583 2771 641 tantummodo
2799 583 2889 655 pio
2921 583 3051 656 Regi
3068 594 3401 642 concessam
3429 584 3600 643 fuisse
3624 596 3756 643 trs...

2146 674 2227 730 dit
2250 690 2375 731 cum
2398 675 2521 731 aliis
2549 673 3013 745 Vallumbrosanis
3039 676 3401 747 scriptoribus
3424 674 3753 743 Bernartius-

2147 764 2242 822 Del
2291 764 2467 832 Sera,.
2501 765 2589 821 ita.
2626 766 2768 836 apud
2822 764 3153 821 Franchium
3184 764 3275 821 lib.
3307 764 3396 834 12,
3427 766 3738 839 ρ.-εὶθ,.ι‹ι

2146 858 2444 929 marginem
2488 857 2727 913 citatus:
2773 873 2794 909 ι
2836 856 3145 914 Ludovicus
3189 857 3433 914 Francia:
3483 871 3600 923 rex,
3643 873 3753 921 ac?»

2145 957 2301 1020 cepta
2334 947 2402 1005 ab
2422 947 2617 1004 abbate
2642 947 2883 1021 Benigno
2903 948 3078 1004 dextri
3109 947 3315 1005 brachii
3355 948 3585 1017 (sinistri
3610 965 3737 1022 par-

2145 1028 2256 1106 tem
2278 1040 2445 1097 fuisse
2470 1039 2585 1097 vult
2609 1039 2969 1111 Hieronymus
2992 1039 3350 1104 Radiolensis,
3388 1048 3530 1097 teste.
3547 1040 3739 1119 eodem

2147 1131 2418 1190 Franchio
2448 1133 2557 1189 lib.
2585 1133 2640 1202 8,
2688 1128 2814 1204 pag.
2846 1132 2990 1204 277).
3022 1147 3187 1188 manu
3217 1131 3276 1187 S.
3312 1131 3373 1187 P.
3403 1130 3759 1200 N..J‘oannis,_

2147 1241 2311 1297 quam
2359 1222 2769 1295 efﬂagitaverat,
2808 1238 2907 1294 pro
2950 1234 3014 1280 ea
3059 1222 3392 1279 monasterio
3414 1220 3743 1278 Vallis-Um-

2147 1317 2325 1373 brosa:
2367 1330 2586 1372 crucem
2620 1315 2780 1372 unius
2820 1314 2984 1386 palmi
3028 1330 3278 1379 auream,
3332 1313 3741 1385 pretiosissimis

2147 1398 2378 1482 gemmis
2402 1406 2741 1474 distinctam,
2757 1423 2879 1462 cum
2898 1404 3159 1478 particula
3182 1404 3309 1476 ligni
3328 1404 3520 1461 Crucis
3537 1403 3755 1461 Christi

2149 1503 2290 1557 dono
2319 1499 2483 1555 dedit.
2532 1518 2552 1553 ι
2609 1512 2614 1516 ·

2222 1591 2345 1648 156.
2387 1590 2646 1647 llistorici
2675 1586 3105 1644 Vallumbrosani
3133 1603 3255 1644 cum
3284 1585 3596 1643 Pecciantio
3614 1600 3740 1641 ntox

2149 1683 2316 1739 citato
2350 1690 2604 1747 narrant,
2665 1680 2724 1737 S.
2766 1677 3121 1743 Ludovicum,
3178 1685 3377 1749 putator
3432 1675 3739 1733 veneranda

2151 1773 2446 1831 Dominica:
2472 1771 2749 1828 Passionis
2779 1771 3160 1836 instrumenta,
3186 1769 3254 1823 ad
3282 1767 3483 1825 Vallem
3510 1767 3740 1825 Umbro-

2152 1879 2269 1919 sam
2316 1861 2531 1934 ingrati.
2560 1858 2743 1917 animi
2784 1862 2996 1933 signum
3039 1859 3377 1924 transmissa,
3414 1857 3473 1913 S.
3514 1857 3743 1914 Joannis

2150 1952 2427 2010 Gnalberti
2459 1951 2650 2007 honori
2688 1952 2946 2021 templum
2987 1967 3052 2006 ac
3092 1950 3480 2006 monasterium
3510 1946 3743 2016 Parisiis

2150 2045 2470 2101 aediﬁcasse.
2501 2043 2557 2099 id
2587 2044 2730 2098 inter
2761 2042 2894 2098 alios
2936 2042 3247 2098 Bcrnardtts
3276 2042 3370 2098 Del
3409 2030 3569 2105 Sera,
3601 2037 3742 2110 apud

2151 2136 2478 2195 Franchium
2502 2135 2597 2191 lib.
2639 2134 2691 2199 6,
2720 2150 2842 2207 pag.
2865 2134 2969 2190 276
2996 2135 3212 2198 citatus,
3255 2134 3453 2189 asserit
3501 2134 3586 2188 his
3616 2148 3741 2186 ver--

2151 2230 2269 2286 bis:
2314 2248 2333 2281 ι
2381 2228 2495 2284 Rex
2527 2227 2791 2295 Francite,
2820 2234 3041 2298 accepta
3070 2242 3100 2281 a
3130 2227 3190 2281 Β.
3222 2226 3463 2297 Benigno
3490 2224 3549 2285 S.
3573 2223 3740 2281 Joauo

2152 2323 2239 2380 nis
2271 2320 2700 2399 dextribrachii
2728 2342 2733 2347 ·
2759 2335 2973 2383 ιιι,ειιιυ,,
3002 2318 3068 2375 ad
3120 2318 3212 2373 Dei
3251 2327 3305 2372 et
3339 2317 3511 2387 ipsius
3561 2314 3741 2371 sancti

2154 2416 2414 2472 honorem
2433 2412 2663 2468 instituit
2680 2410 2869 2489 Ordini
2890 2425 3139 2482 magnum
3154 2409 3568 2471 monasterium,
3595 2404 3742 2476 quod

2154 2502 2603 2563 Vallumhrosella
2644 2501 2952 2574 appellavit,
2986 2501 3038 2554 in
3081 2516 3189 2571 quo
3227 2498 3392 2553 multa
3434 2496 3742 2552 divitiarum

2154 2604 2477 2653 ornamenta
2504 2594 2809 2650 collocavit.
2841 2612 2861 2645 ι
2886 2591 3046 2647 Addit
3075 2588 3379 2646 Locatellus
3409 2585 3501 2643 lib.
3535 2587 3587 2651 1,
3619 2601 3739 2655 cap.

2155 2689 2245 2754 90,
2286 2702 2351 2744 ex
2387 2685 2699 2741 testimonio
2738 2681 3049 2754 Hieronymi
3081 2679 3440 2742 Radiolcnsis,
3482 2675 3742 2746 quosdam

2154 2777 2451 2835 monachos
2494 2775 2673 2832 Gallos
2704 2790 2769 2830 cx
2811 2774 2913 2829 hoc
2953 2772 3283 2828 monasterio
3325 2767 3747 2824 Vallumbrosel-

2156 2860 2465 2925 lensi'anno
2494 2865 2630 2921 1150
2655 2856 2866 2919 venisse
2898 2854 2975 2917 'ad
3007 2861 3210 2917 Vallem
3263 2859 3610 2924 Umbrosam,
3652 2856 3744 2927 qui

2158 2961 2516 3022 testabantur,
2578 2972 2674 3027 per
2718 2956 2859 3011 hanc
2902 2938 3149 3011 sanctam
3200 2966 3417 3006 mamnn
3474 2950 3524 3003 in
3577 2945 3748 3003 Gallia

2157 3050 2390 3122 plurima
2419 3058 2470 3104 et
2497 3047 2732 3104 maxima
2756 3044 2962 3115 patrari
2992 3040 3271 3097 miracula.
3299 3038 3567 3109 Quidquid
3588 3037 3660 3092 sit
3681 3036 3747 3091 de

2160 3143 2319 3212 hujus
2376 3141 2558 3212 templi
2608 3135 3031 3194 ac-monastetii
3077 3134 3411 3193 futuiatioue,
3459 3132 3525 3186 de
3550 3145 3653 3200 qua
3680 3144 3765 3185 nes

2159 3238 2238 3294 vel
2265 3238 2543 3292 minimam
2571 3231 2716 3287 dubii
2737 3229 3098 3299 suspicionem
3132 3242 3347 3281 movere
3378 3224 3521 3288 volo,
3552 3222 3745 3278 saltem

2158 3331 2302 3387 nulla
2321 3331 2425 3385 hoc
2446 3339 2686 3397 tempore
2707 3323 2988 3393 utriusque
3016 3320 3274 3375 memoria
3307 3317 3528 3372 Parisiis
3548 3322 3742 3377 exstat,

2158 3404 2218 3478 ut
2260 3422 2497 3476 fatentur
2523 3418 2617 3481 illi,
2665 3416 2756 3486 qui
2804 3413 3154 3483 antiquitates
3190 3410 3523 3466 Parisienses
3560 3405 3765 3463 sedulo.

2159 3507 2784 3577 exatninarunt.Utrum
2815 3515 2995 3560 autem
3040 3504 3093 3558 hi
3126 3502 3374 3557 monachi
3402 3500 3745 3554 Vallnmbro—

2159 3601 2416 3657 sellcnscs
2436 3600 2655 3654 omnino
2673 3597 2952 3662 desierint,
2975 3611 3042 3650 an
3063 3592 3498 3650 mutatouomine
3513 3592 3564 3646 in
3585 3590 3755 3645 aliam.

2098 3744 2103 3747 .
2160 3691 2463 3762 religiosam
2494 3686 2981 3760 Congregationent
3016 3684 3355 3748 transierint,
3394 3682 3602 3754 ignoro.

2232 3784 2355 3839 157.
2395 3782 2450 3838 1η
2476 3781 2789 3852 Hispaniam
2815 3780 2976 3834 etiam
3002 3776 3242 3846 ejusdem
3278 3775 3463 3831 Sancti
3508 3772 3745 3844 reliquim

2161 3860 2371 3934 summa
2396 3892 2518 3932 cum
2548 3875 2901 3931 veneratione
2925 3882 3154 3942 receptu:
3186 3871 3439 3936 fuerunt;
3469 3884 3570 3939 qua
3602 3868 3666 3921 de
3687 3880 3747 3919 re

2160 3948 2582 4040 Chrysostomus
2615 3964 2877 4020 Talentus
2923 3963 2978 4018 in
3026 3961 3273 4017 oratione
3317 3958 3640 4030 panegyrica
3683 3953 3746 4008 Β.

2160 4059 2377 4114 Attonis
2408 4059 2481 4113 ita
2508 4056 2748 4127 loquitur
2771 4071 2899 4126 pag.
2923 4053 3007 4109 10.
3040 4073 3059 4105 α
3098 4052 3525 4108 Vallimbrosana
3561 4063 3762 4117 respn-.

2161 4150 2299 4205 blica
2354 4147 2565 4219 inclyta:
2610 4145 3003 4202 recordationis
3049 4143 3299 4212 Philippo
3341 4139 3580 4197 secundo
3626 4141 3748 4208 jure

2164 4239 2476 4294 innumeras
2504 4234 2665 4289 debet
2690 4235 2910 4305 gratias,
2938 4234 3103 4303 quod,
3142 4248 3171 4285 a
3210 4229 3554 4285 serenissimo
3582 4226 3760 4280 Fran-.

2164 4327 2309 4382 cisco
2334 4325 2571 4379 )ledicco
2590 4324 2822 4379 Etruriae
2848 4337 3042 4393 magno
3062 4323 3198 4376 duce
3223 4318 3547 4375 sanctissimi
3574 4315 3751 4369 Patris

2163 4417 2332 4475 nostri
2362 4417 2599 4473 sinistra:
2642 4429 2838 4469 manus
2862 4410 3091 4485 articulo
3111 4411 3345 4482 quodam
3372 4411 3616 4472 obtentu,
3638 4405 3760 4476 glo-

472 4511 584 4564 s'a.t
627 4510 821 4579 aliqua:
861 4510 1100 4579 ejusdem
1141 4510 1326 4568 Sancti
1363 4512 1591 4568 exuviae.
1646 4511 1756 4568 Sed
1806 4512 1889 4567 ha:
1935 4520 2063 4567 sunt
2092 4526 2141 4587 ι)
2167 4510 2373 4565 riosum
2419 4508 2565 4564 illius
2605 4521 2800 4562 nomen
2831 4505 2883 4559 in
2915 4513 3023 4560 tota
3057 4503 3312 4574 lliSpania
3339 4499 3750 4556 celeberrimum

474 4598 774 4668 pt-acc'pum,
805 4614 943 4670 quas
965 4611 1087 4669 post
1107 4616 1391 4672 operosam
1419 4602 1822 4673 inquisitionem
1842 4605 1892 4659 in
1915 4603 2061 4659 italia

474 4690 721 4748 invenire
759 4693 930 4764 potui.
975 4693 1128 4751 Nunc
1167 4696 1332 4751 etiam
1365 4697 1430 4753 de
1468 4698 1536 4754 iis
1564 4714 1808 4770 agemus,
1863 4714 1983 4770 quae
2011 4698 2064 4753 in

474 4783 611 4839 alias
638 4784 888 4856 regiones
909 4786 1167 4842 dicuntur
1193 4788 1485 4845 translata}.
1636 4852 1637 4855 η

548 4878 670 4933 155.
712 4877 830 4933 Non
870 4879 1011 4935 intra
1050 4881 1196 4938 solos
1232 4881 1400 4939 italia:
1444 4883 1581 4939 ﬁnes
1632 4898 1788 4940 sacra
1842 4882 2066 4939 Joannis

474 4965 752 5023 Gualbcrti
798 4967 1004 5039 lipsana
1039 4971 1410 5036 continentur,
1449 4972 1542 5028 sc.|
1576 4987 1605 5029 a
1654 4971 1869 5043 regibus
1904 4986 2068 5041 expe-

638 5060 645 5079 Ρ
709 5060 747 5080 η
794 5062 804 5080 Ι

2165 4601 2315 4658 fecit.
2361 4622 2381 4655 ι
2426 4599 2542 4655 Non
2568 4598 2759 4655 dubito
2811 4597 2940 4669 quin
2971 4611 3066 4667 per
3093 4596 3192 4651 has
3223 4593 3464 4663 aliasque
3504 4588 3562 4644 S.
3596 4587 3755 4644 Joan-

2167 4696 2254 4750 nis
2289 4692 2567 4750 Gualberti
2601 4690 2879 4761 Reliquias
2914 4689 3079 4744 multa
3111 4687 3415 4742 recentiora
3464 4684 3605 4739 facta
3647 4680 3763 4735 sint.

2167 4785 2455 4851 miracula,
2484 4778 2617 4854 quae
2651 4783 2717 4837 ad
2766 4790 3007 4837 nostram
3053 4779 3299 4834 notitiam
3341 4793 3448 4832 non
3496 4788 3753 4846 pervene-

2168 4887 2314 4934 runt.
2344 4876 2477 4945 Quis
2506 4875 2652 4930 enim
2679 4871 3013 4929 salutiferam
3055 4870 3308 4925 virtutem
3344 4867 3516 4923 sacris
3540 4864 3769 4920 ossnbns.

2169 4969 2416 5038 deneget,
2475 4967 2522 5022 si
2570 4980 2710 5036 aqua
2737 4953 2864 5019 isolo
2902 4963 3074 5018 sancti
3114 4960 3227 5016 Viri
3283 4968 3492 5014 attactu
3541 4964 3753 5011 sacrata

2170 5066 2186 5080 Α
2208 5066 2368 5080 ...n-_..
2400 5057 2593 5080 1.-1-...-ι

2624 5056 2728 5080 ..ε-ι
2760 5055 2826 5080 Α..
2855 5053 3126 5080 ..ΑΙΙΑλᾹΑη
3163 5051 3378 5080 mnn‘ul‘n
3439 5059 3490 5080 ιι.
3543 5050 3609 5080 ﬁt.
3635 5061 3753 5080 nn!“
