4110 5362
285 410 402 469 ’τοδί
413 461 418 464 ,

1817 409 2020 473 ACtA.

3435 412 3541 470 766

333 524 482 584 .158.
523 523 672 583 Fons
695 532 779 583 est
807 525 864 583 in
891 518 1354 589 Valle-Umbro”,
1384 525 1437 579 in
1462 539 1621 595 quem
1643 534 1863 580 sanctus
1890 525 2105 594 A’Quin
2144 521 2254 582 imo
2279 539 2518 580 euntium
2554 524 2656 582 hoc
2685 504 2999 582 miraculum
3029 533 3268 598 tempore
3292 539 3391 581 suo
3415 499 3572 597 per?

287 615 524 674 Joannes
544 629 687 687 sepe
706 616 870 688 pedes
891 625 946 672 et
967 631 1158 671 manus
1180 615 1464 671 intinxisse
1485 614 1680 670 fertur.
1703 612 1866 670 Teste

1967 629 2245 672 sererasse
2291 624 2520 671 testatur
2564 613 2624 672 Di
2645 615 2794 673 lacus
2841 616 3140 673 Fraucbius
3187 615 3280 672 lib.
3327 614 3379 681 J,
3420 632 3546 688 pag.

288 707 620 779 Hieronymo
645 706 974 773 Radiolensi,
1003 708 1156 762 abest
1190 723 1220 760 a
1249 705 1578 762 monasterio
1603 707 1868 776 quingen-
1965 707 2066 772 89;
2104 706 2354 776 additque
2379 705 2560 777 fagum
2589 704 2731 762 illam
2759 721 2922 772 anno,
2953 723 3058 779 qun
3086 706 3303 776 scripsit
3327 715 3420 761 aut
3447 707 3550 763 im-

287 799 360 854 tis
389 797 680 870 passibus;
733 805 884 853 tanta
909 807 1093 854 autem
1128 797 1385 868 religione
1412 795 1540 850 olim
1582 809 1869 850 eonserva-
1966 797 2163 866 pressit
2191 794 2249 850 S.
2279 793 2504 852 Joannis
2530 795 2809 852 Gnalberti
2841 794 3041 859 Vitam,
3073 797 3367 867 prudenter
3409 811 3554 851 novo

288 891 470 956 batur,
507 897 570 945 ut
599 904 699 958 per
734 889 887 958 plura
923 889 1122 944 saeula
1159 890 1350 943 eodem
1393 886 1555 956 tapbo
1591 894 1647 941 et
1677 885 1868 951 herba,

288 978 744 1050 quemadmodum
775 987 1018 1049 tempore
1053 977 1112 1032 S.
1143 977 1366 1032 Joannis
1395 985 1537 1042 erat,
1565 976 1873 1048 cingeretur

288 1089 392 1129 nec
421 1071 620 1128 vellent
640 1071 850 1141 antiqui
880 1081 1061 1142 patres
1086 1070 1514 1126 Vallumbrosani
1551 1068 1868 1125 reverentia:

289 1177 452 1221 causa
469 1161 616 1216 illum
633 1161 926 1231 exsculptis
939 1175 1206 1216 exornare
1219 1159 1501 1230 lapidibus.
1525 1159 1668 1215 Idem
1685 1167 1874 1215 auctor

294 1261 502 1317 narrat,
533 1251 693 1322 hujus
722 1251 886 1306 fontis
912 1266 1050 1321 aqua
1073 1251 1251 1306 varios
1281 1251 1498 1307 morbos
1524 1251 1691 1306 fuisse
1716 1268 1870 1307 cura-

294 1354 407 1410 tos;
437 1359 540 1413 qna
563 1345 630 1398 de
658 1357 716 1397 re
743 1357 841 1397 suo
868 1341 986 1398 loco
1013 1352 1200 1412 postea
1234 1357 1474 1413 agemus.
1502 1341 1671 1397 Didici
1693 1351 1872 1397 autem
1902 1355 1905 1358 '

294 1449 358 1488 es
385 1431 648 1488 Francbio
669 1431 762 1487 lib.
786 1433 843 1500 6,
862 1448 985 1504 pag.
1014 1432 1100 1496 79,
1115 1431 1228 1500 jam
1253 1433 1394 1487 hunc
1419 1430 1622 1487 fontem
1644 1433 1801 1487 altari
1822 1442 1877 1487 et

296 1525 544 1579 Oratorio
563 1538 684 1579 esse
704 1533 1023 1578 exornatum
1047 1523 1254 1594 (eorum
1280 1525 1503 1594 ligurum
1527 1525 1617 1580 reri
1649 1525 1873 1582 incisam

298 1616 355 1670 in
401 1630 500 1671 suo
531 1615 710 1670 indice
749 1615 990 1684 exhibet)
1035 1613 1339 1686 locumque,
1380 1613 1564 1671 Sancti
1616 1615 1878 1686 Reliqniis

298 1723 536 1770 sacrum,
563 1722 592 1760 a
617 1705 916 1776 peregrinis
947 1714 1004 1760 et
1028 1709 1244 1777 aegrotis
1272 1707 1494 1778 pietatis
1519 1723 1679 1762 causa
1711 1709 1881 1777 pluri-

301 1814 446 1852 mum
472 1797 824 1866 frequentari.
858 1795 1009 1851 Alter
1034 1797 1152 1852 fons
1181 1808 1282 1862 est,
1319 1807 1550 1854 testante
1586 1799 1874 1863 Locatello,

1971 901 2167 959 aggere
2196 885 2694 952 fuisse-firmatam,
2744 902 2812 942 ne
2842 887 3098 957 paulatim
3146 887 3550 943 decurrentium

1970 992 2233 1046 aquarum
2263 977 2464 1048 impetu
2493 978 2885 1032 eradicaretur.

2043 1066 2167 1121 160.
2203 1063 2440 1121 Joannes
2472 1064 2810 1121 Mabillonius
2854 1067 2920 1121 de
2957 1069 3260 1141 prodigiosa
3301 1068 3401 1123 hac
3430 1048 3557 1138 fago

1971 1161 2198 1230 aliisque
2249 1161 2608 1215 monumentis
2657 1174 2799 1215 anno
2844 1161 2979 1215 1686
3013 1177 3042 1216 a
3087 1175 3146 1217 se
3189 1163 3322 1218 visis
3361 1162 3582 1222 scribit.

1971 1251 2250 1321 sequentia
2289 1250 2342 1304 in
2387 1249 2584 1304 Itinere
2621 1265 2718 1304 suo
2752 1249 2935 1305 Italico
2975 1261 3103 1306 tom.
3145 1251 3202 1315 ί,
3240 1267 3362 1321 pag.
3405 1251 3550 1306 I83:

1980 1361 1998 1394 ι
2045 1341 2414 1396 Vallumbrosa
2463 1340 2624 1395 situm
2671 1342 2832 1396 habet
2885 1342 3118 1395 maxime
3157 1340 3457 1395 silitarinm
3501 1338 3554 1394 in

1975 1431 2112 1487 clivo
2131 1431 2375 1486 altissimi
2400 1432 2615 1495 montis,
2634 1431 2722 1500 qui
2746 1431 3072 1486 monasterio
3093 1447 3159 1485 ex
3191 1440 3347 1501 parte
3366 1429 3558 1485 Orien-

1976 1525 2045 1579 tis
2067 1522 2344 1578 incumbit.
2371 1523 2717 1594 Prospectum
2747 1524 2905 1578 habet
2928 1539 3117 1578 versus
3138 1524 3562 1592 septentrionem

1977 1616 2030 1670 in
2066 1613 2362 1683 subjectam
2391 1615 2582 1670 vallem
2616 1615 2774 1669 unius
2823 1614 2935 1670 fere
2982 1613 3252 1668 milliario.
3307 1612 3362 1667 In
3413 1612 3560 1667 edito

1979 1711 2176 1764 montis
2203 1724 2396 1779 aggere
2425 1709 2526 1763 sita
2567 1716 2644 1762 est
2679 1707 2810 1761 cella
2846 1705 3017 1783 sancti
3041 1703 3266 1759 Joannis
3292 1703 3558 1759 Gnalber-

1980 1803 2041 1856 ti.
2071 1842 2083 1854 .
2111 1841 2125 1857 .
2148 1841 2163 1857 .
2193 1841 2207 1855 .
2237 1811 2291 1856 et
2319 1816 2421 1855 non
2455 1799 2610 1870 longe
2641 1799 2763 1854 inde
2789 1808 2966 1853 exstat
2995 1797 3164 1866 fagus,
3203 1799 3300 1851 sub
3326 1812 3429 1866 qua
3464 1809 3563 1863 per

301 1889 395 1944 lib.
424 1890 476 1952 l,
500 1888 757 1957 cap.lli,
780 1887 991 1943 vicinus
1018 1891 1344 1944 monasterio
1361 1889 1691 1953 Passiniano,
1715 1892 1878 1946 etiam
1911 1904 1952 1962 η
1983 1893 2177 1948 mzdtos
2223 1908 2392 1947 annos
2447 1891 2655 1946 delituit
2703 1889 3047 1955 Gualbertns,
3103 1906 3222 1962 qua:
3279 1890 3562 1951 hactenus,

302 1978 578 2033 miraculis
615 1977 813 2044 clarus,
855 1977 908 2032 in
956 1994 1062 2048 quo
1111 1979 1433 2036 miraenlose
1459 1980 1713 2036 dicuntur
1739 1982 1880 2052 capti

304 2066 409 2121 duo
432 2066 579 2134 Iucii,
609 2069 683 2120 uti
722 2075 973 2122 narratur
1013 2069 1065 2122 in
1095 2068 1211 2124 Vita
1236 2085 1333 2140 per
1354 2071 1414 2124 Β.
1441 2073 1709 2127 Andream
1739 2079 1793 2126 et
1821 2072 1879 2126 Β.
1904 2089 1909 2094 '

304 2161 560 2214 Attonem
586 2159 808 2230 scripta.

379 2297 501 2351 159.
542 2296 698 2351 Aliud
718 2299 948 2370 denique
972 2302 1334 2372 prodigiosum
1353 2303 1714 2359 Gnalbertime
1733 2320 1889 2359 sanc-

313 2389 484 2443 titatis
521 2399 924 2444 nunnmcntum
964 2393 1017 2446 in
1059 2392 1207 2446 Valle
1248 2393 1508 2449 Umbrnsa
1548 2395 1787 2449 cernitur
1823 2397 1888 2449 de

310 2494 418 2559 quo
447 2489 569 2549 post
595 2479 658 2535 Β.
697 2482 963 2537 Andream
1001 2500 1058 2540 ιι.
1094 2484 1160 2538 15
1191 2485 1271 2539 sic
1305 2485 1492 2540 scribit
1527 2485 1770 2540 Andreas
1795 2484 1888 2540 Ja-

314 2571 529 2625 nucnsis
559 2572 609 2626 in
644 2573 759 2630 Vita
786 2590 903 2644 cap.
938 2577 1018 2630 II.
1052 2594 1069 2626 ι
1099 2577 1351 2645 Qumdam
1381 2577 1562 2646 arbor,
1587 2595 1707 2649 qua:
1737 2578 1890 2650 fagus

313 2663 529 2730 dicitur,
569 2682 688 2736 (ιιιω
718 2682 746 2719 a
775 2666 913 2731 loco,
947 2668 1033 2723 tibi
1072 2671 1262 2726 beatus
1290 2668 1525 2726 Joannes
1558 2673 1888 2734 morabatur,

316 2773 602 2826 parumper
629 2760 1072 2827 Superemincndo
1098 2759 1496 2833 sv-jungebatur,
1542 2762 1666 2820 licet
1697 2763 1894 2818 multas

317 2847 536 2902 arbores
563 2848 706 2904 circa
732 2865 789 2904 se
811 2851 1047 2920 ejusdem
1080 2853 1291 2923 generis
1338 2854 1578 2917 haberet,
1613 2864 1737 2909 ante
1773 2870 1893 2909 om-

317 2953 412 2994 nes
453 2947 624 2994 tamen
662 2957 758 3010 per
793 2941 989 2995 multos
1037 2943 1150 2997 dies
1188 2943 1332 2998 ontui
1371 2959 1511 2998 anno
1548 2944 1770 2999 floribus
1807 2962 1900 2999 rt;-

320 3030 523 3097 tilabat,
551 3030 830 3088 frondibus
848 3036 1128 3098 vernabat,
1150 3052 1440 3107 omnesque
1463 3040 1895 3108 supergreliens,

320 3125 514 3180 coleris
569 3125 797 3195 amplius
845 3125 1004 3181 ﬂores
1064 3127 1391 3198 frondesque
1446 3132 1820 3185 conservabat.
1874 3151 1891 3183 ι

319 3213 460 3292 Idem
481 3215 780 3286 prodigium
807 3218 1092 3272 conﬁrmat
1119 3219 1205 3274 hic
1231 3235 1440 3286 versus,
1464 3237 1530 3276 ex
1556 3223 1753 3293 bymuo
1778 3223 1896 3279 Vai-

320 3298 663 3365 Ianibrosano
690 3323 847 3380 supra
874 3310 1044 3364 relato
1079 3310 1414 3386 desutnptus.

357 3460 362 3463 λ
405 3481 427 3504 .
462 3442 598 3499 Ecce
626 3461 768 3500 nunc
805 3445 958 3517 fagus
997 3463 1203 3502 memor
1240 3456 1322 3502 est
1355 3449 1616 3503 Joannis:

463 3530 617 3586 Flire
643 3548 766 3587 nam
791 3536 999 3591 cunctis
1026 3536 1259 3606 folioque
1292 3537 1424 3608 fagis

463 3621 698 3693 Singth
722 3627 875 3681 anuis
897 3629 1047 3697 prior
1065 3638 1117 3683 et
1140 3630 1341 3684 videtur

702 3715 963 3772 Omnibus
994 3719 1118 3773 ista.

338 3904 988 3930 _-——_-—-

1983 1981 2135 2038 novis
2162 1983 2392 2038 surculis
2433 1981 2658 2036 subinde
2685 1981 3171 2045 sucerescentibus,
3212 1990 3338 2033 ante
3376 1993 3568 2032 omnes

1985 2077 2115 2130 alias
2165 2076 2314 2146 fagos
2358 2074 2595 2136 virescit,
2649 2083 2703 2128 et
2749 2083 2869 2143 post
2895 2089 3083 2128 omnes
3125 2073 3359 2126 virorem
3405 2084 3568 2125 suum

1985 2175 2286 2220 conservat.
2317 2165 2499 2219 Sancti
2532 2164 2794 2219 Johannis
2822 2180 3017 2234 corpus
3046 2163 3367 2223 Passiniani,
3398 2177 3565 2215 unum

1986 2256 2101 2324 ejus
2152 2256 2430 2309 brachium
2486 2256 2626 2323 apud
2659 2255 3106 2324 .Vallumbrosam
3158 2253 3386 2307 habetur
3443 2268 3568 2306 cum

1987 2346 2226 2414 ejusdem
2252 2345 2513 2400 Psalterio
2528 2354 2578 2398 et
2603 2346 2836 2399 tuanuali
2860 2361 3077 2415 precum
3095 2345 3568 2415 quotidianarum;

1991 2439 2117 2492 item
2141 2437 2284 2492 acies
2303 2452 2394 2491 seu
2420 2452 2646 2492 acumen
2675 2435 2810 2491 clavi
2851 2436 3133 2499 Dominici,
3181 2435 3232 2488 in
3263 2451 3418 2489 suum
3449 2450 3566 2488 mo-

1990 2528 2286 2582 nasterium
2337 2542 2366 2580 a
2421 2537 2609 2581 sancto
2650 2525 2920 2580 Ludovico
2962 2526 3292 2580 Francorum
3329 2541 3451 2596 rege
3491 2527 3572 2594 (rt

1992 2621 2297 2693 perhibent)
2337 2620 2917 2683 dono'transmissum;
2970 2620 3112 2689 quod
3165 2617 3314 2672 sane
3343 2608 3596 2673 acumen

1995 2711 2046 2765 in
2083 2712 2232 2766 clavo
2271 2711 2380 2775 illo,
2431 2728 2589 2782 quem
2646 2711 2712 2764 ad
2765 2720 3008 2764 sanctum
3060 2709 3370 2779 Dionysium
3409 2724 3574 2778 prope

1995 2801 2232 2855 Parisios
2269 2815 2634 2864 asservantns,
2678 2799 3034 2853 desideratur.
3074 2797 3126 2851 In
3160 2797 3404 2852 Psalterii
3450 2797 3572 2848 lita-

1998 2891 2102 2946 niis
2156 2900 2274 2962 post
2325 2899 2545 2945 sanctos
2598 2889 2944 2944 Benedictum
2989 2898 3042 2942 et
3091 2885 3330 2940 Maurum
3359 2882 3596 2939 sanctus

1997 2983 2248 3038 Placidus
2287 2984 2590 3038 invocatur.
2631 2982 2808 3036 Multae
2843 2990 2966 3036 sunt
3009 2981 3204 3035 ibidem
3231 2977 3348 3032 alia:
3386 2978 3570 3032 beam.

2000 3093 2117 3132 rum
2148 3077 2566 3132 domesdcorum
2601 3075 2857 3145 reliquiae,
2907 3091 3136 3145 quorum
3169 3073 3337 3142 elogia
3389 3070 3580 3124 Ilioru-

2003 3187 2194 3242 nytnns
2219 3171 2283 3224 de
2316 3167 2569 3238 Ilaggiola
2598 3165 2835 3234 ejusdem
2876 3166 2976 3220 loci
3028 3163 3320 3218 monachus
3365 3151 3600 3232 scripsit

1926 3264 1967 3322 C
2001 3263 2067 3315 ad
2113 3259 2462 3314 Laurentium
2511 3256 2786 3310 Medicem.
2836 3273 2854 3307 ι
2896 3254 3018 3310 Ilaec
3049 3255 3115 3308 de
3145 3253 3312 3315 cultu,
3342 3250 3583 3320 reliquiis

2006 3363 2059 3409 ct
2109 3351 2467 3407 monumentis
2516 3349 2816 3418 postbutnis
2877 3347 3019 3402 dicta
3079 3345 3363 3400 sufﬁciant.
3433 3343 3582 3396 Nunc

2010 3447 2122 3516 ipsa
2174 3443 2355 3498 Sancti
2394 3442 2525 3494 Acta
2573 3440 2640 3493 ab
2672 3438 2910 3507 antiquis
2939 3453 3003 3492 ac
3053 3437 3225 3490 beatis
3277 3434 3583 3490 auctoribus

1920 3556 1922 3558 '
2009 3537 2232 3605 scripta,
2297 3535 2417 3588 dein
2457 3531 2736 3595 miracula,
2777 3545 2839 3584 ac
2877 3529 3105 3595 denique
3143 3526 3420 3590 solennem
3457 3523 3590 3576 Cru‘

2015 3628 2155 3682 r’itixi
2217 3623 2648 3687 translationem,
2681 3635 2765 3686 eo,
2817 3634 2922 3688 quo
2974 3616 3321 3688 promisimus
3373 3613 3603 3684 ordine,

2011 3717 2238 3774 eabibca
2262 3732 2405 3770 nus.-

881 4037 1013 4153 s.
1097 4037 1900 4204 JOANNIS
1974 3940 3032 4154 suamnam!
3108 4003 3114 4010 ’

1701 4275 2144 4430 VITA,

1119 4510 1447 4570 AUC'I‘OBE
1487 4472 2343 4597 nesroiauum’aom're
2384 4496 2850 4596 saturatam;

499 4665 601 4730 Ex
641 4683 750 4728 ms.
786 4663 1336 4739 I’ullumbrosnno,
1360 4663 1530 4743 quod
1563 4681 1761 4742 nuper
1794 4681 1821 4721 ε
1853 4661 2105 4721 latebris
2136 4661 2298 4722 eruit
2333 4662 2405 4719 Β.
2444 4662 2515 4720 1).
2553 4663 2822 4720 Joannes
2855 4660 3146 4722 Aurelius
3189 4659 3432 4724 Curari.

849 4950 1078 5009 CAPUT
1116 4951 1405 5009 PRIMUM.

343 5063 408 5118 S.
438 5060 656 5136 Joannis
683 5065 953 5136 Gunther-ti
994 5068 1215 5132 natales,
1257 5068 1519 5136 ingressus
1558 5084 1612 5123 tn
1661 5077 1920 5120 monaste-

413 5135 566 5202 rium,
617 5134 907 5190 Simoniaci
952 5136 1153 5190 abbatis
1217 5134 1504 5202 derelictio,
1542 5149 1591 5193 et
1631 5139 1684 5193 in
1723 5136 1916 5191 Vallem

415 5201 717 5261 Umbrggllﬂll
746 5205 1019 5259 adventus.

1951 4958 1997 5016 Ι)
2027 4971 2260 5012 niereses
2289 4971 2385 5028 per
2414 4956 2692 5025 Tusciam,
2743 4967 2796 5012 et
2845 4971 2983 5028 pene
3028 4973 3128 5028 per
3157 4964 3326 5010 totam
3375 4955 3604 5021 Italiam,

2023 5047 2214 5105 diebus
2228 5050 2444 5107 Iienrici
2465 5053 2508 5125 (l
2523 5054 2576 5123 7)
2592 5048 2934 5122 Imperatoris
2957 5049 3259 5106 Ecclesiam
3281 5047 3608 5103 Catholicam

2026 5141 2079 5195 in
2125 5141 2261 5199 locis
2310 5143 2582 5213 plerisque
2633 5144 2927 5209 ftedabant,
2971 5151 3094 5200 erat
3135 5141 3356 5209 quidam
3401 5138 3614 5206 nobilis,

2028 5231 2356 5262 ΓιιΑΙίιΑ-οιοη
2379 5239 2593 5258 ..ι-.-μεηρ
2645 5235 2724 5256 -.εὴ
2755 5235 2916 5256 ---ειε.-
2963 5237 2974 5248 ⁸
3055 5252 3074 5253 η
3096 5231 3223 5254 .-ι-2..
3253 5229 3589 5252 Ι.⁹Ι..-Α-.ιξ..---
