4110 5362
469 243 573 300 767

1533 243 1587 299 S.
1634 243 1918 300 JOANNIS
1956 245 2351 302 GUALBEllTI
2388 248 2680 302 ABBATIS

3620 249 3752 307 768'

472 347 569 416 nes
626 358 936 412 \'0C:lb.|llll‘.
1004 355 1475 426 Quihsecundun't
1526 356 1905 428 etymologiam
1956 356 2039 411 sui
2071 365 2138 422 Α.
2212 357 2271 412 4.
2301 357 2572 428 Disposuit
2601 359 2780 429 itaque
2804 359 2942 414 intra
2966 360 3315 429 semetipsum
3337 343 3723 416 odiun’tmundi

472 457 547 508 no
569 447 708 502 ninis
735 461 828 517 grn
856 447 906 499 i1
937 444 1178 512 005(18,
1205 443 1637 522 variisvirtutum
1660 445 2052 515 operibusinsi-

473 543 562 614 επὶ
593 557 653 596 us
677 549 778 603 est,
806 547 862 590 ut
895 537 944 591 in
971 537 1074 592 hac
1107 535 1362 608 opusculo
1384 536 1449 590 de
1469 537 1635 607 ipsius
1657 552 2056 596 sacraconvcr-

474 631 649 698 sione,
697 643 762 684 ac
812 627 917 698 piis
961 627 1224 690 moribus,
1274 627 1326 680 in
1376 627 1619 695 sequenti
1666 626 1911 682 clarebit.
1953 626 2058 683 Iste

474 723 600 778 dum
644 721 776 778 satis
805 736 964 777 carus
1001 718 1309 791 parentihas
1337 734 1400 773 ac
1440 719 1647 783 vicinis,
1697 727 1751 772 et
1794 719 1883 788 qui
1926 734 2053 786 eum

477 824 760 879 mutant,
788 830 886 884 pro
915 815 1195 868 honestate
1222 827 1430 866 morum
1461 826 1678 865 suorum
1710 811 2056 866 vehementer

475 906 753 973 exisreret,
787 906 1068 962 acciditut
1096 905 1334 976 quidam,
1386 903 1619 973 maligno
1669 903 1859 973 spiritu
1907 918 2054 957 com-

480 1010 676 1063 niotua,
706 997 988 1066 quemdam
1028 996 1384 1066 propinquum
1413 994 1527 1061 ejus
1554 993 1825 1048 occideret
1853 1009 1868 1058 ;
1919 991 2058 1046 unde

479 1107 762 1148 occursum
791 1093 929 1162 ejus,
977 1089 1314 1158 aliorumque
1357 1096 1666 1156 parentum,
1719 1086 1810 1156 qui
1839 1087 1904 1140 de
1933 1099 2060 1139 con-

480 1182 836 1254 sanguinitate
859 1179 1094 1236 defuncti
1117 1183 1294 1244 erant,
1317 1177 1574 1248 priefatus
1599 1175 1864 1232 homicida
1888 1174 2060 1230 modis

479 1273 728 1326 omnibus
759 1269 1052 1324 devitahat.

519 1363 605 1416 ’2.
644 1361 748 1417 Sed
787 1363 898 1432 jant
949 1362 1401 1432 propinqnaverat
1440 1371 1668 1428 tempus,
1731 1373 1836 1427 quo
1887 1355 2058 1426 gratia

482 1456 659 1511 divina
709 1454 1129 1510 misericorditer
1171 1452 1470 1508 declararet
1531 1452 1583 1506 in
1640 1449 1877 1512 Joanne,
1939 1447 2062 1516 quis

483 1533 696 1601 futurus
739 1555 906 1610 essu;
947 1553 1003 1599 et
1051 1545 1225 1615 qualis
1275 1560 1340 1600 ac
1384 1553 1618 1614 quantus
1660 1543 1711 1597 in
1759 1539 2062 1606 exemplum

486 1635 836 1721 humilitatiSt
857 1648 878 1696 t
897 1639 1093 1694 miseri.
1110 1639 1276 1693 ordire
1296 1636 1540 1692 ﬁdelibus
1567 1633 1746 1689 multis
1775 1647 1893 1688 esse
1905 1631 2064 1686 debe-

2155 449 2456 518 concipere,
2491 457 2734 503 terrenos
2786 448 3018 504 honores
3053 447 3319 519 falsasque
3357 448 3572 504 divitias
3613 449 3749 518 ejus‘

2155 554 2375 610 prorsus
2410 538 2664 608 abjicerc,
2689 556 2754 595 ac
2783 540 3016 595 sollicite
3045 539 3292 609 cogitare
3318 548 3519 616 quanta
3561 539 3738 610 gloria

2145 630 2328 700 justis,
2378 640 2577 701 quanta
2620 646 2777 700 pinna
2826 632 3170 701 promittatur
3217 628 3448 699 iniustis,
3489 639 3543 685 et
3571 645 3734 700 quam

2153 738 2349 778 vanum
2378 723 2451 777 sit
2501 738 2649 793 spem
2681 723 2732 776 in
2764 722 2983 778 caducis
3025 722 3184 777 rebus
3231 722 3383 792 prius
3425 735 3644 792 ponere,
3679 729 3734 775 et

2155 823 2276 886 post
2302 813 2518 870 aeternis
2552 812 2828 884 suppliciis
2853 813 3150 882 suhjacere.
3181 814 3315 869 Dum
3339 813 3486 877 talia,
3513 827 3736 883 progre-

2159 907 2311 968 diens
2359 906 2550 960 itinere
2570 920 2676 976 quo
2709 905 2979 970 tendebat,
3028 905 3222 961 anxius
3261 904 3542 976 cogitaret,
3587 904 3744 958 venit.

2150 994 2306 1066 juxta
2341 995 2634 1060 civitatem,
2669 993 2758 1048 tibi
2797 1010 2896 1050 suo
2945 996 3214 1066 armigero
3253 995 3568 1063 praecipiens
3613 992 3690 1048 ait
3718 1011 3756 1046 :-

2157 1086 2306 1142 Vade
2339 1086 2406 1141 ad
2431 1085 2722 1156 hospitium
2761 1085 2849 1140 ubi
2875 1085 3111 1140 solemus
3138 1084 3487 1148 descendere,
3528 1092 3584 1148 et
3618 1096 3739 1152 quas

2157 1179 2316 1235 nobis
2345 1189 2397 1233 et
2437 1181 2592 1248 equis
2638 1187 2765 1234 sunt
2810 1176 3134 1240 necessaria,
3186 1174 3429 1234 concitus
3475 1186 3737 1242 priepara.

2161 1270 2352 1326 Socios
2380 1279 2590 1336 autem,
2633 1271 2776 1326 sicut
2819 1269 2868 1324 ei
2916 1267 3165 1322 dominus
3189 1266 3572 1336 imperaverat,
3609 1261 3745 1316 tide-

2161 1369 2284 1423 liter
2334 1376 2419 1423 est
2463 1375 2742 1422 executus.
2795 1364 3102 1420 Recedente
3145 1378 3231 1426 eo,
3287 1376 3476 1417 servus
3526 1357 3742 1414 Domini

2162 1459 2455 1526 Johannes,
2485 1458 2695 1514 alllatus
2722 1456 2905 1512 divino
2941 1455 3157 1525 spiritu,
3211 1453 3279 1507 ab
3327 1451 3540 1512 itinere,
3595 1447 3744 1517 quod

2163 1561 2426 1621 cmperat,
2457 1550 2694 1612 divertit,
2719 1557 2773 1603 et
2796 1548 2863 1602 ad
2901 1544 3286 1601 Monasterium
3312 1542 3483 1598 sancti
3509 1539 3744 1596 Miniatis

2168 1642 2372 1712 absque
2398 1656 2546 1695 mora
2576 1639 2842 1709 pervenit.
2886 1636 2953 1692 Et
2975 1634 3303 1692 descendens
3328 1647 3491 1700 equo,
3537 1629 3745 1683 Monas-

485 1717 588 1788 ret.
614 1730 714 1799 Qui
747 1731 872 1786 dum
901 1747 1003 1784 uno
1030 1730 1117 1785 die
1140 1746 1260 1786 cum
1290 1727 1571 1798 armigeris
1597 1726 1709 1780 suis
1738 1721 2064 1778 Florentium
2099 1717 2140 1776 Β
2173 1731 2291 1786 rel-ii
2346 1729 2606 1784 Abbalem
2653 1743 2778 1783 mox
2841 1724 3130 1796 (ιυωεὶιιιηι
3191 1721 3466 1776 humiliter
3515 1717 3747 1789 postulat

486 1822 568 1879 ire
593 1825 922 1894 disponeret,
969 1809 1021 1877 in
1065 1823 1252 1876 eodem
1289 1820 1484 1876 itinere
1524 1818 1802 1888 praefatum
1835 1813 2062 1869 homici-

487 1915 555 1971 da
577 1933 609 1970 n
637 1917 726 1988 qui
763 1917 1119 1988 propinquum
1147 1914 1262 1984 ejus
1287 1911 1648 1978 interfecerat,
1679 1925 1743 1964 ex
1775 1907 2066 1978 improviso

489 2007 706 2064 obvium
737 2007 944 2073 habuit,
977 2007 1028 2062 in
1064 2005 1203 2071 loco,
1234 2020 1392 2076 quem
1421 2005 1500 2058 sic
1525 2011 1674 2058 arcta
1706 1999 1894 2054 semita
1921 2012 2067 2052 com-

487 2101 774 2175 primebal,
801 2110 860 2156 ut
884 2109 1070 2155 neuter
1094 2108 1274 2172 posset
1290 2099 1341 2152 in
1365 2106 1572 2167 partem
1597 2093 1753 2148 aliam
1777 2091 2066 2146 declinare.

490 2195 660 2263 Quem
706 2193 831 2250 dum
890 2193 1155 2248 homicida
1219 2191 1506 2262 praedictas
1535 2187 1838 2243 venientem
1861 2184 2070 2240 eminus

489 2287 880 2358 conspexisset,
925 2284 1240 2358 chperatus
1275 2284 1405 2346 vita,
1451 2281 1698 2350 protinus
1726 2276 2068 2345 semetipsum

490 2392 631 2448 equo
657 2377 971 2449 projiciens,
1015 2378 1068 2432 in
1119 2387 1317 2431 terram
1362 2373 1509 2428 vultu
1535 2372 1790 2434 demisso,
1819 2367 2073 2436 expansis

494 2470 746 2525 manibus
775 2469 829 2524 in
860 2469 1078 2523 modum
1119 2466 1328 2531 Crucis,
1359 2463 1711 2519 moribunius
1741 2475 1896 2514 suum
1932 2458 2072 2512 inte-

496 2561 659 2616 ritum
700 2563 1040 2633 cxpeCIabat.
1087 2559 1310 2615 Juvenis
1363 2566 1540 2611 autem
1582 2553 1843 2624 benignus
1889 2551 2076 2605 videns

497 2653 620 2708 cuin
681 2652 860 2708 taliter
903 2670 966 2707 ex
1018 2652 1184 2706 nimio
1224 2651 1415 2704 timore
1453 2649 1569 2704 solo
1611 2643 2071 2715 procumbentem,

499 2744 865 2800 misericordia
893 2755 1067 2799 motus
1099 2744 1150 2798 in
1176 2759 1321 2809 eum,
1345 2757 1444 2812 pro
1477 2749 1675 2796 sanctae
1703 2737 1892 2792 Crucis
1929 2749 2078 2788 reve-

500 2823 697 2897 rentia,
744 2849 904 2905 quant
948 2833 1182 2888 brachiis
1212 2842 1266 2886 et
1303 2830 1548 2886 trionibus
1592 2827 1860 2897 signabat,
1904 2824 2080 2878 indul-

502 2938 628 2992 gere
655 2922 756 2977 sibi
785 2923 894 2993 (ιθ)
932 2922 1212 2992 disposuit,
1239 2930 1294 2976 et
1328 2931 1385 2975 ut
1425 2919 1937 2984 concitesurgeret,
1979 2929 2079 2968 nec

503 3013 738 3076 timeret,
765 3013 1058 3067 admonuit.

2168 1822 2354 1879 audire
2375 1818 2698 1876 desiderium
2721 1833 2899 1883 suum,
2929 1824 2986 1870 et
3019 1814 3086 1869 ad
3115 1812 3364 1870 ellecmm
3389 1825 3458 1865 ex
3485 1808 3748 1864 charitate

2170 1913 2262 1968 Dei
2303 1913 2597 1983 producere
2621 1951 2637 1976 ,
2684 1908 2933 1979 aperiens
2971 1905 3076 1962 sibi
3117 1901 3544 1960 misericordiam
3586 1913 3764 1969 quam,

2170 2007 2425 2078 prindicto
2459 2003 2739 2060 homicidae
2777 2002 3073 2057 clementer
3112 1997 3471 2068 impenderat.
3521 2003 3576 2048 et
3618 2007 3751 2062 qua-

2169 2099 2294 2154 liter
2330 2097 2612 2153 ecclesiam
2656 2103 2775 2164 post
2817 2092 3089 2162 ingressus
3124 2087 3350 2144 Crucem
3397 2085 3499 2140 sibi
3538 2081 3753 2141 ﬂectere

2171 2195 2332 2257 caput
2367 2171 2597 2257 aspexit,
2640 2185 2779 2238 unde
2815 2198 2924 2237 sua:
2968 2176 3338 2236 conversionis
3371 2175 3583 2228 initium
3620 2185 3752 2225 con-

2171 2281 2422 2351 cepisset.

2244 2371 2296 2425 5.
2339 2370 2491 2425 Tunc
2518 2368 2720 2430 Ahbas,
2763 2364 2945 2418 audito
2974 2363 3046 2417 de‘
3078 2361 3250 2416 Cruce
3284 2359 3424 2427 quod
3455 2361 3503 2413 el
3539 2356 3756 2414 intima.

2173 2471 2348 2528 verat,
2375 2460 2671 2515 inauditum
2696 2454 3034 2517 miraculum,
3057 2465 3112 2508 et
3135 2450 3460 2522 stupendum
3488 2448 3601 2501 fore
3638 2445 3752 2514 (2|)

2174 2552 2535 2626 perpendens,
2582 2543 2852 2602 consuluit
2893 2544 2943 2598 ei
2975 2543 3230 2597 mundum
3270 2540 3492 2610 ejusque
3531 2536 3752 2606 gloriam

2176 2624 2273 2716 per
2318 2643 2496 2698 omnia
2542 2638 2934 2706 derelinquere.
2975 2633 3356 2689 Verumtamen
3403 2641 3594 2699 optans
3640 2624 3758 2693 ejus

2178 2736 2312 2792 velle
2355 2732 2565 2805 plenius
2603 2729 2742 2786 scire
2771 2725 3156 2788 constantiam,
3203 2729 3258 2778 et
3301 2716 3754 2790 perseverantiam

2177 2826 2426 2897 probare,
2457 2823 2622 2893 cmpit
2642 2821 2690 2876 ei
2727 2821 2860 2874 dura
2888 2827 2940 2873 et
2963 2832 3153 2887 aspera
3181 2812 3494 2884 prmdicere,
3523 2815 3576 2863 et
3614 2805 3758 2876 quod

2179 2895 2359 2982 homo,
2410 2929 2638 2983 corpore
2663 2910 2890 2973 validus,
2938 2907 3220 2976 juventute
3259 2900 3502 2962 lloridus,
3538 2911 3642 2951 non
3675 2895 3757 2950 l'a-

2181 3009 2283 3063 cile
2333 3014 2512 3076 posset
2568 3008 2921 3059 tnouasticam
2975 2995 3284 3070 pauperiem
3359 2993 3611 3047 tolerare.
3659 2985 3766 3045 Cui

538 3091 542 3096 ’
575 3102 958 3172 5.'Postquam
1006 3112 1185 3158 autem
1240 3103 1516 3158 inimicum
1575 3102 1625 3156 in
1671 3116 1801 3172 pace
1849 3099 2081 3154 transire
2107 3066 2151 3127 Ο
2186 3066 2460 3171 Iohannes
2485 3113 2500 3151 :
2526 3097 2664 3162 Non,
2702 3093 2892 3163 inquit,
2931 3066 3229 3159 appetenda
3261 3095 3340 3140 est
3367 3084 3533 3156 gloria
3560 3070 3769 3149 tempo-.

505 3192 770 3265 permisit,
820 3209 886 3248 ac
939 3194 1005 3248 de
1060 3203 1240 3249 cetero
1282 3194 1468 3258 libere,
1515 3207 1855 3262 quocumque
1905 3190 2084 3254 vellet,

507 3283 656 3341 abire
686 3287 976 3354 concessit,
1004 3302 1321 3358 progressus
1350 3287 1646 3357 paululum,
1686 3286 1752 3340 ad
1795 3284 2100 3355 quamdam.

507 3376 653 3434 venit
707 3377 1023 3442 cc-Jesiam;
1071 3393 1232 3446 quam
1286 3393 1406 3432 cum
1458 3387 1709 3444 oraturus
1764 3374 2102 3446 ingreditur,

507 3469 731 3527 Crucem
760 3469 997 3539 ejusdem
1023 3468 1264 3525 coclesize
1294 3479 1455 3540 caput
1483 3470 1581 3525 sibi
1611 3469 1825 3524 ﬂectere
1861 3481 2099 3536 contue-_

511 3573 613 3627 tur,
646 3565 798 3636 quasi
829 3565 1029 3634 gratias
1055 3564 1229 3620 cidem
1264 3563 1528 3627 redderet,
1559 3563 1812 3632 quia'pro
1844 3571 2088 3614 reveren-

511 3656 585 3710 tia
634 3654 802 3725 ipsius
850 3671 946 3710 suo
1003 3655 1220 3710 inimico
1271 3655 1453 3711 miseri
1488 3654 1694 3708 orditer
1742 3649 2087 3720 pepercisset.

511 3743 577 3800 Et
603 3743 730 3814 quid
753 3745 970 3809 mirmn,
1020 3745 1063 3800 si
1098 3745 1456 3816 Omnipotens
1479 3745 1579 3800 sibi
1610 3741 1912 3812 hujusmodi
1942 3755 2093 3794 reve-

514 3836 741 3889 rentiam
772 3852 867 3906 per
894 3835 1178 3906 imaginem
1228 3852 1338 3892 sure
1380 3837 1564 3891 Crucis
1592 3844 1718 3889 tunc
1748 3833 1910 3888 voluit
1935 3831 2089 3903 exhi-

515 3926 667 3993 btr',
698 3941 856 3996 quem
889 3943 985 3981 suo
1013 3927 1190 3982 timori
1221 3926 1514 3992 subditum,
1541 3925 1802 3994 obsequio
1832 3923 2089 3987 deditum,

515 4026 569 4072 et
593 4017 735 4072 circa
771 4018 1073 4087 proximum
1098 4019 1394 4072 visceribus
1421 4017 1702 4072 charizatis
1729 4014 1958 4087 undique
1977 4013 2091 4083 ple-
2115 3997 2118 4000 ί

517 4123 646 4162 num
682 4107 850 4162 vidit?
874 4106 990 4178 ipse
1021 4121 1079 4162 se
1122 4117 1365 4160 ani-antes
1395 4115 1557 4170 amat,
1586 4106 1881 4160 servientes
1913 4085 2086 4158 remu—

517 4207 693 4263 nerat,
753 4213 916 4269 scq'te
963 4199 1322 4270 glirflicantes
1378 4197 1658 4268 glariticat.
1711 4196 1910 4250 Eadem
1967 4208 2122 4261 vexo

517 4289 661 4346 Crux
694 4307 788 4361 pro
817 4291 1012 4346 indicio
1045 4293 1171 4347 tanti
1206 4289 1467 4353 miraculi,
1499 4289 1552 4343 in
1586 4287 1903 4342 ilonasterio
1926 4284 2094 4340 sancti

2187 3192 2335 3260 ralis,
2366 3206 2485 3262 qua:
2509 3188 2620 3244 cito
2647 3186 2857 3247 transit,
2907 3198 3006 3236 nec
3047 3177 3290 3248 corporis
3319 3173 3606 3236 fortitudo,
3642 3184 3762 3239 qua:

2183 3260 2424 3355 quotidie
2465 3278 2664 3355 deﬁcit.
2693 3276 2936 3344 Cumque
2973 3271 3086 3334 hate
3129 3277 3184 3322 et
3233 3267 3317 3321 his
3349 3263 3545 3320 similia
3577 3260 3782 3330 Inque-1.

2187 3383 2396 3436 rentur,
2441 3384 2541 3424 nec
2567 3366 2747 3422 Abbas
2772 3363 2836 3418 ad
2865 3363 3080 3432 plenum
3109 3355 3366 3412 voluntati
3393 3367 3502 3409 sua:
3533 3363 3758 3418 respou-

2186 3467 2360 3530 deret,
2393 3459 2620 3516 famulus
2649 3470 2807 3528 quem
2844 3450 3174 3507 Florentium
3203 3447 3446 3507 miserat,
3485 3439 3764 3500 dominum

2188 3573 2342 3612 suum
2373 3571 2479 3613 non
2500 3551 2684 3606 venire
2712 3546 3089 3608 considerans,
3117 3541 3336 3595 domum
3370 3536 3548 3599 rediit,
3571 3540 3626 3587 et
3645 3544 3766 3600 qua}

2189 3650 2327 3704 facta
2353 3647 2563 3701 fuerant
2586 3642 2650 3696 de
2671 3654 2736 3694 eo
2760 3635 3091 3707 genitoribus
3119 3630 3318 3686 retulit.

2259 3739 2312 3794 6.
2355 3737 2506 3793 Unde
2537 3741 2692 3804 pater
2715 3728 2961 3783 turbatus
2983 3721 3310 3797 Florentiam
3333 3718 3498 3782 venit,
3521 3724 3577 3773 et
3599 3724 3766 3771 totam

2190 3831 2464 3888 civitatem
2489 3841 2582 3895 per
2611 3831 2770 3876 notos
2791 3817 3034 3888 inquirit,
3064 3814 3193 3886 quid
3217 3812 3285 3867 de
3310 3811 3417 3865 lilio
3439 3825 3538 3864 suo
3567 3807 3764 3862 factum

2191 3930 2334 3980 esset
2361 3919 2502 3975 scire
2532 3915 2871 3973 desiderans;
2913 3925 3006 3978 per
3033 3906 3292 3962 ecclesias
3323 3915 3534 3972 quoque
3560 3898 3770 3953 discur-

2193 4032 2340 4079 rens,
2361 4022 2415 4068 ει
2435 4013 2500 4065 ad
2526 4007 2906 4064 Monasterium
2933 4000 3104 4057 sancti
3127 3997 3360 4053 Miniatis
3384 3992 3601 4048 veniens
3627 3990 3766 4043 idem

2191 4105 2435 4176 inquirit.
2477 4100 2612 4168 Quid
2652 4095 2863 4152 multa?
2904 4093 3036 4147 Dum
3078 4089 3185 4144 illic
3230 4087 3396 4140 lilium
3445 4095 3602 4136 suum
3649 4091 3777 4134 esse

2194 4169 2343 4266 audit
2383 4192 2710 4250 Gualbertus
2749 4195 2901 4255 rogat
2950 4182 3209 4236 Abbatem
3237 4186 3294 4232 ut
3322 4174 3486 4229 lilium
3512 4184 3668 4224 suum
3700 4169 3769 4222 ad

2198 4263 2556 4354 sededucat.j
2605 4277 2825 4334 Dcritlet
2869 4274 3004 4344 {9.2),
3050 4287 3188 4325 nune
3215 4278 3392 4321 tamen
3422 4268 3666 4324 vocetur,
3714 4263 3771 4309 et

519 4383 756 4438 Miuiatis
783 4391 908 4439 tunc
939 4397 1104 4452 usque
1133 4381 1240 4451 (21))
1269 4382 1368 4436 sub
1399 4382 1560 4435 multa
1591 4380 1797 4436 cautela
1827 4386 2091 4433 servatur.
2127 4411 2172 4468 Β
2199 4380 2401 4435 veniat.
2424 4375 2504 4430 Ad
2526 4385 2686 4443 quem
2712 4358 3284 4424 accersendumAbbas
3304 4371 3400 4427 per
3425 4347 3771 4468 semctipfulll

2838 4458 2868 4468 η
2985 4456 3016 4468 -_
3125 4451 3158 4468 ,9
3177 4466 3187 4468 _
3264 4447 3425 4468 11-.....
3454 4453 3570 4468 ...ηι-
3600 4454 3644 4468 συ
3669 4444 3743 4468 ac!

523 4475 774 4530 Famulus
824 4485 1000 4527 autem
1049 4473 1255 4527 Domini
1321 4475 1420 4528 hoc
1473 4473 1680 4536 videns,
1716 4470 2010 4524 admiratus
2041 4477 2096 4520 et

523 4566 683 4621 nimis
699 4565 922 4636 pavidus
943 4561 1133 4627 factus,
1161 4566 1321 4634 «(epit
1344 4580 1523 4618 secum
1547 4564 1804 4633 cogitare,
1829 4559 2095 4628 quomodo

527 4654 716 4709 melius
740 4663 919 4724 posset
945 4653 1053 4708 Deo
1080 4652 1311 4722 placere,
1359 4654 1584 4707 credens
1612 4662 1664 4706 et
1702 4652 1751 4704 in
1792 4651 1972 4703 animo
1999 4663 2097 4702 suo

524 4758 668 4814 s;cpe
716 4743 933 4799 volvens
979 4753 1181 4814 quanta
1234 4741 1370 4796 foret
1418 4743 1634 4810 priczria
1681 4750 1993 4812 re:epturus
2047 4739 2098 4791 in

525 4839 681 4903 ιωῖο,
722 4834 775 4890 si
798 4835 1018 4892 Domino
1047 4851 1144 4905 pro
1184 4835 1386 4887 virilus
1414 4831 1726 4897 deservit-tt,
1770 4832 1858 4900 qui
1895 4837 2098 4884 tantum

528 4939 744 4999 tamque
771 4929 1082 5000 pricelarum
1127 4929 1309 4983 mirae.
1334 4927 1443 4980 lum
1479 4941 1575 4996 pro
1615 4940 1782 4992 parvo
1824 4922 2100 4990 obsequio,

527 5021 668 5078 sicut
687 5020 740 5077 ei
771 5022 1066 5086 videbatur,
1096 5019 1410 5090 apparuisse
1435 5025 1778 5089 cognoverat.

601 5141 715 5210 (l8)
745 5137 949 5195 Alludit
978 5146 1177 5210 auctor
1193 5138 1258 5193 ad
1285 5150 1479 5192 nomen
1511 5131 1824 5190 hebraicum
1856 5129 2100 5190 Joannis,

527 5208 670 5282 quOd
696 5208 1299 5282 gratiosumAsignilicat.
1399 5276 1412 5282 _
1470 5276 1481 5282 _
1591 5237 1594 5241 -

605 5265 720 5352 (itit),
745 5280 856 5335 Sibi
880 5295 977 5362 pro
999 5265 1095 5362 ipsi
1123 5276 1443 5362 estphrasis
1470 5269 1788 5362 istam-culo.
1814 5265 2102 5362 usitatliss?»

2202 4471 2486 4533 accedens,
2532 4477 2763 4531 eumque
2803 4456 3091 4526 alloquitur
3117 4451 3224 4507 sic:
3264 4447 3425 4501 Pater
3454 4453 3574 4496 tuus
3598 4435 3770 4498 adest,

2203 4573 2256 4618 ct
2283 4575 2444 4617 causa
2473 4528 2531 4613 te
2571 4528 2782 4610 videndi
2813 4547 3028 4604 advenit
3054 4544 3178 4598 huc.
3211 4540 3290 4595 Tn
3327 4545 3505 4591 autent
3538 4528 3690 4588 vade,
3719 4535 3774 4580 et

2203 4667 2327 4708 cum
2371 4665 2454 4715 eo,
2504 4646 2632 4718 quid
2674 4640 2935 4714 agendum
2982 4644 3088 4698 est,
3135 4647 3252 4702 age.
3307 4627 3368 4682 Et
3399 4624 3522 4678 ille:
3557 4617 3770 4678 Desine,

2205 4744 2365 4798 Pater
2397 4712 2488 4804 mi,
2521 4712 2728 4795 desine
2749 4733 2794 4788 si
2821 4731 3011 4800 placet,
3043 4724 3167 4796 quia
3197 4734 3358 4802 super
3387 4716 3487 4770 hoc
3512 4712 3616 4764 tuis
3649 4720 3772 4778 pre-

2207 4834 2360 4888 cibus
2387 4803 2753 4886 obsecundare
2789 4835 2896 4874 non
2936 4817 3140 4872 audeo:
3189 4827 3255 4865 ne
3286 4803 3434 4862 "forte
3477 4815 3599 4858 cum
3651 4811 3772 4852 eum

2209 4921 2450 4981 adivero,
2491 4917 2541 4968 vi
2589 4929 2674 4967 me
2709 4909 2990 4964 abstrahat
3019 4904 3085 4958 de
3111 4897 3458 4957 monasterio,
3489 4898 3777 4954 secumque
3791 4901 3801 4940 '_

2211 5009 2446 5064 reducat.
2476 5007 2718 5073 Cumque
2747 5001 2862 5055 hinc
2885 4995 3206 5053 Gualbertus
3241 4989 3326 5042 ille
3357 4981 3626 5054 paululum
3657 4985 3778 5048 per-

2211 5128 2425 5180 cltorum
2456 5131 2587 5176 ca'tu
2612 5119 2879 5172 destituta.
2921 5113 2998 5168 De
3027 5111 3125 5180 hac
3153 5119 3313 5180 cruce
3356 5094 3537 5180 fusius.
3571 5095 3780 5180 egimus

2813 5201 2840 5238 a
2869 5198 3014 5236 num.
3042 5178 3130 5241 19,
3155 5183 3209 5230 et
3236 5174 3349 5258 eius
3373 5167 3778 5258 translationem

2210 5244 2529 5319 aemulati"
2557 5244 2866 5328 Appendice
2900 5261 3020 5322 post
3046 5258 3271 5328 ιιίτει,ιιιιο
3306 5244 3508 5328 malai;
3528 5306 3646 5328 μω
3675 5300 3686 5328 ε

2281 5306 2869 5362 7di'§"i.~'.§..'".'.f.;."2.1.};
2900 5306 2914 5350 ἶ
2965 5333 3124 5362 ηιιριιι
3159 5306 3405 5362 h'muendi
3431 5306 3648 5362 modum
3675 5306 3782 5357 isto

2436 5330 2566 5362 ,θη-η
2615 5344 2710 5362 Iul-ﬂ
2761 5340 2869 5362 nec»
2903 5339 2914 5350 '
