  <div class='ocr_page' id='page_1' title='image "/cluster/home/n/w/nwhite01/storage/ocr_20150623/146/hvd.32044015471832/400.png"; bbox 0 0 4110 5362; ppageno 0'>
   <div class='ocr_carea' id='block_1_1' title="bbox 320 271 427 327">
    <p class='ocr_par' dir='ltr' id='par_1_1' title="bbox 320 271 427 327">
     <span class='ocr_line' id='line_1_1' title="bbox 320 271 427 327; baseline -0.009 0"><span class='ocrx_word' id='word_1_1' title='bbox 320 271 427 327; x_wconf 79' lang='lat'><strong>769</strong></span> 
     </span>
    </p>
   </div>
   <div class='ocr_carea' id='block_1_2' title="bbox 1828 262 2031 317">
    <p class='ocr_par' dir='ltr' id='par_1_2' title="bbox 1828 262 2031 317">
     <span class='ocr_line' id='line_1_2' title="bbox 1828 262 2031 317; baseline -0.005 -1"><span class='ocrx_word' id='word_1_2' title='bbox 1828 264 1950 317; x_wconf 64' lang='grc' dir='ltr'><strong>ΜΠ</strong></span> <span class='ocrx_word' id='word_1_3' title='bbox 1966 262 2031 315; x_wconf 76' lang='grc' dir='ltr'><strong>Α.</strong></span> 
     </span>
    </p>
   </div>
   <div class='ocr_carea' id='block_1_3' title="bbox 3481 274 3588 331">
    <p class='ocr_par' dir='ltr' id='par_1_3' title="bbox 3481 274 3588 331">
     <span class='ocr_line' id='line_1_3' title="bbox 3481 274 3588 331; baseline 0.009 -1"><span class='ocrx_word' id='word_1_4' title='bbox 3481 274 3588 331; x_wconf 77' lang='lat'><strong>770</strong></span> 
     </span>
    </p>
   </div>
   <div class='ocr_carea' id='block_1_4' title="bbox 322 350 3596 455">
    <p class='ocr_par' dir='ltr' id='par_1_4' title="bbox 322 350 3596 455">
     <span class='ocr_line' id='line_1_4' title="bbox 322 350 3596 455; baseline 0 -13"><span class='ocrx_word' id='word_1_5' title='bbox 322 383 615 447; x_wconf 51' lang='lat' dir='ltr'><strong>ausisset,</strong></span> <span class='ocrx_word' id='word_1_6' title='bbox 665 386 726 436; x_wconf 89' lang='lat' dir='ltr'><strong>ut</strong></span> <span class='ocrx_word' id='word_1_7' title='bbox 774 391 891 435; x_wconf 89' lang='lat' dir='ltr'><strong>mos</strong></span> <span class='ocrx_word' id='word_1_8' title='bbox 935 374 1021 433; x_wconf 82' lang='lat' dir='ltr'><strong>est</strong></span> <span class='ocrx_word' id='word_1_9' title='bbox 1066 366 1359 432; x_wconf 88' lang='lat' dir='ltr'><strong>obstinatis</strong></span> <span class='ocrx_word' id='word_1_10' title='bbox 1385 371 1568 428; x_wconf 83' lang='lat' dir='ltr'><strong>animo</strong></span> <span class='ocrx_word' id='word_1_11' title='bbox 1595 371 1902 427; x_wconf 84' lang='lat' dir='ltr'><strong>hominibus</strong></span> <span class='ocrx_word' id='word_1_12' title='bbox 1937 376 2130 435; x_wconf 68' lang='lat' dir='ltr'><strong>Ameo</strong></span> <span class='ocrx_word' id='word_1_13' title='bbox 2156 350 2332 438; x_wconf 79' lang='lat' dir='ltr'><strong>valde,</strong></span> <span class='ocrx_word' id='word_1_14' title='bbox 2362 382 2417 427; x_wconf 89' lang='lat' dir='ltr'><strong>et</strong></span> <span class='ocrx_word' id='word_1_15' title='bbox 2465 372 2702 445; x_wconf 76' lang='lat' dir='ltr'><strong>qualiter</strong></span> <span class='ocrx_word' id='word_1_16' title='bbox 2734 374 2785 430; x_wconf 98' lang='lat' dir='ltr'><strong>id</strong></span> <span class='ocrx_word' id='word_1_17' title='bbox 2833 357 3097 432; x_wconf 78' lang='lat' dir='ltr'><strong>declinem</strong></span> <span class='ocrx_word' id='word_1_18' title='bbox 3144 368 3358 449; x_wconf 85' lang='lat' dir='ltr'><strong>penitus</strong></span> <span class='ocrx_word' id='word_1_19' title='bbox 3386 382 3596 455; x_wconf 87' lang='lat' dir='ltr'><strong>ignoro.</strong></span> 
     </span>
    </p>
   </div>
   <div class='ocr_carea' id='block_1_5' title="bbox 323 465 1905 552">
    <p class='ocr_par' dir='ltr' id='par_1_5' title="bbox 323 465 1905 552">
     <span class='ocr_line' id='line_1_5' title="bbox 323 465 1905 552; baseline -0.011 -16"><span class='ocrx_word' id='word_1_20' title='bbox 323 493 516 552; x_wconf 79' lang='lat' dir='ltr'><strong>magna</strong></span> <span class='ocrx_word' id='word_1_21' title='bbox 558 473 785 540; x_wconf 76' lang='lat' dir='ltr'><strong>minari,</strong></span> <span class='ocrx_word' id='word_1_22' title='bbox 819 488 943 528; x_wconf 81' lang='lat' dir='ltr'><strong>cum</strong></span> <span class='ocrx_word' id='word_1_23' title='bbox 988 470 1279 542; x_wconf 78' lang='lat' dir='ltr'><strong>aliquando</strong></span> <span class='ocrx_word' id='word_1_24' title='bbox 1323 483 1425 524; x_wconf 88' lang='lat' dir='ltr'><strong>nec</strong></span> <span class='ocrx_word' id='word_1_25' title='bbox 1469 470 1675 538; x_wconf 72' lang='lat' dir='ltr'><strong>possunt</strong></span> <span class='ocrx_word' id='word_1_26' title='bbox 1727 465 1905 521; x_wconf 84' lang='lat' dir='ltr'><strong>facere</strong></span> 
     </span>
    </p>
   </div>
   <div class='ocr_carea' id='block_1_6' title="bbox 316 556 1909 644">
    <p class='ocr_par' dir='ltr' id='par_1_6' title="bbox 316 556 1909 644">
     <span class='ocr_line' id='line_1_6' title="bbox 316 556 1909 644; baseline -0.009 -17"><span class='ocrx_word' id='word_1_27' title='bbox 316 582 507 644; x_wconf 86' lang='lat' dir='ltr'><strong>parva,</strong></span> <span class='ocrx_word' id='word_1_28' title='bbox 536 568 705 638; x_wconf 66' lang='lat' dir='ltr'><strong>coepit</strong></span> <span class='ocrx_word' id='word_1_29' title='bbox 744 565 956 635; x_wconf 88' lang='lat' dir='ltr'><strong>magnis</strong></span> <span class='ocrx_word' id='word_1_30' title='bbox 982 564 1204 619; x_wconf 79' lang='lat' dir='ltr'><strong>vocibus</strong></span> <span class='ocrx_word' id='word_1_31' title='bbox 1230 560 1567 631; x_wconf 76' lang='lat' dir='ltr'><strong>obstrepere,</strong></span> <span class='ocrx_word' id='word_1_32' title='bbox 1594 556 1909 613; x_wconf 82' lang='lat' dir='ltr'><strong>terribiliter</strong></span> 
     </span>
    </p>
   </div>
   <div class='ocr_carea' id='block_1_7' title="bbox 313 649 1906 727">
    <p class='ocr_par' dir='ltr' id='par_1_7' title="bbox 313 649 1906 727">
     <span class='ocr_line' id='line_1_7' title="bbox 313 649 1906 727; baseline -0.011 -6"><span class='ocrx_word' id='word_1_33' title='bbox 313 662 519 721; x_wconf 82' lang='lat' dir='ltr'><strong>minari</strong></span> <span class='ocrx_word' id='word_1_34' title='bbox 547 676 612 717; x_wconf 85' lang='lat' dir='ltr'><strong>ae</strong></span> <span class='ocrx_word' id='word_1_35' title='bbox 631 661 842 715; x_wconf 86' lang='lat' dir='ltr'><strong>dicere:</strong></span> <span class='ocrx_word' id='word_1_36' title='bbox 870 657 982 713; x_wconf 82' lang='lat' dir='ltr'><strong>Nisi</strong></span> <span class='ocrx_word' id='word_1_37' title='bbox 1011 655 1257 727; x_wconf 89' lang='lat' dir='ltr'><strong>protinus</strong></span> <span class='ocrx_word' id='word_1_38' title='bbox 1289 653 1528 709; x_wconf 89' lang='lat' dir='ltr'><strong>redditus</strong></span> <span class='ocrx_word' id='word_1_39' title='bbox 1556 651 1724 707; x_wconf 83' lang='lat' dir='ltr'><strong>fuerit</strong></span> <span class='ocrx_word' id='word_1_40' title='bbox 1763 649 1906 705; x_wconf 81' lang='lat' dir='ltr'><strong>ﬁlius</strong></span> 
     </span>
    </p>
   </div>
   <div class='ocr_carea' id='block_1_8' title="bbox 309 742 1908 825">
    <p class='ocr_par' dir='ltr' id='par_1_8' title="bbox 309 742 1908 825">
     <span class='ocr_line' id='line_1_8' title="bbox 309 742 1908 825; baseline -0.009 -12"><span class='ocrx_word' id='word_1_41' title='bbox 309 742 495 824; x_wconf 54' lang='lat' dir='ltr'><strong>&#39;meus,</strong></span> <span class='ocrx_word' id='word_1_42' title='bbox 518 757 575 815; x_wconf 85' lang='lat' dir='ltr'><strong>in</strong></span> <span class='ocrx_word' id='word_1_43' title='bbox 601 753 797 825; x_wconf 84' lang='lat' dir='ltr'><strong>quibus</strong></span> <span class='ocrx_word' id='word_1_44' title='bbox 818 751 1106 823; x_wconf 67' lang='lat' dir='ltr'><strong>pra-valeo,</strong></span> <span class='ocrx_word' id='word_1_45' title='bbox 1133 747 1347 804; x_wconf 77' lang='lat' dir='ltr'><strong>fortiter</strong></span> <span class='ocrx_word' id='word_1_46' title='bbox 1379 748 1481 803; x_wconf 91' lang='lat' dir='ltr'><strong>hoc</strong></span> <span class='ocrx_word' id='word_1_47' title='bbox 1513 742 1908 801; x_wconf 86' lang='lat' dir='ltr'><strong>monasterium</strong></span> 
     </span>
    </p>
   </div>
   <div class='ocr_carea' id='block_1_9' title="bbox 321 848 1666 917">
    <p class='ocr_par' dir='ltr' id='par_1_9' title="bbox 321 848 1666 917">
     <span class='ocr_line' id='line_1_9' title="bbox 321 848 1666 917; baseline -0.001 -13"><span class='ocrx_word' id='word_1_48' title='bbox 321 848 672 905; x_wconf 60' lang='lat' dir='ltr'><strong>adversabor;</strong></span> <span class='ocrx_word' id='word_1_49' title='bbox 1657 909 1666 917; x_wconf 53' lang='grc'><em>,</em></span> 
     </span>
    </p>
   </div>
   <div class='ocr_carea' id='block_1_10' title="bbox 391 926 1910 1009">
    <p class='ocr_par' dir='ltr' id='par_1_10' title="bbox 391 926 1910 1009">
     <span class='ocr_line' id='line_1_10' title="bbox 391 926 1910 1009; baseline -0.007 -15"><span class='ocrx_word' id='word_1_50' title='bbox 391 940 444 994; x_wconf 86' lang='lat'><strong>7.</strong></span> <span class='ocrx_word' id='word_1_51' title='bbox 487 938 640 994; x_wconf 84' lang='lat' dir='ltr'><strong>Tunc</strong></span> <span class='ocrx_word' id='word_1_52' title='bbox 665 933 1025 1009; x_wconf 69' lang='lat' dir='ltr'><strong>magnanimis</strong></span> <span class='ocrx_word' id='word_1_53' title='bbox 1058 932 1146 988; x_wconf 87' lang='lat' dir='ltr'><strong>ille</strong></span> <span class='ocrx_word' id='word_1_54' title='bbox 1163 932 1442 989; x_wconf 87' lang='lat' dir='ltr'><strong>Johannes</strong></span> <span class='ocrx_word' id='word_1_55' title='bbox 1465 929 1640 985; x_wconf 83' lang='lat' dir='ltr'><strong>sancti</strong></span> <span class='ocrx_word' id='word_1_56' title='bbox 1674 926 1910 999; x_wconf 80' lang='lat' dir='ltr'><strong>Spiritus</strong></span> 
     </span>
    </p>
   </div>
   <div class='ocr_carea' id='block_1_11' title="bbox 320 1024 1911 1104">
    <p class='ocr_par' dir='ltr' id='par_1_11' title="bbox 320 1024 1911 1104">
     <span class='ocr_line' id='line_1_11' title="bbox 320 1024 1911 1104; baseline -0.008 -16"><span class='ocrx_word' id='word_1_57' title='bbox 320 1031 446 1104; x_wconf 87' lang='lat' dir='ltr'><strong>igne</strong></span> <span class='ocrx_word' id='word_1_58' title='bbox 490 1031 735 1095; x_wconf 91' lang='lat' dir='ltr'><strong>adustus,</strong></span> <span class='ocrx_word' id='word_1_59' title='bbox 791 1044 913 1084; x_wconf 91' lang='lat' dir='ltr'><strong>cum</strong></span> <span class='ocrx_word' id='word_1_60' title='bbox 954 1036 1165 1098; x_wconf 86' lang='lat' dir='ltr'><strong>patrem</strong></span> <span class='ocrx_word' id='word_1_61' title='bbox 1216 1027 1459 1081; x_wconf 83' lang='lat' dir='ltr'><strong>audisset</strong></span> <span class='ocrx_word' id='word_1_62' title='bbox 1516 1024 1640 1079; x_wconf 87' lang='lat' dir='ltr'><strong>talia</strong></span> <span class='ocrx_word' id='word_1_63' title='bbox 1674 1030 1911 1093; x_wconf 69' lang='lat' dir='ltr'><strong>perstre-</strong></span> 
     </span>
    </p>
   </div>
   <div class='ocr_carea' id='block_1_12' title="bbox 318 1121 1912 1199">
    <p class='ocr_par' dir='ltr' id='par_1_12' title="bbox 318 1121 1912 1199">
     <span class='ocr_line' id='line_1_12' title="bbox 318 1121 1912 1199; baseline -0.01 -15"><span class='ocrx_word' id='word_1_64' title='bbox 318 1135 559 1199; x_wconf 87' lang='lat' dir='ltr'><strong>pentem,</strong></span> <span class='ocrx_word' id='word_1_65' title='bbox 609 1140 676 1180; x_wconf 80' lang='lat' dir='ltr'><strong>ex</strong></span> <span class='ocrx_word' id='word_1_66' title='bbox 725 1124 973 1179; x_wconf 79' lang='lat' dir='ltr'><strong>Fratrum</strong></span> <span class='ocrx_word' id='word_1_67' title='bbox 1001 1121 1337 1177; x_wconf 77' lang='lat' dir='ltr'><strong>vestimentis</strong></span> <span class='ocrx_word' id='word_1_68' title='bbox 1360 1135 1524 1174; x_wconf 87' lang='lat' dir='ltr'><strong>unum</strong></span> <span class='ocrx_word' id='word_1_69' title='bbox 1545 1133 1729 1174; x_wconf 85' lang='lat' dir='ltr'><strong>secum</strong></span> <span class='ocrx_word' id='word_1_70' title='bbox 1758 1130 1912 1171; x_wconf 87' lang='lat' dir='ltr'><strong>assu-</strong></span> 
     </span>
    </p>
   </div>
   <div class='ocr_carea' id='block_1_13' title="bbox 322 1213 1911 1289">
    <p class='ocr_par' dir='ltr' id='par_1_13' title="bbox 322 1213 1911 1289">
     <span class='ocr_line' id='line_1_13' title="bbox 322 1213 1911 1289; baseline -0.008 -14"><span class='ocrx_word' id='word_1_71' title='bbox 322 1221 441 1286; x_wconf 86' lang='lat' dir='ltr'><strong>mit,</strong></span> <span class='ocrx_word' id='word_1_72' title='bbox 483 1219 839 1289; x_wconf 84' lang='lat' dir='ltr'><strong>coucitusque</strong></span> <span class='ocrx_word' id='word_1_73' title='bbox 884 1214 1166 1272; x_wconf 89' lang='lat' dir='ltr'><strong>ecclesiam</strong></span> <span class='ocrx_word' id='word_1_74' title='bbox 1209 1213 1418 1284; x_wconf 85' lang='lat' dir='ltr'><strong>petivit,</strong></span> <span class='ocrx_word' id='word_1_75' title='bbox 1468 1225 1699 1280; x_wconf 86' lang='lat' dir='ltr'><strong>eumque</strong></span> <span class='ocrx_word' id='word_1_76' title='bbox 1749 1224 1911 1280; x_wconf 87' lang='lat' dir='ltr'><strong>super</strong></span> 
     </span>
    </p>
   </div>
   <div class='ocr_carea' id='block_1_14' title="bbox 321 1301 1911 1378">
    <p class='ocr_par' dir='ltr' id='par_1_14' title="bbox 321 1301 1911 1378">
     <span class='ocr_line' id='line_1_14' title="bbox 321 1301 1911 1378; baseline -0.008 -12"><span class='ocrx_word' id='word_1_77' title='bbox 321 1310 506 1366; x_wconf 75' lang='lat' dir='ltr'><strong>Altare</strong></span> <span class='ocrx_word' id='word_1_78' title='bbox 555 1308 774 1378; x_wconf 86' lang='lat' dir='ltr'><strong>posuit,</strong></span> <span class='ocrx_word' id='word_1_79' title='bbox 833 1314 889 1362; x_wconf 88' lang='lat' dir='ltr'><strong>et</strong></span> <span class='ocrx_word' id='word_1_80' title='bbox 940 1320 1150 1361; x_wconf 87' lang='lat' dir='ltr'><strong>comam</strong></span> <span class='ocrx_word' id='word_1_81' title='bbox 1208 1303 1402 1375; x_wconf 77' lang='lat' dir='ltr'><strong>capitis</strong></span> <span class='ocrx_word' id='word_1_82' title='bbox 1462 1302 1564 1357; x_wconf 91' lang='lat' dir='ltr'><strong>sibi</strong></span> <span class='ocrx_word' id='word_1_83' title='bbox 1620 1301 1911 1370; x_wconf 87' lang='lat' dir='ltr'><strong>semetipse</strong></span> 
     </span>
    </p>
   </div>
   <div class='ocr_carea' id='block_1_15' title="bbox 324 1397 1907 1473">
    <p class='ocr_par' dir='ltr' id='par_1_15' title="bbox 324 1397 1907 1473">
     <span class='ocr_line' id='line_1_15' title="bbox 324 1397 1907 1473; baseline -0.006 -15"><span class='ocrx_word' id='word_1_84' title='bbox 324 1403 575 1468; x_wconf 82' lang='lat' dir='ltr'><strong>totondit,</strong></span> <span class='ocrx_word' id='word_1_85' title='bbox 623 1401 1070 1473; x_wconf 78' lang='lat' dir='ltr'><strong>apprehensoque</strong></span> <span class='ocrx_word' id='word_1_86' title='bbox 1118 1413 1149 1469; x_wconf 84' lang='lat' dir='ltr'><strong>e</strong></span> <span class='ocrx_word' id='word_1_87' title='bbox 1199 1397 1420 1468; x_wconf 79' lang='lat' dir='ltr'><strong>regione</strong></span> <span class='ocrx_word' id='word_1_88' title='bbox 1473 1405 1700 1465; x_wconf 87' lang='lat' dir='ltr'><strong>utraque</strong></span> <span class='ocrx_word' id='word_1_89' title='bbox 1748 1409 1907 1448; x_wconf 87' lang='lat' dir='ltr'><strong>manu</strong></span> 
     </span>
    </p>
   </div>
   <div class='ocr_carea' id='block_1_16' title="bbox 322 1488 1905 1558">
    <p class='ocr_par' dir='ltr' id='par_1_16' title="bbox 322 1488 1905 1558">
     <span class='ocr_line' id='line_1_16' title="bbox 322 1488 1905 1558; baseline -0.004 -11"><span class='ocrx_word' id='word_1_90' title='bbox 322 1495 669 1558; x_wconf 88' lang='lat' dir='ltr'><strong>vestimento,</strong></span> <span class='ocrx_word' id='word_1_91' title='bbox 716 1506 776 1547; x_wconf 88' lang='lat' dir='ltr'><strong>se</strong></span> <span class='ocrx_word' id='word_1_92' title='bbox 820 1491 1011 1555; x_wconf 88' lang='lat' dir='ltr'><strong>induit,</strong></span> <span class='ocrx_word' id='word_1_93' title='bbox 1041 1494 1093 1545; x_wconf 89' lang='lat' dir='ltr'><strong>et</strong></span> <span class='ocrx_word' id='word_1_94' title='bbox 1134 1490 1187 1543; x_wconf 91' lang='lat' dir='ltr'><strong>in</strong></span> <span class='ocrx_word' id='word_1_95' title='bbox 1216 1488 1511 1543; x_wconf 75' lang='lat' dir='ltr'><strong>claustrum</strong></span> <span class='ocrx_word' id='word_1_96' title='bbox 1544 1501 1795 1541; x_wconf 79' lang='lat' dir='ltr'><strong>reversus</strong></span> <span class='ocrx_word' id='word_1_97' title='bbox 1820 1501 1905 1540; x_wconf 87' lang='lat' dir='ltr'><strong>ar-</strong></span> 
     </span>
    </p>
   </div>
   <div class='ocr_carea' id='block_1_17' title="bbox 322 1577 1906 1656">
    <p class='ocr_par' dir='ltr' id='par_1_17' title="bbox 322 1577 1906 1656">
     <span class='ocr_line' id='line_1_17' title="bbox 322 1577 1906 1656; baseline -0.005 -17"><span class='ocrx_word' id='word_1_98' title='bbox 322 1595 479 1656; x_wconf 74' lang='lat' dir='ltr'><strong>repto</strong></span> <span class='ocrx_word' id='word_1_99' title='bbox 520 1584 661 1639; x_wconf 88' lang='lat' dir='ltr'><strong>libro</strong></span> <span class='ocrx_word' id='word_1_100' title='bbox 701 1582 878 1651; x_wconf 84' lang='lat' dir='ltr'><strong>legere</strong></span> <span class='ocrx_word' id='word_1_101' title='bbox 923 1581 1108 1652; x_wconf 64' lang='lat' dir='ltr'><strong>cwpit.</strong></span> <span class='ocrx_word' id='word_1_102' title='bbox 1168 1579 1525 1636; x_wconf 82' lang='lat' dir='ltr'><strong>Nihilominus</strong></span> <span class='ocrx_word' id='word_1_103' title='bbox 1551 1577 1730 1634; x_wconf 73' lang='lat' dir='ltr'><strong>Abbas</strong></span> <span class='ocrx_word' id='word_1_104' title='bbox 1784 1589 1906 1632; x_wconf 91' lang='lat' dir='ltr'><strong>cum</strong></span> 
     </span>
    </p>
   </div>
   <div class='ocr_carea' id='block_1_18' title="bbox 322 1671 1908 1748">
    <p class='ocr_par' dir='ltr' id='par_1_18' title="bbox 322 1671 1908 1748">
     <span class='ocr_line' id='line_1_18' title="bbox 322 1671 1908 1748; baseline -0.006 -16"><span class='ocrx_word' id='word_1_105' title='bbox 322 1676 459 1743; x_wconf 73' lang='lat' dir='ltr'><strong>hanc,</strong></span> <span class='ocrx_word' id='word_1_106' title='bbox 506 1692 628 1747; x_wconf 64' lang='lat' dir='ltr'><strong>quae</strong></span> <span class='ocrx_word' id='word_1_107' title='bbox 655 1685 812 1733; x_wconf 88' lang='lat' dir='ltr'><strong>erant</strong></span> <span class='ocrx_word' id='word_1_108' title='bbox 843 1683 1015 1748; x_wconf 84' lang='lat' dir='ltr'><strong>gesta,</strong></span> <span class='ocrx_word' id='word_1_109' title='bbox 1046 1673 1439 1748; x_wconf 88' lang='lat' dir='ltr'><strong>perpendisset,</strong></span> <span class='ocrx_word' id='word_1_110' title='bbox 1477 1671 1748 1738; x_wconf 80' lang='lat' dir='ltr'><strong>blanditer</strong></span> <span class='ocrx_word' id='word_1_111' title='bbox 1776 1671 1908 1724; x_wconf 91' lang='lat' dir='ltr'><strong>leni-</strong></span> 
     </span>
    </p>
   </div>
   <div class='ocr_carea' id='block_1_19' title="bbox 2007 460 3597 545">
    <p class='ocr_par' dir='ltr' id='par_1_19' title="bbox 2007 460 3597 545">
     <span class='ocr_line' id='line_1_19' title="bbox 2007 460 3597 545; baseline 0.008 -29"><span class='ocrx_word' id='word_1_112' title='bbox 2007 460 2105 517; x_wconf 88' lang='lat' dir='ltr'><strong>Cui</strong></span> <span class='ocrx_word' id='word_1_113' title='bbox 2139 462 2411 532; x_wconf 82' lang='lat' dir='ltr'><strong>respondit</strong></span> <span class='ocrx_word' id='word_1_114' title='bbox 2436 477 2638 519; x_wconf 79' lang='lat' dir='ltr'><strong>senex:</strong></span> <span class='ocrx_word' id='word_1_115' title='bbox 2665 462 2820 533; x_wconf 77' lang='lat' dir='ltr'><strong>Quod</strong></span> <span class='ocrx_word' id='word_1_116' title='bbox 2848 466 3206 538; x_wconf 77' lang='lat' dir='ltr'><strong>dieisgratum</strong></span> <span class='ocrx_word' id='word_1_117' title='bbox 3230 466 3597 545; x_wconf 50' lang='lat' dir='ltr'><strong>satis&#39;habeo,</strong></span> 
     </span>
    </p>
   </div>
   <div class='ocr_carea' id='block_1_20' title="bbox 2008 553 3604 632">
    <p class='ocr_par' dir='ltr' id='par_1_20' title="bbox 2008 553 3604 632">
     <span class='ocr_line' id='line_1_20' title="bbox 2008 553 3604 632; baseline 0.008 -23"><span class='ocrx_word' id='word_1_118' title='bbox 2008 553 2102 609; x_wconf 89' lang='lat' dir='ltr'><strong>sed</strong></span> <span class='ocrx_word' id='word_1_119' title='bbox 2123 553 2266 622; x_wconf 79' lang='lat' dir='ltr'><strong>quod</strong></span> <span class='ocrx_word' id='word_1_120' title='bbox 2288 554 2579 610; x_wconf 85' lang='lat' dir='ltr'><strong>consilium</strong></span> <span class='ocrx_word' id='word_1_121' title='bbox 2604 556 2698 611; x_wconf 85' lang='lat' dir='ltr'><strong>tibi</strong></span> <span class='ocrx_word' id='word_1_122' title='bbox 2728 557 2873 621; x_wconf 88' lang='lat' dir='ltr'><strong>dem,</strong></span> <span class='ocrx_word' id='word_1_123' title='bbox 2898 560 3112 629; x_wconf 88' lang='lat' dir='ltr'><strong>penitus</strong></span> <span class='ocrx_word' id='word_1_124' title='bbox 3141 561 3348 632; x_wconf 82' lang='lat' dir='ltr'><strong>ignem.</strong></span> <span class='ocrx_word' id='word_1_125' title='bbox 3378 563 3510 620; x_wconf 74' lang='lat' dir='ltr'><strong>Nam</strong></span> <span class='ocrx_word' id='word_1_126' title='bbox 3541 572 3604 621; x_wconf 83' lang='lat' dir='ltr'><strong>ut</strong></span> 
     </span>
    </p>
   </div>
   <div class='ocr_carea' id='block_1_21' title="bbox 2008 644 3599 719">
    <p class='ocr_par' dir='ltr' id='par_1_21' title="bbox 2008 644 3599 719">
     <span class='ocr_line' id='line_1_21' title="bbox 2008 644 3599 719; baseline 0.009 -19"><span class='ocrx_word' id='word_1_127' title='bbox 2008 646 2110 701; x_wconf 86' lang='lat' dir='ltr'><strong>sub</strong></span> <span class='ocrx_word' id='word_1_128' title='bbox 2133 644 2358 701; x_wconf 85' lang='lat' dir='ltr'><strong>Simone</strong></span> <span class='ocrx_word' id='word_1_129' title='bbox 2378 645 2536 719; x_wconf 80' lang='lat' dir='ltr'><strong>Mago</strong></span> <span class='ocrx_word' id='word_1_130' title='bbox 2556 648 2777 713; x_wconf 78' lang='lat' dir='ltr'><strong>milites,</strong></span> <span class='ocrx_word' id='word_1_131' title='bbox 2804 665 2833 703; x_wconf 86' lang='lat' dir='ltr'><strong>a</strong></span> <span class='ocrx_word' id='word_1_132' title='bbox 2861 664 2949 705; x_wconf 89' lang='lat' dir='ltr'><strong>me</strong></span> <span class='ocrx_word' id='word_1_133' title='bbox 2969 651 3115 707; x_wconf 90' lang='lat' dir='ltr'><strong>nullo</strong></span> <span class='ocrx_word' id='word_1_134' title='bbox 3135 655 3292 709; x_wconf 91' lang='lat' dir='ltr'><strong>modo</strong></span> <span class='ocrx_word' id='word_1_135' title='bbox 3312 670 3444 712; x_wconf 92' lang='lat' dir='ltr'><strong>cons</strong></span> <span class='ocrx_word' id='word_1_136' title='bbox 3469 657 3599 714; x_wconf 79' lang='lat' dir='ltr'><strong>lium</strong></span> 
     </span>
    </p>
   </div>
   <div class='ocr_carea' id='block_1_22' title="bbox 2000 736 3599 814">
    <p class='ocr_par' dir='ltr' id='par_1_22' title="bbox 2000 736 3599 814">
     <span class='ocr_line' id='line_1_22' title="bbox 2000 736 3599 814; baseline 0.01 -23"><span class='ocrx_word' id='word_1_137' title='bbox 2000 736 2263 807; x_wconf 81' lang='lat' dir='ltr'><strong>accipies.</strong></span> <span class='ocrx_word' id='word_1_138' title='bbox 2316 736 2399 794; x_wconf 77' lang='lat' dir='ltr'><strong>Ad</strong></span> <span class='ocrx_word' id='word_1_139' title='bbox 2452 737 2597 794; x_wconf 87' lang='lat' dir='ltr'><strong>aliud</strong></span> <span class='ocrx_word' id='word_1_140' title='bbox 2626 740 2748 795; x_wconf 87' lang='lat' dir='ltr'><strong>site</strong></span> <span class='ocrx_word' id='word_1_141' title='bbox 2792 741 2845 795; x_wconf 90' lang='lat' dir='ltr'><strong>in</strong></span> <span class='ocrx_word' id='word_1_142' title='bbox 2875 742 2960 798; x_wconf 90' lang='lat' dir='ltr'><strong>his</strong></span> <span class='ocrx_word' id='word_1_143' title='bbox 3006 744 3256 814; x_wconf 84' lang='lat' dir='ltr'><strong>partibus</strong></span> <span class='ocrx_word' id='word_1_144' title='bbox 3302 748 3599 807; x_wconf 83' lang='lat' dir='ltr'><strong>transferas</strong></span> 
     </span>
    </p>
   </div>
   <div class='ocr_carea' id='block_1_23' title="bbox 2009 827 3596 909">
    <p class='ocr_par' dir='ltr' id='par_1_23' title="bbox 2009 827 3596 909">
     <span class='ocr_line' id='line_1_23' title="bbox 2009 827 3596 909; baseline 0.01 -29"><span class='ocrx_word' id='word_1_145' title='bbox 2009 827 2422 893; x_wconf 86' lang='lat' dir='ltr'><strong>monasterium,</strong></span> <span class='ocrx_word' id='word_1_146' title='bbox 2471 842 2596 884; x_wconf 88' lang='lat' dir='ltr'><strong>cum</strong></span> <span class='ocrx_word' id='word_1_147' title='bbox 2646 839 2699 885; x_wconf 90' lang='lat' dir='ltr'><strong>te</strong></span> <span class='ocrx_word' id='word_1_148' title='bbox 2744 840 2901 901; x_wconf 86' lang='lat' dir='ltr'><strong>putas</strong></span> <span class='ocrx_word' id='word_1_149' title='bbox 2952 835 3140 891; x_wconf 84' lang='lat' dir='ltr'><strong>dentes</strong></span> <span class='ocrx_word' id='word_1_150' title='bbox 3185 835 3374 908; x_wconf 91' lang='lat' dir='ltr'><strong>fugere</strong></span> <span class='ocrx_word' id='word_1_151' title='bbox 3403 839 3596 909; x_wconf 86' lang='lat' dir='ltr'><strong>leonis,</strong></span> 
     </span>
    </p>
   </div>
   <div class='ocr_carea' id='block_1_24' title="bbox 2002 922 3602 1001">
    <p class='ocr_par' dir='ltr' id='par_1_24' title="bbox 2002 922 3602 1001">
     <span class='ocr_line' id='line_1_24' title="bbox 2002 922 3602 1001; baseline 0.01 -26"><span class='ocrx_word' id='word_1_152' title='bbox 2002 935 2247 977; x_wconf 83' lang='lat' dir='ltr'><strong>morsum</strong></span> <span class='ocrx_word' id='word_1_153' title='bbox 2274 936 2380 976; x_wconf 90' lang='lat' dir='ltr'><strong>non</strong></span> <span class='ocrx_word' id='word_1_154' title='bbox 2405 922 2603 979; x_wconf 80' lang='lat' dir='ltr'><strong>evades</strong></span> <span class='ocrx_word' id='word_1_155' title='bbox 2626 928 3023 994; x_wconf 75' lang='lat' dir='ltr'><strong>serpentis.Cui</strong></span> <span class='ocrx_word' id='word_1_156' title='bbox 3045 924 3311 986; x_wconf 81' lang='lat' dir='ltr'><strong>Joannes:</strong></span> <span class='ocrx_word' id='word_1_157' title='bbox 3345 931 3476 1001; x_wconf 78' lang='lat' dir='ltr'><strong>Nec,</strong></span> <span class='ocrx_word' id='word_1_158' title='bbox 3499 933 3602 990; x_wconf 84' lang='lat' dir='ltr'><strong>Pa-</strong></span> 
     </span>
    </p>
   </div>
   <div class='ocr_carea' id='block_1_25' title="bbox 2013 1012 3599 1097">
    <p class='ocr_par' dir='ltr' id='par_1_25' title="bbox 2013 1012 3599 1097">
     <span class='ocr_line' id='line_1_25' title="bbox 2013 1012 3599 1097; baseline 0.011 -30"><span class='ocrx_word' id='word_1_159' title='bbox 2013 1021 2114 1079; x_wconf 84' lang='lat' dir='ltr'><strong>ter,</strong></span> <span class='ocrx_word' id='word_1_160' title='bbox 2145 1012 2387 1078; x_wconf 87' lang='lat' dir='ltr'><strong>omittas,</strong></span> <span class='ocrx_word' id='word_1_161' title='bbox 2419 1016 2550 1084; x_wconf 86' lang='lat' dir='ltr'><strong>quin</strong></span> <span class='ocrx_word' id='word_1_162' title='bbox 2591 1030 2721 1071; x_wconf 82' lang='lat' dir='ltr'><strong>cons</strong></span> <span class='ocrx_word' id='word_1_163' title='bbox 2747 1017 2874 1072; x_wconf 91' lang='lat' dir='ltr'><strong>lium</strong></span> <span class='ocrx_word' id='word_1_164' title='bbox 2907 1022 3180 1090; x_wconf 81' lang='lat' dir='ltr'><strong>praebeas;</strong></span> <span class='ocrx_word' id='word_1_165' title='bbox 3221 1040 3345 1080; x_wconf 82' lang='lat' dir='ltr'><strong>nam</strong></span> <span class='ocrx_word' id='word_1_166' title='bbox 3375 1037 3599 1097; x_wconf 76' lang='lat' dir='ltr'><strong>paratus</strong></span> 
     </span>
    </p>
   </div>
   <div class='ocr_carea' id='block_1_26' title="bbox 2010 1110 3602 1188">
    <p class='ocr_par' dir='ltr' id='par_1_26' title="bbox 2010 1110 3602 1188">
     <span class='ocr_line' id='line_1_26' title="bbox 2010 1110 3602 1188; baseline 0.008 -25"><span class='ocrx_word' id='word_1_167' title='bbox 2010 1120 2128 1163; x_wconf 87' lang='lat' dir='ltr'><strong>sum</strong></span> <span class='ocrx_word' id='word_1_168' title='bbox 2177 1121 2276 1178; x_wconf 89' lang='lat' dir='ltr'><strong>pro</strong></span> <span class='ocrx_word' id='word_1_169' title='bbox 2327 1110 2600 1179; x_wconf 88' lang='lat' dir='ltr'><strong>sequenda</strong></span> <span class='ocrx_word' id='word_1_170' title='bbox 2656 1112 2889 1167; x_wconf 82' lang='lat' dir='ltr'><strong>veritate</strong></span> <span class='ocrx_word' id='word_1_171' title='bbox 2942 1116 3204 1186; x_wconf 89' lang='lat' dir='ltr'><strong>quidquid</strong></span> <span class='ocrx_word' id='word_1_172' title='bbox 3249 1117 3478 1188; x_wconf 71' lang='lat' dir='ltr'><strong>iusseris</strong></span> <span class='ocrx_word' id='word_1_173' title='bbox 3526 1119 3602 1174; x_wconf 87' lang='lat' dir='ltr'><strong>fa-</strong></span> 
     </span>
    </p>
   </div>
   <div class='ocr_carea' id='block_1_27' title="bbox 1996 1214 2160 1255">
    <p class='ocr_par' dir='ltr' id='par_1_27' title="bbox 1996 1214 2160 1255">
     <span class='ocr_line' id='line_1_27' title="bbox 1996 1214 2160 1255; baseline 0.006 -2"><span class='ocrx_word' id='word_1_174' title='bbox 1996 1214 2160 1255; x_wconf 81' lang='lat' dir='ltr'><strong>cere.</strong></span> 
     </span>
    </p>
   </div>
   <div class='ocr_carea' id='block_1_28' title="bbox 2086 1288 3600 1367">
    <p class='ocr_par' dir='ltr' id='par_1_28' title="bbox 2086 1288 3600 1367">
     <span class='ocr_line' id='line_1_28' title="bbox 2086 1288 3600 1367; baseline 0.013 -19"><span class='ocrx_word' id='word_1_175' title='bbox 2086 1294 2166 1348; x_wconf 83' lang='lat' dir='ltr'><strong>l0.</strong></span> <span class='ocrx_word' id='word_1_176' title='bbox 2214 1293 2455 1351; x_wconf 86' lang='lat' dir='ltr'><strong>Ccrneus</strong></span> <span class='ocrx_word' id='word_1_177' title='bbox 2497 1297 2661 1367; x_wconf 82' lang='lat' dir='ltr'><strong>igitur</strong></span> <span class='ocrx_word' id='word_1_178' title='bbox 2711 1312 2875 1353; x_wconf 81' lang='lat' dir='ltr'><strong>senex</strong></span> <span class='ocrx_word' id='word_1_179' title='bbox 2906 1299 3004 1354; x_wconf 83' lang='lat' dir='ltr'><strong>viri</strong></span> <span class='ocrx_word' id='word_1_180' title='bbox 3061 1302 3218 1358; x_wconf 82' lang='lat' dir='ltr'><strong>iidem</strong></span> <span class='ocrx_word' id='word_1_181' title='bbox 3253 1314 3309 1362; x_wconf 84' lang='lat' dir='ltr'><strong>et</strong></span> <span class='ocrx_word' id='word_1_182' title='bbox 3345 1288 3600 1366; x_wconf 81' lang='lat' dir='ltr'><strong>constan-</strong></span> 
     </span>
    </p>
   </div>
   <div class='ocr_carea' id='block_1_29' title="bbox 2012 1385 3601 1469">
    <p class='ocr_par' dir='ltr' id='par_1_29' title="bbox 2012 1385 3601 1469">
     <span class='ocr_line' id='line_1_29' title="bbox 2012 1385 3601 1469; baseline 0.013 -29"><span class='ocrx_word' id='word_1_183' title='bbox 2012 1385 2162 1452; x_wconf 85' lang='lat' dir='ltr'><strong>tiam,</strong></span> <span class='ocrx_word' id='word_1_184' title='bbox 2200 1387 2478 1455; x_wconf 84' lang='lat' dir='ltr'><strong>gra&#39;ulans</strong></span> <span class='ocrx_word' id='word_1_185' title='bbox 2503 1390 2638 1444; x_wconf 77' lang='lat' dir='ltr'><strong>dixit</strong></span> <span class='ocrx_word' id='word_1_186' title='bbox 2668 1389 2735 1445; x_wconf 90' lang='lat' dir='ltr'><strong>ad</strong></span> <span class='ocrx_word' id='word_1_187' title='bbox 2766 1407 2888 1445; x_wconf 89' lang='lat' dir='ltr'><strong>cum</strong></span> <span class='ocrx_word' id='word_1_188' title='bbox 2925 1392 3132 1465; x_wconf 77' lang='lat' dir='ltr'><strong>:Perge</strong></span> <span class='ocrx_word' id='word_1_189' title='bbox 3155 1395 3336 1469; x_wconf 80' lang='lat' dir='ltr'><strong>itaque</strong></span> <span class='ocrx_word' id='word_1_190' title='bbox 3360 1418 3480 1458; x_wconf 89' lang='lat' dir='ltr'><strong>cum</strong></span> <span class='ocrx_word' id='word_1_191' title='bbox 3508 1412 3601 1460; x_wconf 89' lang='lat' dir='ltr'><strong>tuo</strong></span> 
     </span>
    </p>
   </div>
   <div class='ocr_carea' id='block_1_30' title="bbox 2011 1476 3635 1553">
    <p class='ocr_par' dir='ltr' id='par_1_30' title="bbox 2011 1476 3635 1553">
     <span class='ocr_line' id='line_1_30' title="bbox 2011 1476 3635 1553; baseline 0.014 -22"><span class='ocrx_word' id='word_1_192' title='bbox 2011 1476 2213 1544; x_wconf 83' lang='lat' dir='ltr'><strong>sodale,</strong></span> <span class='ocrx_word' id='word_1_193' title='bbox 2238 1486 2294 1533; x_wconf 91' lang='lat' dir='ltr'><strong>ct</strong></span> <span class='ocrx_word' id='word_1_194' title='bbox 2343 1479 2395 1533; x_wconf 91' lang='lat' dir='ltr'><strong>in</strong></span> <span class='ocrx_word' id='word_1_195' title='bbox 2440 1478 2560 1535; x_wconf 90' lang='lat' dir='ltr'><strong>foro</strong></span> <span class='ocrx_word' id='word_1_196' title='bbox 2583 1481 2796 1550; x_wconf 85' lang='lat' dir='ltr'><strong>publico</strong></span> <span class='ocrx_word' id='word_1_197' title='bbox 2842 1485 3100 1550; x_wconf 86' lang='lat' dir='ltr'><strong>civitatis,</strong></span> <span class='ocrx_word' id='word_1_198' title='bbox 3136 1503 3320 1544; x_wconf 88' lang='lat' dir='ltr'><strong>coram</strong></span> <span class='ocrx_word' id='word_1_199' title='bbox 3349 1494 3635 1553; x_wconf 70' lang='lat' dir='ltr'><strong>omnibus</strong></span> 
     </span>
    </p>
   </div>
   <div class='ocr_carea' id='block_1_31' title="bbox 2011 1569 3601 1651">
    <p class='ocr_par' dir='ltr' id='par_1_31' title="bbox 2011 1569 3601 1651">
     <span class='ocr_line' id='line_1_31' title="bbox 2011 1569 3601 1651; baseline 0.01 -27"><span class='ocrx_word' id='word_1_200' title='bbox 2011 1569 2334 1640; x_wconf 79' lang='lat' dir='ltr'><strong>Episcopum</strong></span> <span class='ocrx_word' id='word_1_201' title='bbox 2368 1578 2421 1626; x_wconf 90' lang='lat' dir='ltr'><strong>et</strong></span> <span class='ocrx_word' id='word_1_202' title='bbox 2449 1571 2713 1627; x_wconf 81' lang='lat' dir='ltr'><strong>Abbatem</strong></span> <span class='ocrx_word' id='word_1_203' title='bbox 2743 1573 2989 1628; x_wconf 77' lang='lat' dir='ltr'><strong>exclama</strong></span> <span class='ocrx_word' id='word_1_204' title='bbox 3010 1591 3131 1633; x_wconf 87' lang='lat' dir='ltr'><strong>esse</strong></span> <span class='ocrx_word' id='word_1_205' title='bbox 3155 1579 3517 1651; x_wconf 80' lang='lat' dir='ltr'><strong>Simoniacos,</strong></span> <span class='ocrx_word' id='word_1_206' title='bbox 3546 1594 3601 1640; x_wconf 90' lang='lat' dir='ltr'><strong>et</strong></span> 
     </span>
    </p>
   </div>
   <div class='ocr_carea' id='block_1_32' title="bbox 2011 1660 3601 1746">
    <p class='ocr_par' dir='ltr' id='par_1_32' title="bbox 2011 1660 3601 1746">
     <span class='ocr_line' id='line_1_32' title="bbox 2011 1660 3601 1746; baseline 0.009 -30"><span class='ocrx_word' id='word_1_207' title='bbox 2011 1671 2138 1723; x_wconf 90' lang='lat' dir='ltr'><strong>tunc</strong></span> <span class='ocrx_word' id='word_1_208' title='bbox 2163 1662 2380 1717; x_wconf 90' lang='lat' dir='ltr'><strong>demum</strong></span> <span class='ocrx_word' id='word_1_209' title='bbox 2412 1663 2543 1719; x_wconf 89' lang='lat' dir='ltr'><strong>cede</strong></span> <span class='ocrx_word' id='word_1_210' title='bbox 2571 1660 2766 1719; x_wconf 90' lang='lat' dir='ltr'><strong>locum.</strong></span> <span class='ocrx_word' id='word_1_211' title='bbox 2798 1666 2898 1733; x_wconf 88' lang='lat' dir='ltr'><strong>Qui</strong></span> <span class='ocrx_word' id='word_1_212' title='bbox 2926 1664 3042 1736; x_wconf 84' lang='lat' dir='ltr'><strong>ejus</strong></span> <span class='ocrx_word' id='word_1_213' title='bbox 3066 1672 3266 1727; x_wconf 88' lang='lat' dir='ltr'><strong>monita</strong></span> <span class='ocrx_word' id='word_1_214' title='bbox 3300 1674 3477 1746; x_wconf 87' lang='lat' dir='ltr'><strong>compi</strong></span> <span class='ocrx_word' id='word_1_215' title='bbox 3499 1678 3601 1745; x_wconf 73' lang='lat' dir='ltr'><strong>ns,</strong></span> 
     </span>
    </p>
   </div>
   <div class='ocr_carea' id='block_1_33' title="bbox 320 1739 3600 1841">
    <p class='ocr_par' dir='ltr' id='par_1_33' title="bbox 320 1739 3600 1841">
     <span class='ocr_line' id='line_1_33' title="bbox 320 1739 3600 1841; baseline 0.006 -39"><span class='ocrx_word' id='word_1_216' title='bbox 320 1739 1286 1841; x_wconf 59' lang='grc' dir='ltr'><strong>ιυτη,,ο’δείεοςιπί“εωρῑι’σίεεηεε</strong></span> <span class='ocrx_word' id='word_1_217' title='bbox 1337 1764 1506 1820; x_wconf 68' lang='lat' dir='ltr'><strong>riuus</strong></span> <span class='ocrx_word' id='word_1_218' title='bbox 1552 1772 1674 1818; x_wconf 71' lang='grc' dir='ltr'>ιιιυε</span> <span class='ocrx_word' id='word_1_219' title='bbox 1709 1777 1813 1817; x_wconf 75' lang='lat' dir='ltr'><strong>non</strong></span> <span class='ocrx_word' id='word_1_220' title='bbox 1842 1761 1908 1816; x_wconf 68' lang='lat' dir='ltr'><strong>ad</strong></span> <span class='ocrx_word' id='word_1_221' title='bbox 1943 1739 1985 1796; x_wconf 78' lang='grc' dir='ltr'><strong>Β</strong></span> <span class='ocrx_word' id='word_1_222' title='bbox 2013 1753 2079 1807; x_wconf 89' lang='lat' dir='ltr'><strong>ad</strong></span> <span class='ocrx_word' id='word_1_223' title='bbox 2119 1751 2293 1807; x_wconf 89' lang='lat' dir='ltr'><strong>forum</strong></span> <span class='ocrx_word' id='word_1_224' title='bbox 2342 1754 2447 1818; x_wconf 91' lang='lat' dir='ltr'><strong>die,</strong></span> <span class='ocrx_word' id='word_1_225' title='bbox 2479 1770 2587 1826; x_wconf 90' lang='lat' dir='ltr'><strong>quo</strong></span> <span class='ocrx_word' id='word_1_226' title='bbox 2622 1755 2830 1811; x_wconf 83' lang='lat' dir='ltr'><strong>sciebat</strong></span> <span class='ocrx_word' id='word_1_227' title='bbox 2869 1772 3058 1815; x_wconf 84' lang='lat' dir='ltr'><strong>omnes</strong></span> <span class='ocrx_word' id='word_1_228' title='bbox 3110 1763 3319 1828; x_wconf 81' lang='lat' dir='ltr'><strong>adesse,</strong></span> <span class='ocrx_word' id='word_1_229' title='bbox 3357 1767 3600 1833; x_wconf 75' lang='lat' dir='ltr'><strong>veniens,</strong></span> 
     </span>
    </p>
   </div>
   <div class='ocr_carea' id='block_1_34' title="bbox 323 1853 1911 1926">
    <p class='ocr_par' dir='ltr' id='par_1_34' title="bbox 323 1853 1911 1926">
     <span class='ocr_line' id='line_1_34' title="bbox 323 1853 1911 1926; baseline -0.006 -10"><span class='ocrx_word' id='word_1_230' title='bbox 323 1872 376 1917; x_wconf 91' lang='lat' dir='ltr'><strong>te</strong></span> <span class='ocrx_word' id='word_1_231' title='bbox 420 1860 608 1916; x_wconf 86' lang='lat' dir='ltr'><strong>venire</strong></span> <span class='ocrx_word' id='word_1_232' title='bbox 637 1859 784 1926; x_wconf 91' lang='lat' dir='ltr'><strong>vult;</strong></span> <span class='ocrx_word' id='word_1_233' title='bbox 814 1868 869 1914; x_wconf 88' lang='lat' dir='ltr'><strong>tu</strong></span> <span class='ocrx_word' id='word_1_234' title='bbox 896 1860 1100 1923; x_wconf 82' lang='lat' dir='ltr'><strong>autem,</strong></span> <span class='ocrx_word' id='word_1_235' title='bbox 1131 1858 1178 1913; x_wconf 91' lang='lat' dir='ltr'><strong>si</strong></span> <span class='ocrx_word' id='word_1_236' title='bbox 1208 1858 1357 1923; x_wconf 87' lang='lat' dir='ltr'><strong>libet,</strong></span> <span class='ocrx_word' id='word_1_237' title='bbox 1408 1856 1537 1911; x_wconf 84' lang='lat' dir='ltr'><strong>veni</strong></span> <span class='ocrx_word' id='word_1_238' title='bbox 1573 1855 1639 1910; x_wconf 86' lang='lat' dir='ltr'><strong>ad</strong></span> <span class='ocrx_word' id='word_1_239' title='bbox 1666 1869 1810 1909; x_wconf 84' lang='lat' dir='ltr'><strong>eum.</strong></span> <span class='ocrx_word' id='word_1_240' title='bbox 1844 1853 1911 1908; x_wconf 85' lang='lat' dir='ltr'><strong>Et</strong></span> 
     </span>
    </p>
   </div>
   <div class='ocr_carea' id='block_1_35' title="bbox 319 1938 1912 2016">
    <p class='ocr_par' dir='ltr' id='par_1_35' title="bbox 319 1938 1912 2016">
     <span class='ocr_line' id='line_1_35' title="bbox 319 1938 1912 2016; baseline -0.006 -8"><span class='ocrx_word' id='word_1_241' title='bbox 319 1966 442 2009; x_wconf 89' lang='lat' dir='ltr'><strong>cum</strong></span> <span class='ocrx_word' id='word_1_242' title='bbox 484 1953 550 2005; x_wconf 84' lang='lat' dir='ltr'><strong>ad</strong></span> <span class='ocrx_word' id='word_1_243' title='bbox 587 1967 712 2006; x_wconf 86' lang='lat' dir='ltr'><strong>eum</strong></span> <span class='ocrx_word' id='word_1_244' title='bbox 743 1951 978 2005; x_wconf 83' lang='lat' dir='ltr'><strong>venisset</strong></span> <span class='ocrx_word' id='word_1_245' title='bbox 1006 1949 1333 2014; x_wconf 83' lang='lat' dir='ltr'><strong>Walbertus,</strong></span> <span class='ocrx_word' id='word_1_246' title='bbox 1384 1956 1439 2003; x_wconf 88' lang='lat' dir='ltr'><strong>et</strong></span> <span class='ocrx_word' id='word_1_247' title='bbox 1470 1954 1529 2002; x_wconf 88' lang='lat' dir='ltr'><strong>ut</strong></span> <span class='ocrx_word' id='word_1_248' title='bbox 1552 1956 1667 2002; x_wconf 85' lang='lat' dir='ltr'><strong>erat</strong></span> <span class='ocrx_word' id='word_1_249' title='bbox 1692 1938 1912 2016; x_wconf 84' lang='lat' dir='ltr'><strong>compo-</strong></span> 
     </span>
    </p>
   </div>
   <div class='ocr_carea' id='block_1_36' title="bbox 320 2037 1911 2112">
    <p class='ocr_par' dir='ltr' id='par_1_36' title="bbox 320 2037 1911 2112">
     <span class='ocr_line' id='line_1_36' title="bbox 320 2037 1911 2112; baseline -0.006 -14"><span class='ocrx_word' id='word_1_250' title='bbox 320 2044 475 2110; x_wconf 84' lang='lat' dir='ltr'><strong>situs,</strong></span> <span class='ocrx_word' id='word_1_251' title='bbox 509 2043 754 2108; x_wconf 76' lang='lat' dir='ltr'><strong>vidisset,</strong></span> <span class='ocrx_word' id='word_1_252' title='bbox 807 2051 917 2097; x_wconf 89' lang='lat' dir='ltr'><strong>tam</strong></span> <span class='ocrx_word' id='word_1_253' title='bbox 956 2041 1044 2097; x_wconf 92' lang='lat' dir='ltr'><strong>ille</strong></span> <span class='ocrx_word' id='word_1_254' title='bbox 1071 2056 1237 2112; x_wconf 87' lang='lat' dir='ltr'><strong>quam</strong></span> <span class='ocrx_word' id='word_1_255' title='bbox 1287 2054 1496 2105; x_wconf 86' lang='lat' dir='ltr'><strong>omnes,</strong></span> <span class='ocrx_word' id='word_1_256' title='bbox 1546 2037 1792 2107; x_wconf 89' lang='lat' dir='ltr'><strong>quicum</strong></span> <span class='ocrx_word' id='word_1_257' title='bbox 1844 2049 1911 2090; x_wconf 87' lang='lat' dir='ltr'><strong>eo</strong></span> 
     </span>
    </p>
   </div>
   <div class='ocr_carea' id='block_1_37' title="bbox 319 2127 1909 2205">
    <p class='ocr_par' dir='ltr' id='par_1_37' title="bbox 319 2127 1909 2205">
     <span class='ocr_line' id='line_1_37' title="bbox 319 2127 1909 2205; baseline -0.004 -18"><span class='ocrx_word' id='word_1_258' title='bbox 319 2143 605 2199; x_wconf 86' lang='lat' dir='ltr'><strong>venerant,</strong></span> <span class='ocrx_word' id='word_1_259' title='bbox 634 2140 920 2205; x_wconf 65' lang='lat' dir='ltr'><strong>coeperunt</strong></span> <span class='ocrx_word' id='word_1_260' title='bbox 949 2139 1138 2204; x_wconf 90' lang='lat' dir='ltr'><strong>pectus</strong></span> <span class='ocrx_word' id='word_1_261' title='bbox 1162 2132 1410 2194; x_wconf 87' lang='lat' dir='ltr'><strong>tundere,</strong></span> <span class='ocrx_word' id='word_1_262' title='bbox 1442 2128 1662 2200; x_wconf 86' lang='lat' dir='ltr'><strong>capillos</strong></span> <span class='ocrx_word' id='word_1_263' title='bbox 1690 2127 1909 2193; x_wconf 84' lang='lat' dir='ltr'><strong>vellere,</strong></span> 
     </span>
    </p>
   </div>
   <div class='ocr_carea' id='block_1_38' title="bbox 322 2216 1912 2288">
    <p class='ocr_par' dir='ltr' id='par_1_38' title="bbox 322 2216 1912 2288">
     <span class='ocr_line' id='line_1_38' title="bbox 322 2216 1912 2288; baseline -0.004 -12"><span class='ocrx_word' id='word_1_264' title='bbox 322 2216 641 2277; x_wconf 75' lang='lat' dir='ltr'><strong>vestimenta</strong></span> <span class='ocrx_word' id='word_1_265' title='bbox 673 2223 941 2286; x_wconf 88' lang='lat' dir='ltr'><strong>scindere,</strong></span> <span class='ocrx_word' id='word_1_266' title='bbox 988 2228 1044 2276; x_wconf 90' lang='lat' dir='ltr'><strong>et</strong></span> <span class='ocrx_word' id='word_1_267' title='bbox 1090 2220 1144 2275; x_wconf 91' lang='lat' dir='ltr'><strong>in</strong></span> <span class='ocrx_word' id='word_1_268' title='bbox 1172 2229 1373 2275; x_wconf 86' lang='lat' dir='ltr'><strong>terram</strong></span> <span class='ocrx_word' id='word_1_269' title='bbox 1421 2217 1742 2287; x_wconf 88' lang='lat' dir='ltr'><strong>semetipsos</strong></span> <span class='ocrx_word' id='word_1_270' title='bbox 1790 2231 1912 2288; x_wconf 90' lang='lat' dir='ltr'><strong>per-</strong></span> 
     </span>
    </p>
   </div>
   <div class='ocr_carea' id='block_1_39' title="bbox 320 2307 1910 2385">
    <p class='ocr_par' dir='ltr' id='par_1_39' title="bbox 320 2307 1910 2385">
     <span class='ocr_line' id='line_1_39' title="bbox 320 2307 1910 2385; baseline -0.002 -17"><span class='ocrx_word' id='word_1_271' title='bbox 320 2322 529 2377; x_wconf 89' lang='lat' dir='ltr'><strong>cutere,</strong></span> <span class='ocrx_word' id='word_1_272' title='bbox 572 2313 888 2385; x_wconf 77' lang='lat' dir='ltr'><strong>magnisque</strong></span> <span class='ocrx_word' id='word_1_273' title='bbox 936 2311 1158 2367; x_wconf 86' lang='lat' dir='ltr'><strong>vocibus</strong></span> <span class='ocrx_word' id='word_1_274' title='bbox 1204 2309 1433 2380; x_wconf 85' lang='lat' dir='ltr'><strong>ejulare,</strong></span> <span class='ocrx_word' id='word_1_275' title='bbox 1477 2325 1539 2365; x_wconf 92' lang='lat' dir='ltr'><strong>ac</strong></span> <span class='ocrx_word' id='word_1_276' title='bbox 1586 2311 1807 2365; x_wconf 85' lang='lat' dir='ltr'><strong>dicere:</strong></span> <span class='ocrx_word' id='word_1_277' title='bbox 1865 2307 1910 2365; x_wconf 91' lang='grc' dir='ltr'>Ο</span> 
     </span>
    </p>
   </div>
   <div class='ocr_carea' id='block_1_40' title="bbox 320 2401 1910 2474">
    <p class='ocr_par' dir='ltr' id='par_1_40' title="bbox 320 2401 1910 2474">
     <span class='ocr_line' id='line_1_40' title="bbox 320 2401 1910 2474; baseline -0.002 -15"><span class='ocrx_word' id='word_1_278' title='bbox 320 2404 680 2470; x_wconf 84' lang='lat' dir='ltr'><strong>dulcissime,</strong></span> <span class='ocrx_word' id='word_1_279' title='bbox 728 2413 891 2474; x_wconf 89' lang='lat' dir='ltr'><strong>atque</strong></span> <span class='ocrx_word' id='word_1_280' title='bbox 941 2402 1353 2469; x_wconf 72' lang='lat' dir='ltr'><strong>amantissime,</strong></span> <span class='ocrx_word' id='word_1_281' title='bbox 1404 2416 1575 2473; x_wconf 89' lang='lat' dir='ltr'><strong>quare</strong></span> <span class='ocrx_word' id='word_1_282' title='bbox 1624 2401 1781 2456; x_wconf 90' lang='lat' dir='ltr'><strong>nobis</strong></span> <span class='ocrx_word' id='word_1_283' title='bbox 1831 2402 1910 2456; x_wconf 91' lang='lat' dir='ltr'><strong>sic</strong></span> 
     </span>
    </p>
   </div>
   <div class='ocr_carea' id='block_1_41' title="bbox 319 2494 1909 2564">
    <p class='ocr_par' dir='ltr' id='par_1_41' title="bbox 319 2494 1909 2564">
     <span class='ocr_line' id='line_1_41' title="bbox 319 2494 1909 2564; baseline -0.002 -12"><span class='ocrx_word' id='word_1_284' title='bbox 319 2498 495 2554; x_wconf 76' lang='lat' dir='ltr'><strong>fecisti</strong></span> <span class='ocrx_word' id='word_1_285' title='bbox 530 2507 589 2551; x_wconf 87' lang='lat' dir='ltr'><strong>ut</strong></span> <span class='ocrx_word' id='word_1_286' title='bbox 614 2497 777 2562; x_wconf 85' lang='lat' dir='ltr'><strong>ciam,</strong></span> <span class='ocrx_word' id='word_1_287' title='bbox 804 2496 963 2552; x_wconf 88' lang='lat' dir='ltr'><strong>nobis</strong></span> <span class='ocrx_word' id='word_1_288' title='bbox 991 2495 1249 2560; x_wconf 89' lang='lat' dir='ltr'><strong>dimissis,</strong></span> <span class='ocrx_word' id='word_1_289' title='bbox 1295 2496 1376 2550; x_wconf 93' lang='lat' dir='ltr'><strong>sic</strong></span> <span class='ocrx_word' id='word_1_290' title='bbox 1412 2494 1639 2550; x_wconf 84' lang='lat' dir='ltr'><strong>abires?</strong></span> <span class='ocrx_word' id='word_1_291' title='bbox 1665 2494 1909 2564; x_wconf 87' lang='lat' dir='ltr'><strong>Cumque</strong></span> 
     </span>
    </p>
   </div>
   <div class='ocr_carea' id='block_1_42' title="bbox 314 2586 1909 2659">
    <p class='ocr_par' dir='ltr' id='par_1_42' title="bbox 314 2586 1909 2659">
     <span class='ocr_line' id='line_1_42' title="bbox 314 2586 1909 2659; baseline -0.004 -13"><span class='ocrx_word' id='word_1_292' title='bbox 314 2588 436 2646; x_wconf 65' lang='lat' dir='ltr'><strong>hace</strong></span> <span class='ocrx_word' id='word_1_293' title='bbox 461 2598 518 2646; x_wconf 88' lang='lat' dir='ltr'><strong>et</strong></span> <span class='ocrx_word' id='word_1_294' title='bbox 549 2588 675 2655; x_wconf 88' lang='lat' dir='ltr'><strong>alia,</strong></span> <span class='ocrx_word' id='word_1_295' title='bbox 710 2598 871 2659; x_wconf 85' lang='lat' dir='ltr'><strong>atque</strong></span> <span class='ocrx_word' id='word_1_296' title='bbox 900 2588 989 2644; x_wconf 90' lang='lat' dir='ltr'><strong>diu</strong></span> <span class='ocrx_word' id='word_1_297' title='bbox 1022 2587 1358 2657; x_wconf 88' lang='lat' dir='ltr'><strong>multumque</strong></span> <span class='ocrx_word' id='word_1_298' title='bbox 1388 2586 1761 2657; x_wconf 89' lang='lat' dir='ltr'><strong>replieasscnt,</strong></span> <span class='ocrx_word' id='word_1_299' title='bbox 1785 2597 1909 2641; x_wconf 87' lang='lat' dir='ltr'><strong>tau-</strong></span> 
     </span>
    </p>
   </div>
   <div class='ocr_carea' id='block_1_43' title="bbox 318 2677 1901 2751">
    <p class='ocr_par' dir='ltr' id='par_1_43' title="bbox 318 2677 1901 2751">
     <span class='ocr_line' id='line_1_43' title="bbox 318 2677 1901 2751; baseline -0.004 -15"><span class='ocrx_word' id='word_1_300' title='bbox 318 2681 438 2736; x_wconf 89' lang='lat' dir='ltr'><strong>dem</strong></span> <span class='ocrx_word' id='word_1_301' title='bbox 472 2681 634 2735; x_wconf 83' lang='lat' dir='ltr'><strong>Pater</strong></span> <span class='ocrx_word' id='word_1_302' title='bbox 658 2680 727 2735; x_wconf 89' lang='lat' dir='ltr'><strong>ad</strong></span> <span class='ocrx_word' id='word_1_303' title='bbox 768 2679 1118 2751; x_wconf 88' lang='lat' dir='ltr'><strong>semetipsum</strong></span> <span class='ocrx_word' id='word_1_304' title='bbox 1147 2692 1411 2744; x_wconf 85' lang='lat' dir='ltr'><strong>reversus,</strong></span> <span class='ocrx_word' id='word_1_305' title='bbox 1450 2693 1573 2734; x_wconf 89' lang='lat' dir='ltr'><strong>eum</strong></span> <span class='ocrx_word' id='word_1_306' title='bbox 1603 2677 1901 2743; x_wconf 73' lang='lat' dir='ltr'><strong>benedixit,</strong></span> 
     </span>
    </p>
   </div>
   <div class='ocr_carea' id='block_1_44' title="bbox 318 2762 1882 2842">
    <p class='ocr_par' dir='ltr' id='par_1_44' title="bbox 318 2762 1882 2842">
     <span class='ocr_line' id='line_1_44' title="bbox 318 2762 1882 2842; baseline -0.003 -17"><span class='ocrx_word' id='word_1_307' title='bbox 318 2779 375 2826; x_wconf 88' lang='lat' dir='ltr'><strong>et</strong></span> <span class='ocrx_word' id='word_1_308' title='bbox 403 2772 469 2827; x_wconf 84' lang='lat' dir='ltr'><strong>ad</strong></span> <span class='ocrx_word' id='word_1_309' title='bbox 496 2771 711 2842; x_wconf 88' lang='lat' dir='ltr'><strong>propria</strong></span> <span class='ocrx_word' id='word_1_310' title='bbox 743 2771 985 2826; x_wconf 89' lang='lat' dir='ltr'><strong>recessit.</strong></span> <span class='ocrx_word' id='word_1_311' title='bbox 1877 2762 1882 2767; x_wconf 66' lang='grc'><strong>“</strong></span> 
     </span>
    </p>
   </div>
   <div class='ocr_carea' id='block_1_45' title="bbox 392 2859 1905 2934">
    <p class='ocr_par' dir='ltr' id='par_1_45' title="bbox 392 2859 1905 2934">
     <span class='ocr_line' id='line_1_45' title="bbox 392 2859 1905 2934; baseline -0.001 -15"><span class='ocrx_word' id='word_1_312' title='bbox 392 2864 446 2919; x_wconf 81' lang='lat'><strong>8.</strong></span> <span class='ocrx_word' id='word_1_313' title='bbox 487 2863 616 2919; x_wconf 85' lang='lat' dir='ltr'><strong>Post</strong></span> <span class='ocrx_word' id='word_1_314' title='bbox 645 2863 758 2919; x_wconf 73' lang='lat' dir='ltr'><strong>lucc</strong></span> <span class='ocrx_word' id='word_1_315' title='bbox 787 2863 953 2934; x_wconf 87' lang='lat' dir='ltr'><strong>igitur</strong></span> <span class='ocrx_word' id='word_1_316' title='bbox 982 2861 1071 2917; x_wconf 85' lang='lat' dir='ltr'><strong>ille</strong></span> <span class='ocrx_word' id='word_1_317' title='bbox 1105 2861 1215 2918; x_wconf 91' lang='lat' dir='ltr'><strong>Deo</strong></span> <span class='ocrx_word' id='word_1_318' title='bbox 1245 2860 1586 2918; x_wconf 78' lang='lat' dir='ltr'><strong>fidelissimus</strong></span> <span class='ocrx_word' id='word_1_319' title='bbox 1611 2859 1905 2927; x_wconf 78' lang='lat' dir='ltr'><strong>Iohannes,</strong></span> 
     </span>
    </p>
   </div>
   <div class='ocr_carea' id='block_1_46' title="bbox 318 2951 1904 3028">
    <p class='ocr_par' dir='ltr' id='par_1_46' title="bbox 318 2951 1904 3028">
     <span class='ocr_line' id='line_1_46' title="bbox 318 2951 1904 3028; baseline 0.001 -20"><span class='ocrx_word' id='word_1_320' title='bbox 318 2954 489 3025; x_wconf 82' lang='lat' dir='ltr'><strong>gratia</strong></span> <span class='ocrx_word' id='word_1_321' title='bbox 521 2952 613 3009; x_wconf 88' lang='lat' dir='ltr'><strong>Dei</strong></span> <span class='ocrx_word' id='word_1_322' title='bbox 640 2953 879 3024; x_wconf 87' lang='lat' dir='ltr'><strong>undique</strong></span> <span class='ocrx_word' id='word_1_323' title='bbox 905 2951 1286 3019; x_wconf 88' lang='lat' dir='ltr'><strong>circumfusus,</strong></span> <span class='ocrx_word' id='word_1_324' title='bbox 1314 2952 1610 3023; x_wconf 86' lang='lat' dir='ltr'><strong>permansit</strong></span> <span class='ocrx_word' id='word_1_325' title='bbox 1633 2954 1687 3008; x_wconf 92' lang='lat' dir='ltr'><strong>in</strong></span> <span class='ocrx_word' id='word_1_326' title='bbox 1709 2957 1904 3028; x_wconf 76' lang='lat' dir='ltr'><strong>eodem</strong></span> 
     </span>
    </p>
   </div>
   <div class='ocr_carea' id='block_1_47' title="bbox 323 3042 1900 3108">
    <p class='ocr_par' dir='ltr' id='par_1_47' title="bbox 323 3042 1900 3108">
     <span class='ocr_line' id='line_1_47' title="bbox 323 3042 1900 3108; baseline 0.001 -8"><span class='ocrx_word' id='word_1_327' title='bbox 323 3043 651 3100; x_wconf 86' lang='lat' dir='ltr'><strong>monasterio</strong></span> <span class='ocrx_word' id='word_1_328' title='bbox 685 3043 739 3098; x_wconf 90' lang='lat' dir='ltr'><strong>in</strong></span> <span class='ocrx_word' id='word_1_329' title='bbox 760 3043 907 3100; x_wconf 89' lang='lat' dir='ltr'><strong>omni</strong></span> <span class='ocrx_word' id='word_1_330' title='bbox 928 3042 1252 3108; x_wconf 80' lang='lat' dir='ltr'><strong>obe&#39;diehtia,</strong></span> <span class='ocrx_word' id='word_1_331' title='bbox 1301 3052 1357 3099; x_wconf 89' lang='lat' dir='ltr'><strong>et</strong></span> <span class='ocrx_word' id='word_1_332' title='bbox 1395 3054 1581 3099; x_wconf 91' lang='lat' dir='ltr'><strong>sancta</strong></span> <span class='ocrx_word' id='word_1_333' title='bbox 1609 3060 1900 3101; x_wconf 80' lang='lat' dir='ltr'><strong>conversa-</strong></span> 
     </span>
    </p>
   </div>
   <div class='ocr_carea' id='block_1_48' title="bbox 316 3136 1901 3210">
    <p class='ocr_par' dir='ltr' id='par_1_48' title="bbox 316 3136 1901 3210">
     <span class='ocr_line' id='line_1_48' title="bbox 316 3136 1901 3210; baseline 0.003 -20"><span class='ocrx_word' id='word_1_334' title='bbox 316 3136 488 3203; x_wconf 87' lang='lat' dir='ltr'><strong>tione,</strong></span> <span class='ocrx_word' id='word_1_335' title='bbox 516 3152 687 3210; x_wconf 88' lang='lat' dir='ltr'><strong>usque</strong></span> <span class='ocrx_word' id='word_1_336' title='bbox 728 3138 797 3193; x_wconf 82' lang='lat' dir='ltr'><strong>ad</strong></span> <span class='ocrx_word' id='word_1_337' title='bbox 839 3136 1049 3193; x_wconf 91' lang='lat' dir='ltr'><strong>obitum</strong></span> <span class='ocrx_word' id='word_1_338' title='bbox 1094 3137 1341 3205; x_wconf 80' lang='lat' dir='ltr'><strong>Abbatis,</strong></span> <span class='ocrx_word' id='word_1_339' title='bbox 1372 3139 1462 3209; x_wconf 87' lang='lat' dir='ltr'><strong>qui</strong></span> <span class='ocrx_word' id='word_1_340' title='bbox 1489 3154 1555 3195; x_wconf 91' lang='lat' dir='ltr'><strong>eo</strong></span> <span class='ocrx_word' id='word_1_341' title='bbox 1577 3138 1816 3209; x_wconf 88' lang='lat' dir='ltr'><strong>tempore</strong></span> <span class='ocrx_word' id='word_1_342' title='bbox 1848 3141 1901 3195; x_wconf 94' lang='lat' dir='ltr'><strong>in</strong></span> 
     </span>
    </p>
   </div>
   <div class='ocr_carea' id='block_1_49' title="bbox 317 3226 1899 3300">
    <p class='ocr_par' dir='ltr' id='par_1_49' title="bbox 317 3226 1899 3300">
     <span class='ocr_line' id='line_1_49' title="bbox 317 3226 1899 3300; baseline 0.002 -17"><span class='ocrx_word' id='word_1_343' title='bbox 317 3229 508 3283; x_wconf 88' lang='lat' dir='ltr'><strong>eodem</strong></span> <span class='ocrx_word' id='word_1_344' title='bbox 558 3226 1167 3300; x_wconf 75' lang='lat' dir='ltr'><strong>monasterio&#39;degebat.</strong></span> <span class='ocrx_word' id='word_1_345' title='bbox 1213 3227 1366 3284; x_wconf 88' lang='lat' dir='ltr'><strong>&#39;l‘unc</strong></span> <span class='ocrx_word' id='word_1_346' title='bbox 1414 3229 1596 3300; x_wconf 86' lang='lat' dir='ltr'><strong>itaque</strong></span> <span class='ocrx_word' id='word_1_347' title='bbox 1630 3231 1683 3285; x_wconf 91' lang='lat' dir='ltr'><strong>in</strong></span> <span class='ocrx_word' id='word_1_348' title='bbox 1710 3231 1899 3286; x_wconf 84' lang='lat' dir='ltr'><strong>eodem</strong></span> 
     </span>
    </p>
   </div>
   <div class='ocr_carea' id='block_1_50' title="bbox 317 3318 1901 3392">
    <p class='ocr_par' dir='ltr' id='par_1_50' title="bbox 317 3318 1901 3392">
     <span class='ocr_line' id='line_1_50' title="bbox 317 3318 1901 3392; baseline 0.001 -18"><span class='ocrx_word' id='word_1_349' title='bbox 317 3318 647 3375; x_wconf 71' lang='lat' dir='ltr'><strong>manasterio</strong></span> <span class='ocrx_word' id='word_1_350' title='bbox 674 3327 793 3374; x_wconf 82' lang='lat' dir='ltr'><strong>erat</strong></span> <span class='ocrx_word' id='word_1_351' title='bbox 812 3319 1031 3389; x_wconf 85' lang='lat' dir='ltr'><strong>quidam</strong></span> <span class='ocrx_word' id='word_1_352' title='bbox 1059 3318 1284 3375; x_wconf 79' lang='lat' dir='ltr'><strong>Callidus</strong></span> <span class='ocrx_word' id='word_1_353' title='bbox 1304 3329 1359 3375; x_wconf 89' lang='lat' dir='ltr'><strong>et</strong></span> <span class='ocrx_word' id='word_1_354' title='bbox 1379 3321 1685 3392; x_wconf 84' lang='lat' dir='ltr'><strong>ingeniosus</strong></span> <span class='ocrx_word' id='word_1_355' title='bbox 1710 3337 1901 3376; x_wconf 89' lang='lat' dir='ltr'><strong>mona-</strong></span> 
     </span>
    </p>
   </div>
   <div class='ocr_carea' id='block_1_51' title="bbox 317 3409 1904 3484">
    <p class='ocr_par' dir='ltr' id='par_1_51' title="bbox 317 3409 1904 3484">
     <span class='ocr_line' id='line_1_51' title="bbox 317 3409 1904 3484; baseline -0.001 -15"><span class='ocrx_word' id='word_1_356' title='bbox 317 3414 472 3477; x_wconf 87' lang='lat' dir='ltr'><strong>chus,</strong></span> <span class='ocrx_word' id='word_1_357' title='bbox 527 3410 747 3467; x_wconf 85' lang='lat' dir='ltr'><strong>nomine</strong></span> <span class='ocrx_word' id='word_1_358' title='bbox 795 3409 1029 3466; x_wconf 81' lang='lat' dir='ltr'><strong>libertus</strong></span> <span class='ocrx_word' id='word_1_359' title='bbox 1059 3410 1196 3484; x_wconf 69' lang='lat'><strong>(25),</strong></span> <span class='ocrx_word' id='word_1_360' title='bbox 1246 3412 1338 3481; x_wconf 89' lang='lat' dir='ltr'><strong>qui</strong></span> <span class='ocrx_word' id='word_1_361' title='bbox 1381 3411 1550 3483; x_wconf 85' lang='lat' dir='ltr'><strong>gloria</strong></span> <span class='ocrx_word' id='word_1_362' title='bbox 1594 3413 1904 3482; x_wconf 85' lang='lat' dir='ltr'><strong>cupiditatis</strong></span> 
     </span>
    </p>
   </div>
   <div class='ocr_carea' id='block_1_52' title="bbox 317 3501 1905 3575">
    <p class='ocr_par' dir='ltr' id='par_1_52' title="bbox 317 3501 1905 3575">
     <span class='ocr_line' id='line_1_52' title="bbox 317 3501 1905 3575; baseline -0.001 -17"><span class='ocrx_word' id='word_1_363' title='bbox 317 3504 513 3573; x_wconf 85' lang='lat' dir='ltr'><strong>captus</strong></span> <span class='ocrx_word' id='word_1_364' title='bbox 561 3511 616 3557; x_wconf 87' lang='lat' dir='ltr'><strong>et</strong></span> <span class='ocrx_word' id='word_1_365' title='bbox 654 3501 882 3567; x_wconf 83' lang='lat' dir='ltr'><strong>illectus,</strong></span> <span class='ocrx_word' id='word_1_366' title='bbox 928 3510 1051 3573; x_wconf 76' lang='lat' dir='ltr'><strong>per</strong></span> <span class='ocrx_word' id='word_1_367' title='bbox 1080 3501 1359 3572; x_wconf 88' lang='lat' dir='ltr'><strong>pecuniam</strong></span> <span class='ocrx_word' id='word_1_368' title='bbox 1407 3504 1646 3575; x_wconf 89' lang='lat' dir='ltr'><strong>regimen</strong></span> <span class='ocrx_word' id='word_1_369' title='bbox 1682 3504 1750 3558; x_wconf 87' lang='lat' dir='ltr'><strong>ab</strong></span> <span class='ocrx_word' id='word_1_370' title='bbox 1789 3503 1905 3574; x_wconf 84' lang='lat' dir='ltr'><strong>epi-</strong></span> 
     </span>
    </p>
   </div>
   <div class='ocr_carea' id='block_1_53' title="bbox 317 3590 1906 3664">
    <p class='ocr_par' dir='ltr' id='par_1_53' title="bbox 317 3590 1906 3664">
     <span class='ocr_line' id='line_1_53' title="bbox 317 3590 1906 3664; baseline -0.003 -14"><span class='ocrx_word' id='word_1_371' title='bbox 317 3604 483 3663; x_wconf 83' lang='lat' dir='ltr'><strong>scopo</strong></span> <span class='ocrx_word' id='word_1_372' title='bbox 505 3590 830 3648; x_wconf 70' lang='lat' dir='ltr'><strong>Florentium</strong></span> <span class='ocrx_word' id='word_1_373' title='bbox 848 3592 1104 3659; x_wconf 79' lang='lat' dir='ltr'><strong>civitatis,</strong></span> <span class='ocrx_word' id='word_1_374' title='bbox 1125 3594 1216 3664; x_wconf 86' lang='lat' dir='ltr'><strong>qui</strong></span> <span class='ocrx_word' id='word_1_375' title='bbox 1237 3591 1308 3647; x_wconf 89' lang='lat' dir='ltr'><strong>illi</strong></span> <span class='ocrx_word' id='word_1_376' title='bbox 1328 3592 1656 3648; x_wconf 87' lang='lat' dir='ltr'><strong>monasterio</strong></span> <span class='ocrx_word' id='word_1_377' title='bbox 1675 3601 1906 3664; x_wconf 65' lang='lat' dir='ltr'><strong>praeerat</strong></span> 
     </span>
    </p>
   </div>
   <div class='ocr_carea' id='block_1_54' title="bbox 316 3680 1904 3752">
    <p class='ocr_par' dir='ltr' id='par_1_54' title="bbox 316 3680 1904 3752">
     <span class='ocr_line' id='line_1_54' title="bbox 316 3680 1904 3752; baseline -0.001 -15"><span class='ocrx_word' id='word_1_378' title='bbox 316 3684 548 3752; x_wconf 80' lang='lat' dir='ltr'><strong>accepit.</strong></span> <span class='ocrx_word' id='word_1_379' title='bbox 574 3681 731 3749; x_wconf 74' lang='lat' dir='ltr'><strong>Quod</strong></span> <span class='ocrx_word' id='word_1_380' title='bbox 754 3682 947 3738; x_wconf 70' lang='lat' dir='ltr'><strong>licatus</strong></span> <span class='ocrx_word' id='word_1_381' title='bbox 974 3681 1209 3738; x_wconf 67' lang='lat' dir='ltr'><strong>Joannes</strong></span> <span class='ocrx_word' id='word_1_382' title='bbox 1240 3682 1598 3752; x_wconf 82' lang='lat' dir='ltr'><strong>comperiens,</strong></span> <span class='ocrx_word' id='word_1_383' title='bbox 1640 3694 1764 3737; x_wconf 88' lang='lat' dir='ltr'><strong>cum</strong></span> <span class='ocrx_word' id='word_1_384' title='bbox 1796 3680 1904 3736; x_wconf 88' lang='lat' dir='ltr'><strong>alio</strong></span> 
     </span>
    </p>
   </div>
   <div class='ocr_carea' id='block_1_55' title="bbox 316 3772 1900 3839">
    <p class='ocr_par' dir='ltr' id='par_1_55' title="bbox 316 3772 1900 3839">
     <span class='ocr_line' id='line_1_55' title="bbox 316 3772 1900 3839; baseline -0.001 -10"><span class='ocrx_word' id='word_1_385' title='bbox 316 3773 419 3829; x_wconf 85' lang='lat' dir='ltr'><strong>sibi</strong></span> <span class='ocrx_word' id='word_1_386' title='bbox 464 3772 685 3828; x_wconf 81' lang='lat' dir='ltr'><strong>favente</strong></span> <span class='ocrx_word' id='word_1_387' title='bbox 709 3773 850 3827; x_wconf 89' lang='lat' dir='ltr'><strong>clam</strong></span> <span class='ocrx_word' id='word_1_388' title='bbox 892 3773 1090 3829; x_wconf 73' lang='lat' dir='ltr'><strong>exinde</strong></span> <span class='ocrx_word' id='word_1_389' title='bbox 1131 3774 1403 3839; x_wconf 85' lang='lat' dir='ltr'><strong>discessit,</strong></span> <span class='ocrx_word' id='word_1_390' title='bbox 1434 3782 1491 3828; x_wconf 89' lang='lat' dir='ltr'><strong>et</strong></span> <span class='ocrx_word' id='word_1_391' title='bbox 1511 3774 1785 3829; x_wconf 88' lang='lat' dir='ltr'><strong>civitatem</strong></span> <span class='ocrx_word' id='word_1_392' title='bbox 1814 3773 1900 3828; x_wconf 83' lang='lat' dir='ltr'><strong>in-</strong></span> 
     </span>
    </p>
   </div>
   <div class='ocr_carea' id='block_1_56' title="bbox 317 3863 1904 3935">
    <p class='ocr_par' dir='ltr' id='par_1_56' title="bbox 317 3863 1904 3935">
     <span class='ocr_line' id='line_1_56' title="bbox 317 3863 1904 3935; baseline 0.003 -18"><span class='ocrx_word' id='word_1_393' title='bbox 317 3863 518 3935; x_wconf 82' lang='lat' dir='ltr'><strong>gressi,</strong></span> <span class='ocrx_word' id='word_1_394' title='bbox 551 3865 616 3918; x_wconf 80' lang='lat' dir='ltr'><strong>ad</strong></span> <span class='ocrx_word' id='word_1_395' title='bbox 655 3864 944 3933; x_wconf 78' lang='lat' dir='ltr'><strong>quemdam</strong></span> <span class='ocrx_word' id='word_1_396' title='bbox 968 3878 1243 3933; x_wconf 86' lang='lat' dir='ltr'><strong>magnum,</strong></span> <span class='ocrx_word' id='word_1_397' title='bbox 1274 3874 1330 3920; x_wconf 90' lang='lat' dir='ltr'><strong>et</strong></span> <span class='ocrx_word' id='word_1_398' title='bbox 1372 3864 1792 3922; x_wconf 85' lang='lat' dir='ltr'><strong>famosissimum</strong></span> <span class='ocrx_word' id='word_1_399' title='bbox 1819 3880 1904 3922; x_wconf 87' lang='lat' dir='ltr'><strong>se-</strong></span> 
     </span>
    </p>
   </div>
   <div class='ocr_carea' id='block_1_57' title="bbox 316 3955 1905 4032">
    <p class='ocr_par' dir='ltr' id='par_1_57' title="bbox 316 3955 1905 4032">
     <span class='ocr_line' id='line_1_57' title="bbox 316 3955 1905 4032; baseline 0.005 -22"><span class='ocrx_word' id='word_1_400' title='bbox 316 3970 463 4021; x_wconf 89' lang='lat' dir='ltr'><strong>nem,</strong></span> <span class='ocrx_word' id='word_1_401' title='bbox 528 3956 746 4012; x_wconf 89' lang='lat' dir='ltr'><strong>nomine</strong></span> <span class='ocrx_word' id='word_1_402' title='bbox 785 3955 1092 4014; x_wconf 83' lang='lat' dir='ltr'><strong>Teuzonem</strong></span> <span class='ocrx_word' id='word_1_403' title='bbox 1121 3957 1259 4031; x_wconf 65' lang='grc' dir='ltr'><strong>(ει),</strong></span> <span class='ocrx_word' id='word_1_404' title='bbox 1285 3971 1570 4027; x_wconf 87' lang='lat' dir='ltr'><strong>venerunt,</strong></span> <span class='ocrx_word' id='word_1_405' title='bbox 1618 3962 1708 4032; x_wconf 83' lang='lat' dir='ltr'><strong>qui</strong></span> <span class='ocrx_word' id='word_1_406' title='bbox 1739 3976 1905 4018; x_wconf 87' lang='lat' dir='ltr'><strong>vene-</strong></span> 
     </span>
    </p>
   </div>
   <div class='ocr_carea' id='block_1_58' title="bbox 316 4048 1901 4115">
    <p class='ocr_par' dir='ltr' id='par_1_58' title="bbox 316 4048 1901 4115">
     <span class='ocr_line' id='line_1_58' title="bbox 316 4048 1901 4115; baseline 0.003 -11"><span class='ocrx_word' id='word_1_407' title='bbox 316 4049 506 4104; x_wconf 83' lang='lat' dir='ltr'><strong>rabilis</strong></span> <span class='ocrx_word' id='word_1_408' title='bbox 561 4048 686 4112; x_wconf 68' lang='lat' dir='ltr'><strong>vitte</strong></span> <span class='ocrx_word' id='word_1_409' title='bbox 724 4058 851 4105; x_wconf 87' lang='lat' dir='ltr'><strong>tunc</strong></span> <span class='ocrx_word' id='word_1_410' title='bbox 897 4050 1039 4104; x_wconf 89' lang='lat' dir='ltr'><strong>intra</strong></span> <span class='ocrx_word' id='word_1_411' title='bbox 1071 4049 1398 4115; x_wconf 60' lang='lat' dir='ltr'><strong>Florentius:</strong></span> <span class='ocrx_word' id='word_1_412' title='bbox 1433 4053 1582 4108; x_wconf 88' lang='lat' dir='ltr'><strong>urbis</strong></span> <span class='ocrx_word' id='word_1_413' title='bbox 1618 4055 1814 4109; x_wconf 68' lang='lat' dir='ltr'><strong>latonia</strong></span> <span class='ocrx_word' id='word_1_414' title='bbox 1849 4055 1901 4109; x_wconf 90' lang='lat' dir='ltr'><strong>in</strong></span> 
     </span>
    </p>
   </div>
   <div class='ocr_carea' id='block_1_59' title="bbox 317 4140 1903 4211">
    <p class='ocr_par' dir='ltr' id='par_1_59' title="bbox 317 4140 1903 4211">
     <span class='ocr_line' id='line_1_59' title="bbox 317 4140 1903 4211; baseline 0.004 -17"><span class='ocrx_word' id='word_1_415' title='bbox 317 4140 550 4211; x_wconf 85' lang='lat' dir='ltr'><strong>quadam</strong></span> <span class='ocrx_word' id='word_1_416' title='bbox 600 4155 763 4211; x_wconf 88' lang='lat' dir='ltr'><strong>parva</strong></span> <span class='ocrx_word' id='word_1_417' title='bbox 829 4141 1024 4196; x_wconf 83' lang='lat' dir='ltr'><strong>celiula</strong></span> <span class='ocrx_word' id='word_1_418' title='bbox 1063 4142 1222 4211; x_wconf 66' lang='lat' dir='ltr'><strong>juxta</strong></span> <span class='ocrx_word' id='word_1_419' title='bbox 1287 4145 1679 4201; x_wconf 87' lang='lat' dir='ltr'><strong>monasterium</strong></span> <span class='ocrx_word' id='word_1_420' title='bbox 1723 4144 1903 4202; x_wconf 75' lang='lat' dir='ltr'><strong>Beatte</strong></span> 
     </span>
    </p>
   </div>
   <div class='ocr_carea' id='block_1_60' title="bbox 316 4231 1900 4307">
    <p class='ocr_par' dir='ltr' id='par_1_60' title="bbox 316 4231 1900 4307">
     <span class='ocr_line' id='line_1_60' title="bbox 316 4231 1900 4307; baseline 0.004 -20"><span class='ocrx_word' id='word_1_421' title='bbox 316 4231 499 4288; x_wconf 72' lang='lat' dir='ltr'><strong>Mariae</strong></span> <span class='ocrx_word' id='word_1_422' title='bbox 526 4248 743 4304; x_wconf 87' lang='lat' dir='ltr'><strong>semper</strong></span> <span class='ocrx_word' id='word_1_423' title='bbox 773 4231 1007 4305; x_wconf 74' lang='lat' dir='ltr'><strong>Virginis</strong></span> <span class='ocrx_word' id='word_1_424' title='bbox 1028 4233 1142 4307; x_wconf 74' lang='lat'><strong>(25)</strong></span> <span class='ocrx_word' id='word_1_425' title='bbox 1173 4235 1410 4305; x_wconf 63' lang='lat' dir='ltr'><strong>praefatae</strong></span> <span class='ocrx_word' id='word_1_426' title='bbox 1431 4236 1742 4297; x_wconf 76' lang='lat' dir='ltr'><strong>eivitatisse</strong></span> <span class='ocrx_word' id='word_1_427' title='bbox 1769 4254 1900 4295; x_wconf 85' lang='lat' dir='ltr'><strong>con-</strong></span> 
     </span>
    </p>
   </div>
   <div class='ocr_carea' id='block_1_61' title="bbox 315 4320 1900 4395">
    <p class='ocr_par' dir='ltr' id='par_1_61' title="bbox 315 4320 1900 4395">
     <span class='ocr_line' id='line_1_61' title="bbox 315 4320 1900 4395; baseline 0.003 -15"><span class='ocrx_word' id='word_1_428' title='bbox 315 4325 571 4390; x_wconf 89' lang='lat' dir='ltr'><strong>cluserat,</strong></span> <span class='ocrx_word' id='word_1_429' title='bbox 600 4320 796 4395; x_wconf 37' lang='lat' dir='ltr'><strong>de‘qua</strong></span> <span class='ocrx_word' id='word_1_430' title='bbox 818 4325 1028 4380; x_wconf 89' lang='lat' dir='ltr'><strong>cunctis</strong></span> <span class='ocrx_word' id='word_1_431' title='bbox 1049 4325 1283 4382; x_wconf 82' lang='lat' dir='ltr'><strong>salubria</strong></span> <span class='ocrx_word' id='word_1_432' title='bbox 1299 4328 1463 4383; x_wconf 88' lang='lat' dir='ltr'><strong>dabat</strong></span> <span class='ocrx_word' id='word_1_433' title='bbox 1491 4329 1714 4395; x_wconf 86' lang='lat' dir='ltr'><strong>monita,</strong></span> <span class='ocrx_word' id='word_1_434' title='bbox 1737 4337 1792 4383; x_wconf 90' lang='lat' dir='ltr'><strong>et</strong></span> <span class='ocrx_word' id='word_1_435' title='bbox 1808 4344 1900 4384; x_wconf 81' lang='lat' dir='ltr'><strong>sa~</strong></span> 
     </span>
    </p>
   </div>
   <div class='ocr_carea' id='block_1_62' title="bbox 317 4415 1297 4486">
    <p class='ocr_par' dir='ltr' id='par_1_62' title="bbox 317 4415 1297 4486">
     <span class='ocr_line' id='line_1_62' title="bbox 317 4415 1297 4486; baseline 0.003 -18"><span class='ocrx_word' id='word_1_436' title='bbox 317 4415 533 4471; x_wconf 86' lang='lat' dir='ltr'><strong>lu&#39;tifera</strong></span> <span class='ocrx_word' id='word_1_437' title='bbox 562 4416 765 4471; x_wconf 87' lang='lat' dir='ltr'><strong>nemini</strong></span> <span class='ocrx_word' id='word_1_438' title='bbox 796 4416 1027 4486; x_wconf 85' lang='lat' dir='ltr'><strong>negabat</strong></span> <span class='ocrx_word' id='word_1_439' title='bbox 1050 4418 1297 4472; x_wconf 89' lang='lat' dir='ltr'><strong>consilia.</strong></span> 
     </span>
    </p>
   </div>
   <div class='ocr_carea' id='block_1_63' title="bbox 363 4502 1894 4584">
    <p class='ocr_par' dir='ltr' id='par_1_63' title="bbox 363 4502 1894 4584">
     <span class='ocr_line' id='line_1_63' title="bbox 363 4502 1894 4584; baseline 0.005 -24"><span class='ocrx_word' id='word_1_440' title='bbox 363 4504 440 4561; x_wconf 85' lang='lat'><strong>&#39;9.</strong></span> <span class='ocrx_word' id='word_1_441' title='bbox 473 4502 572 4562; x_wconf 80' lang='lat' dir='ltr'><strong>Hie</strong></span> <span class='ocrx_word' id='word_1_442' title='bbox 605 4506 818 4577; x_wconf 90' lang='lat' dir='ltr'><strong>publice</strong></span> <span class='ocrx_word' id='word_1_443' title='bbox 855 4506 1218 4563; x_wconf 55' lang='lat' dir='ltr'><strong>SimoniAcam</strong></span> <span class='ocrx_word' id='word_1_444' title='bbox 1258 4506 1558 4584; x_wconf 69' lang='lat' dir='ltr'><strong>[haeresim]</strong></span> <span class='ocrx_word' id='word_1_445' title='bbox 1581 4511 1894 4581; x_wconf 86' lang='lat' dir='ltr'><strong>damnabat,</strong></span> 
     </span>
    </p>
   </div>
   <div class='ocr_carea' id='block_1_64' title="bbox 317 4597 1897 4672">
    <p class='ocr_par' dir='ltr' id='par_1_64' title="bbox 317 4597 1897 4672">
     <span class='ocr_line' id='line_1_64' title="bbox 317 4597 1897 4672; baseline 0.007 -22"><span class='ocrx_word' id='word_1_446' title='bbox 317 4613 437 4669; x_wconf 75' lang='lat' dir='ltr'><strong>qua:</strong></span> <span class='ocrx_word' id='word_1_447' title='bbox 466 4606 639 4652; x_wconf 89' lang='lat' dir='ltr'><strong>totum</strong></span> <span class='ocrx_word' id='word_1_448' title='bbox 684 4597 1123 4654; x_wconf 86' lang='lat' dir='ltr'><strong>Ecelesiastieum</strong></span> <span class='ocrx_word' id='word_1_449' title='bbox 1154 4598 1410 4659; x_wconf 86' lang='lat' dir='ltr'><strong>Ordinem</strong></span> <span class='ocrx_word' id='word_1_450' title='bbox 1464 4610 1705 4672; x_wconf 87' lang='lat' dir='ltr'><strong>tempore</strong></span> <span class='ocrx_word' id='word_1_451' title='bbox 1728 4604 1897 4661; x_wconf 91' lang='lat' dir='ltr'><strong>multo</strong></span> 
     </span>
    </p>
   </div>
   <div class='ocr_carea' id='block_1_65' title="bbox 318 4687 1899 4760">
    <p class='ocr_par' dir='ltr' id='par_1_65' title="bbox 318 4687 1899 4760">
     <span class='ocr_line' id='line_1_65' title="bbox 318 4687 1899 4760; baseline 0.006 -19"><span class='ocrx_word' id='word_1_452' title='bbox 318 4689 533 4758; x_wconf 87' lang='lat' dir='ltr'><strong>penitus</strong></span> <span class='ocrx_word' id='word_1_453' title='bbox 559 4687 852 4742; x_wconf 88' lang='lat' dir='ltr'><strong>invaserat.</strong></span> <span class='ocrx_word' id='word_1_454' title='bbox 892 4690 974 4744; x_wconf 81' lang='lat' dir='ltr'><strong>Ad</strong></span> <span class='ocrx_word' id='word_1_455' title='bbox 1005 4704 1164 4760; x_wconf 87' lang='lat' dir='ltr'><strong>quem</strong></span> <span class='ocrx_word' id='word_1_456' title='bbox 1202 4689 1300 4745; x_wconf 81' lang='lat' dir='ltr'><strong>Vir</strong></span> <span class='ocrx_word' id='word_1_457' title='bbox 1333 4690 1425 4757; x_wconf 85' lang='lat' dir='ltr'><strong>Dei</strong></span> <span class='ocrx_word' id='word_1_458' title='bbox 1469 4689 1704 4748; x_wconf 80' lang='lat' dir='ltr'><strong>Joannes</strong></span> <span class='ocrx_word' id='word_1_459' title='bbox 1743 4708 1899 4750; x_wconf 83' lang='lat' dir='ltr'><strong>acce-</strong></span> 
     </span>
    </p>
   </div>
   <div class='ocr_carea' id='block_1_66' title="bbox 318 4779 1895 4853">
    <p class='ocr_par' dir='ltr' id='par_1_66' title="bbox 318 4779 1895 4853">
     <span class='ocr_line' id='line_1_66' title="bbox 318 4779 1895 4853; baseline 0.004 -19"><span class='ocrx_word' id='word_1_460' title='bbox 318 4779 473 4845; x_wconf 85' lang='lat' dir='ltr'><strong>dens,</strong></span> <span class='ocrx_word' id='word_1_461' title='bbox 520 4779 607 4836; x_wconf 89' lang='lat' dir='ltr'><strong>his</strong></span> <span class='ocrx_word' id='word_1_462' title='bbox 637 4780 816 4836; x_wconf 89' lang='lat' dir='ltr'><strong>verbis</strong></span> <span class='ocrx_word' id='word_1_463' title='bbox 849 4780 1128 4850; x_wconf 90' lang='lat' dir='ltr'><strong>alloquens</strong></span> <span class='ocrx_word' id='word_1_464' title='bbox 1154 4798 1169 4834; x_wconf 92' lang='lat'><strong>:</strong></span> <span class='ocrx_word' id='word_1_465' title='bbox 1193 4779 1451 4846; x_wconf 85' lang='lat' dir='ltr'><strong>Obsecro,</strong></span> <span class='ocrx_word' id='word_1_466' title='bbox 1485 4781 1583 4848; x_wconf 88' lang='lat' dir='ltr'><strong>ait,</strong></span> <span class='ocrx_word' id='word_1_467' title='bbox 1610 4783 1681 4838; x_wconf 82' lang='lat' dir='ltr'><strong>nti</strong></span> <span class='ocrx_word' id='word_1_468' title='bbox 1712 4782 1895 4853; x_wconf 77' lang='lat' dir='ltr'><strong>Pater,</strong></span> 
     </span>
    </p>
   </div>
   <div class='ocr_carea' id='block_1_67' title="bbox 319 4865 1898 4943">
    <p class='ocr_par' dir='ltr' id='par_1_67' title="bbox 319 4865 1898 4943">
     <span class='ocr_line' id='line_1_67' title="bbox 319 4865 1898 4943; baseline 0.004 -17"><span class='ocrx_word' id='word_1_469' title='bbox 319 4879 380 4926; x_wconf 89' lang='lat' dir='ltr'><strong>ut</strong></span> <span class='ocrx_word' id='word_1_470' title='bbox 402 4865 532 4927; x_wconf 85' lang='lat' dir='ltr'><strong>mihi</strong></span> <span class='ocrx_word' id='word_1_471' title='bbox 556 4875 608 4928; x_wconf 93' lang='lat' dir='ltr'><strong>in</strong></span> <span class='ocrx_word' id='word_1_472' title='bbox 622 4873 963 4930; x_wconf 70' lang='lat' dir='ltr'><strong>hmsitatione</strong></span> <span class='ocrx_word' id='word_1_473' title='bbox 991 4874 1168 4943; x_wconf 86' lang='lat' dir='ltr'><strong>posito</strong></span> <span class='ocrx_word' id='word_1_474' title='bbox 1205 4889 1310 4929; x_wconf 93' lang='lat' dir='ltr'><strong>non</strong></span> <span class='ocrx_word' id='word_1_475' title='bbox 1338 4875 1569 4940; x_wconf 87' lang='lat' dir='ltr'><strong>modica,</strong></span> <span class='ocrx_word' id='word_1_476' title='bbox 1594 4885 1778 4932; x_wconf 83' lang='lat' dir='ltr'><strong>saneta</strong></span> <span class='ocrx_word' id='word_1_477' title='bbox 1807 4887 1898 4934; x_wconf 85' lang='lat' dir='ltr'><strong>tua</strong></span> 
     </span>
    </p>
   </div>
   <div class='ocr_carea' id='block_1_68' title="bbox 316 4963 1900 5035">
    <p class='ocr_par' dir='ltr' id='par_1_68' title="bbox 316 4963 1900 5035">
     <span class='ocr_line' id='line_1_68' title="bbox 316 4963 1900 5035; baseline 0.004 -17"><span class='ocrx_word' id='word_1_478' title='bbox 316 4977 389 5018; x_wconf 83' lang='lat' dir='ltr'><strong>ne</strong></span> <span class='ocrx_word' id='word_1_479' title='bbox 413 4963 647 5033; x_wconf 69' lang='lat' dir='ltr'><strong>deneges</strong></span> <span class='ocrx_word' id='word_1_480' title='bbox 689 4964 937 5020; x_wconf 87' lang='lat' dir='ltr'><strong>consilia.</strong></span> <span class='ocrx_word' id='word_1_481' title='bbox 965 4963 1084 5035; x_wconf 76' lang='lat' dir='ltr'><strong>Sub</strong></span> <span class='ocrx_word' id='word_1_482' title='bbox 1100 4965 1409 5033; x_wconf 68' lang='lat' dir='ltr'><strong>simoniaco</strong></span> <span class='ocrx_word' id='word_1_483' title='bbox 1437 4964 1596 5024; x_wconf 85' lang='lat' dir='ltr'><strong>Patre</strong></span> <span class='ocrx_word' id='word_1_484' title='bbox 1627 4968 1810 5024; x_wconf 85' lang='lat' dir='ltr'><strong>vivere</strong></span> <span class='ocrx_word' id='word_1_485' title='bbox 1833 4970 1900 5025; x_wconf 82' lang='lat' dir='ltr'><strong>ti-</strong></span> 
     </span>
    </p>
   </div>
   <div class='ocr_carea' id='block_1_69' title="bbox 387 5099 1900 5188">
    <p class='ocr_par' dir='ltr' id='par_1_69' title="bbox 387 5099 1900 5188">
     <span class='ocr_line' id='line_1_69' title="bbox 387 5099 1900 5188; baseline -0.005 -5"><span class='ocrx_word' id='word_1_486' title='bbox 387 5109 511 5188; x_wconf 46' lang='grc' dir='ltr'><strong>(ᾖ),</strong></span> <span class='ocrx_word' id='word_1_487' title='bbox 528 5111 689 5188; x_wconf 61' lang='grc' dir='ltr'><strong>ξρνιρ</strong></span> <span class='ocrx_word' id='word_1_488' title='bbox 713 5114 761 5168; x_wconf 67' lang='grc' dir='ltr'><strong>δε</strong></span> <span class='ocrx_word' id='word_1_489' title='bbox 782 5109 1010 5167; x_wconf 63' lang='lat' dir='ltr'><strong>Uberi”</strong></span> <span class='ocrx_word' id='word_1_490' title='bbox 1039 5115 1182 5188; x_wconf 52' lang='lat' dir='ltr'><strong>idme</strong></span> <span class='ocrx_word' id='word_1_491' title='bbox 1200 5099 1310 5182; x_wconf 13' lang='lat' dir='ltr'><strong>iest,</strong></span> <span class='ocrx_word' id='word_1_492' title='bbox 1334 5118 1428 5188; x_wconf 85' lang='lat' dir='ltr'><strong>qui</strong></span> <span class='ocrx_word' id='word_1_493' title='bbox 1450 5119 1590 5187; x_wconf 87' lang='lat' dir='ltr'><strong>apud</strong></span> <span class='ocrx_word' id='word_1_494' title='bbox 1616 5117 1900 5188; x_wconf 80' lang='lat' dir='ltr'><strong>Ughelium</strong></span> 
     </span>
    </p>
   </div>
   <div class='ocr_carea' id='block_1_70' title="bbox 315 5134 1904 5259">
    <p class='ocr_par' dir='ltr' id='par_1_70' title="bbox 315 5134 1904 5259">
     <span class='ocr_line' id='line_1_70' title="bbox 387 5134 1900 5188; baseline 0.007 -22"><span class='ocrx_word' id='word_1_495' title='bbox 387 5134 503 5182; x_wconf 58' lang='lat' dir='ltr'><strong>tua)</strong></span> <span class='ocrx_word' id='word_1_496' title='bbox 528 5134 689 5168; x_wconf 81' lang='lat' dir='ltr'><strong>rorte</strong></span> <span class='ocrx_word' id='word_1_497' title='bbox 714 5134 761 5168; x_wconf 85' lang='lat' dir='ltr'><strong>Is</strong></span> <span class='ocrx_word' id='word_1_498' title='bbox 782 5134 825 5166; x_wconf 87' lang='grc' dir='ltr'><strong><em>υ</em></strong></span> <span class='ocrx_word' id='word_1_499' title='bbox 837 5134 1010 5167; x_wconf 74' lang='lat' dir='ltr'><strong>uersus</strong></span> <span class='ocrx_word' id='word_1_500' title='bbox 1041 5134 1182 5172; x_wconf 83' lang='lat' dir='ltr'><strong>mem</strong></span> <span class='ocrx_word' id='word_1_501' title='bbox 1205 5134 1310 5182; x_wconf 70' lang='grc' dir='ltr'><strong>εει,</strong></span> <span class='ocrx_word' id='word_1_502' title='bbox 1334 5134 1428 5188; x_wconf 88' lang='lat' dir='ltr'><strong>qut</strong></span> <span class='ocrx_word' id='word_1_503' title='bbox 1450 5134 1590 5187; x_wconf 80' lang='lat' dir='ltr'><strong>apud</strong></span> <span class='ocrx_word' id='word_1_504' title='bbox 1619 5134 1659 5175; x_wconf 89' lang='lat' dir='ltr'><strong>U</strong></span> <span class='ocrx_word' id='word_1_505' title='bbox 1701 5134 1900 5182; x_wconf 70' lang='lat' dir='ltr'><strong>“cllum</strong></span> 
     </span>
     <span class='ocr_line' id='line_1_71' title="bbox 315 5134 1904 5259; baseline 0.011 -25"><span class='ocrx_word' id='word_1_506' title='bbox 315 5187 373 5235; x_wconf 78' lang='lat' dir='ltr'><strong>et</strong></span> <span class='ocrx_word' id='word_1_507' title='bbox 408 5180 783 5259; x_wconf 61' lang='lat' dir='ltr'><strong>Mgtbilioaintn</strong></span> <span class='ocrx_word' id='word_1_508' title='bbox 808 5174 1310 5259; x_wconf 79' lang='lat' dir='ltr'><strong>voeatnr&#39;Obertus,</strong></span> <span class='ocrx_word' id='word_1_509' title='bbox 1364 5189 1432 5241; x_wconf 87' lang='lat' dir='ltr'><strong>ad</strong></span> <span class='ocrx_word' id='word_1_510' title='bbox 1461 5205 1623 5259; x_wconf 85' lang='lat' dir='ltr'><strong>quem</strong></span> <span class='ocrx_word' id='word_1_511' title='bbox 1666 5134 1904 5251; x_wconf 41' lang='lat' dir='ltr'><strong>Eenedi-</strong></span> 
     </span>
    </p>
   </div>
   <div class='ocr_carea' id='block_1_71' title="bbox 316 5251 1904 5330">
    <p class='ocr_par' dir='ltr' id='par_1_71' title="bbox 316 5251 1904 5330">
     <span class='ocr_line' id='line_1_72' title="bbox 316 5251 1904 5330; baseline 0.013 -28"><span class='ocrx_word' id='word_1_512' title='bbox 316 5260 436 5330; x_wconf 84' lang='lat' dir='ltr'><strong>etus</strong></span> <span class='ocrx_word' id='word_1_513' title='bbox 555 5254 772 5330; x_wconf 80' lang='lat' dir='ltr'><strong>scripsit</strong></span> <span class='ocrx_word' id='word_1_514' title='bbox 795 5254 1143 5330; x_wconf 71' lang='lat' dir='ltr'><strong>_epi_stolam,</strong></span> <span class='ocrx_word' id='word_1_515' title='bbox 1176 5270 1338 5326; x_wconf 82' lang='lat' dir='ltr'><strong>quam</strong></span> <span class='ocrx_word' id='word_1_516' title='bbox 1378 5251 1600 5316; x_wconf 78' lang='lat' dir='ltr'><strong>exhibet</strong></span> <span class='ocrx_word' id='word_1_517' title='bbox 1647 5258 1904 5330; x_wconf 83' lang='lat' dir='ltr'><strong>Ugltellus</strong></span> 
     </span>
    </p>
   </div>
   <div class='ocr_carea' id='block_1_72' title="bbox 314 5321 1209 5362">
    <p class='ocr_par' dir='ltr' id='par_1_72' title="bbox 314 5321 1209 5362">
     <span class='ocr_line' id='line_1_73' title="bbox 314 5321 1209 5362; baseline 0 0"><span class='ocrx_word' id='word_1_518' title='bbox 314 5328 443 5362; x_wconf 74' lang='lat' dir='ltr'><strong>lnm.</strong></span> <span class='ocrx_word' id='word_1_519' title='bbox 474 5321 533 5362; x_wconf 88' lang='lat' dir='ltr'><strong>Ill</strong></span> <span class='ocrx_word' id='word_1_520' title='bbox 556 5321 680 5356; x_wconf 62' lang='grc' dir='ltr'><strong>εισι-1⁷</strong></span> <span class='ocrx_word' id='word_1_521' title='bbox 712 5323 809 5362; x_wconf 66' lang='lat' dir='ltr'><strong>&#39;nnl</strong></span> <span class='ocrx_word' id='word_1_522' title='bbox 861 5323 949 5362; x_wconf 57' lang='grc'><strong>24-</strong></span> <span class='ocrx_word' id='word_1_523' title='bbox 1192 5321 1209 5353; x_wconf 65' lang='grc' dir='ltr'>ἶ</span> 
     </span>
    </p>
   </div>
   <div class='ocr_carea' id='block_1_73' title="bbox 2015 1843 3602 1925">
    <p class='ocr_par' dir='ltr' id='par_1_73' title="bbox 2015 1843 3602 1925">
     <span class='ocr_line' id='line_1_74' title="bbox 2015 1843 3602 1925; baseline 0.01 -27"><span class='ocrx_word' id='word_1_524' title='bbox 2015 1843 2338 1914; x_wconf 80' lang='lat' dir='ltr'><strong>Episcopum</strong></span> <span class='ocrx_word' id='word_1_525' title='bbox 2369 1853 2423 1898; x_wconf 92' lang='lat' dir='ltr'><strong>ct</strong></span> <span class='ocrx_word' id='word_1_526' title='bbox 2447 1847 2710 1901; x_wconf 81' lang='lat' dir='ltr'><strong>Ahbatem</strong></span> <span class='ocrx_word' id='word_1_527' title='bbox 2738 1849 3027 1918; x_wconf 87' lang='lat' dir='ltr'><strong>appe&#39;lavit</strong></span> <span class='ocrx_word' id='word_1_528' title='bbox 3054 1850 3418 1911; x_wconf 85' lang='lat' dir='ltr'><strong>Simouiacos.</strong></span> <span class='ocrx_word' id='word_1_529' title='bbox 3447 1854 3602 1925; x_wconf 85' lang='lat' dir='ltr'><strong>Quod</strong></span> 
     </span>
    </p>
   </div>
   <div class='ocr_carea' id='block_1_74' title="bbox 2013 1935 3601 2015">
    <p class='ocr_par' dir='ltr' id='par_1_74' title="bbox 2013 1935 3601 2015">
     <span class='ocr_line' id='line_1_75' title="bbox 2013 1935 3601 2015; baseline 0.014 -28"><span class='ocrx_word' id='word_1_530' title='bbox 2013 1935 2240 2000; x_wconf 89' lang='lat' dir='ltr'><strong>factum,</strong></span> <span class='ocrx_word' id='word_1_531' title='bbox 2273 1952 2526 2007; x_wconf 89' lang='lat' dir='ltr'><strong>maguum</strong></span> <span class='ocrx_word' id='word_1_532' title='bbox 2552 1939 2805 1997; x_wconf 89' lang='lat' dir='ltr'><strong>omnibus</strong></span> <span class='ocrx_word' id='word_1_533' title='bbox 2831 1941 3009 1997; x_wconf 89' lang='lat' dir='ltr'><strong>intulit</strong></span> <span class='ocrx_word' id='word_1_534' title='bbox 3034 1945 3333 2015; x_wconf 87' lang='lat' dir='ltr'><strong>pavendum</strong></span> <span class='ocrx_word' id='word_1_535' title='bbox 3356 1962 3601 2009; x_wconf 84' lang='lat' dir='ltr'><strong>errorem</strong></span> 
     </span>
    </p>
   </div>
   <div class='ocr_carea' id='block_1_75' title="bbox 1996 2025 3603 2101">
    <p class='ocr_par' dir='ltr' id='par_1_75' title="bbox 1996 2025 3603 2101">
     <span class='ocr_line' id='line_1_76' title="bbox 1996 2025 3603 2101; baseline 0.014 -24"><span class='ocrx_word' id='word_1_536' title='bbox 1996 2025 2140 2100; x_wconf 59' lang='lat' dir='ltr'><strong>(leg.</strong></span> <span class='ocrx_word' id='word_1_537' title='bbox 2168 2028 2479 2101; x_wconf 87' lang='lat' dir='ltr'><strong>terrorem],</strong></span> <span class='ocrx_word' id='word_1_538' title='bbox 2518 2030 2981 2100; x_wconf 85' lang='lat' dir='ltr'><strong>proclamantibus</strong></span> <span class='ocrx_word' id='word_1_539' title='bbox 3034 2038 3214 2094; x_wconf 88' lang='lat' dir='ltr'><strong>multis</strong></span> <span class='ocrx_word' id='word_1_540' title='bbox 3247 2037 3603 2101; x_wconf 82' lang='lat' dir='ltr'><strong>:Nuilatenus</strong></span> 
     </span>
    </p>
   </div>
   <div class='ocr_carea' id='block_1_76' title="bbox 2012 2120 3601 2205">
    <p class='ocr_par' dir='ltr' id='par_1_76' title="bbox 2012 2120 3601 2205">
     <span class='ocr_line' id='line_1_77' title="bbox 2012 2120 3601 2205; baseline 0.011 -31"><span class='ocrx_word' id='word_1_541' title='bbox 2012 2120 2224 2186; x_wconf 83' lang='lat' dir='ltr'><strong>evadat,</strong></span> <span class='ocrx_word' id='word_1_542' title='bbox 2256 2121 2351 2176; x_wconf 89' lang='lat' dir='ltr'><strong>sed</strong></span> <span class='ocrx_word' id='word_1_543' title='bbox 2398 2124 2697 2180; x_wconf 90' lang='lat' dir='ltr'><strong>occidatur.</strong></span> <span class='ocrx_word' id='word_1_544' title='bbox 2728 2125 2879 2183; x_wconf 87' lang='lat' dir='ltr'><strong>Tune</strong></span> <span class='ocrx_word' id='word_1_545' title='bbox 2928 2129 3144 2200; x_wconf 73' lang='lat' dir='ltr'><strong>quidam</strong></span> <span class='ocrx_word' id='word_1_546' title='bbox 3169 2120 3601 2205; x_wconf 81' lang='lat' dir='ltr'><strong>propinquorum</strong></span> 
     </span>
    </p>
   </div>
   <div class='ocr_carea' id='block_1_77' title="bbox 2013 2211 3603 2299">
    <p class='ocr_par' dir='ltr' id='par_1_77' title="bbox 2013 2211 3603 2299">
     <span class='ocr_line' id='line_1_78' title="bbox 2013 2211 3603 2299; baseline 0.011 -33"><span class='ocrx_word' id='word_1_547' title='bbox 2013 2211 2154 2268; x_wconf 91' lang='lat' dir='ltr'><strong>illius</strong></span> <span class='ocrx_word' id='word_1_548' title='bbox 2204 2225 2459 2272; x_wconf 90' lang='lat' dir='ltr'><strong>eruentes</strong></span> <span class='ocrx_word' id='word_1_549' title='bbox 2484 2232 2629 2280; x_wconf 89' lang='lat' dir='ltr'><strong>eum,</strong></span> <span class='ocrx_word' id='word_1_550' title='bbox 2681 2217 2817 2274; x_wconf 89' lang='lat' dir='ltr'><strong>clam</strong></span> <span class='ocrx_word' id='word_1_551' title='bbox 2868 2219 3207 2279; x_wconf 82' lang='lat' dir='ltr'><strong>dimiserunt.</strong></span> <span class='ocrx_word' id='word_1_552' title='bbox 3237 2225 3337 2293; x_wconf 90' lang='lat' dir='ltr'><strong>Qui</strong></span> <span class='ocrx_word' id='word_1_553' title='bbox 3361 2226 3428 2282; x_wconf 88' lang='lat' dir='ltr'><strong>ad</strong></span> <span class='ocrx_word' id='word_1_554' title='bbox 3452 2244 3603 2299; x_wconf 85' lang='lat' dir='ltr'><strong>mag-</strong></span> 
     </span>
    </p>
   </div>
   <div class='ocr_carea' id='block_1_78' title="bbox 2013 2311 3671 2385">
    <p class='ocr_par' dir='ltr' id='par_1_78' title="bbox 2013 2311 3671 2385">
     <span class='ocr_line' id='line_1_79' title="bbox 2013 2311 3671 2385; baseline 0.011 -25"><span class='ocrx_word' id='word_1_555' title='bbox 2013 2322 2140 2362; x_wconf 90' lang='lat' dir='ltr'><strong>num</strong></span> <span class='ocrx_word' id='word_1_556' title='bbox 2181 2322 2364 2365; x_wconf 87' lang='lat' dir='ltr'><strong>senem</strong></span> <span class='ocrx_word' id='word_1_557' title='bbox 2395 2312 2598 2366; x_wconf 65' lang='lat' dir='ltr'><strong>revehi</strong></span> <span class='ocrx_word' id='word_1_558' title='bbox 2632 2311 2932 2368; x_wconf 86' lang='lat' dir='ltr'><strong>retulerunt</strong></span> <span class='ocrx_word' id='word_1_559' title='bbox 2981 2315 3109 2385; x_wconf 86' lang='lat' dir='ltr'><strong>quid</strong></span> <span class='ocrx_word' id='word_1_560' title='bbox 3151 2319 3426 2374; x_wconf 82' lang='lat' dir='ltr'><strong>evenisset</strong></span> <span class='ocrx_word' id='word_1_561' title='bbox 3470 2318 3599 2377; x_wconf 85' lang='lat' dir='ltr'><strong>sibi.</strong></span> <span class='ocrx_word' id='word_1_562' title='bbox 3665 2335 3671 2340; x_wconf 82' lang='lat'><strong><em>‘</em></strong></span> 
     </span>
    </p>
   </div>
   <div class='ocr_carea' id='block_1_79' title="bbox 2011 2394 3602 2483">
    <p class='ocr_par' dir='ltr' id='par_1_79' title="bbox 2011 2394 3602 2483">
     <span class='ocr_line' id='line_1_80' title="bbox 2011 2394 3602 2483; baseline 0.009 -33"><span class='ocrx_word' id='word_1_563' title='bbox 2011 2395 2079 2450; x_wconf 83' lang='lat' dir='ltr'><strong>Et</strong></span> <span class='ocrx_word' id='word_1_564' title='bbox 2106 2394 2195 2453; x_wconf 90' lang='lat' dir='ltr'><strong>ille</strong></span> <span class='ocrx_word' id='word_1_565' title='bbox 2216 2400 2604 2470; x_wconf 76' lang='lat' dir='ltr'><strong>congratulatus</strong></span> <span class='ocrx_word' id='word_1_566' title='bbox 2645 2404 2902 2474; x_wconf 64' lang='lat' dir='ltr'><strong>praecepit</strong></span> <span class='ocrx_word' id='word_1_567' title='bbox 2943 2404 2995 2459; x_wconf 91' lang='lat' dir='ltr'><strong>in</strong></span> <span class='ocrx_word' id='word_1_568' title='bbox 3029 2404 3308 2463; x_wconf 72' lang='lat' dir='ltr'><strong>Romaniae</strong></span> <span class='ocrx_word' id='word_1_569' title='bbox 3340 2409 3453 2483; x_wconf 54' lang='lat'><strong>&#39;36)</strong></span> <span class='ocrx_word' id='word_1_570' title='bbox 3478 2426 3602 2483; x_wconf 85' lang='lat' dir='ltr'><strong>par-</strong></span> 
     </span>
    </p>
   </div>
   <div class='ocr_carea' id='block_1_80' title="bbox 2011 2478 3599 2571">
    <p class='ocr_par' dir='ltr' id='par_1_80' title="bbox 2011 2478 3599 2571">
     <span class='ocr_line' id='line_1_81' title="bbox 2011 2478 3599 2571; baseline 0.011 -29"><span class='ocrx_word' id='word_1_571' title='bbox 2011 2487 2153 2544; x_wconf 90' lang='lat' dir='ltr'><strong>tibus</strong></span> <span class='ocrx_word' id='word_1_572' title='bbox 2174 2504 2428 2563; x_wconf 89' lang='lat' dir='ltr'><strong>pergerc,</strong></span> <span class='ocrx_word' id='word_1_573' title='bbox 2453 2503 2504 2548; x_wconf 90' lang='lat' dir='ltr'><strong>et</strong></span> <span class='ocrx_word' id='word_1_574' title='bbox 2530 2504 2715 2565; x_wconf 90' lang='lat' dir='ltr'><strong>aptum</strong></span> <span class='ocrx_word' id='word_1_575' title='bbox 2742 2497 3129 2553; x_wconf 81' lang='lat' dir='ltr'><strong>monasterium</strong></span> <span class='ocrx_word' id='word_1_576' title='bbox 3168 2478 3599 2571; x_wconf 42' lang='lat' dir='ltr'><strong>inquirere,—ubi</strong></span> 
     </span>
    </p>
   </div>
   <div class='ocr_carea' id='block_1_81' title="bbox 2011 2583 2743 2651">
    <p class='ocr_par' dir='ltr' id='par_1_81' title="bbox 2011 2583 2743 2651">
     <span class='ocr_line' id='line_1_82' title="bbox 2011 2583 2743 2651; baseline 0.01 -17"><span class='ocrx_word' id='word_1_577' title='bbox 2011 2592 2233 2651; x_wconf 85' lang='lat' dir='ltr'><strong>possent</strong></span> <span class='ocrx_word' id='word_1_578' title='bbox 2263 2583 2484 2641; x_wconf 86' lang='lat' dir='ltr'><strong>Christo</strong></span> <span class='ocrx_word' id='word_1_579' title='bbox 2516 2588 2743 2641; x_wconf 86' lang='lat' dir='ltr'><strong>servire.</strong></span> 
     </span>
    </p>
   </div>
   <div class='ocr_carea' id='block_1_82' title="bbox 2080 2672 3595 2750">
    <p class='ocr_par' dir='ltr' id='par_1_82' title="bbox 2080 2672 3595 2750">
     <span class='ocr_line' id='line_1_83' title="bbox 2080 2672 3595 2750; baseline 0.011 -23"><span class='ocrx_word' id='word_1_580' title='bbox 2080 2672 2167 2728; x_wconf 73' lang='lat' dir='ltr'><strong>Ii.</strong></span> <span class='ocrx_word' id='word_1_581' title='bbox 2207 2672 2565 2746; x_wconf 77' lang='lat' dir='ltr'><strong>Pet-gentibus</strong></span> <span class='ocrx_word' id='word_1_582' title='bbox 2609 2678 2788 2748; x_wconf 88' lang='lat' dir='ltr'><strong>itaque</strong></span> <span class='ocrx_word' id='word_1_583' title='bbox 2837 2696 2935 2750; x_wconf 90' lang='lat' dir='ltr'><strong>per</strong></span> <span class='ocrx_word' id='word_1_584' title='bbox 2991 2681 3205 2738; x_wconf 84' lang='lat' dir='ltr'><strong>diversa</strong></span> <span class='ocrx_word' id='word_1_585' title='bbox 3264 2688 3595 2745; x_wconf 88' lang='lat' dir='ltr'><strong>monasteria</strong></span> 
     </span>
    </p>
   </div>
   <div class='ocr_carea' id='block_1_83' title="bbox 2006 2762 3598 2843">
    <p class='ocr_par' dir='ltr' id='par_1_83' title="bbox 2006 2762 3598 2843">
     <span class='ocr_line' id='line_1_84' title="bbox 2006 2762 3598 2843; baseline 0.013 -28"><span class='ocrx_word' id='word_1_586' title='bbox 2006 2768 2107 2830; x_wconf 84' lang='lat' dir='ltr'><strong>per</strong></span> <span class='ocrx_word' id='word_1_587' title='bbox 2146 2762 2455 2833; x_wconf 84' lang='lat' dir='ltr'><strong>aliquantos</strong></span> <span class='ocrx_word' id='word_1_588' title='bbox 2486 2766 2634 2831; x_wconf 91' lang='lat' dir='ltr'><strong>dies,</strong></span> <span class='ocrx_word' id='word_1_589' title='bbox 2668 2768 2886 2838; x_wconf 88' lang='lat' dir='ltr'><strong>quidam</strong></span> <span class='ocrx_word' id='word_1_590' title='bbox 2932 2786 3139 2843; x_wconf 89' lang='lat' dir='ltr'><strong>pauper</strong></span> <span class='ocrx_word' id='word_1_591' title='bbox 3183 2774 3236 2828; x_wconf 91' lang='lat' dir='ltr'><strong>in</strong></span> <span class='ocrx_word' id='word_1_592' title='bbox 3276 2791 3380 2831; x_wconf 90' lang='lat' dir='ltr'><strong>una</strong></span> <span class='ocrx_word' id='word_1_593' title='bbox 3412 2778 3500 2833; x_wconf 87' lang='lat' dir='ltr'><strong>die</strong></span> <span class='ocrx_word' id='word_1_594' title='bbox 3539 2794 3598 2835; x_wconf 85' lang='lat' dir='ltr'><strong>se</strong></span> 
     </span>
    </p>
   </div>
   <div class='ocr_carea' id='block_1_84' title="bbox 2010 2851 3597 2929">
    <p class='ocr_par' dir='ltr' id='par_1_84' title="bbox 2010 2851 3597 2929">
     <span class='ocr_line' id='line_1_85' title="bbox 2010 2851 3597 2929; baseline 0.013 -24"><span class='ocrx_word' id='word_1_595' title='bbox 2010 2851 2115 2908; x_wconf 90' lang='lat' dir='ltr'><strong>illis</strong></span> <span class='ocrx_word' id='word_1_596' title='bbox 2138 2852 2353 2909; x_wconf 89' lang='lat' dir='ltr'><strong>obvium</strong></span> <span class='ocrx_word' id='word_1_597' title='bbox 2406 2854 2547 2921; x_wconf 87' lang='lat' dir='ltr'><strong>tulit,</strong></span> <span class='ocrx_word' id='word_1_598' title='bbox 2578 2858 2875 2929; x_wconf 89' lang='lat' dir='ltr'><strong>deprecans</strong></span> <span class='ocrx_word' id='word_1_599' title='bbox 2918 2872 2976 2916; x_wconf 91' lang='lat' dir='ltr'><strong>ut</strong></span> <span class='ocrx_word' id='word_1_600' title='bbox 3018 2861 3119 2918; x_wconf 90' lang='lat' dir='ltr'><strong>sibi</strong></span> <span class='ocrx_word' id='word_1_601' title='bbox 3170 2866 3597 2926; x_wconf 87' lang='lat' dir='ltr'><strong>misericordiam</strong></span> 
     </span>
    </p>
   </div>
   <div class='ocr_carea' id='block_1_85' title="bbox 2000 2940 3597 3017">
    <p class='ocr_par' dir='ltr' id='par_1_85' title="bbox 2000 2940 3597 3017">
     <span class='ocr_line' id='line_1_86' title="bbox 2000 2940 3597 3017; baseline 0.013 -20"><span class='ocrx_word' id='word_1_602' title='bbox 2000 2940 2327 2998; x_wconf 74' lang='lat' dir='ltr'><strong>tribuerent.</strong></span> <span class='ocrx_word' id='word_1_603' title='bbox 2361 2944 2511 3003; x_wconf 82' lang='lat' dir='ltr'><strong>Tunc</strong></span> <span class='ocrx_word' id='word_1_604' title='bbox 2543 2947 2638 3005; x_wconf 80' lang='lat' dir='ltr'><strong>Vir</strong></span> <span class='ocrx_word' id='word_1_605' title='bbox 2677 2949 2770 3005; x_wconf 90' lang='lat' dir='ltr'><strong>Dei</strong></span> <span class='ocrx_word' id='word_1_606' title='bbox 2810 2949 3085 3010; x_wconf 89' lang='lat' dir='ltr'><strong>Johannes</strong></span> <span class='ocrx_word' id='word_1_607' title='bbox 3124 2956 3191 3012; x_wconf 86' lang='lat' dir='ltr'><strong>ad</strong></span> <span class='ocrx_word' id='word_1_608' title='bbox 3227 2973 3383 3014; x_wconf 85' lang='lat' dir='ltr'><strong>suum</strong></span> <span class='ocrx_word' id='word_1_609' title='bbox 3423 2963 3597 3017; x_wconf 81' lang='lat' dir='ltr'><strong>comi-</strong></span> 
     </span>
    </p>
   </div>
   <div class='ocr_carea' id='block_1_86' title="bbox 2010 3036 3600 3123">
    <p class='ocr_par' dir='ltr' id='par_1_86' title="bbox 2010 3036 3600 3123">
     <span class='ocr_line' id='line_1_87' title="bbox 2010 3036 3600 3123; baseline 0.011 -33"><span class='ocrx_word' id='word_1_610' title='bbox 2010 3045 2149 3092; x_wconf 89' lang='lat' dir='ltr'><strong>tem:</strong></span> <span class='ocrx_word' id='word_1_611' title='bbox 2178 3036 2332 3094; x_wconf 81' lang='lat' dir='ltr'><strong>Mitte</strong></span> <span class='ocrx_word' id='word_1_612' title='bbox 2360 3056 2601 3108; x_wconf 90' lang='lat' dir='ltr'><strong>manum,</strong></span> <span class='ocrx_word' id='word_1_613' title='bbox 2635 3041 2830 3114; x_wconf 86' lang='lat' dir='ltr'><strong>inquit,</strong></span> <span class='ocrx_word' id='word_1_614' title='bbox 2863 3045 2914 3099; x_wconf 91' lang='lat' dir='ltr'><strong>in</strong></span> <span class='ocrx_word' id='word_1_615' title='bbox 2942 3061 3154 3116; x_wconf 83' lang='lat' dir='ltr'><strong>perant,</strong></span> <span class='ocrx_word' id='word_1_616' title='bbox 3181 3047 3393 3117; x_wconf 83' lang='lat' dir='ltr'><strong>Frater,</strong></span> <span class='ocrx_word' id='word_1_617' title='bbox 3421 3062 3471 3107; x_wconf 91' lang='lat' dir='ltr'><strong>et</strong></span> <span class='ocrx_word' id='word_1_618' title='bbox 3502 3068 3600 3123; x_wconf 82' lang='lat' dir='ltr'><strong>pa-</strong></span> 
     </span>
    </p>
   </div>
   <div class='ocr_carea' id='block_1_87' title="bbox 2007 3131 3595 3216">
    <p class='ocr_par' dir='ltr' id='par_1_87' title="bbox 2007 3131 3595 3216">
     <span class='ocr_line' id='line_1_88' title="bbox 2007 3131 3595 3216; baseline 0.011 -32"><span class='ocrx_word' id='word_1_619' title='bbox 2007 3144 2151 3194; x_wconf 90' lang='lat' dir='ltr'><strong>nem,</strong></span> <span class='ocrx_word' id='word_1_620' title='bbox 2176 3145 2335 3200; x_wconf 92' lang='lat' dir='ltr'><strong>quem</strong></span> <span class='ocrx_word' id='word_1_621' title='bbox 2352 3131 2635 3198; x_wconf 89' lang='lat' dir='ltr'><strong>habemus,</strong></span> <span class='ocrx_word' id='word_1_622' title='bbox 2658 3134 2859 3203; x_wconf 88' lang='lat' dir='ltr'><strong>divide,</strong></span> <span class='ocrx_word' id='word_1_623' title='bbox 2892 3139 3348 3212; x_wconf 88' lang='lat' dir='ltr'><strong>medietatemque</strong></span> <span class='ocrx_word' id='word_1_624' title='bbox 3368 3145 3595 3216; x_wconf 82' lang='lat' dir='ltr'><strong>pauperi</strong></span> 
     </span>
    </p>
   </div>
   <div class='ocr_carea' id='block_1_88' title="bbox 1998 3222 3598 3305">
    <p class='ocr_par' dir='ltr' id='par_1_88' title="bbox 1998 3222 3598 3305">
     <span class='ocr_line' id='line_1_89' title="bbox 1998 3222 3598 3305; baseline 0.011 -28"><span class='ocrx_word' id='word_1_625' title='bbox 1998 3222 2204 3305; x_wconf 86' lang='lat' dir='ltr'><strong>tribue.</strong></span> <span class='ocrx_word' id='word_1_626' title='bbox 2255 3222 2538 3281; x_wconf 83' lang='lat' dir='ltr'><strong>Renueute</strong></span> <span class='ocrx_word' id='word_1_627' title='bbox 2582 3225 2674 3281; x_wconf 81' lang='lat' dir='ltr'><strong>illo</strong></span> <span class='ocrx_word' id='word_1_628' title='bbox 2724 3237 2886 3297; x_wconf 89' lang='lat' dir='ltr'><strong>atque</strong></span> <span class='ocrx_word' id='word_1_629' title='bbox 2932 3230 3145 3286; x_wconf 90' lang='lat' dir='ltr'><strong>dicente</strong></span> <span class='ocrx_word' id='word_1_630' title='bbox 3178 3247 3193 3287; x_wconf 92' lang='lat'><strong>:</strong></span> <span class='ocrx_word' id='word_1_631' title='bbox 3226 3232 3330 3290; x_wconf 89' lang='lat' dir='ltr'><strong>Per</strong></span> <span class='ocrx_word' id='word_1_632' title='bbox 3381 3235 3598 3299; x_wconf 75' lang='lat' dir='ltr'><strong>diversa</strong></span> 
     </span>
    </p>
   </div>
   <div class='ocr_carea' id='block_1_89' title="bbox 2005 3312 3597 3391">
    <p class='ocr_par' dir='ltr' id='par_1_89' title="bbox 2005 3312 3597 3391">
     <span class='ocr_line' id='line_1_90' title="bbox 2005 3312 3597 3391; baseline 0.012 -25"><span class='ocrx_word' id='word_1_633' title='bbox 2005 3314 2144 3368; x_wconf 87' lang='lat' dir='ltr'><strong>ostia</strong></span> <span class='ocrx_word' id='word_1_634' title='bbox 2180 3312 2337 3369; x_wconf 85' lang='lat' dir='ltr'><strong>hodie</strong></span> <span class='ocrx_word' id='word_1_635' title='bbox 2367 3315 2469 3370; x_wconf 90' lang='lat' dir='ltr'><strong>iste</strong></span> <span class='ocrx_word' id='word_1_636' title='bbox 2498 3317 2805 3386; x_wconf 86' lang='lat' dir='ltr'><strong>gradietur,</strong></span> <span class='ocrx_word' id='word_1_637' title='bbox 2845 3329 2899 3374; x_wconf 91' lang='lat' dir='ltr'><strong>ct</strong></span> <span class='ocrx_word' id='word_1_638' title='bbox 2932 3320 3272 3379; x_wconf 88' lang='lat' dir='ltr'><strong>abundanter</strong></span> <span class='ocrx_word' id='word_1_639' title='bbox 3298 3326 3347 3382; x_wconf 90' lang='lat' dir='ltr'><strong>ei</strong></span> <span class='ocrx_word' id='word_1_640' title='bbox 3394 3329 3597 3391; x_wconf 81' lang='lat' dir='ltr'><strong>tribue-</strong></span> 
     </span>
    </p>
   </div>
   <div class='ocr_carea' id='block_1_90' title="bbox 2006 3400 3592 3486">
    <p class='ocr_par' dir='ltr' id='par_1_90' title="bbox 2006 3400 3592 3486">
     <span class='ocr_line' id='line_1_91' title="bbox 2006 3400 3592 3486; baseline 0.011 -29"><span class='ocrx_word' id='word_1_641' title='bbox 2006 3413 2127 3470; x_wconf 89' lang='lat' dir='ltr'><strong>tur;</strong></span> <span class='ocrx_word' id='word_1_642' title='bbox 2157 3419 2256 3461; x_wconf 91' lang='lat' dir='ltr'><strong>nos</strong></span> <span class='ocrx_word' id='word_1_643' title='bbox 2282 3414 2483 3473; x_wconf 83' lang='lat' dir='ltr'><strong>autem,</strong></span> <span class='ocrx_word' id='word_1_644' title='bbox 2512 3407 2602 3477; x_wconf 91' lang='lat' dir='ltr'><strong>qui</strong></span> <span class='ocrx_word' id='word_1_645' title='bbox 2634 3424 2740 3462; x_wconf 92' lang='lat' dir='ltr'><strong>non</strong></span> <span class='ocrx_word' id='word_1_646' title='bbox 2779 3408 2880 3464; x_wconf 87' lang='lat' dir='ltr'><strong>nisi</strong></span> <span class='ocrx_word' id='word_1_647' title='bbox 2905 3426 3069 3465; x_wconf 89' lang='lat' dir='ltr'><strong>unum</strong></span> <span class='ocrx_word' id='word_1_648' title='bbox 3093 3429 3285 3484; x_wconf 85' lang='lat' dir='ltr'><strong>panem</strong></span> <span class='ocrx_word' id='word_1_649' title='bbox 3308 3400 3592 3486; x_wconf 80' lang='lat' dir='ltr'><strong>habettttts,</strong></span> 
     </span>
    </p>
   </div>
   <div class='ocr_carea' id='block_1_91' title="bbox 2005 3496 3601 3578">
    <p class='ocr_par' dir='ltr' id='par_1_91' title="bbox 2005 3496 3601 3578">
     <span class='ocr_line' id='line_1_92' title="bbox 2005 3496 3601 3578; baseline 0.009 -28"><span class='ocrx_word' id='word_1_650' title='bbox 2005 3498 2149 3552; x_wconf 84' lang='lat' dir='ltr'><strong>unde</strong></span> <span class='ocrx_word' id='word_1_651' title='bbox 2190 3496 2654 3552; x_wconf 81' lang='lat' dir='ltr'><strong>sustentabimur?</strong></span> <span class='ocrx_word' id='word_1_652' title='bbox 2680 3499 2745 3554; x_wconf 84' lang='lat' dir='ltr'><strong>Et</strong></span> <span class='ocrx_word' id='word_1_653' title='bbox 2776 3499 2864 3555; x_wconf 86' lang='lat' dir='ltr'><strong>ille</strong></span> <span class='ocrx_word' id='word_1_654' title='bbox 2891 3519 2904 3554; x_wconf 92' lang='lat'><strong>:</strong></span> <span class='ocrx_word' id='word_1_655' title='bbox 2928 3499 3007 3557; x_wconf 85' lang='lat' dir='ltr'><strong>Ne</strong></span> <span class='ocrx_word' id='word_1_656' title='bbox 3034 3505 3328 3573; x_wconf 89' lang='lat' dir='ltr'><strong>cuncteris,</strong></span> <span class='ocrx_word' id='word_1_657' title='bbox 3376 3496 3601 3578; x_wconf 68' lang='lat' dir='ltr'><strong>Frater,</strong></span> 
     </span>
    </p>
   </div>
   <div class='ocr_carea' id='block_1_92' title="bbox 2006 3587 3592 3669">
    <p class='ocr_par' dir='ltr' id='par_1_92' title="bbox 2006 3587 3592 3669">
     <span class='ocr_line' id='line_1_93' title="bbox 2006 3587 3592 3669; baseline 0.006 -24"><span class='ocrx_word' id='word_1_658' title='bbox 2006 3587 2265 3646; x_wconf 81' lang='lat' dir='ltr'><strong>tribucre.</strong></span> <span class='ocrx_word' id='word_1_659' title='bbox 2292 3588 2527 3658; x_wconf 84' lang='lat' dir='ltr'><strong>Accepto</strong></span> <span class='ocrx_word' id='word_1_660' title='bbox 2553 3589 2734 3659; x_wconf 90' lang='lat' dir='ltr'><strong>itaque</strong></span> <span class='ocrx_word' id='word_1_661' title='bbox 2762 3605 2899 3661; x_wconf 90' lang='lat' dir='ltr'><strong>pane</strong></span> <span class='ocrx_word' id='word_1_662' title='bbox 2920 3607 3123 3664; x_wconf 89' lang='lat' dir='ltr'><strong>pauper</strong></span> <span class='ocrx_word' id='word_1_663' title='bbox 3143 3596 3346 3666; x_wconf 86' lang='lat' dir='ltr'><strong>gratias</strong></span> <span class='ocrx_word' id='word_1_664' title='bbox 3369 3599 3592 3669; x_wconf 88' lang='lat' dir='ltr'><strong>agebat;</strong></span> 
     </span>
    </p>
   </div>
   <div class='ocr_carea' id='block_1_93' title="bbox 2004 3672 3593 3752">
    <p class='ocr_par' dir='ltr' id='par_1_93' title="bbox 2004 3672 3593 3752">
     <span class='ocr_line' id='line_1_94' title="bbox 2004 3672 3593 3752; baseline 0.005 -13"><span class='ocrx_word' id='word_1_665' title='bbox 2004 3692 2065 3739; x_wconf 58' lang='lat' dir='ltr'><strong>et&quot;</strong></span> <span class='ocrx_word' id='word_1_666' title='bbox 2086 3694 2302 3738; x_wconf 89' lang='lat' dir='ltr'><strong>rursum</strong></span> <span class='ocrx_word' id='word_1_667' title='bbox 2334 3679 2565 3752; x_wconf 74' lang='lat' dir='ltr'><strong>imperat</strong></span> <span class='ocrx_word' id='word_1_668' title='bbox 2617 3682 2788 3739; x_wconf 86' lang='lat' dir='ltr'><strong>sodali</strong></span> <span class='ocrx_word' id='word_1_669' title='bbox 2832 3678 2993 3739; x_wconf 87' lang='lat' dir='ltr'><strong>aliam</strong></span> <span class='ocrx_word' id='word_1_670' title='bbox 3025 3687 3373 3744; x_wconf 87' lang='lat' dir='ltr'><strong>medietatem</strong></span> <span class='ocrx_word' id='word_1_671' title='bbox 3408 3672 3593 3747; x_wconf 86' lang='lat' dir='ltr'><strong>tribui.</strong></span> 
     </span>
    </p>
   </div>
   <div class='ocr_carea' id='block_1_94' title="bbox 2004 3775 3603 3858">
    <p class='ocr_par' dir='ltr' id='par_1_94' title="bbox 2004 3775 3603 3858">
     <span class='ocr_line' id='line_1_95' title="bbox 2004 3775 3603 3858; baseline 0.007 -28"><span class='ocrx_word' id='word_1_672' title='bbox 2004 3775 2123 3844; x_wconf 93' lang='lat' dir='ltr'><strong>Quo</strong></span> <span class='ocrx_word' id='word_1_673' title='bbox 2151 3788 2375 3848; x_wconf 87' lang='lat' dir='ltr'><strong>peracto</strong></span> <span class='ocrx_word' id='word_1_674' title='bbox 2397 3820 2410 3845; x_wconf 95' lang='lat'><strong>,</strong></span> <span class='ocrx_word' id='word_1_675' title='bbox 2444 3780 2672 3853; x_wconf 89' lang='lat' dir='ltr'><strong>imperat</strong></span> <span class='ocrx_word' id='word_1_676' title='bbox 2695 3791 2932 3837; x_wconf 87' lang='lat' dir='ltr'><strong>castrum</strong></span> <span class='ocrx_word' id='word_1_677' title='bbox 2965 3783 3209 3855; x_wconf 85' lang='lat' dir='ltr'><strong>ingredi,</strong></span> <span class='ocrx_word' id='word_1_678' title='bbox 3243 3794 3297 3841; x_wconf 88' lang='lat' dir='ltr'><strong>et</strong></span> <span class='ocrx_word' id='word_1_679' title='bbox 3346 3795 3603 3858; x_wconf 79' lang='lat' dir='ltr'><strong>sumptus.</strong></span> 
     </span>
    </p>
   </div>
   <div class='ocr_carea' id='block_1_95' title="bbox 2004 3866 3609 3946">
    <p class='ocr_par' dir='ltr' id='par_1_95' title="bbox 2004 3866 3609 3946">
     <span class='ocr_line' id='line_1_96' title="bbox 2004 3866 3609 3946; baseline 0.006 -20"><span class='ocrx_word' id='word_1_680' title='bbox 2004 3870 2106 3927; x_wconf 91' lang='lat' dir='ltr'><strong>sibi</strong></span> <span class='ocrx_word' id='word_1_681' title='bbox 2138 3873 2471 3929; x_wconf 87' lang='lat' dir='ltr'><strong>necessarios</strong></span> <span class='ocrx_word' id='word_1_682' title='bbox 2494 3889 2595 3944; x_wconf 84' lang='lat' dir='ltr'><strong>per</strong></span> <span class='ocrx_word' id='word_1_683' title='bbox 2614 3874 2802 3931; x_wconf 88' lang='lat' dir='ltr'><strong>domos</strong></span> <span class='ocrx_word' id='word_1_684' title='bbox 2829 3874 3072 3946; x_wconf 70' lang='lat' dir='ltr'><strong>inquiri-</strong></span> <span class='ocrx_word' id='word_1_685' title='bbox 3096 3872 3466 3934; x_wconf 80' lang='lat' dir='ltr'><strong>Petlttsttante</strong></span> <span class='ocrx_word' id='word_1_686' title='bbox 3494 3866 3609 3935; x_wconf 45' lang='lat' dir='ltr'><strong>ita?</strong></span> 
     </span>
    </p>
   </div>
   <div class='ocr_carea' id='block_1_96' title="bbox 2005 3962 3592 4034">
    <p class='ocr_par' dir='ltr' id='par_1_96' title="bbox 2005 3962 3592 4034">
     <span class='ocr_line' id='line_1_97' title="bbox 2005 3962 3592 4034; baseline 0.008 -18"><span class='ocrx_word' id='word_1_687' title='bbox 2005 3977 2112 4033; x_wconf 91' lang='lat' dir='ltr'><strong>que</strong></span> <span class='ocrx_word' id='word_1_688' title='bbox 2137 3978 2203 4017; x_wconf 89' lang='lat' dir='ltr'><strong>eo</strong></span> <span class='ocrx_word' id='word_1_689' title='bbox 2240 3980 2337 4034; x_wconf 91' lang='lat' dir='ltr'><strong>per</strong></span> <span class='ocrx_word' id='word_1_690' title='bbox 2364 3965 2607 4021; x_wconf 81' lang='lat' dir='ltr'><strong>diversas</strong></span> <span class='ocrx_word' id='word_1_691' title='bbox 2649 3966 2868 4032; x_wconf 90' lang='lat' dir='ltr'><strong>domos,</strong></span> <span class='ocrx_word' id='word_1_692' title='bbox 2900 3967 2966 4021; x_wconf 90' lang='lat' dir='ltr'><strong>ad</strong></span> <span class='ocrx_word' id='word_1_693' title='bbox 3011 3967 3258 4023; x_wconf 87' lang='lat' dir='ltr'><strong>ultimum</strong></span> <span class='ocrx_word' id='word_1_694' title='bbox 3297 3962 3546 4028; x_wconf 72' lang='lat' dir='ltr'><strong>reversus</strong></span> <span class='ocrx_word' id='word_1_695' title='bbox 3579 3991 3592 4028; x_wconf 90' lang='lat'><strong>:</strong></span> 
     </span>
    </p>
   </div>
   <div class='ocr_carea' id='block_1_97' title="bbox 2002 4052 3593 4129">
    <p class='ocr_par' dir='ltr' id='par_1_97' title="bbox 2002 4052 3593 4129">
     <span class='ocr_line' id='line_1_98' title="bbox 2002 4052 3593 4129; baseline 0.003 -20"><span class='ocrx_word' id='word_1_696' title='bbox 2002 4054 2106 4118; x_wconf 85' lang='lat' dir='ltr'><strong>En,</strong></span> <span class='ocrx_word' id='word_1_697' title='bbox 2142 4054 2335 4124; x_wconf 86' lang='lat' dir='ltr'><strong>inquit,</strong></span> <span class='ocrx_word' id='word_1_698' title='bbox 2367 4054 2458 4124; x_wconf 92' lang='lat' dir='ltr'><strong>qui</strong></span> <span class='ocrx_word' id='word_1_699' title='bbox 2506 4052 2697 4125; x_wconf 80' lang='lat' dir='ltr'><strong>pa:&#39;:em</strong></span> <span class='ocrx_word' id='word_1_700' title='bbox 2737 4055 2948 4124; x_wconf 85' lang='lat' dir='ltr'><strong>jussiin</strong></span> <span class='ocrx_word' id='word_1_701' title='bbox 2995 4057 3257 4124; x_wconf 88' lang='lat' dir='ltr'><strong>tribuere,</strong></span> <span class='ocrx_word' id='word_1_702' title='bbox 3292 4073 3390 4129; x_wconf 89' lang='lat' dir='ltr'><strong>per</strong></span> <span class='ocrx_word' id='word_1_703' title='bbox 3423 4069 3593 4117; x_wconf 90' lang='lat' dir='ltr'><strong>totum</strong></span> 
     </span>
    </p>
   </div>
   <div class='ocr_carea' id='block_1_98' title="bbox 2003 4145 3595 4219">
    <p class='ocr_par' dir='ltr' id='par_1_98' title="bbox 2003 4145 3595 4219">
     <span class='ocr_line' id='line_1_99' title="bbox 2003 4145 3595 4219; baseline 0.003 -17"><span class='ocrx_word' id='word_1_704' title='bbox 2003 4154 2243 4202; x_wconf 86' lang='lat' dir='ltr'><strong>castrum</strong></span> <span class='ocrx_word' id='word_1_705' title='bbox 2266 4145 2590 4201; x_wconf 89' lang='lat' dir='ltr'><strong>circumiens</strong></span> <span class='ocrx_word' id='word_1_706' title='bbox 2617 4162 2721 4201; x_wconf 92' lang='lat' dir='ltr'><strong>non</strong></span> <span class='ocrx_word' id='word_1_707' title='bbox 2751 4147 2852 4202; x_wconf 90' lang='lat' dir='ltr'><strong>nisi</strong></span> <span class='ocrx_word' id='word_1_708' title='bbox 2886 4148 2984 4203; x_wconf 89' lang='lat' dir='ltr'><strong>tria</strong></span> <span class='ocrx_word' id='word_1_709' title='bbox 3009 4163 3106 4203; x_wconf 85' lang='lat' dir='ltr'><strong>ova</strong></span> <span class='ocrx_word' id='word_1_710' title='bbox 3131 4148 3416 4219; x_wconf 86' lang='lat' dir='ltr'><strong>acquisivi.</strong></span> <span class='ocrx_word' id='word_1_711' title='bbox 3442 4148 3595 4207; x_wconf 87' lang='lat' dir='ltr'><strong>Tunc</strong></span> 
     </span>
    </p>
   </div>
   <div class='ocr_carea' id='block_1_99' title="bbox 2003 4237 3596 4310">
    <p class='ocr_par' dir='ltr' id='par_1_99' title="bbox 2003 4237 3596 4310">
     <span class='ocr_line' id='line_1_100' title="bbox 2003 4237 3596 4310; baseline 0.002 -19"><span class='ocrx_word' id='word_1_712' title='bbox 2003 4237 2221 4307; x_wconf 91' lang='lat' dir='ltr'><strong>quidam</strong></span> <span class='ocrx_word' id='word_1_713' title='bbox 2253 4244 2529 4306; x_wconf 87' lang='lat' dir='ltr'><strong>pastorum</strong></span> <span class='ocrx_word' id='word_1_714' title='bbox 2564 4237 2678 4292; x_wconf 67' lang='lat' dir='ltr'><strong>haec</strong></span> <span class='ocrx_word' id='word_1_715' title='bbox 2709 4237 3084 4307; x_wconf 64' lang='lat' dir='ltr'><strong>inspicientes,</strong></span> <span class='ocrx_word' id='word_1_716' title='bbox 3116 4239 3182 4292; x_wconf 90' lang='lat' dir='ltr'><strong>ad</strong></span> <span class='ocrx_word' id='word_1_717' title='bbox 3205 4247 3442 4293; x_wconf 91' lang='lat' dir='ltr'><strong>castrum</strong></span> <span class='ocrx_word' id='word_1_718' title='bbox 3471 4255 3596 4310; x_wconf 84' lang='lat' dir='ltr'><strong>per-</strong></span> 
     </span>
    </p>
   </div>
   <div class='ocr_carea' id='block_1_100' title="bbox 2003 4328 3595 4422">
    <p class='ocr_par' dir='ltr' id='par_1_100' title="bbox 2003 4328 3595 4422">
     <span class='ocr_line' id='line_1_101' title="bbox 2003 4328 3595 4422; baseline 0.001 -38"><span class='ocrx_word' id='word_1_719' title='bbox 2003 4337 2219 4399; x_wconf 87' lang='lat' dir='ltr'><strong>gentes,</strong></span> <span class='ocrx_word' id='word_1_720' title='bbox 2245 4343 2596 4398; x_wconf 65' lang='lat' dir='ltr'><strong>quaecumque</strong></span> <span class='ocrx_word' id='word_1_721' title='bbox 2629 4328 2875 4383; x_wconf 87' lang='lat' dir='ltr'><strong>viderant</strong></span> <span class='ocrx_word' id='word_1_722' title='bbox 2914 4328 3057 4383; x_wconf 90' lang='lat' dir='ltr'><strong>intro</strong></span> <span class='ocrx_word' id='word_1_723' title='bbox 3096 4329 3498 4385; x_wconf 78' lang='lat' dir='ltr'><strong>nuntiaventnt.</strong></span> <span class='ocrx_word' id='word_1_724' title='bbox 3527 4329 3595 4422; x_wconf 44' lang='lat' dir='ltr'><strong>Elt</strong></span> 
     </span>
    </p>
   </div>
   <div class='ocr_carea' id='block_1_101' title="bbox 1925 4418 3591 4529">
    <p class='ocr_par' dir='ltr' id='par_1_101' title="bbox 1925 4418 3591 4529">
     <span class='ocr_line' id='line_1_102' title="bbox 1925 4418 3591 4529; baseline 0.001 -57"><span class='ocrx_word' id='word_1_725' title='bbox 1925 4468 1977 4529; x_wconf 66' lang='grc' dir='ltr'>υ</span> <span class='ocrx_word' id='word_1_726' title='bbox 2003 4419 2222 4490; x_wconf 88' lang='lat' dir='ltr'><strong>quidam</strong></span> <span class='ocrx_word' id='word_1_727' title='bbox 2257 4418 2627 4475; x_wconf 87' lang='lat' dir='ltr'><strong>misericordia</strong></span> <span class='ocrx_word' id='word_1_728' title='bbox 2667 4428 2881 4482; x_wconf 88' lang='lat' dir='ltr'><strong>motus,</strong></span> <span class='ocrx_word' id='word_1_729' title='bbox 2916 4418 3019 4473; x_wconf 86' lang='lat' dir='ltr'><strong>illis</strong></span> <span class='ocrx_word' id='word_1_730' title='bbox 3062 4434 3382 4484; x_wconf 88' lang='lat' dir='ltr'><strong>occurrens,</strong></span> <span class='ocrx_word' id='word_1_731' title='bbox 3424 4418 3591 4475; x_wconf 83' lang='lat' dir='ltr'><strong>unum</strong></span> 
     </span>
     <span class='ocr_line' id='line_1_103' title="bbox 2003 4508 3591 4529; baseline 0.001 -2"><span class='ocrx_word' id='word_1_732' title='bbox 2003 4525 2188 4529; x_wconf 26' lang='grc' dir='ltr'><strong>--μέλ</strong></span> <span class='ocrx_word' id='word_1_733' title='bbox 2224 4510 2461 4529; x_wconf 31' lang='lat' dir='ltr'><strong>“Mue</strong></span> <span class='ocrx_word' id='word_1_734' title='bbox 2532 4525 2733 4529; x_wconf 60' lang='lat'><strong>__-___-</strong></span> <span class='ocrx_word' id='word_1_735' title='bbox 2776 4518 2816 4529; x_wconf 58' lang='grc'><strong>-.</strong></span> <span class='ocrx_word' id='word_1_736' title='bbox 2866 4509 3099 4529; x_wconf 26' lang='lat' dir='ltr'><strong>ww..-“</strong></span> <span class='ocrx_word' id='word_1_737' title='bbox 3157 4508 3347 4529; x_wconf 33' lang='grc' dir='ltr'><strong>ρῳεη-</strong></span> 
     </span>
    </p>
   </div>
   <div class='ocr_carea' id='block_1_102' title="bbox 2001 4508 3593 4581">
    <p class='ocr_par' dir='ltr' id='par_1_102' title="bbox 2001 4508 3593 4581">
     <span class='ocr_line' id='line_1_104' title="bbox 2001 4508 3593 4581; baseline 0 -15"><span class='ocrx_word' id='word_1_738' title='bbox 2001 4525 2195 4580; x_wconf 88' lang='lat' dir='ltr'><strong>panem</strong></span> <span class='ocrx_word' id='word_1_739' title='bbox 2224 4510 2504 4581; x_wconf 79' lang='lat' dir='ltr'><strong>porrexit,</strong></span> <span class='ocrx_word' id='word_1_740' title='bbox 2531 4525 2738 4565; x_wconf 89' lang='lat' dir='ltr'><strong>necnon</strong></span> <span class='ocrx_word' id='word_1_741' title='bbox 2768 4518 2824 4565; x_wconf 86' lang='lat' dir='ltr'><strong>et</strong></span> <span class='ocrx_word' id='word_1_742' title='bbox 2859 4509 3105 4580; x_wconf 64' lang='lat' dir='ltr'><strong>quaedam</strong></span> <span class='ocrx_word' id='word_1_743' title='bbox 3156 4508 3356 4565; x_wconf 89' lang='lat' dir='ltr'><strong>femina</strong></span> <span class='ocrx_word' id='word_1_744' title='bbox 3400 4511 3593 4568; x_wconf 82' lang='lat' dir='ltr'><strong>nitenti</strong></span> 
     </span>
    </p>
   </div>
   <div class='ocr_carea' id='block_1_103' title="bbox 1998 4601 3593 4674">
    <p class='ocr_par' dir='ltr' id='par_1_103' title="bbox 1998 4601 3593 4674">
     <span class='ocr_line' id='line_1_105' title="bbox 1998 4601 3593 4674; baseline 0.002 -18"><span class='ocrx_word' id='word_1_745' title='bbox 1998 4602 2170 4658; x_wconf 82' lang='lat' dir='ltr'><strong>linteo</strong></span> <span class='ocrx_word' id='word_1_746' title='bbox 2199 4602 2418 4657; x_wconf 89' lang='lat' dir='ltr'><strong>aliunde</strong></span> <span class='ocrx_word' id='word_1_747' title='bbox 2451 4601 2611 4668; x_wconf 85' lang='lat' dir='ltr'><strong>tulit,</strong></span> <span class='ocrx_word' id='word_1_748' title='bbox 2634 4603 2851 4658; x_wconf 87' lang='lat' dir='ltr'><strong>tertium</strong></span> <span class='ocrx_word' id='word_1_749' title='bbox 2883 4618 3099 4674; x_wconf 84' lang='lat' dir='ltr'><strong>quoque</strong></span> <span class='ocrx_word' id='word_1_750' title='bbox 3153 4602 3289 4659; x_wconf 90' lang='lat' dir='ltr'><strong>alius</strong></span> <span class='ocrx_word' id='word_1_751' title='bbox 3317 4602 3593 4659; x_wconf 75' lang='lat' dir='ltr'><strong>condona-</strong></span> 
     </span>
    </p>
   </div>
   <div class='ocr_carea' id='block_1_104' title="bbox 1999 4692 3587 4774">
    <p class='ocr_par' dir='ltr' id='par_1_104' title="bbox 1999 4692 3587 4774">
     <span class='ocr_line' id='line_1_106' title="bbox 1999 4692 3587 4774; baseline 0.001 -25"><span class='ocrx_word' id='word_1_752' title='bbox 1999 4693 2100 4751; x_wconf 86' lang='lat' dir='ltr'><strong>vit.</strong></span> <span class='ocrx_word' id='word_1_753' title='bbox 2139 4692 2290 4749; x_wconf 87' lang='lat' dir='ltr'><strong>Tunc</strong></span> <span class='ocrx_word' id='word_1_754' title='bbox 2315 4693 2593 4750; x_wconf 75' lang='lat' dir='ltr'><strong>Johannes</strong></span> <span class='ocrx_word' id='word_1_755' title='bbox 2614 4707 2630 4748; x_wconf 92' lang='lat'><strong>:</strong></span> <span class='ocrx_word' id='word_1_756' title='bbox 2654 4692 2738 4749; x_wconf 84' lang='lat' dir='ltr'><strong>En</strong></span> <span class='ocrx_word' id='word_1_757' title='bbox 2761 4692 2973 4760; x_wconf 87' lang='lat' dir='ltr'><strong>Frater,</strong></span> <span class='ocrx_word' id='word_1_758' title='bbox 3001 4695 3184 4767; x_wconf 89' lang='lat' dir='ltr'><strong>accipe</strong></span> <span class='ocrx_word' id='word_1_759' title='bbox 3206 4694 3349 4765; x_wconf 91' lang='lat' dir='ltr'><strong>quod</strong></span> <span class='ocrx_word' id='word_1_760' title='bbox 3373 4693 3587 4774; x_wconf 81' lang='lat' dir='ltr'><strong>dedisti.</strong></span> 
     </span>
    </p>
   </div>
   <div class='ocr_carea' id='block_1_105' title="bbox 2002 4780 3589 4857">
    <p class='ocr_par' dir='ltr' id='par_1_105' title="bbox 2002 4780 3589 4857">
     <span class='ocr_line' id='line_1_107' title="bbox 2002 4780 3589 4857; baseline 0 -17"><span class='ocrx_word' id='word_1_761' title='bbox 2002 4780 2011 4790; x_wconf 87' lang='grc'><em>’</em></span> <span class='ocrx_word' id='word_1_762' title='bbox 2074 4784 2162 4841; x_wconf 73' lang='grc'><strong>12.</strong></span> <span class='ocrx_word' id='word_1_763' title='bbox 2189 4785 2551 4857; x_wconf 84' lang='lat' dir='ltr'><strong>Peragrantes</strong></span> <span class='ocrx_word' id='word_1_764' title='bbox 2596 4786 2780 4857; x_wconf 90' lang='lat' dir='ltr'><strong>itaque</strong></span> <span class='ocrx_word' id='word_1_765' title='bbox 2823 4785 3037 4843; x_wconf 85' lang='lat' dir='ltr'><strong>diversa</strong></span> <span class='ocrx_word' id='word_1_766' title='bbox 3074 4788 3438 4851; x_wconf 77' lang='lat' dir='ltr'><strong>monasteria,</strong></span> <span class='ocrx_word' id='word_1_767' title='bbox 3480 4802 3589 4843; x_wconf 91' lang='lat' dir='ltr'><strong>non</strong></span> 
     </span>
    </p>
   </div>
   <div class='ocr_carea' id='block_1_106' title="bbox 1998 4874 3592 4948">
    <p class='ocr_par' dir='ltr' id='par_1_106' title="bbox 1998 4874 3592 4948">
     <span class='ocr_line' id='line_1_108' title="bbox 1998 4874 3592 4948; baseline -0.005 -13"><span class='ocrx_word' id='word_1_768' title='bbox 1998 4877 2296 4934; x_wconf 77' lang='lat' dir='ltr'><strong>admodum</strong></span> <span class='ocrx_word' id='word_1_769' title='bbox 2317 4874 2423 4930; x_wconf 88' lang='lat' dir='ltr'><strong>sibi</strong></span> <span class='ocrx_word' id='word_1_770' title='bbox 2452 4885 2576 4948; x_wconf 89' lang='lat' dir='ltr'><strong>apta</strong></span> <span class='ocrx_word' id='word_1_771' title='bbox 2605 4876 2950 4931; x_wconf 88' lang='lat' dir='ltr'><strong>inveniebant</strong></span> <span class='ocrx_word' id='word_1_772' title='bbox 2974 4896 2987 4930; x_wconf 87' lang='lat'><strong>:</strong></span> <span class='ocrx_word' id='word_1_773' title='bbox 3017 4876 3084 4933; x_wconf 87' lang='lat' dir='ltr'><strong>ad</strong></span> <span class='ocrx_word' id='word_1_774' title='bbox 3113 4874 3454 4930; x_wconf 83' lang='lat' dir='ltr'><strong>Gamaldulas</strong></span> <span class='ocrx_word' id='word_1_775' title='bbox 3478 4874 3592 4945; x_wconf 63' lang='grc' dir='ltr'><strong>(γε)</strong></span> 
     </span>
    </p>
   </div>
   <div class='ocr_carea' id='block_1_107' title="bbox 2005 4956 3598 5050">
    <p class='ocr_par' dir='ltr' id='par_1_107' title="bbox 2005 4956 3598 5050">
     <span class='ocr_line' id='line_1_109' title="bbox 2005 4956 3598 5050; baseline -0.004 -23"><span class='ocrx_word' id='word_1_776' title='bbox 2005 4968 2190 5027; x_wconf 77' lang='lat' dir='ltr'><strong>venire</strong></span> <span class='ocrx_word' id='word_1_777' title='bbox 2215 4968 2490 5037; x_wconf 85' lang='lat' dir='ltr'><strong>decrevit,</strong></span> <span class='ocrx_word' id='word_1_778' title='bbox 2528 4969 2620 5026; x_wconf 90' lang='lat' dir='ltr'><strong>ubi</strong></span> <span class='ocrx_word' id='word_1_779' title='bbox 2658 4985 2759 5042; x_wconf 87' lang='lat' dir='ltr'><strong>per</strong></span> <span class='ocrx_word' id='word_1_780' title='bbox 2780 4968 2997 5026; x_wconf 82' lang='lat' dir='ltr'><strong>‘muitos</strong></span> <span class='ocrx_word' id='word_1_781' title='bbox 3027 4970 3143 5026; x_wconf 90' lang='lat' dir='ltr'><strong>dies</strong></span> <span class='ocrx_word' id='word_1_782' title='bbox 3167 4967 3401 5039; x_wconf 86' lang='lat' dir='ltr'><strong>degens,</strong></span> <span class='ocrx_word' id='word_1_783' title='bbox 3427 4956 3598 5050; x_wconf 68' lang='lat' dir='ltr'><strong>absti-</strong></span> 
     </span>
    </p>
   </div>
   <div class='ocr_carea' id='block_1_108' title="bbox 2005 5084 3595 5208">
    <p class='ocr_par' dir='ltr' id='par_1_108' title="bbox 2005 5117 3595 5208">
     <span class='ocr_line' id='line_1_110' title="bbox 2005 5117 3595 5208; baseline -0.005 -31"><span class='ocrx_word' id='word_1_784' title='bbox 2005 5117 2785 5208; x_wconf 37' lang='lat' dir='ltr'><strong>ceiebre.itﬁtenusﬂrdinis</strong></span> <span class='ocrx_word' id='word_1_785' title='bbox 2828 5120 3114 5178; x_wconf 70' lang='lat' dir='ltr'><strong>Benedicti</strong></span> <span class='ocrx_word' id='word_1_786' title='bbox 3176 5120 3488 5174; x_wconf 71' lang='lat' dir='ltr'><strong>emnobiutn</strong></span> <span class='ocrx_word' id='word_1_787' title='bbox 3540 5131 3595 5170; x_wconf 83' lang='lat' dir='ltr'><strong>tn</strong></span> 
     </span>
    </p>
   </div>
   <div class='ocr_carea' id='block_1_109' title="bbox 2007 5191 3599 5362">
    <p class='ocr_par' dir='ltr' id='par_1_109' title="bbox 2007 5191 3599 5362">
     <span class='ocr_line' id='line_1_111' title="bbox 2007 5191 3577 5270; baseline -0.002 -21"><span class='ocrx_word' id='word_1_788' title='bbox 2007 5194 2124 5265; x_wconf 77' lang='lat' dir='ltr'><strong>ipsa.</strong></span> <span class='ocrx_word' id='word_1_789' title='bbox 2150 5192 2284 5259; x_wconf 85' lang='lat' dir='ltr'><strong>urbe</strong></span> <span class='ocrx_word' id='word_1_790' title='bbox 2300 5191 2642 5259; x_wconf 81' lang='lat' dir='ltr'><strong>Florentina.</strong></span> <span class='ocrx_word' id='word_1_791' title='bbox 3248 5248 3251 5249; x_wconf 28' lang='grc' dir='ltr'><em>ν</em></span> <span class='ocrx_word' id='word_1_792' title='bbox 3402 5240 3407 5247; x_wconf 94' lang='grc'><strong><em>.</em></strong></span> <span class='ocrx_word' id='word_1_793' title='bbox 3458 5256 3470 5270; x_wconf 44' lang='grc'><strong><em>⁸</em></strong></span> <span class='ocrx_word' id='word_1_794' title='bbox 3572 5232 3577 5237; x_wconf 85' lang='grc'><strong>-</strong></span> 
     </span>
     <span class='ocr_line' id='line_1_112' title="bbox 2008 5252 3599 5362; baseline 0 0"><span class='ocrx_word' id='word_1_795' title='bbox 2008 5252 3599 5362; x_wconf 56' lang='grc' dir='ltr'><strong>....ςὲἓὲ),ξ’;;ξε;.¹ξὶεἐπιλεξεὲῐὶ,εἰσίηίέτῖείέίεῐξξηἐῖξξξξξξξππῑξ</strong></span> 
     </span>
    </p>
   </div>
   <div class='ocr_carea' id='block_1_110' title="bbox 2137 5324 3597 5362">
    <p class='ocr_par' dir='ltr' id='par_1_110' title="bbox 2137 5324 3597 5362">
     <span class='ocr_line' id='line_1_113' title="bbox 2137 5324 3597 5362; baseline 0 0"><span class='ocrx_word' id='word_1_796' title='bbox 2137 5350 2166 5362; x_wconf 71' lang='grc' dir='ltr'>ι.</span> <span class='ocrx_word' id='word_1_797' title='bbox 2195 5331 2244 5362; x_wconf 88' lang='grc'><strong>1,.</strong></span> <span class='ocrx_word' id='word_1_798' title='bbox 2267 5331 2529 5362; x_wconf 51' lang='grc' dir='ltr'><strong>ρων-Μ.-</strong></span> <span class='ocrx_word' id='word_1_799' title='bbox 2564 5332 2867 5362; x_wconf 50' lang='grc' dir='ltr'><strong>ΕΜΔ-,μήκη</strong></span> <span class='ocrx_word' id='word_1_800' title='bbox 2906 5349 3026 5362; x_wconf 71' lang='grc' dir='ltr'><strong>,ει-..η</strong></span> <span class='ocrx_word' id='word_1_801' title='bbox 3046 5340 3238 5362; x_wconf 63' lang='lat' dir='ltr'><strong>«arena</strong></span> <span class='ocrx_word' id='word_1_802' title='bbox 3258 5324 3597 5362; x_wconf 62' lang='lat' dir='ltr'><strong>.innnninntn</strong></span> 
     </span>
    </p>
   </div>
  </div>
