4110 5362
1056 268 1066 278 ο

444 292 554 324 σφω
1517 307 1569 324 ,η

460 320 554 355 σι.)

1997 276 2215 346 ACTA'

3630 298 3736 355 ’Πι

446 411 700 468 ofﬁcium.
733 407 926 465 Petrus
947 404 1061 480 (36)
1087 403 1438 480 qttort_tte,'qui
1468 404 1557 465 diu
1582 411 1901 477 procurator
1923 403 2029 460 nsi-
2059 408 2107 467 Α
2137 412 2264 454 vere
2286 408 2612 466 venientem,
2637 413 2802 470 quam
2829 399 3049 456 divitem
3070 412 3194 458 cum
3218 409 3330 483 tota
3357 417 3455 462 sua
3478 404 3736 464 substan-

446 517 659 566 norum,
684 509 807 573 post
832 514 1118 556 vaccarum
1142 497 1261 564 fuit,
1290 498 1557 554 deindein
1576 497 1897 552 Passiniauo
1923 496 2036 565 (ὖῖ)

448 594 651 650 Prioris
676 593 849 665 gessit
867 591 1123 655 oﬂicium,
1149 590 1350 645 exhinc
1375 589 1558 644 Abbas
1587 590 1638 643 in
1674 588 1872 644 Piciclo
1903 588 2035 659 (58‘,

448 696 504 742 et
532 682 595 742 in‘
627 686 818 740 ultimo
845 684 1102 739 Romanae
1150 681 1408 737 Ecclesia:
1452 680 1756 735 (lardinalis
1781 721 1796 745 ,
1829 689 1881 734 et
1907 679 2037 750 Epi-

450 793 646 848 scopus
688 775 1020 831 Albanensis
1045 773 1273 828 exstitit.
1308 772 1460 827 Tunc
1484 771 1638 827 latins
1662 771 1773 841 (39)
1817 769 2040 825 vultnet

444 869 666 923 nomine
694 866 861 929 venit,
888 865 979 935 qui
1007 863 1104 918 fuit
1133 862 1318 920 Abbas
1358 863 1424 917 de
1453 861 1807 925 Passiniano,
1844 869 1899 914 et
1920 858 2032 913 Rn-

444 956 751 1026 sticus(40)
777 957 890 1026 qui.
938 955 1111 1011 donec
1147 952 1386 1008 Joannes
1424 952 1585 1006 Pater
1612 952 1744 1005 vixit
1774 992 1789 1017 ,
1842 966 2033 1005 curam

445 1048 772 1103 exteriorem
817 1045 1009 1116 gessit,
1038 1053 1093 1100 et
1115 1044 1306 1098 tertius
1351 1044 1421 1098 ob
1459 1043 1665 1098 obitum
1705 1042 1879 1097 sancti
1929 1041 2033 1095 viri

446 1138 674 1195 Joannis
725 1139 897 1193 multo
930 1147 1175 1207 tempore
1243 1135 1412 1191 totius
1446 1133 1895 1207 Congrcgationis
1942 1151 2035 1192 cu-

447 1247 562 1286 ram
592 1231 747 1286 Prior
769 1230 1021 1286 obtinuit.
1744 1229 1750 1235 ’

520 1321 894 1377 i7.-Ceruens
942 1320 1104 1388 igitur
1151 1317 1311 1372 Pater
1350 1315 1624 1373 Johannes
1667 1326 1741 1371 tot
1791 1315 2034 1387 talesque

448 1413 599 1467 .viros
627 1412 727 1465 sibi
765 1409 986 1465 cmlitus
1017 1409 1069 1463 in
1098 1408 1355 1462 auxiliqu
1380 1408 1594 1469 missos,
1627 1407 1888 1476 disposuit
1910 1420 2032 1460 cum

447 1505 648 1558 eisdem
675 1502 817 1557 beati
845 1500 1119 1555 Benedicti
1161 1498 1418 1569 Regulam
1457 1498 1507 1551 in
1536 1497 1791 1553 ontnibns
1835 1501 2030 1552 obser-

449 1610 616 1660 vare,
678 1594 948 1663 (cepitque
1012 1592 1221 1647 noviter
1280 1590 1556 1644 venientes
1606 1604 1668 1643 ea
1715 1589 2032 1659 probatione

445 1686 722 1755 suscipere
751 1724 767 1747 ,
814 1698 973 1752 quam
1029 1682 1269 1736 insinuat
1314 1680 1536 1751 Regula.
1601 1680 2028 1735 Advenientibus

2143 490 2239 548 tia.
2296 488 2552 560 Magnum
2591 490 2775 547 aiebat
2819 491 2974 547 diviti
3013 507 3134 549 csse
3181 493 3626 567 impedimentum
3665 499 3736 555 ad

2137 597 2233 637 cor
2282 574 2705 646 hinnitiandum,
2736 580 2907 651 ipsam
2937 597 3100 653 quam
3130 581 3303 639 defert
3351 588 3636 657 pecuniam
3666 588 3735 647 ad

2138 683 2406 728 monastet
2420 668 2555 726 ium.

2210 765 2297 822 i9.
2357 766 2557 821 Videas
2617 761 2849 833 denique
2901 762 2999 819 ltta
3058 760 3350 824 Abbatissa
3383 767 3499 842 (41)
3551 768 3732 829 locum

2136 872 2386 914 crescere
2421 858 2474 912 in
2505 854 2730 913 n-mine
2771 863 2827 910 et
2870 855 3166 928 religione,
3218 861 3433 918 cmlitus
3475 864 3734 936 inspirata

2136 949 2361 1005 tradidit
2393 950 2569 1006 eidem
2597 950 2719 1005 loco
2748 949 3126 1019 perscriptum
3176 951 3431 1009 diiiinitas
3476 954 3735 1031 tormina:

2136 1042 2310 1099 tiones
2337 1043 2389 1097 in
2416 1043 2532 1114 ejus
2556 1043 2810 1099 circuitu.
2850 1038 3102 1099 Tradidit
3136 1043 3457 1101 etiamtunc
3505 1046 3724 1104 vineam

2133 1132 2456 1205 Pitigianam
2482 1133 2620 1205 (42),
2648 1149 2768 1205 quae
2795 1144 2946 1205 grata
2974 1145 3128 1196 tunc.
3155 1143 3213 1188 et
3241 1144 3326 1189 est
3355 1150 3504 1191 nunc
3544 1138 3734 1193 usibus

2133 1227 2408 1283 Fratrum.
2440 1225 2701 1282 Similiter
2730 1226 2784 1281 in
2830 1227 3063 1284 diversis
3106 1223 3248 1286 locis
3281 1226 3527 1283 diversas
3572 1244 3729 1285 man-

2134 1331 2224 1373 sas
2251 1316 2389 1387 (43).
2434 1314 2540 1372 Per
2592 1317 2732 1373 idem
2788 1326 3001 1391 tempus
3050 1322 3177 1375 dum
3228 1321 3470 1379 Joannes
3519 1318 3723 1377 Christi

2134 1403 2389 1472 famulus,
2423 1421 2617 1462 nomen
2645 1405 2955 1463 ctoﬂicium
3000 1424 3195 1480 gerens
3223 1410 3449 1479 Prioris,
3469 1409 3725 1471 Ft'altttm

2134 1498 2344 1552 animas
2371 1508 2426 1553 et
2455 1514 2684 1569 corpora
2716 1498 2946 1556 sollicite
2975 1510 3313 1570 procuraret,
3333 1508 3727 1571 permaximam

2134 1586 2517 1643 abstinentiam
2549 1598 2603 1645 et
2650 1590 3004 1661 prmvalidum
3035 1592 3277 1647 laborem
3311 1594 3413 1648 sibi
3444 1594 3721 1664 imposuit.

2132 1677 2268 1732 Nam
2297 1680 2511 1749 quando
2540 1689 2749 1752 tempus
2779 1681 3057 1739 reficiendi
3082 1694 3222 1750 erat,
3254 1685 3578 1755 parvissima
3598 1690 3723 1744 cibo

446 1777 710 1846 siquidem
740 1783 903 1829 causa
928 1772 1300 1827 conversionis
1332 1772 1633 1840 hospitibus
1659 1811 1672 1835 ,
1715 1787 1820 1825 non
1856 1769 2027 1825 facilis
2063 1766 2103 1826 Β
2133 1769 2214 1825 vel
2244 1781 2370 1841 potu
2418 1788 2530 1827 sum
2580 1773 2890 1830 necessitati
2950 1776 3343 1843 subveniebat;
3378 1778 3451 1835 ita
3500 1788 3561 1834 ut
3611 1798 3720 1837 non

444 1867 672 1921 dabatur
698 1862 1363 1935 rcceptionisqrespousio,
1414 1861 1626 1917 illorum
1675 1874 2030 1931 perseveran—

445 1959 576 2011 tiam
606 1958 791 2011 volens
815 1970 1161 2025 cognoscere,
1186 1971 1253 2009 an
1281 1954 1529 2009 videlicet
1556 1954 1607 2008 in
1652 1969 1713 2008 ea
1746 1954 2029 2009 devotione

444 2064 511 2102 ac
537 2047 933 2118 supplicatione
980 2047 1374 2116 persisterent,
1429 2045 1564 2098 dura
1607 2043 1818 2117 scilicet
1865 2044 1946 2109 eis
1974 2054 2029 2100 et

442 2156 632 2211 aspera
662 2139 1023 2211 prtedicendo,
1073 2146 1130 2194 et
1181 2137 1477 2193 secundum
1531 2136 1791 2208 Regulam
1838 2152 1932 2192 eos
1974 2138 2027 2192 in

439 2231 692 2287 omnibus
720 2228 1141 2301 comprobando.
1177 2229 1239 2284 lli
1268 2230 1412 2283 enim
1441 2228 1574 2283 tales
1600 2229 1645 2284 si
1674 2230 1763 2283 diu
1790 2229 2025 2284 recusati

438 2324 816 2395 persisterent,
856 2336 1023 2393 seque
1058 2338 1165 2375 non
1202 2322 1366 2376 corde
1408 2320 1534 2374 licto
1573 2319 1827 2374 sa-culnm
1868 2319 2029 2375 relin-

438 2428 628 2487 quere,
665 2430 730 2471 ac
767 2413 1121 2469 monasticam
1168 2413 1336 2466 vitam
1385 2411 1521 2465 velle
1567 2411 1808 2480 profiteri
1846 2421 2027 2465 osteno

438 2509 629 2564 derent
657 2547 672 2572 ,
727 2520 1014 2577 porcorum
1064 2504 1143 2559 eis
1184 2503 1434 2573 primitus
1477 2501 1809 2572 jungebatur
1848 2517 1976 2556 cura
2007 2540 2025 2566 ,

440 2600 608 2656 multa
641 2599 1020 2654 inserebantur
1051 2596 1342 2667 opprobria
1370 2635 1387 2661 ,
1417 2594 1558 2650 fame
1586 2603 1642 2649 et
1685 2594 1812 2662 siti,
1846 2594 2027 2650 calore

437 2703 495 2748 et
513 2692 714 2764 frigore
740 2690 1133 2760 aﬂligebantur,
1165 2690 1349 2743 labore
1389 2697 1445 2744 et
1484 2688 1729 2743 nuditate
1752 2727 1768 2752 ,
1821 2688 2029 2744 vilitate

439 2794 495 2840 et
516 2785 885 2847 extremitate,
910 2779 1115 2852 jejunio
1161 2795 1378 2850 qttoque
1439 2794 1504 2835 ac
1549 2778 1765 2834 silentio
1806 2793 2029 2834 exerce-

438 2875 656 2929 bantur.

525 2967 613 3022 18.
640 2966 736 3022 liis
756 2974 920 3035 atque
941 2965 1065 3020 aliis
1089 2965 1264 3021 modis
1301 2963 1527 3020 sollicite
1561 2963 1728 3019 aforis
1777 2978 2026 3035 compro-

432 3059 572 3124 bati,
599 3067 655 3113 et
677 3058 730 3112 in
756 3058 1008 3114 omnibus
1034 3057 1346 3114 voluntaria:
1371 3058 1642 3125 patientiae
1666 3067 1721 3112 et
1765 3057 2024 3112 obedien-

2133 1863 2411 1918 videretur
2436 1880 2495 1919 se
2520 1880 2792 1934 recreare,
2828 1868 2921 1923 sed
2962 1878 3256 1940 utcumque
3282 1872 3589 1941 periculum
3642 1875 3722 1930 fa-

2133 1954 2235 2009 mis
2270 1963 2326 2010 et
2365 1955 2487 2010 sitis
2532 1966 2857 2029 temperare.
2912 1959 3046 2014 Cum
3097 1975 3223 2015 vero
3270 1971 3397 2017 ante
3445 1960 3724 2021 reﬁciendi

2133 2050 2385 2115 tempus,
2442 2056 2629 2118 utpote
2677 2050 2827 2119 operi
2886 2066 3141 2106 manuum
3204 2053 3361 2110 anxie
3409 2054 3724 2125 frequenter

2131 2134 2411 2201 insudans,
2444 2137 2683 2203 sitiebat,
2702 2141 2754 2193 in
2781 2139 3027 2211 frigidam
3050 2159 3245 2212 aquam
3269 2160 3460 2202 manus
3483 2158 3536 2201 et
3558 2148 3724 2218 pedes

2131 2229 2400 2295 mittebat,
2432 2240 2491 2285 ut
2516 2245 2579 2284 ex
2614 2231 2780 2288 nimio
2807 2248 2961 2303 aqua:
2992 2235 3190 2305 frigore
3212 2277 3227 2301 ,
3274 2237 3397 2293 sitis
3428 2249 3722 2309 utcumque

2130 2318 2427 2389 periculum
2454 2318 2734 2392 effugeret.
2764 2323 2817 2376 ln
2854 2324 3111 2379 omnibus
3137 2326 3305 2392 enim,
3339 2336 3499 2397 prout
3528 2330 3711 2398 passi:

2130 2412 2313 2471 bilitas
2361 2413 2519 2477 erat,
2575 2413 2876 2468 observans
2931 2412 3151 2486 Regula:
3208 2409 3501 2481 mandata,
3567 2418 3713 2473 nullo

2132 2507 2289 2563 modo
2317 2516 2472 2561 extra
2504 2506 2850 2561 constitutam
2879 2505 3072 2561 horam
3109 2509 3398 2563 comedere
3419 2509 3503 2564 vel
3529 2511 3719 2567 bibere

2130 2600 2365 2655 Volebat.
3594 2642 3599 2647 .
3700 2598 3707 2607 ⁸

2200 2693 2291 2748 20.
2320 2693 2427 2749 Sed
2455 2693 2703 2748 debilitas
2732 2692 2978 2763 corporis
3004 2693 3057 2748 id
3102 2692 3244 2749 ferre
3276 2709 3382 2749 non
3416 2694 3631 2760 valens,
3657 2695 3715 2751 in

2131 2782 2276 2838 illam
2308 2798 2582 2855 syncopen
2612 2784 2785 2839 fracto
2817 2785 3101 2839 stomacho
3130 2784 3358 2851 cecidit,
3402 2802 3565 2857 quam
3596 2802 3721 2859 per-

2131 2875 2318 2929 tulisse
2346 2874 2575 2946 legimus
2625 2875 2846 2929 beatum
2878 2873 3220 2945 Gregorium.
3265 2875 3378 2931 Nisi
3419 2878 3564 2932 enim
3593 2892 3717 2933 eum

2131 2969 2444 3037 frequenter
2500 2966 2824 3030 reﬁcerent,
2876 2966 3126 3022 emittere
3179 2966 3429 3037 spiritum
3477 2967 3720 3023 funditus

2132 3060 2427 3114 videretur.
2458 3057 2632 3126 Quam
2677 3072 2848 3129 usque
2885 3059 2951 3112 ad
2978 3065 3255 3114 senectam
3281 3098 3295 3123 ,
3345 3058 3513 3115 immo
3548 3073 3720 3131 usque

441 3151 528 3212 tia:
550 3165 616 3206 ac
647 3150 965 3205 humilitatis
986 3149 1188 3221 cegniti
1217 3189 1233 3214 ,
1270 3150 1605 3204 ducebantur
1647 3148 1847 3203 iterum
1885 3164 2031 3203 com-
2057 3126 2100 3186 c
2137 3146 2207 3208 ad
2247 3152 2454 3207 obitum
2484 3126 2771 3225 pertulisse
2813 3151 3057 3217 cunctis,
3103 3150 3193 3220 qui
3238 3166 3362 3206 eum
3419 3126 3717 3218 noverunt,

436 3242 700 3313 probandi
750 3242 1074 3310 regulariter
1139 3241 1195 3295 in
1257 3241 1571 3297 interiorem
1625 3241 1871 3307 cellam,
1941 3240 2033 3296 ubi

441 3332 715 3387 multoties
736 3333 824 3387 eis
840 3331 1041 3402 Regula
1067 3331 1346 3401 legebatur
1369 3348 1386 3398 ;
1411 3342 1467 3388 et
1492 3332 1573 3387 sic
1595 3349 1739 3386 armo
1762 3332 2033 3401 completo

437 3422 755 3487 examinati,
783 3424 1117 3494 recipiebant
1137 3424 1469 3479 monasticae
1496 3434 1694 3488 vestes,
1722 3423 2029 3495 regularem

439 3514 569 3569 inde
604 3514 992 3585 professionem
1020 3516 1233 3586 publice
1273 3514 1539 3571 facientes
1584 3515 1640 3570 in
1679 3516 1935 3572 manibus
1977 3526 2032 3572 et

441 3607 727 3674 prmsentia
778 3608 1019 3677 ejusdem
1080 3608 1259 3664 Patris
1311 3606 1595 3663 Johannis.
1650 3608 1859 3676 Quibus
1924 3626 2028 3666 non

438 3700 641 3754 licebat
665 3700 866 3756 exinde
888 3701 1092 3772 aliquid
1116 3702 1377 3768 sumere,
1428 3702 1513 3758 vel
1545 3718 1789 3773 qumrere
1813 3744 1828 3769 ,
1873 3704 1967 3759 sed
1997 3719 2029 3759 a

450 3802 607 3861 patre
638 3792 845 3865 Priore]
873 3795 957 3849 eis
983 3795 1251 3850 dabantur
1274 3796 1487 3860 omnia,
1536 3803 1595 3849 ιιι
1635 3795 1879 3866 praecipit
1927 3795 2031 3852 fic-

438 3883 587 3953 gula.
644 3883 891 3940 Habebat
937 3886 1083 3940 enim
1126 3894 1182 3941 et
1232 3886 1373 3941 hanc
1416 3886 1646 3957 gratiam
1698 3887 2028 3958 singularem

439 3975 679 4032 Joannes
706 3975 906 4043 Pater,
934 3986 994 4031 ut
1045 3979 1099 4032 ia
1150 3979 1329 4048 prima
1384 3994 1507 4033 cum
1563 3993 1629 4034 eo
1674 3977 1948 4034 locutione
1975 3988 2030 4034 et

441 4067 653 4122 visione
680 4079 950 4133 nosceret,
978 4069 1024 4125 si
1051 4070 1216 4124 corde
1242 4070 1452 4124 veniret
1476 4069 1704 4139 quilibet
1729 4078 1878 4125 recto
1904 4109 1920 4136 ,
1952 4084 2023 4125 an

434 4158 592 4213 ﬁcto.
646 4159 711 4213 Et
734 4160 836 4215 hoc
861 4160 912 4214 ei
938 4160 1139 4216 donum
1161 4175 1192 4214 a
1219 4159 1348 4216 Jesu
1373 4161 1590 4216 Christo
1632 4160 1886 4216 collatura
1917 4169 2022 4225 est,

441 4257 505 4304 ut
527 4264 814 4320 personam
844 4251 1078 4322 potentis
1105 4249 1190 4307 vel
1215 4252 1399 4307 divitis
1420 4267 1526 4307 non
1552 4252 1815 4309 libentius
1834 4265 2027 4310 sume-

444 4352 547 4410 ret,
576 4359 674 4399 nec
708 4343 867 4400 aliter
894 4352 1195 4411 tractaret,
1217 4358 1380 4415 quam
1430 4345 1598 4400 iuiin'ii
1643 4353 1702 4399 et
1744 4346 2023 4415 pauperis.

436 4431 512 4487 Et
525 4433 818 4489 amabilius
844 4434 1135 4504 recipiebat
1159 4448 1449 4506 pauperem
1465 4448 1588 4489 eum
1610 4434 2029 4491 ntortiiicatione

511 4570 626 4645 (36)
673 4572 773 4627 Hic
796 4582 882 4628 est
924 4585 1164 4645 ramosas
1194 4576 1280 4628 ille
1318 4571 1388 4645 S._
1413 4570 1624 4636 Petrus,
1671 4581 2028 4645 cognomento

441 4641 763 4715 Igneus,‘eo
811 4644 955 4713 quod
1002 4643 1202 4698 ilkesus
1232 4657 1330 4715 per
1375 4643 1567 4715 ignem
1602 4641 1926 4715 transierit;
1959 4645 2029 4699 de

442 4711 550 4837 uiuo
577 4713 743 4768 multa
784 4711 953 4795 habes
979 4716 1139 4838 ιίιρὲἒι
1187 4711 1480 4784 scriptores
1530 4711 2026 4782 Vallumbrosanos,

442 4799 474 4838 a
501 4799 688 4838 rosam:
718 4799 916 4838 nassnn
942 4799 977 4838 ο
1018 4799 1064 4838 vi
1135 4822 1151 4837 .

441 4799 688 4840 anesum:
718 4799 916 4840 0888"“
942 4799 1151 4838 ουνιοε.

516 4799 688 4853 osque
718 4799 916 4853 passim
942 4799 1151 4838 ouvtos.

512 4854 629 4925 (37)
653 4852 1024 4925 Passiniannm
1048 4851 1429 4925 monasterium
1454 4851 1617 4925 situm
1638 4863 1723 4925 est
1739 4853 1790 4908 in
1808 4852 2030 4925 ditecesi

438 4922 717 4979 Fesulana'
754 4924 898 4993 apud
941 4925 1081 4978 viain
1110 4963 1125 4987 ,
1164 4938 1285 4993 qua:
1330 4922 1602 4979 Florentia
1642 4922 1814 4978 Senas
1859 4924 2028 4988 ducit,

445 4994 715 5065 distatque
728 5063 735 5065 Α
762 4990 805 5065 μ’
841 4990 1148 5065 Florentiae
1184 4990 1412 5065 civitate
1458 4993 1866 5064 quatuor-decim
1888 5010 2036 5065 pas-

446 5077 600 5135 suum
625 5062 881 5135 millibus.
926 5064 1159 5135 Degejus
1202 5062 1526 5135 antiquitate
1569 5073 1627 5119 et
1676 5062 2028 5135 pragroga'tiva

438 5132 593 5196 plura
622 5133 867 5190 invenies
891 5133 1030 5196 apud
1061 5132 1326 5187 Lubinum
1351 5133 1576 5188 citatum
1604 5132 1729 5196 pag.
1756 5132 1885 5190 ἓξᾷ

2136 3242 2326 3298 cfaret.
2343 3239 2496 3296 Unde
2512 3256 2693 3296 secum
2714 3238 2922 3298 so‘ebat
2948 3255 3161 3312 semper
3181 3249 3400 3312 portare
3420 3242 3564 3313 quod
3603 3241 3719 3298 ine-

2137 3334 2341 3389 vitabili
2390 3332 2717 3389 necessitate
2752 3341 2977 3404 cogente
2997 3342 3176 3405 posset
3195 3348 3343 3405 saepe
3368 3334 3718 3390 manducare.

2134 3423 2358 3493 Quando
2388 3434 2568 3480 autem
2588 3423 2747 3479 famis
2769 3424 3080 3480 violentiam
3106 3423 3419 3494 frequenter
3441 3440 3502 3481 se
3526 3423 3608 3499 [id
3631 3434 3715 3483 est

2134 3513 2333 3586 ipsum]
2383 3514 2736 3585 deprimentis
2793 3511 3085 3569 indiscrete
3134 3528 3396 3584 superare
3436 3514 3716 3578 voluisset.

2128 3615 2226 3661 aut
2248 3606 2602 3662 refectionum
2632 3603 2853 3660 ditl'erre
2888 3605 3189 3660 conabatur
3213 3643 3230 3667 ,
3277 3619 3390 3675 prae
3434 3604 3719 3661 nimietate

2133 3696 2468 3752 infirmitatis
2536 3697 2673 3751 adeo
2732 3696 2925 3751 dentes
2982 3693 3717 3777 ejus,constringebantnr,

2130 3791 2275 3862 quod
2306 3829 2323 3858 ,
2353 3789 2457 3847 nisi
2490 3805 2584 3847 eos
2608 3790 2806 3861 aliquis
2831 3788 3109 3846 cultellum
3143 3788 3552 3853 intromittendo
3579 3789 3719 3850 divi.

2130 3883 2306 3948 deret,
2329 3891 2384 3937 et
2406 3880 2641 3952 aliquem
2680 3879 2947 3952 liquorem
2976 3878 3029 3935 in
3063 3893 3127 3936 os
3171 3884 3438 3950 poneret,
3469 3879 3721 3951 expirare

2129 3972 2389 4027 continuo
2414 3971 2753 4026 crederetur.

2198 4062 2290 4119 2|.
2330 4062 2713 4117 Verumtamen
2761 4060 2841 4117 sic
2879 4058 3186 4116 incredibili
3225 4059 3487 4130 languore
3515 4059 3721 4133 iugiter

2129 4157 2406 4214 cruciatus
2433 4156 2744 4212 nullatenus
2794 4156 3193 4221 murmurabat,
3216 4157 3310 4209 sed
3332 4156 3445 4210 suis
3467 4155 3570 4210 hoc
3591 4170 3719 4228 pec-

2129 4249 2270 4305 catis
2294 4249 2581 4320 deputans,
2610 4244 2885 4303 continnis
2909 4245 3160 4300 laudibus
3192 4244 3430 4300 divinam
3449 4243 3718 4313 justitiam

2127 4340 2563 4395 commendabat.
2610 4337 2713 4403 Qui
2762 4336 3075 4407 priusquam
3129 4334 3514 4390 inlirntabatur
3552 4344 3718 4392 tanta

2132 4430 2466 4488 fortitudinis
2508 4429 2612 4487 sibi
2657 4437 2714 4484 et
2757 4428 3007 4493 caeteris,
3057 4436 3326 4500 tantaeque
3376 4425 3721 4485 abstinentia

2054 4576 2106 4640 ι)
2130 4578 2256 4628 ante
2278 4550 2413 4627 sm
2439 4568 2500 4624 Β.
2531 4533 2752 4635 Torelli,
2778 4582 2901 4640 pag.
2931 4566 3056 4625 500.

2194 4640 2407 4714 '(40)‘_ls
2421 4639 2708 4714 _Rnsticns,
2736 4635 2830 4714 qui
2852 4635 3018 4714 ctiam
3039 4654 3068 4714 ξι
3089 4635 3715 4714 scriptoribusﬂliutn-

2132 4707 2382 4769 brosanis
2409 4707 2955 4781 Beatusappellatnr,
2980 4708 3083 4781 fuit
3125 4707 3318 4781 tertius
3354 4708 3576 4781 Ordinis
3614 4707 3720 4766 Ge-

2132 4782 2357 4838 neralis.
2385 4778 2522 4837 vare
2550 4778 2692 4834 illius
2711 4780 3091 4850 compendium
3123 4779 3360 4850 reperies
3386 4780 3528 4849 apud
3553 4779 3717 4834 Loca-

2136 4852 2322 4908 tellum
2354 4850 2446 4906 lib.
2472 4850 2538 4917 Ξ,
2570 4864 2693 4921 cap.
2724 4849 2797 4917 ιν,
2828 4848 2885 4904 et
2916 4848 3146 4906 Simiam
3190 4848 3249 4903 in
3294 4848 3556 4921 Catalogo
3587 4862 3714 4921 pag.

2134 4922 2241 4979 266
2267 4932 2321 4978 et
2350 4935 2502 4979 sentt.
3502 4940 3507 4945 ε

2267 4932 2321 4978 ει
2350 4935 2502 4978 sentt.
3502 4940 3507 4945 ”

2207 4936 2323 5065 ᾗῗῖ
2350 4936 2610 5060 mihi.“
2640 4988 2939 5065 Abbatissa
2986 4987 3283 5065 donatione
3317 4998 3498 5045 actum
3540 4984 3716 5045 estin

2132 5061 2535 5134 Commentario
2563 5062 2764 5134 praevio
2791 5074 2942 5134 nurn.
2976 5061 3048 5134 45
3075 5069 3132 5134 et
3164 5061 3254 5116 49.

2205 5134 2318 5196 με)
2351 5133 2408 5188 ln
2437 5122 2799 5189 instrumento
2819 5129 3148 5196 donationis,
3165 5129 3306 5196 Quod
3332 5128 3500 5184 habet
3518 5122 3722 5196 Ugbel-
