4110 5362
466 118 573 208 77s
1532 149 1599 204 s.
1631 147 1918 206 JOANNIS
1952 104 2346 207 custssn'rt
2384 147 2674 208 ments
3620 141 3736 203 πο

460 230 660 323 fuerat,
690 264 749 312 ut
779 255 881 314 nisi
920 256 1035 323 ille,
1071 255 1156 313 cui
1196 264 1483 312 cantamus
1515 252 1800 326 :Dbmine,
1843 258 2045 315 inclina
2075 265 2120 323 Α
2149 259 2307 315 stitos
2334 254 2581 324 cucullis,
2626 268 2718 314 aut
2765 248 3174 329 scapularibus,
3219 255 3275 313 et
3304 256 3511 314 cinctos
3545 270 3744 329 omnes

457 351 631 408 caelos
665 360 819 418 tuos,
858 352 959 407 sub
999 351 1333 407 inﬁrmitatis
1369 350 1528 419 hujus
1566 352 1852 409 occasione
1892 370 2042 409 men-

460 452 569 499 tem
601 443 716 512 ejus
746 442 1104 506 bumiliasset,
1134 442 1290 498 valde
1321 458 1477 498 rarus
1499 444 1780 511 existeret,
1809 444 1898 514 qui
1927 461 2048 516 pos-

459 543 542 590 set
584 535 702 605 ejus
746 534 987 590 iistituta
1032 549 1273 589 servare.
1305 534 1530 604 Cognita
1574 551 1704 589 vero
1744 545 1798 591 et
1826 546 2046 608 experta

455 625 675 696 propria
726 624 1051 680 inﬁrmitate
1079 612 1103 691 ,
1139 634 1302 680 tanta:
1347 612 1738 681 misericordia:
1782 636 2049 696 tantmque

456 715 801 770 discretionis
835 713 1063 772 eﬂ'cctus
1088 724 1210 782 est,
1254 724 1311 770 ut
1353 732 1512 773 nemo
1550 717 1952 774 misericordior
1984 718 2049 775 eo

454 807 789 862 crederetur.
816 807 913 875 Qui
939 807 1065 863 licet
1091 824 1321 879 corpore
1347 808 1487 862 foret
1508 808 1755 864 inﬁrmus
1778 850 1792 874 ,
1817 809 1872 863 in
1900 809 2045 864 omni

454 905 635 954 tamen
664 901 908 955 custodia
935 908 987 955 et
1015 900 1379 956 sollicitudine
1402 912 1581 956 mente
1604 902 1829 974 pervigil
1856 912 1998 958 erat.

520 987 611 1044 22.
640 990 794 1058 Quod
823 991 1068 1046 videntes
1100 991 1320 1047 Fratres
1349 993 1595 1063 ejusdem
1620 993 1750 1059 loci,
1777 995 2042 1049 decreve-

411 1077 415 1083 ’
454 1087 580 1133 runt
610 1080 785 1150 ipsum
812 1081 1013 1153 eligere
1039 1074 1323 1148 Abbatcm,
1358 1099 1518 1154 quem
1543 1093 1804 1139 noverant
1839 1102 2030 1140 sanum

452 1168 820 1233 ctinﬁrmum,
854 1171 1165 1241 pervigilem
1191 1172 1433 1228 Priorem
1461 1183 1513 1227 et
1537 1175 1828 1230 sollicitum
1860 1175 2030 1231 fuisse

439 1258 750 1316 custodem.
780 1262 971 1333 Itaque
993 1263 1296 1320 Florentini
1338 1265 1610 1322 Teuzonis
1653 1269 1882 1325 consilio
1915 1286 2044 1326 cou-

451 1363 718 1409 veuerunt
746 1355 811 1409 de
841 1353 994 1417 urbe,
1027 1366 1081 1410 et
1113 1356 1177 1410 de
1203 1356 1446 1411 castellis
1479 1357 1716 1429 religiosi
1749 1360 1946 1417 Clerici
1976 1378 2040 1418 ac

451 1448 640 1504 ﬁdeles
693 1446 874 1516 Laici,
928 1449 1099 1504 sancti
1152 1446 1317 1506 llilari
1369 1452 1655 1508 Abbatissa
1702 1455 1754 1509 id
1804 1457 2042 1512 maxime

450 1540 724 1610 cupiente,
776 1549 829 1595 et
879 1558 1002 1597 cum
1049 1540 1331 1598 Fratribus
1382 1543 1627 1613 ejusdem
1676 1545 1814 1611 loci,
1861 1548 2037 1617 ipsum

2150 350 2389 407 dormire
2417 351 2673 421 praecepit
2704 366 2718 416 ;
2753 350 2897 405 hunc
2925 361 3048 406 esse
3075 357 3281 405 rectum
3310 363 3532 405 sensum
3556 347 3739 420 Regu-

2151 442 2233 509 lre,
2264 450 2576 498 constanter
2604 440 2926 497 alﬁrmabat.
2960 439 3069 497 Nec
3090 440 3400 509 patiebatur
3440 454 3563 497 esse
3593 438 3731 495 Dari-

2150 536 2424 590 mitorium
2481 543 2639 590 nocte
2686 534 2803 589 sine
2833 534 2984 589 claro
3030 534 3260 589 lumine.
3322 532 3545 588 Dicebat
3585 532 3736 588 enim

2151 626 2321 682 levius
2347 616 2628 683 ferendum
2662 627 2779 682 sine
2831 626 3034 681 lumine
3063 640 3185 681 esse
3235 625 3287 680 in
3337 634 3496 681 nocte
3543 624 3741 681 Grato-

2150 719 2315 784 rlum,
2342 734 2504 789 quam
2538 718 2939 781 Dormitorium,
2970 717 3015 772 si
3040 726 3255 788 egestas
3277 717 3328 772 id
3359 717 3411 772 in
3457 716 3577 774 loco
3610 717 3734 774 fore

2151 820 2382 883 utroque
2412 826 2517 866 non
2548 810 2699 866 sinit.
2734 811 2954 866 Fratres
2989 824 3143 875 vero,
3169 808 3377 880 absque
3412 811 3559 865 omni
3605 825 3737 866 eou-

2151 904 2413 957 troversia
2461 902 2541 958 vel
2590 903 2934 957 contentione
2986 901 3165 972 aliqua
3193 939 3208 967 ,
3257 910 3506 972 prompto
3551 899 3735 956 animo

2110 992 2510 1062 (observabant
2564 1006 2921 1064 qurecumque
2979 993 3142 1048 Pater
3192 992 3555 1063 praecipiebat.
3595 989 3734 1048 Nam

2147 1083 2265 1153 ejus
2296 1084 2675 1140 admonitione
2705 1125 2720 1148 ,
2778 1085 3089 1155 pariterque
3125 1083 3373 1154 exemplo
3410 1084 3463 1137 iu
3513 1092 3731 1138 tantum

2149 1189 2393 1229 amorem
2431 1174 2782 1229 observanda:
2806 1172 3022 1245 Regula:
3045 1182 3310 1228 venerunt
3330 1206 3347 1238 ,
3378 1181 3437 1226 ut
3487 1183 3589 1228 nec
3618 1186 3737 1226 ma-

2146 1279 2311 1319 nuum
2339 1279 2525 1333 Opera,
2553 1280 2652 1318 nec
2677 1263 2936 1333 alia,qu:e
2957 1265 3168 1318 videtur
3193 1262 3391 1334 Regula
3411 1263 3732 1332 precipere,

2145 1355 2329 1428 gravia
2359 1355 2693 1421 omitterent,
2721 1356 2849 1426 quin
2887 1366 3081 1411 cuncta
3110 1354 3235 1410 laeto
3280 1354 3464 1410 animo
3490 1353 3734 1425 comple-

2146 1457 2287 1502 rent.
2312 1446 2585 1503 Vilitatem
2606 1456 2662 1502 et
2688 1447 3089 1503 extremitatem
3114 1446 3412 1507 secundum
3442 1445 3729 1501 consilium

2147 1537 2362 1608 Regula:
2401 1538 2472 1591 ita
2527 1539 3000 1609 apprehentleruut
3026 1577 3041 1601 ,
3089 1546 3151 1592 ut
3189 1550 3289 1592 nec
3332 1536 3482 1606 ipsas
3528 1549 3729 1606 panum

450 1609 769 1701 praedictum
818 1633 1032 1688 Patrem
1086 1634 1367 1705 elegerunt
1405 1609 1457 1691 in
1509 1637 1737 1695 Abhatis
1776 1609 2030 1698 cilicium.

2143 1632 2449 1696 incisiones,
2466 1645 2587 1687 eum
2609 1630 2975 1693 comederent,
2991 1643 3154 1699 super
3179 1625 3420 1681 mamilla
3441 1633 3726 1696 ponerent,

450 1720 620 1789 Quem
665 1722 937 1781 nolentem
966 1766 980 1789 ,
1021 1735 1076 1778 ct
1113 1726 1243 1780 totis
1293 1727 1500 1783 viribus
1553 1732 1934 1799 resistentem,
1972 1736 2039 1790 de

451 1811 590 1869 lecto
630 1821 930 1892 traxerunt,
961 1816 1236 1887 etipsum,
1279 1818 1407 1875 licet
1439 1820 1664 1876 invitum
1692 1864 1708 1887 ,
1749 1825 1801 1880 in
1840 1825 2034 1895 majori

452 1901 584 1957 sede
628 1904 1056 1959 constituerunt.
1088 1905 1371 1983 Quintium
1398 1911 1464 1964 ad
1493 1910 1544 1964 id
1594 1911 1858 1969 violenter
1881 1929 2039 1984 roge-

448 2001 622 2060 retur,
646 1994 848 2051 dixisse
879 1995 1055 2052 fertur
1089 1998 1394 2054 astantibus
1420 2019 1432 2054 :
1468 2001 1607 2069 Quid
1651 2003 1949 2063 insanitis?
1978 2008 2036 2065 Si

448 2082 695 2155 pelicano
722 2099 917 2141 nomen
966 2086 1247 2158 accipitris
1299 2087 1710 2161 imposueritis,
1760 2110 2037 2169 nunquam

446 2176 555 2231 erit
586 2174 689 2232 nisi
714 2174 996 2248 pclieanus
1015 2176 1149 2249 (Η).

1077 2288 1305 2347 CAPUT
1343 2291 1428 2349 lll.

447 2368 509 2435 S.
529 2376 763 2457 Joannes
774 2381 947 2457 [quas
968 2378 1126 2435 abbas
1151 2393 1330 2436 exacte
1356 2382 1560 2454 regulus
1589 2385 2033 2457 observarijubet,

521 2459 572 2504 et
615 2451 994 2520 discipulorum
1041 2468 1256 2507 numero
1318 2451 1474 2508 aucto
1527 2457 1673 2509 varia
1719 2451 2037 2515 ruomisteria

517 2521 747 2589 edi/ictu
778 2532 829 2575 et
851 2521 1130 2591 pia‘opera
1167 2534 1417 2578 emeretr.
1530 2544 1531 2547 ‘

516 2631 812 2703 23.1taque
826 2632 920 2690 Vir
938 2632 1282 2707 Del,sumpto
1302 2636 1496 2705 oiﬁcio,
1521 2637 1723 2695 nullum
1745 2639 2037 2699 Monachu-

415 2784 417 2787 ,
447 2735 572 2778 rum
604 2724 958 2794 permittebat
992 2725 1060 2779 ad
1091 2719 1329 2782 mercata
1354 2768 1371 2793 ,
1400 2728 1481 2784 vel
1509 2729 1573 2783 ad
1602 2729 1719 2785 loca
1757 2733 2034 2789 saecularia

444 2812 551 2879 ire,
573 2814 819 2871 inﬁrmos
846 2824 1001 2871 extra
1027 2820 1414 2875 monasterium
1439 2822 1658 2878 visitare
1687 2864 1700 2888 ,
1726 2839 1789 2879 ac
1814 2841 2031 2882 sensum

444 2901 667 2975 Regula:
694 2901 982 2977 diligenter
1008 2905 1301 2977 inspiciens
1323 2949 1337 2973 ,
1368 2907 1484 2978 ejus
1511 2912 1876 2970 observationi
1905 2914 2030 2987 ope-

446 3007 566 3047 ram
608 2991 790 3048 dabat.
848 2991 1030 3049 Vetuit
1083 2993 1335 3053 defuncta
1367 2997 1480 3071 (45)
1522 3001 1590 3055 ad
1637 3006 2030 3060 monasterium

448 3080 735 3139 deferenda
764 3098 779 3150 ;
809 3084 1089 3155 prohibuit
1113 3088 1363 3157 accipere
1394 3088 1639 3162 Capellas
1671 3091 1787 3165 (46)
1816 3094 1883 3148 ad
1907 3094 2034 3163 hoc,

446 3172 591 3243 quod
622 3173 915 3244 aliquando
960 3190 990 3230 a
1042 3179 1321 3235 monachis
1370 3181 1484 3252 regi
1523 3182 1827 3252 deberent;
1859 3184 2034 3242 Cano-

448 3262 720 3329 nicorum,
762 3279 867 3319 non
899 3267 1287 3322 monachorum
1326 3270 1428 3325 hoc
1454 3285 1576 3327 esse
1622 3273 1860 3331 oﬁlcium
1889 3276 2034 3333 dice-

457 3353 573 3409 bat.
642 3355 863 3411 Viderat
887 3357 1055 3425 enim,
1103 3359 1205 3414 sub
1233 3358 1427 3417 talibus
1463 3365 1841 3423 occasionibus
1885 3367 2034 3425 falsa:

446 3446 787 3512 obedientia),
817 3449 1013 3505 multos
1042 3452 1429 3508 monachorum
1460 3455 1537 3509 ire
1566 3473 1665 3528 per
1691 3462 1940 3530 abrupta,
1977 3469 2034 3516 et

444 3538 876 3609 inrecuperanda
901 3543 1204 3597 animarum
1244 3543 1483 3601 incidere
1514 3547 1865 3605 detrimenta.
1897 3550 2031 3608 Nam

445 3628 526 3695 id,
557 3630 700 3700 quod
744 3631 851 3684 duo
890 3631 972 3685 vel
1027 3641 1137 3688 tres
1179 3634 1428 3689 monachi
1476 3635 1717 3705 quolibet
1767 3637 1885 3695 loco
1932 3642 2032 3697 sub

446 3719 737 3773 occasione
799 3720 1161 3783 obedieutkn,
1234 3722 1442 3791 absque
1500 3726 1753 3794 praesenti
1813 3737 2033 3798 pastore

448 3817 733 3864 morantur
756 3850 772 3872 ,
819 3808 1209 3876 detestabatur,
1239 3820 1295 3866 et
1338 3813 1453 3868 suis
1490 3813 1544 3869 id
1590 3814 1769 3871 facere
1808 3820 2031 3874 omnino

449 3899 829 3954 interdicebat.
1356 3908 1361 3915 ‘

519 3989 612 4044 24.
646 3990 701 4045 In
738 3992 1040 4047 animarum
1086 3991 1229 4047 enim
1273 3992 1487 4050 fervens
1511 3996 1754 4054 custodia
1779 4037 1795 4065 ,
1825 4001 2031 4054 consti-

450 4084 552 4136 tuit
582 4088 639 4136 ut
681 4083 858 4137 nullus
908 4085 1298 4140 monachorum
1349 4086 1823 4160 [extra]-limitcm
1870 4091 2030 4145 Clau-

446 4177 579 4225 stra
607 4170 722 4243 (ιι)
749 4173 1001 4243 progredi
1032 4184 1406 4244 praesumeret,
1459 4191 1559 4232 nec
1595 4179 1759 4233 etiam
1805 4181 1873 4235 ad
1914 4181 2029 4252 ipsa

2056 2960 2106 3024 Ω

2139 1723 2301 1780 liceat
2331 1739 2391 1779 ea
2420 1738 2600 1778 coram
2626 1722 2911 1786 haberent,
2935 1720 3030 1775 sed
3052 1734 3211 1791 super
3234 1728 3478 1773 mensam
3502 1718 3727 1771 nudam.

2139 1814 2362 1871 Cilicina
2392 1831 2518 1871 vero
2563 1824 2692 1870 tunc
2721 1824 2872 1870 veste
2917 1813 2989 1868 ita
3032 1812 3109 1868 uti
3153 1817 3433 1882 coeperunt
3460 1847 3477 1875 ,
3524 1818 3585 1863 ut
3626 1823 3731 1865 nec

2139 1907 2204 1961 al
2236 1905 2559 1977 portandum
2578 1906 2718 1976 quis,
2745 1919 2865 1960 eam
2888 1901 3030 1959 ferre
3057 1917 3164 1957 non
3188 1902 3395 1967 valens,
3417 1909 3727 1972 cogeretur,

2140 2012 2239 2052 nec
2269 1996 2335 2050 ad
2370 1995 2648 2051 ferendum
2671 1994 2856 2051 volens
2879 1993 3286 2065 prohiberetur.

2206 2087 2297 2145 25.
2334 2087 2764 2143 Procuraverant
2813 2085 3033 2141 Fratres
3061 2100 3162 2158 pro
3188 2083 3580 2141 sustentatioue
3628 2096 3729 2139 ve-

2140 2181 2305 2236 stiam
2335 2181 2535 2236 habere
2583 2194 2802 2250 gregem
2848 2180 3070 2244 ovium;
3122 2192 3259 2249 quas
3301 2191 3424 2232 cum
3470 2177 3728 2247 providus

2138 2271 2302 2326 Pater
2322 2270 2517 2326 diversi
2543 2270 2740 2325 coloris
2764 2283 2883 2324 esse
2905 2276 3176 2331 cerneret,
3195 2266 3493 2337 uigredinis
3517 2262 3730 2321 scilicet

2138 2374 2193 2419 et
2222 2364 2509 2427 albedinis,
2547 2364 2743 2427 timuit,
2780 2378 2848 2417 ne
2885 2363 2929 2417 si
2956 2375 3199 2417 seorsum
3253 2360 3460 2415 faceret
3487 2356 3724 2427 nigram,

2139 2465 2191 2511 et
2223 2470 2467 2512 seorsum
2496 2454 2673 2509 albam
2698 2494 2712 2519 ,
2764 2454 2902 2509 alter
2948 2454 3234 2524 aliquando
3281 2465 3518 2522 pannum
3558 2446 3726 2503 vellet

2140 2548 2376 2618 nigrum,
2409 2546 2548 2602 alter
2573 2546 2776 2612 album,
2827 2556 2883 2601 et
2920 2546 3021 2601 hac
3049 2546 3115 2601 de
3140 2558 3307 2600 causa
3331 2542 3476 2599 inter
3500 2539 3723 2596 Fratres

2137 2638 2377 2693 oriretur
2406 2636 2694 2691 diversitas
2725 2635 3012 2699 mentium,
3041 2635 3182 2689 sicut
3205 2632 3447 2689 exterius
3475 2638 3619 2687 esset
3635 2628 3723 2684 di~

2137 2730 2275 2785 versi
2285 2740 2365 2784 tas
2391 2730 2647 2784 vestium:
2671 2744 2776 2799 qua
2799 2728 2864 2783 de
2887 2743 3048 2783 causa
3074 2727 3189 2783 ﬁeri
3205 2725 3465 2797 praecepit
3483 2737 3721 2796 pannum

2137 2822 2500 2895 promiscuum
2527 2821 2662 2896 (48).
2682 2821 2832 2891 Quod
2856 2822 2947 2877 Dei
2975 2829 3154 2876 actum
3174 2829 3256 2876 est
3278 2817 3638 2889 providentia,
3662 2823 3722 2869 ut

2137 2915 2390 2986 deinceps
2417 2921 2730 2969 nosceretur
2750 2913 2908 2984 hujus
2923 2910 3311 2983 designatione,
3329 2908 3508 2963 omnis
3530 2921 3726 2962 mona-

2135 3005 2270 3060 stica
2289 3018 2542 3076 persona,
2566 3018 2671 3074 qua
2703 3004 2769 3058 de
2797 3002 2931 3058 tanti
2953 3000 3130 3056 Patris
3156 3006 3299 3055 essu
3321 2995 3718 3061 schola.Licet,

2132 3095 2270 3166 proh
2296 3094 2454 3152 dolor
2478 3096 2491 3150 ε
2520 3103 2761 3164 tempore
2783 3092 3043 3148 moderno
3069 3098 3400 3160 appareant,
3442 3087 3536 3159 qui
3563 3101 3624 3142 se
3648 3085 3720 3143 de

2135 3187 2237 3242 hac
2264 3185 2449 3243 schola
2472 3199 2596 3240 esse
2623 3183 2881 3248 vestibus,
2914 3192 3022 3236 non
3055 3178 3296 3235 moribus
3320 3175 3632 3234 ostendant.

2200 3277 2292 3334 26.
2329 3278 2375 3333 Α
2404 3277 2614 3341 diebus,
2645 3275 2843 3346 quibus
2870 3276 3127 3331 monachi
3171 3283 3451 3346 ceperant
3499 3273 3568 3327 ad
3591 3285 3719 3326 eum

2132 3370 2342 3433 venire,
2374 3369 2514 3423 Deus
2541 3369 2637 3438 qui
2667 3377 2751 3423 est
2775 3367 3050 3437 inspector
3075 3367 3194 3437 puri
3235 3366 3449 3425 cordis.
3479 3374 3533 3419 et
3563 3361 3718 3429 cujus

2133 3461 2422 3517 dilectione
2446 3460 2564 3529 ejus
2596 3458 2738 3513 ﬁlius
2763 3458 2993 3513 curabat
3022 3456 3316 3512 monachos
3340 3452 3715 3523 constringere

2130 3552 2235 3607 sub
2256 3551 2592 3607 districtione
2620 3548 2858 3619 Regulae,
2903 3547 3051 3604 misit
3090 3548 3143 3602 ei
3189 3544 3375 3601 ﬁdeles
3401 3544 3568 3600 la’cas
3598 3540 3717 3613 (ιω

2133 3642 2332 3699 diversi
2357 3641 2583 3706 ordinis,
2611 3648 2721 3695 tam
2754 3654 2947 3710 puram
2979 3639 3388 3695 conversionem
3415 3638 3710 3692 ostenden-

2134 3743 2216 3791 tes
2235 3735 2289 3789 in
2313 3733 2564 3789 omnibus
2595 3732 2768 3787 modis
2790 3732 3169 3787 exhertatione
3194 3730 3475 3802 piiPatris,
3491 3738 3549 3782 ut
3573 3740 3716 3798 pene

2132 3824 2264 3881 nihil
2307 3821 2585 3881 differrent
2626 3837 2655 3878 a
2701 3820 3003 3879 monachis.
3052 3821 3260 3890 Quibus
3302 3835 3402 3876 nec
3433 3819 3715 3890 proprium

2134 3915 2365 3979 habere,
2398 3929 2500 3969 nec
2550 3926 2772 3968 carnem
2822 3914 3108 3967 comedere
3135 3949 3154 3977 ,
3198 3925 3299 3967 nec
3349 3908 3419 3964 ad
3467 3921 3713 3964 mensam

2132 4005 2297 4076 loqui,
2331 4019 2430 4059 nec
2460 4019 2489 4057 a
2519 4003 2833 4074 parentibus
2857 4042 2873 4067 ,
2915 4001 2999 4057 vel
3029 4001 3220 4056 amicis
3280 3998 3576 4068 quidquam
3623 4010 3718 4049 su-

2129 4112 2281 4151 mere
2301 4096 2512 4151 licebat.
2545 4094 2612 4149 Et
2639 4094 2772 4149 nihil
2798 4094 3022 4149 omnino
3048 4108 3078 4146 a
3106 4091 3395 4147 monachis
3418 4088 3712 4150 distaltan’,

2128 4196 2327 4257 przeter
2353 4187 2496 4256 quod
2546 4184 2998 4254 permittebantur
3033 4184 3109 4238 uti
3162 4181 3322 4237 lineis
3372 4179 3612 4236 vestibus
3657 4176 3713 4231 in

442 4260 599 4367 oletu-
618 4263 1056 4362 colligendamisi
1091 4275 1200 4322 tres
1224 4283 1326 4321 una
1351 4269 1830 4340 progrederemur,
1858 4287 2020 4328 exce-
2058 4310 2105 4367 ο
2131 4277 2299 4331 nimio
2328 4276 2785 4340 fervoreatstatis,
2812 4287 2870 4330 et
2894 4285 3091 4345 praeter
3132 4273 3409 4329 silentium
3435 4309 3451 4335 ,
3481 4269 3626 4341 quod
3656 4268 3711 4325 in

450 4350 559 4419 ptis
585 4351 690 4417 his,
723 4354 917 4423 quibus
942 4356 1404 4426 suscipiendorum
1432 4359 1702 4430 hospitum
1750 4376 1879 4416 cura
1906 4374 2026 4419 erat

450 4440 718 4512 injuneta,
746 4448 1128 4511 etobedientia
1163 4451 1492 4506 exteriorum
1520 4454 1885 4523 procuranda.
1924 4455 2025 4511 Ve-

526 4579 641 4657 (μ)
676 4576 978 4657 Franchius
1027 4582 1123 4639 lib.
1152 4582 1225 4649 7,
1267 4600 1388 4657 pag.
1434 4587 1570 4651 157,
1623 4587 1808 4657 varios
1852 4588 2030 4647 citans

450 4652 881 4727 ornitbologos,
915 4656 1013 4717 ait,
1075 4670 1172 4725 per
1232 4652 1533 4727 pelicanttm
1586 4656 1811 4727 intelligi
1875 4673 2028 4714 avem

455 4720 705 4791 ignavam
732 4720 819 4775 'et
859 4720 1134 4794 ingratam
1167 4741 1182 4789 ;
1223 4720 1385 4794 quam
1436 4725 1610 4781 Grarci
1660 4720 2029 4784 ouo-crotalqu

453 4801 671 4877 vocant,
698 4793 1001 4877 asseritque
1047 4793 1278 4877 pelicatti
1312 4812 1506 4877 nomen
1531 4795 1818 4853 Germanis
1843 4797 1895 4853 in
1926 4815 2029 4877 usu

452 4858 623 4985 t‘u'iss|e
645 4864 711 4985 a‘d
751 4858 1161 4934 signiﬁcandum
1208 4866 1483 4923 hominem
1526 4876 1793 4921 amentem
1826 4876 1881 4923 et
1926 4870 2029 4924 im-

457 4946 665 4985 nrmen
693 4947 801 4985 em.

498 4942 801 4988 mittentem.

457 4946 801 5002 prudentem.

529 5001 641 5074 (‘5)
679 5004 935 5075 Suspicor
969 5002 1030 5059 S.
1082 5004 1341 5075 Joannem
1400 5003 1637 5059 noluisse
1681 5014 1739 5058 ut
1777 5005 2027 5060 «iniuncta

455 5073 683 5143 corpora
713 5076 766 5128 in
786 5073 1125 5129 monasterio
1154 5073 1532 5143 sepelirentur,
1567 5088 1633 5128 ne
1646 5089 1752 5143 ,per
1776 5088 2027 5142 pompam

455 5138 740 5198 funebrem
761 5144 1150 5198 monachorum
1175 5138 1330 5210 quies
1354 5138 1682 5203 turbaretur,
1697 5138 1839 5211 quod
1863 5138 2027 5197 etiam

459 5223 526 5263 ex
557 5214 910 5280 sequentibus
939 5212 1121 5281 aliquo
1158 5211 1516 5281 modocolligi
1548 5213 1778 5281 videtur.

500 5326 505 5329 .
532 5278 649 5347 (ιθ)
674 5282 778 5336 Per
804 5278 1044 5362 capellas
1062 5281 1161 5362 hic
1189 5279 1553 5362 intelliguntur
1592 5279 1805 5362 sacella,
1834 5278 2030 5362 quibus

2132 4369 2493 4426 exterioribus
2518 4367 2765 4436 occupati
2794 4368 3083 4422 observare
3112 4365 3431 4437 nequibant.

2199 4456 2288 4511 27.
2322 4453 2457 4511 Nam
2485 4469 2548 4509 ea
2600 4453 2917 4525 probatione
2955 4452 3355 4524 recipiebantur
3384 4449 3598 4505 uovitcr
3629 4462 3716 4504 ve-

2122 4592 2157 4664 ’ί
2209 4591 2323 4664 (48)
2358 4589 2465 4664 Per
2488 4605 2717 4664 pannum
2746 4588 3097 4664 promiscuum
3142 4586 3269 4664 inte!
3295 4587 3462 4657 igitur
3498 4598 3715 4654 pannus

2137 4657 2443 4733 ferruginei
2485 4657 2709 4733 coloris,
2748 4657 2910 4733 quem
2951 4658 3107 4733 vulgo
3161 4657 3391 4733 grisemrt
3454 4669 3553 4733 truc
3589 4664 3708 4733 ut“:

2137 4722 2384 4794 ttttdevS.
2417 4730 2722 4785 Antoninus
2770 4722 3124 4782 llsroriarum
3163 4722 3319 4794 parte
3360 4725 3427 4785 2,
3484 4724 3567 4778 tit.
3618 4722 3711 4788 15,

2136 4796 2256 4871 cap.
2307 4792 2407 4871 Ξῖ).
2443 4797 2575 4871 §_2,
2628 4795 3099 4871 Yallumhrosanrs
3146 4792 3377 4871 appellat
3397 4794 3712 4871 _mouachas

2173 4863 2350 4926 riseos.
2378 4870 2430 4923 5.
2445 4863 2504 4920 Ἐ
2510 4866 2812 4919 rancisrum
2843 4865 3155 4920 Assisiatem
3177 4863 3364 4918 eodem
3392 4863 3561 4916 fet'me
3583 4876 3712 4916 eum

2173 4890 2350 4926 τηεσε.
2378 4890 2430 4923 ε).
2465 4890 2812 4920 l't'ultusutm
2843 4890 3155 4920 nastblutcm
3177 4890 3364 4918 cuucm
3392 4890 3561 4916 utrum
3583 4890 3712 4916 cum

2134 4890 2600 4995 {lallumbrosanis
2652 4935 2834 4988 colore
2883 4949 3035 4987 usum
3082 4935 3132 4986 fu
3159 4949 3246 4989 εδει
3289 4932 3482 5002 probat
3532 4930 3713 4986 Fran-

2129 5011 2284 5065 chius
2313 5009 2407 5062 lih.
2438 5007 2491 5069 7,
2528 5020 2648 5074 pag.
2703 5004 2825 5066 189,
2855 5017 2918 5056 ex
2951 5004 3242 5059 traditione
3291 5004 3547 5074 quadam,
3584 5014 3713 5074 qua

2132 5079 2300 5133 fertur
2346 5070 2542 5144 abbas'
2569 5070 2840 5144 B'eniguuj
2876 5075 3020 5127 circa
3067 5070 3452 5144 annumh‘tSQ-l
3496 5070 3713 5138 dedisse

2130 5164 2285 5203 suum
2341 5143 2608 5203 cucullum
2672 5141 2729 5197 SI
2789 5141 3080 5196 Francisco
3135 5141 3399 5195 imbribus
3460 5144 3709 5194 madido.

2131 5214 2206 5270 De
2249 5217 2404 5272 huius
2445 5212 2645 5270 coloris
2676 5215 2972 5267 mutatione
3009 5212 3130 5265 vide
3172 5209 3475 5267 Comment.
3528 5207 3710 5263 Pnev.

2131 5287 2399 5362 ""‘9155'
2461 5353 2515 5362 ..
2575 5351 2590 5362 .
2632 5352 2644 5362 .
2683 5351 2696 5362 .

2844 5348 2857 5362 I
2922 5348 2960 5362 η
3097 5348 3150 5362 ιο
3284 5347 3338 5362 ιοι
3406 5348 3438 5362 -
3584 5345 3681 5362 ΠΛ.
