4110 5362
560 268 660 324 779
1601 264 1657 319 S.
1697 263 1978 320 JO.\NNIS
2017 263 2414 320 GUALBERTI
2451 266 2738 321 ABDATIS

3693 268 3801 326 780

558 384 728 438 versis
775 383 826 437 in
875 383 1043 438 lacum
1072 378 1377 458 quemdam,
1423 380 1749 433 monasterio
1791 377 2120 448 proximum,
2152 380 2198 439 Α
2230 378 2439 442 melius,
2488 388 2543 434 et
2572 387 2758 434 tenere
2789 378 3043 435 deterius.
3075 379 3204 435 Erat
3231 380 3409 437 tanta:
3437 380 3712 453 religionis
3741 392 3804 438 ut

547 477 818 546 piscatum
867 475 942 528 ire
989 471 1262 542 prtecepit.
1301 469 1561 526 Omnibus
1617 478 1793 523 autem
1826 469 2124 522 dicentibus

561 577 831 635 nunquam
871 565 921 617 in
947 563 1066 617 lacu
1096 562 1186 615 illo
1212 562 1385 631 pisces
1417 561 1600 625 fuisse,
1653 559 1818 628 jussit
1849 570 2025 612 tamen
2069 566 2126 612 ut

559 664 862 726 pergerent,
895 669 955 708 ac
981 653 1189 708 Domini
1235 653 1593 721 patrocinium
1642 653 1757 706 sine
1796 652 2126 705 dubitatione

561 747 844 801 affuturum
875 745 1176 800 crederent.
1198 743 1560 796 Perrexerunt
1584 742 1818 807 tandem,
1841 751 1895 795 et
1916 742 2126 796 cunctis

559 837 953 891 admirantibus
982 835 1114 888 duos
1144 849 1365 903 magnos
1409 833 1576 886 lncios
1626 832 1965 894 invenerunt,
2001 845 2125 886 eos-

558 925 854 996 questatim
879 924 1400 992 comprehcndentcs
1419 921 1578 975 beato
1595 920 1785 975 Joanni
1809 921 2124 985 attulerunt,

558 1035 664 1090 quo
693 1004 805 1090 ipse
838 1020 1074 1091 gaudens
1099 1019 1318 1088 recepit,
1346 1025 1399 1072 et
1423 1032 1574 1088 papa:
1599 1016 1852 1072 continuo
1886 1029 2125 1085 przesen-

558 1113 660 1166 tari
692 1112 838 1168 fecit.
1039 1131 1042 1134 ’
1438 1127 1441 1131 ·

629 1204 717 1258 54.
779 1203 1013 1258 Venerat
1069 1203 1207 1258 inter
1254 1209 1478 1256 caeteros
1544 1197 1754 1263 Teuzo,
1805 1211 1893 1266 qm
1954 1195 2127 1250 adhu:

557 1303 821 1366 superest,
853 1293 1191 1348 venerandus
1219 1292 1378 1363 pater
1397 1299 1447 1346 et
1493 1306 1676 1353 senex,
1707 1303 1865 1358 quem
1893 1285 2127 1341 Joannes

554 1387 718 1442 Pater
762 1385 1044 1440 Fratribus
1093 1384 1145 1437 in
1182 1381 1381 1437 Razolo
1414 1379 1672 1450 praefecit.
1714 1377 1867 1433 Hune
1914 1391 2128 1445 semper

557 1467 784 1530 multum
816 1467 881 1528 ex
915 1471 1309 1536 corde‘dilexit,
1341 1485 1405 1526 eo
1441 1470 1580 1539 quod
1629 1469 1681 1522 in
1725 1467 1989 1522 cbaritate
2019 1465 2128 1519 fer-

556 1573 772 1619 ventem
801 1578 909 1633 pra:
938 1561 1170 1626 caeteris,
1198 1573 1253 1615 et
1277 1559 1392 1628 ejus
1414 1575 1627 1614 manum
1658 1557 1722 1612 ad
1748 1556 2126 1628 porrigendum

558 1655 764 1726 largam
811 1653 1180 1724 experimento
1235 1651 1455 1706 invenit.
1517 1649 1645 1703 Erat
1699 1648 1841 1702 enim
1896 1646 2128 1702 Joannes

2228 469 2452 538 quilibet
2496 485 2714 523 suorum
2753 469 2895 524 nullo
2944 471 3101 526 modo
3139 473 3360 527 auderet
3403 473 3490 528 die
3522 474 3803 531 Dominico

2229 577 2348 615 cum
2381 561 2550 614 asinis
2571 561 2808 615 oneratis
2839 577 2938 616 nec
2961 563 3026 616 de
3055 563 3213 616 domo
3235 563 3436 634 egredi,
3461 550 3558 618 nec
3581 565 3800 621 domum

2231 652 2451 706 reverti.
2505 651 2823 706 Monachum
2870 653 3112 722 equitare
3157 653 3242 708 die
3299 653 3579 710 Dominico
3624 655 3802 714 omni-

2228 741 2388 796 modo
2427 755 2531 796 non
2573 741 2800 808 sinebat,
2835 742 2936 798 nisi
2981 742 3303 800 inevitabilis
3351 756 3570 816 cogeret
3613 761 3803 807 ncces-

2228 833 2382 888 sitas.
3566 827 3568 829 ’

2297 926 2385 980 '57.
2434 925 2683 981 Annunm
2731 935 2784 981 et
2819 927 3028 984 celebre
3055 930 3285 987 oflicium
3324 931 3379 988 in
3411 941 3568 989 nocte
3598 941 3802 989 sanctae

2230 1016 2661 1072 Rcsnrrectionis
2708 1019 2883 1074 debite
2931 1022 3215 1091 agendum,
3267 1024 3389 1092 quis
3443 1025 3494 1079 in
3544 1023 3801 1079 Tusciam

2150 1104 2161 1114 ”
2227 1107 2454 1162 mutavit
2500 1109 2565 1163 de
2611 1108 2696 1163 die
2733 1117 2908 1174 nocte,
2949 1111 3050 1165 nisi
3089 1112 3239 1181 ipse?
3285 1113 3420 1167 Nam
3469 1114 3801 1184 negligentia

2226 1199 2568 1270 subrepente,
2605 1210 2659 1256 et
2693 1210 2921 1271 cogente
2947 1203 3231 1270 edacitate,
3261 1204 3327 1259 ad
3353 1203 3556 1259 Nonam
3577 1229 3583 1234 -
3604 1205 3656 1260 id
3685 1203 3804 1258 olli-

2227 1292 2367 1348 cium
2399 1293 2450 1347 in
2481 1293 2716 1349 Sabbato
2744 1294 3002 1366 agebatur
3032 1294 3166 1366 (58),
3204 1297 3346 1365 quod
3374 1312 3515 1352 nunc
3559 1293 3704 1365 iuste
3746 1304 3804 1351 et

2227 1385 2405 1456 digne,
2464 1386 2514 1440 id
2562 1386 2766 1442 Joanne
2815 1397 2966 1458 patre
3007 1389 3207 1443 nostris
3257 1389 3588 1459 temporibus
3640 1387 3801 1442 insti-

2230 1482 2412 1528 tuenle
2433 1483 2486 1529 et
2513 1475 2819 1544 incipiente,
2843 1476 3017 1546 agitur
3039 1478 3090 1531 in
3119 1487 3301 1532 saneta
3325 1488 3500 1532 nocte.
3533 1477 3635 1531 Per
3657 1476 3803 1531 idem

2229 1575 2438 1640 tempus
2476 1580 2654 1621 comes
2684 1566 2879 1637 Bulgar
2909 1566 3019 1639 (59)
3055 1569 3154 1623 sub
3189 1568 3365 1624 Patris
3401 1568 3624 1624 Joannis
3653 1567 3801 1636 regi-

2227 1657 2371 1712 mine
2396 1656 2711 1710 deliberavit
2745 1673 2898 1711 suum
2923 1658 3260 1713 committere
3286 1645 3590 1713 cmuobium
3621 1657 3806 1727 Septi-

556 1758 713 1820 pater
738 1747 960 1801 multum
997 1739 1321 1808 misericors,
1348 1742 1420 1797 ita
1451 1752 1508 1796 ut
1552 1739 1832 1812 pluviales,
1875 1753 2009 1808 quos
2039 1753 2132 1792 ec-
2157 1739 2204 1798 B
2234 1761 2414 1802 mense
2441 1745 2576 1818 (60).
2623 1746 2774 1813 Quod
2804 1763 2924 1802 cum
2962 1756 3080 1816 post
3120 1748 3344 1802 multum
3387 1747 3650 1813 laborem,
3678 1755 3807 1817 post

556 1841 776 1898 clesiam
808 1841 975 1896 Vallis
1003 1840 1254 1895 lmbrosae
1291 1838 1541 1901 habebat,
1593 1846 1831 1905 tempore
1871 1834 2127 1904 egestatis

559 1934 835 1998 venderet,
889 1940 943 1987 et
991 1933 1220 2002 pretium
1279 1918 1600 1999 pauperibus
1657 1927 1935 1981 tribueret.
1998 1922 2127 1992 Qua:

559 2024 702 2079 enim
753 2023 956 2092 lingua,
1007 2021 1216 2076 etiamsi
1271 2029 1410 2074 esset
1466 2018 1658 2081 ferrea,
1720 2017 1887 2087 ipsius
1933 2025 2126 2071 cuncta

559 2124 738 2185 posset
768 2103 1193 2170 referre'bo-na?
1238 2111 1355 2182 Ipso
1381 2111 1720 2175 exhortante,
1772 2117 1826 2163 et
1871 2123 2124 2177 magnum

561 2199 816 2261 auxilium
846 2204 1211 2273 impendente,
1239 2217 1399 2271 super
1429 2202 1670 2255 diversas
1714 2213 1884 2269 aquas
1928 2198 2127 2253 tinnis-

558 2297 678 2350 simi
708 2295 953 2350 tedilicati
985 2302 1107 2348 sunt
1128 2302 1336 2363 pontes.
1370 2291 1498 2358 Quze
1524 2305 1692 2360 usque
1726 2290 1790 2343 ad
1819 2305 1970 2344 suum
2003 2297 2132 2343 tem-

555 2379 802 2458 pus-per
852 2386 1100 2441 Tusciam
1145 2393 1298 2440 erant
1347 2382 1673 2454 hospitalia?
1726 2381 1854 2447 Quae
1908 2380 2130 2435 clerico-

558 2494 679 2532 rum
734 2477 1079 2548 congregatio
1125 2477 1288 2529 vitam
1341 2483 1461 2528 erat
1506 2475 1706 2528 ducens
1744 2471 2129 2526 communem?

557 2568 687 2634 Quis
719 2567 1036 2622 clericorum
1081 2566 1312 2636 propriis
1353 2573 1407 2620 et
1450 2565 1691 2636 paternis
1732 2565 1891 2618 rebus
1930 2563 2130 2618 solum-

553 2661 715 2714 modo
743 2675 848 2715 non
881 2659 1166 2713 studebat?
1200 2658 1336 2723 Quin
1371 2657 1550 2726 potius
1575 2671 1830 2725 perrarus
1859 2654 2128 2710 invenire-

556 2762 666 2815 tur,
697 2753 830 2822 proh
857 2750 1034 2804 dolor!
1065 2749 1156 2818 qui
1189 2764 1292 2804 non
1332 2755 1476 2802 esset
1504 2754 1783 2809 uxoratus,
1814 2744 1897 2799 vel
1923 2759 2125 2798 concu-

555 2842 788 2896 binatus.
840 2842 914 2894 De
957 2839 1262 2893 Simoniaea
1306 2838 1432 2906 quid
1484 2837 1696 2891 dicam?
1746 2835 1948 2890 Omnes
1995 2850 2129 2904 pene

556 2931 958 2985 ecclesiasticos
987 2928 1215 2984 Ordines
1258 2927 1373 2982 btee
1402 2925 1676 2981 mortifera
1699 2925 1870 2980 bellua
1901 2926 2127 2980 devora-

556 3029 724 3081 verat,
762 3028 842 3086 ut,
869 3018 958 3089 qui
1005 3018 1120 3088 ejus
1158 3031 1393 3072 morsum
1441 3016 1696 3082 evaserit,
1728 3031 1884 3070 rarus
1918 3015 2125 3072 inveni-

559 3119 724 3165 retur.

625 3222 718 3282 55.
771 3222 951 3279 Posita
999 3223 1178 3295 itaque
1207 3239 1236 3276 a
1268 3221 1390 3278 Jesu
1423 3220 1638 3278 Christo
1665 3219 1902 3276 omnium
1951 3219 2130 3288 dispo-

558 3315 724 3372 sitore
768 3315 1028 3370 bonorum
1062 3324 1170 3368 tam
1208 3315 1349 3369 clara
1403 3313 1617 3369 lucerna
1669 3326 1829 3381 super
1879 3310 2128 3366 Ecclesiae

557 3407 958 3472 candelabrum,
987 3415 1040 3462 et
1082 3406 1260 3461 verbis
1308 3416 1362 3460 et
1408 3404 1667 3475 exemplis
1696 3403 1906 3458 lucente
1944 3417 2128 3457 coram

556 3501 784 3566 cunctis,
817 3498 1019 3562 clerici,
1055 3500 1250 3568 spretis
1281 3497 1562 3552 connubiis
1591 3506 1644 3551 et
1687 3494 2021 3558 concubinis,
2075 3494 2128 3548 in

558 3605 722 3646 unum
750 3600 1031 3661 coeperunt
1057 3590 1363 3654 convenire,
1411 3597 1464 3644 et
1495 3587 1844 3658 apostolicam
1892 3585 2126 3654 regulam

555 3693 845 3756 sequentes
877 3683 1072 3738 exhinc
1098 3683 1263 3736 vitam
1303 3696 1643 3737 communem
1675 3680 1891 3734 ducere.
1938 3677 2130 3748 llospi-

554 3775 684 3831 talia
735 3785 814 3831 tot
857 3784 912 3830 et
945 3781 1094 3828 tanta
1138 3774 1296 3842 hujus
1341 3771 1587 3844 exemplo
1617 3780 1671 3826 et
1705 3772 1992 3825 exbortatu
2014 3770 2126 3840 jam

552 3867 800 3921 videmus
831 3880 971 3918 nunc
1018 3878 1114 3932 per
1154 3862 1401 3915 Tusciam
1437 3861 1721 3924 tedilicata,
1760 3870 1813 3914 et
1871 3855 2130 3914 ecclesias

553 3955 950 4012 vetustissimas
994 3962 1074 4006 tot
1116 3962 1422 4014 renovatas,
1451 3960 1508 4004 ut
1535 3967 1632 4006 nos
1679 3958 1874 4018 cogant
1903 3949 2081 4004 dicere
2111 3966 2124 4002 :

558 4047 698 4102 Ecce
730 4045 1058 4099 transierunt
1087 4051 1302 4107 caetera,
1329 4051 1381 4094 et
1419 4042 1557 4093 facta
1589 4048 1712 4093 sunt
1757 4040 1935 4093 omnia
1969 4054 2126 4093 nova.

555 4139 886 4193 lndmnentts
933 4150 1144 4203 semper
1191 4133 1465 4187 vilissimis
1503 4132 1751 4186 utebatur
1793 4131 2130 4186 venerandus

557 4230 749 4296 Pater;
777 4229 1010 4283 fulcrum
1043 4229 1092 4282 in
1138 4233 1216 4280 tot
1259 4235 1312 4280 et
1353 4234 1500 4280 tanta
1527 4241 1618 4279 sua
1668 4225 1982 4279 infirmitate
2027 4223 2128 4278 sibi

559 4322 783 4390 supponi
817 4321 960 4374 nullo
993 4319 1150 4374 modo
1181 4319 1500 4388 patiebatur,
1537 4330 1697 4372 etiam
1737 4317 2009 4388 plumeum
2039 4331 2134 4371 ca-

559 4413 724 4483 pitale
757 4428 857 4464 non
899 4409 1102 4463 ferebat
1140 4409 1238 4462 sibi
1267 4409 1392 4478 poni
1429 4409 1529 4462 sub
1556 4410 1750 4477 capite.

628 4500 718 4553 56.
774 4501 1072 4568 Antequam
1126 4498 1490 4552 intirmaretur
1553 4499 1754 4552 inscius
1796 4497 2127 4562 litterarum,

557 4601 612 4647 ct
633 4593 785 4662 quasi
812 4593 978 4660 idiota
998 4599 1141 4656 erat;
1173 4591 1264 4644 sed
1293 4606 1412 4644 cum
1448 4591 1793 4645 decumberet
1824 4591 1894 4644 ita
1923 4591 2008 4644 die
2036 4605 2131 4642 no-

558 4690 778 4750 ctuque,
804 4691 1017 4735 sanctos
1049 4696 1228 4736 coram
1269 4695 1324 4736 se
1355 4679 1585 4734 faciebat
1631 4679 1792 4733 libros
1835 4679 2034 4748 legere,
2074 4663 2133 4730 ut

558 4774 920 4845 peritissimus
944 4772 1135 4826 divina:
1166 4771 1298 4843 legis
1325 4781 1380 4826 et
1409 4772 1710 4825 divinarum
1743 4770 2128 4824 sententiarum

556 4863 880 4922 eﬂiceretur.
912 4861 1130 4917 Cuculla
1164 4861 1487 4916 decumbens
1525 4869 1579 4913 et
1607 4874 1834 4928 pergens
1871 4873 1932 4910 ac.
1979 4857 2130 4924 equi-

560 4965 686 5012 tans
739 4969 950 5024 semper
981 4954 1251 5008 utebatur.
1292 4951 1421 5005 Erat
1474 4951 1617 5002 enim
1670 4958 1827 5002 tanta:
1873 4946 2135 5014 largitatis

559 5057 613 5082 nl
674 5064 793 5082 num
834 5048 988 5082 ηΙῖι-ιιιῖ
1039 5046 1238 5082 ηΙῖηιιῖιῖ
1266 5045 1392 5082 A‘nrn
1435 5043 1646 5082 lit-‘IF‘I'DI
1707 5041 1818 5082 ςῖὶή
1862 5039 2131 5082 'lﬂlllilll‘l’“

2153 3107 2200 3174 C

2230 1836 2439 1906 longam
2467 1845 2520 1891 et
2549 1837 2800 1892 obnixam
2828 1853 3064 1906 precem,
3099 1839 3312 1893 tandem
3343 1838 3635 1908 impetrare
3676 1853 3805 1909 pro-

2229 1921 2535 1994 meritisset,
2575 1929 2730 1985 valde
2758 1931 2972 2000 gavisus
3011 1939 3136 1985 est:
3186 1939 3304 1986 erat
3329 1931 3470 1985 enim
3514 1932 3676 1986 nimis
3722 1930 3808 1986 in-

2229 2019 2477 2076 ﬂexibilis
2507 2021 2572 2074 ad
2610 2022 2868 2075 sumenda
2908 2029 3089 2076 vetera
3130 2022 3230 2076 sub
3256 2036 3354 2076 suo
3401 2021 3662 2092 regimine
3693 2035 3808 2074 mo-

2229 2113 2487 2178 nasteria,
2523 2113 2616 2168 sed
2668 2123 2885 2182 accepta
2929 2122 3185 2169 constans
3217 2113 3378 2168 nimis
3405 2112 3473 2168 ad
3515 2113 3804 2168 retinenda

2229 2211 2364 2268 erat,
2392 2203 2603 2258 etiamsi
2635 2202 2769 2260 dura
2796 2203 3102 2259 acciderent
3123 2203 3352 2259 adversa

2831 2316 3056 2373 CAPUT
3108 2317 3196 2372 IV.

2239 2405 2400 2461 Varia
2435 2406 2690 2462 miracula
2720 2423 2836 2476 qum
2878 2407 2937 2464 S.
2968 2407 3222 2490 domum
3265 2391 3588 2462 Gualbertm'
3610 2407 3667 2461 in
3695 2405 3806 2461 vita

2889 2487 3131 2546 patravit.

2299 2588 2386 2644 '58.
2429 2588 2600 2658 Coepit
2645 2597 2902 2658 praeterea
2949 2588 3024 2643 ita
3068 2588 3121 2643 in
3167 2587 3442 2645 miraculis
3477 2587 3806 2652 clarescere,

2228 2691 2288 2736 ut
2316 2681 2406 2736 uni
2437 2680 2679 2750 profecto
2703 2695 2766 2734 ex
2791 2680 3028 2750 antiquis
3050 2679 3298 2735 Patribus
3313 2679 3483 2750 possit
3508 2678 3803 2748 comqttari.

2230 2772 2436 2841 Quippe
2463 2771 2652 2827 Berizo
2678 2771 2788 2842 (6|)
2834 2771 3000 2825 abbas
3027 2781 3206 2824 votum
3239 2770 3500 2826 moriendi
3548 2769 3805 2830 habebat.

2229 2881 2333 2920 non
2364 2864 2413 2940 in
2440 2878 2556 2928 suo,
2583 2865 2674 2918 sed
2697 2863 2748 2917 in
2782 2862 3210 2918 V'allimbrosano
3241 2863 3488 2918 οωιιοιιίο
3519 2876 3534 2914 :
3569 2860 3714 2914 unde
3751 2867 3808 2913 et

2230 2971 2564 3012 communem
2590 2966 2792 3025 patrem
2820 2954 3080 3010 Joannem
3121 2968 3262 3023 smpe
3291 2963 3577 3024 rogaverat
3605 2961 3664 3006 ut
3691 2951 3807 3006 suis

2230 3049 2334 3103 hoc
2354 3049 2665 3118 impetraret
2694 3047 2961 3118 precibus.
3006 3044 3104 3110 Qui
3133 3045 3218 3100 die
3246 3035 3478 3113 quadam
3525 3057 3648 3096 eum
3682 3057 3806 3096 eum

2231 3141 2462 3196 venisset
2489 3140 2738 3202 invisere,
2770 3138 3026 3207 praedicto
3051 3137 3194 3191 Patri
3227 3137 3530 3190 nuntiatum
3574 3143 3680 3197 est,
3714 3133 3809 3203 qui

2231 3233 2484 3288 referenti
2521 3240 2601 3286 ter
2627 3229 2860 3284 asseruit
2891 3229 3076 3282 dicens
3103 3245 3114 3280 :
3145 3226 3270 3280 Mihi
3303 3225 3541 3291 credito;
3581 3223 3810 3279 moritu-

2231 3339 2322 3378 rus
2364 3322 2546 3396 venit;
2587 3320 2717 3374 mihi
2765 3319 3002 3382 credito;
3050 3318 3343 3372 moriturus
3382 3316 3548 3370 venit.
3603 3314 3810 3370 Deinde

2229 3428 2350 3467 eutn
2382 3420 2699 3481 przesentem
2731 3417 3079 3479 percontatus
3108 3418 3189 3463 est
3223 3407 3426 3470 dicens,
3459 3414 3641 3459 utrum
3673 3406 3808 3460 obe-

2229 3503 2487 3557 dientiam
2548 3508 2768 3571 cuperet
2817 3497 3148 3568 adimplere?
3181 3497 3276 3553 Cui
3315 3497 3401 3551 ille
3429 3514 3444 3549 :
3476 3493 3637 3549 Juxta
3687 3493 3807 3557 Dei,

2230 3597 2420 3666 inquit,
2447 3596 2772 3649 voluntatem
2805 3601 2859 3646 et
2889 3601 3054 3654 tuam,
3077 3590 3256 3653 Pater,
3285 3589 3631 3643 devotissime
3657 3595 3811 3655 opto.

2227 3688 2355 3742 Post
2387 3687 2500 3741 haec
2525 3685 2686 3740 verba
2718 3697 2881 3754 super
2909 3681 3100 3736 cubilis
3127 3679 3370 3750 pulvinar
3389 3685 3555 3748 caput
3572 3691 3804 3746 ponens-

2228 3779 2374 3852 gravi
2399 3793 2457 3833 se
2498 3776 2820 3847 corripiente
2868 3773 3144 3843 languore,
3178 3772 3262 3826 die
3315 3770 3472 3824 tertia
3522 3770 3812 3826 defunctus

2229 3879 2392 3938 atque
2417 3866 2656 3936 sepultus
2679 3873 2778 3918 est.
2820 3859 3038 3916 Fratres
3076 3863 3255 3930 itaque
3297 3868 3697 3929 conquerentes
3723 3858 3810 3911 in-

2221 3967 2311 4013 .ter
2343 3972 2419 4022 se,
2454 3955 2594 4024 quod
2640 3953 2901 4008 ventilare
2947 3969 3050 4006 non
3082 3963 3348 4022 poterant,
3380 3964 3445 4004 eo
3474 3949 3616 4018 quod
3667 3945 3813 4001 nulla

2232 4050 2472 4104 traheret
2497 4062 2648 4110 aura,
2683 4059 2806 4098 mox
2850 4044 2963 4112 ipse
2989 4058 3108 4096 cum
3155 4040 3413 4094 fratribus
3439 4040 3706 4092 accedens
3742 4033 3813 4088 ad

2232 4157 2436 4204 aream,
2494 4140 2547 4192 in
2597 4136 2842 4190 manibus
2894 4133 3100 4201 accepit
3145 4130 3499 4184 ventilabrutn
3546 4146 3558 4181 :
3613 4126 3812 4182 Statim

2231 4239 2540 4300 competens
2570 4239 2759 4280 ventus
2785 4221 3009 4293 perflare
3038 4221 3221 4292 ccepit.

2302 4322 2390 4376 59.
2436 4319 2674 4386 Quodam
2711 4325 2971 4383 tempore,
3005 4312 3130 4366 dum
3161 4309 3339 4364 nimia-
3363 4323 3485 4362 eum
3513 4303 3812 4377 indigentia

2235 4422 2522 4483 premeret,
2545 4419 2598 4463 et
2623 4407 2748 4477 quid
2774 4420 2952 4459 secum
2983 4402 3440 4456 cotnmorantibus
3471 4398 3648 4460 daret,
3677 4409 3814 4465 pra:-

2237 4515 2316 4560 tcr
2347 4514 2456 4556 tres
2481 4514 2647 4570 panes
2675 4494 3132 4565 solutnt‘nodouon
3167 4493 3385 4545 haberet
3413 4489 3490 4560 [id
3522 4497 3621 4552 est,
3645 4484 3814 4539 cella-

2235 4592 2338 4662 τίοι
2376 4589 2656 4646 cellarario
2687 4601 2784 4639 suo
2831 4583 3104 4652 praecepit,
3149 4591 3207 4633 ut
3244 4589 3352 4633 tres
3380 4579 3499 4658 illos
3532 4587 3704 4658 panes
3731 4575 3819 4628 di-

2234 4685 2459 4745 videret,
2485 4691 2541 4734 et
2563 4677 2846 4745 unicuique
2869 4673 3018 4726 fratri
3037 4672 3277 4740 fragmen
3304 4685 3465 4722 unum
3494 4675 3812 4736 apponeret.

2233 4773 2494 4841 Prtecepit
2547 4770 2738 4824 iterum
2790 4774 2848 4819 ut
2903 4779 3064 4817 unum
3115 4761 3338 4815 arietem
3396 4767 3706 4820 mactaret,
3760 4763 3818 4810 et

2235 4867 2498 4922 edendum
2526 4861 2782 4914 fratribus
2804 4858 2951 4911 illum
2984 4853 3338 4916 ministraret,
3364 4861 3528 4920 atque
3556 4851 3623 4905 de
3664 4849 3816 4918 larga

2239 4947 2332 5010 Dei
2365 4949 2729 5006 misericordia
2765 4950 2816 5000 in
2846 4955 3081 5014 egestate
3112 4943 3356 4998 securius
3387 4948 3655 5010 speraret.
3707 4937 3817 4992 llo-

2239 5044 2324 5080 Ain
2413 5038 2578 5080 innuit
2673 5049 2908 5078 ρσριιιιις-
2964 5047 3083 5076 cras
3134 5047 3292 5076 vam-
3339 5030 3447 5076 llpn
3497 5037 3812 5074 nrmslanle-
