4110 5362
350 248 449 306 πει

1879 248 2079 308 ACTA.

3504 243 3605 304 782

347 358 529 417 sueti
569 356 762 428 Salvii,
791 360 934 418 sicut
960 358 1319 432 disposuerat,
1357 356 1521 428 coepit
1552 370 1775 429 pergere
1805 371 1934 414 con-
1959 366 2011 421 Α
2039 357 2261 414 intravit
2281 357 2559 431 scapham,
2586 366 2748 429 atque
2772 357 2840 417 ab
2870 357 2981 427 illa,
3013 367 3069 415 ut
3092 372 3189 415 sua
3216 372 3338 414 cum
3370 362 3604 429 compel-

346 450 549 517 ltleus,
587 450 732 521 quod
778 468 905 509 suos
956 451 1231 508 famelicos
1277 466 1552 521 nunquam
1592 451 1736 508 Deus
1773 451 1931 508 dese-

350 551 515 598 reret.
559 541 783 598 Fratres
807 557 935 601 vero
979 544 1110 598 hora
1158 543 1374 612 prandii
1425 543 1495 598 ad
1542 558 1782 598 mensam
1808 558 1931 613 per-

344 645 537 706 gentes
561 675 577 700 ,
637 650 857 690 carnem
929 636 1030 691 sibi
1087 636 1389 707 appositam
1455 636 1927 707 perexhorrentes,

349 727 670 796 parvissima
697 723 997 796 fragmenta
1027 729 1181 798 panis
1218 744 1339 783 cum
1384 728 1679 799 gratiarum
1719 729 1930 782 actione

345 825 722 887 comederunt,
749 838 968 878 carnem
1003 833 1183 878 autem
1226 823 1375 877 nullo
1405 822 1566 877 modo
1614 822 1925 892 tetigerunt.

349 913 473 968 Alio
501 928 628 968 vero
659 914 746 967 die
790 913 1084 968 secundum
1132 913 1273 968 beati
1304 912 1530 967 Joannis
1567 911 1924 981 prophetiam,

350 1001 505 1055 multi
531 1002 778 1057 homines
816 1000 1078 1056 venerunt
1103 1017 1227 1056 cum
1256 1001 1424 1056 asinis
1449 1000 1659 1055 onustis
1678 1000 1928 1070 panibus,

351 1091 647 1158 frumento,
694 1092 891 1160 farina,
940 1095 1179 1151 dicentes
1208 1093 1370 1164 quod
1442 1093 1646 1149 nobiles
1686 1093 1931 1148 homines

353 1183 640 1239 Florentiae
687 1184 948 1239 fratribus
990 1185 1234 1239 miserint
1270 1202 1282 1238 :
1334 1184 1426 1240 sed
1454 1184 1545 1254 qui
1590 1192 1796 1251 essent,
1836 1181 1929 1253 qui

351 1272 475 1329 illos
508 1274 807 1339 misissent,
834 1289 1108 1345 nunquam
1141 1274 1270 1330 sciri
1296 1275 1486 1343 putuit.

418 1364 511 1417 40.
583 1364 703 1420 Alio
775 1380 988 1435 quoque
1060 1375 1339 1435 tempore,
1412 1380 1536 1421 eum
1615 1379 1929 1422 (economus

348 1467 546 1509 onmes
598 1454 749 1510 cibos
799 1455 1195 1525 consumpsisse
1230 1469 1290 1510 se
1339 1455 1564 1521 diceret,
1610 1464 1665 1509 et
1712 1455 1928 1510 beatum

336 1541 618 1601 Joannem
646 1545 778 1615 quid
806 1545 1063 1618 fratribus
1089 1547 1221 1602 dare
1265 1547 1553 1617 iudicaret,
1594 1533 1925 1616 inquireret;

345 1636 510 1706 jussit
540 1649 602 1696 ut
629 1656 768 1695 unus
794 1657 858 1696 ex
892 1641 1059 1698 tribus
1104 1640 1282 1696 bubus
1308 1656 1445 1712 quos
1493 1649 1623 1696 tunc
1670 1640 1923 1702 habebat,

345 1730 711 1800 occideretur,
740 1741 797 1787 et
821 1730 1082 1786 fratribus
1102 1731 1349 1787 edendos
1379 1732 1619 1787 daretur.
1653 1730 1751 1786 Cui
1778 1745 1924 1785 teco-

346 1836 551 1878 nomus
595 1838 609 1876 :
659 1820 816 1890 Quid,
861 1821 1374 1892 inquit,.facicmus
1417 1832 1701 1892 postquam
1764 1820 1927 1875 istum

352 1910 899 1967 mandueaverimus?
953 1911 1046 1966 Ille
1095 1926 1226 1967 vero
1269 1930 1283 1966 :
1332 1911 1474 1977 Uno,
1521 1913 1618 1976 ait,
1666 1918 1925 1976 comesto,

345 2004 573 2067 occides
602 2004 805 2070 alium;
850 2020 959 2074 quo
985 2016 1324 2076 consumpto,
1369 2005 1523 2062 dabis
1567 2013 1617 2062 et
1663 2006 1923 2062 tertium:

352 2091 552 2148 Bcatus
578 2092 723 2147 enim
743 2092 979 2149 Joannes
1008 2108 1109 2165 nec
1138 2095 1206 2150 de
1227 2095 1320 2149 Dei
1345 2094 1596 2165 largitate
1628 2093 1925 2157 dubitabat,

352 2197 458 2237 nec
507 2191 788 2251 peccatum
836 2197 895 2238 se
944 2182 1222 2239 incurrere
1272 2184 1544 2247 credebat,
1578 2182 1625 2236 si
1673 2180 1929 2258 fratribus

352 2286 548 2327 carnes
574 2270 746 2336 daret,
773 2287 897 2327 cum
939 2272 1072 2328 nihil
1119 2272 1263 2328 aliud
1294 2274 1551 2337 haberet;
1576 2271 1777 2339 justius
1807 2284 1930 2325 cre-

352 2362 490 2417 dens
521 2362 774 2437 carnibus
808 2364 1057 2430 reﬁcere,
1086 2377 1246 2435 quam
1278 2364 1419 2418 fame
1456 2362 1573 2418 illos
1607 2361 1927 2417 interficere.

351 2451 695 2508 OEconomus
751 2469 882 2509 vero
938 2453 1088 2525 jussa
1155 2454 1463 2524 complevit,
1510 2468 1703 2509 carnes
1760 2452 1927 2517 coxit,

357 2558 559 2597 mensa:
589 2544 949 2614 superposuit.
1001 2543 1218 2599 Fratres
1247 2537 1425 2597 autem
1457 2544 1590 2598 hora
1632 2543 1927 2598 constituta

338 2632 421 2699 ad
466 2647 701 2687 mensam
742 2644 1120 2703 perrexerunt,
1160 2633 1397 2704 visisque
1439 2633 1696 2687 carnibus
1744 2631 1930 2685 obstu-

350 2732 561 2791 pentes,
592 2737 789 2791 easque
810 2723 1115 2779 nullatenus
1140 2733 1443 2796 tangentes.
1472 2723 1694 2778 silenter
1722 2722 1929 2793 patien-

349 2821 551 2881 terque.
569 2822 852 2867 steterunt.
881 2812 980 2880 Qui
1011 2829 1134 2868 cum
1163 2816 1238 2868 sic
1265 2822 1494 2877 starent,
1523 2813 1741 2882 quidam
1765 2812 1929 2882 coepit

349 2903 672 2973 monasterii
704 2911 891 2972 portas
914 2902 1154 2971 pulsare.
1182 2902 1508 2958 Cellararius
1540 2917 1666 2956 vero
1692 2901 1798 2955 hoc
1830 2914 1930 2955 au-

350 2993 532 3058 diens,
553 2992 806 3059 festinato
829 2992 944 3057 ivit,
962 2993 1248 3061 quemdam
1271 2992 1542 3047 hominem
1564 3004 1682 3044 cum
1705 2989 1929 3059 pulchm

348 3083 697 3153 manutergio
724 3082 951 3151 panibus
976 3084 1135 3152 pleno
1164 3082 1387 3147 invenit,
1411 3097 1545 3150 quos
1570 3081 1816 3135 lmtantet‘
1839 3096 1930 3137 ac-

354 3171 582 3241 cipiens,
612 3172 872 3227 fratribus
900 3173 1159 3227 velociter
1189 3187 1481 3242 apponens,
1513 3173 1636 3241 quis
1656 3183 1801 3228 esset
1837 3173 1928 3243 qui

355 3277 453 3317 eos
480 3264 737 3331 duxisset,
787 3266 975 3335 quisve
1004 3280 1097 3320 eos
1146 3265 1402 3329 misisset,
1449 3265 1786 3333 interrogare
1838 3280 1931 3320 ne-

346 3354 541 3424 glexit.
586 3354 692 3411 Sed
721 3371 845 3412 cum
888 3357 954 3411 ad
985 3357 1277 3421 hominem,
1316 3356 1521 3426 gratias
1557 3364 1611 3412 et
1659 3366 1932 3411 manuter-

348 3444 502 3514 gium
545 3445 870 3509 redditums,
907 3446 1126 3512 rediret,
1176 3446 1416 3516 nequivit
1474 3446 1622 3501 illum
1667 3447 1929 3513 invenire,

356 3533 442 3588 vel
496 3535 619 3603 quis
664 3533 873 3599 fuisset,
924 3537 1070 3590 unde
1118 3534 1353 3590 venisset
1397 3534 1621 3591 ulterius
1673 3535 1841 3601 scire,
1876 3547 1935 3590 et

322 3663 329 3669 .
359 3639 710 3698 quoscunque
737 3621 816 3683 de
840 3627 932 3682 illo
978 3628 1372 3698 interrogabat;
1421 3627 1627 3684 nullum
1656 3628 1931 3684 hominem

357 3733 425 3776 eo
454 3722 539 3775 die
562 3720 633 3775 ibi
659 3736 780 3776 cum
812 3721 1042 3791 panibus
1069 3735 1126 3776 se
1154 3721 1356 3775 vidisse
1385 3720 1653 3775 dicebant.
1810 3705 1824 3722 ’

429 3809 520 3864 ﬂ.
596 3810 822 3878 Quando
884 3827 949 3866 ex
1008 3822 1276 3883 prmcepto
1345 3810 1647 3867 Comitissat
1726 3808 1932 3865 Beatri-

354 3904 443 3959 cis
473 3903 585 3973 (62)
633 3912 903 3958 venerunt
949 3904 1169 3966 milites,
1201 3912 1259 3957 ιιι
1299 3920 1422 3958 eum
1463 3911 1729 3974 raperent,
1762 3918 1824 3959 ac
1865 3901 1932 3975 de

342 3992 556 4057 ,Tuscia
586 3992 974 4063 Longobardis.
1019 3993 1324 4048 sanctitatis
1346 4008 1534 4057 causa,
1563 4001 1657 4046 aut
1699 4008 1930 4048 consen-

361 4087 605 4150 tientem.
632 4094 728 4141 aut
775 4088 1001 4139 invitum
1034 4099 1216 4139 secum
1251 4085 1644 4152 perducerent;
1696 4084 1798 4138 hoc
1843 4083 1932 4137 ille

349 4178 595 4248 cognito,
623 4192 742 4231 cum
766 4175 989 4231 Domino
1008 4177 1062 4230 in
1092 4176 1321 4231 ecclesia
1354 4176 1710 4231 intentissiutc
1732 4191 1931 4246 preces

354 4264 626 4331 (illideret,
659 4276 808 4321 tanta
839 4265 1137 4336 pluviarum
1169 4274 1653 4335 tempestatumque
1695 4265 1927 4331 diffusio,

2032 448 2176 504 lebat
2222 449 2452 516 insania,
2485 463 2545 504 se
2576 450 2632 506 in
2671 465 2883 506 amnem
2930 449 3222 520 projiciens
3261 452 3396 525 dixit
3441 466 3455 505 :
3506 452 3604 508 llic

2031 540 2153 609 quis
2178 538 2433 607 Joannes,
2473 548 2530 595 ct
2550 540 2729 611 qualis
2762 540 2878 609 ejus
2902 540 3012 595 vita
3041 540 3113 596 sit
3140 557 3364 613 prorsus
3394 543 3603 599 cunctis

2029 629 2255 699 patebit.
2284 629 2453 696 Quem
2476 631 2757 686 cadentem
2781 646 2906 686 mox
2933 646 3075 703 aqua
3107 632 3410 702 suscipiens
3442 648 3605 703 super

2031 735 2110 786 se,
2161 735 2229 775 ne
2279 731 2614 791 mergeretur
2660 722 2934 788 sustinuit,
2983 736 3215 793 eumque
3269 723 3441 780 sancti
3493 722 3602 781 Viri

2030 808 2345 865 comitatum
2395 811 2602 866 meritis
2649 812 2716 866 de
2743 812 2856 882 ripa
2885 829 2991 869 una
3029 812 3098 868 ad
3144 798 3371 871 alterum
3412 830 3603 873 sanum

2031 900 2367 971 salvumque,
2410 900 2563 970 quasi
2607 902 2724 958 leve
2770 903 2975 975 lignum
3024 906 3289 979 portavit.
3343 907 3441 964 llic
3485 908 3606 967 luco

2032 989 2230 1046 clarius
2254 999 2640 1062 constatquam
2671 1008 2879 1062 carum,
2904 1011 3173 1068 quamque
3194 999 3491 1056 mirabilem
3522 1009 3607 1056 at-

2030 1095 2136 1150 que
2168 1080 2422 1137 dilectum
2471 1082 2656 1138 Virum
2706 1084 2849 1141 hunc
2893 1087 3032 1156 apud
3060 1102 3119 1144 se
3161 1088 3300 1145 Deus
3330 1090 3603 1158 habuerit,

2030 1171 2267 1249 quando,
2295 1170 2410 1239 ejus
2437 1182 2733 1245 memorato
2762 1173 3095 1231 solummodo
3122 1178 3338 1235 nomine
3369 1187 3475 1235 tam
3518 1194 3605 1234 vc-

2029 1259 2240 1325 lociter,
2274 1271 2491 1334 tamque
2513 1265 2742 1334 benigne
2775 1266 3029 1321 miserum
3057 1268 3123 1324 de
3144 1279 3319 1326 morte
3338 1272 3554 1343 eripuit.
3578 1292 3596 1327 ι

2026 1416 2031 1423 _
2096 1355 2189 1412 45.
2222 1344 2463 1423 Quodam
2494 1373 2722 1430 namque
2756 1368 3019 1430 tempore,
3050 1360 3175 1416 dum
3213 1362 3354 1419 idem
3379 1378 3604 1440 venera-

2029 1448 2153 1504 bilis
2187 1449 2368 1515 l’ater,
2414 1450 2534 1511 aliis
2579 1451 2842 1507 cmucbiis
2890 1451 3143 1519 visitatis,
3182 1453 3249 1508 de
3286 1457 3482 1524 quibus
3526 1456 3601 1511 illi

2030 1554 2223 1611 magna
2254 1541 2430 1597 inerat
2470 1556 2622 1607 cura,
2652 1542 2717 1597 ad
2747 1542 3021 1613 proprium
3054 1524 3434 1610 reverteretur,
3480 1558 3605 1615 pm-

2030 1618 2209 1700 spexit
2247 1632 2425 1688 inesse
2452 1632 2783 1703 pet-validam
2825 1633 3176 1706 indigentiam
3198 1648 3297 1705 per
3326 1635 3602 1705 plurimos.

2028 1722 2166 1778 Dum
2198 1722 2252 1777 in
2279 1723 2664 1779 monasterium
2691 1724 2961 1791 introiret,
2994 1726 3418 1796 dispensatorem
3450 1726 3609 1784 fami-

2028 1811 2136 1875 liae,
2148 1814 2364 1870 nomine
2374 1812 2713 1870 Giesfredum
2735 1815 2871 1886 (64),
2885 1824 2938 1872 ct
2950 1816 3227 1873 Rusticum
3240 1817 3353 1888 (65)
3380 1817 3604 1875 fratrem

2026 1914 2434 1975 procuratorem
2468 1906 2793 1962 monachum
2836 1922 3071 1973 evocans
3116 1907 3607 1979 aitzlnSpiciamus

2029 2004 2275 2051 nostrum
2310 1996 2588 2062 horreum,
2618 1998 2891 2069 quomodo
2925 2013 2993 2065 se,
3025 1998 3247 2066 habeat,
3298 2002 3606 2071 reperitque

2029 2096 2157 2143 tunc
2200 2089 2327 2143 illud
2377 2090 2747 2147 abundantius
2796 2091 3079 2162 repletum.
3130 2092 3335 2158 Quibus
3361 2094 3600 2151 ironice:

2030 2178 2405 2250 Hcmrinquil,
2446 2195 2607 2250 quam
2652 2180 2870 2251 plurimi
2916 2182 2985 2237 ab
3015 2183 3237 2238 instanti
3286 2186 3606 2242 necessitate

2025 2270 2427 2341 opprimuntur,
2475 2286 2572 2327 vos
2626 2279 2803 2328 autem
2852 2272 3072 2329 uberius
3113 2274 3428 2328 abundatisl
3460 2275 3605 2330 Prac—

2027 2364 2278 2433 cepitque
2307 2362 2580 2419 vasculum
2612 2364 2897 2433 quemdam
2934 2365 3232 2435 capientem
3265 2376 3494 2436 quatuor
3522 2367 3603 2423 vel

2029 2453 2267 2523 quinque
2307 2453 2515 2509 modios
2545 2453 2777 2527 impteri,
2807 2462 2862 2509 et
2890 2455 2968 2509 sic
2998 2470 3097 2525 per
3133 2458 3480 2528 semetipsum
3529 2460 3600 2514 ab

2030 2541 2162 2596 hora
2212 2542 2429 2598 circiter
2476 2543 2637 2598 tertia
2688 2559 2860 2615 usque
2908 2560 3130 2612 nonam,
3181 2555 3236 2602 et
3280 2562 3346 2602 eo
3371 2548 3605 2617 amplius

2023 2646 2454 2707 praeoccupatus,
2486 2637 2631 2703 inde,
2680 2637 2986 2693 nullatenus
3015 2654 3357 2711 progressus,
3388 2642 3602 2697 unicui-

2026 2740 2154 2794 que,
2176 2727 2272 2796 qui
2304 2736 2688 2795 convenerant,
2712 2729 2797 2785 cui
2827 2730 3073 2798 multum,
3097 2732 3183 2787 ctti
3205 2748 3393 2804 parum
3428 2734 3603 2791 distri

2028 2816 2174 2883 buit;
2204 2827 2259 2875 et
2281 2834 2497 2891 semper
2516 2820 2709 2891 plenus
2738 2822 2962 2879 exstitit.

2098 2909 2191 2964 M.
2222 2910 2321 2979 Qui
2375 2927 2500 2968 cum
2551 2912 2606 2967 in
2659 2913 2801 2969 beati
2852 2914 3017 2970 Salv-ii
3058 2924 3209 2973 extra
3237 2919 3599 2976 Florentinam

2030 2999 2220 3056 urbem
2248 3001 2622 3058 demoraretur
2649 3005 2915 3069 coenobio,
2935 3006 3160 3076 prtefato
3173 3007 3285 3078 jam
3316 3010 3433 3065 viro
3463 3011 3601 3081 (66),

2031 3093 2121 3162 qui
2145 3093 2198 3148 in
2228 3093 2532 3150 reclusione
2556 3096 2803 3167 degebat,
2823 3113 2922 3167 per
2940 3098 3177 3155 Azonem
3193 3101 3325 3173 (67),
3342 3103 3430 3172 qui
3457 3113 3604 3173 pust-

2031 3184 2246 3238 modum
2282 3185 2453 3240 beata:
2492 3185 2767 3257 Reparatae
2813 3188 2952 3243 rexit
2981 3189 3309 3260 coenobium,
3362 3193 3603 3249 ciborum

2031 3288 2130 3345 pro
2177 3275 2553 3330 benedictione
2602 3278 2900 3350 transmisit
2927 3281 3118 3336 exenia
3162 3280 3296 3353 (68).
3349 3284 3601 3351 Quicum

2031 3364 2285 3433 prtedicta
2340 3365 2657 3421 munuscula
2711 3368 3012 3436 detulisset,
3061 3372 3358 3443 eodemque
3403 3377 3606 3430 rediret

2033 3452 2248 3520 itinere,
2280 3470 2365 3509 vta
2394 3455 2700 3526 digrediens
2746 3460 3014 3527 quoddam
3059 3461 3281 3517 intravit
3310 3467 3600 3535 tugurium,

2033 3552 2085 3599 et
2113 3542 2410 3609 Fratribus,
2435 3561 2570 3616 quos
2612 3546 2683 3603 ibi
2715 3549 2933 3617 reperit,
2967 3565 3087 3619 qua:
3115 3560 3169 3606 et
3207 3563 3406 3622 quanta
3437 3555 3606 3610 voluit

2032 3631 2196 3687 verba
2239 3632 2450 3689 locutus
2479 3643 2582 3702 est,
2613 3645 2774 3706 atque
2804 3641 2873 3692 ad
2916 3637 3131 3695 Patrem
3180 3642 3354 3696 rediit.
3384 3644 3480 3698 Cui
3508 3660 3606 3715 per

2032 3741 2094 3784 se
2134 3729 2448 3783 cunctanti:
2481 3728 2633 3785 Unde
2680 3730 2866 3785 venis?
2909 3747 3033 3790 cum
3079 3736 3463 3806 respondisset,
3495 3753 3605 3808 quo

2033 3820 2230 3875 missus
2257 3820 2453 3885 fuerat,
2497 3822 2604 3878 isse
2632 3838 2697 3878 ac
2728 3823 2954 3891 redisse,
2984 3840 3108 3880 mox
3148 3827 3218 3881 ab
3252 3843 3318 3884 eo
3354 3831 3559 3885 audivit
3588 3850 3602 3885 :

2000 3907 2145 3981 ‘Ego
2167 3908 2383 3977 quidem
2409 3926 2515 3965 non
2539 3920 2589 3966 te
2615 3912 2755 3968 unde
2779 3913 2930 3968 venis
2956 3915 3236 3984 mandavi;
3270 3932 3331 3973 ac
3353 3918 3606 3990 deinceps

2033 3998 2331 4069 digressum
2352 4006 2419 4056 de
2443 4015 2552 4067 via,
2579 4010 2632 4057 et
2660 4002 2960 4071 ingressum
2989 4006 3204 4078 tugurii,
3234 4016 3393 4080 atque
3417 4011 3601 4078 verba,

2032 4106 2152 4161 qua:
2186 4109 2309 4148 cum
2361 4094 2592 4150 inventis
2634 4096 2826 4152 habuit
2873 4092 3154 4155 Fratribus
3207 4115 3308 4171 per
3353 4102 3601 4172 spiritum

2033 4197 2466 4253 recognoscens.
2519 4194 2713 4239 cuncta
2772 4184 2890 4241 luce
2946 4186 3144 4245 clarius
3198 4190 3455 4259 patefecit
3505 4206 3604 4262 per

2030 4272 2295 4329 ordinem.

354 4363 506 4412 tanta
527 4372 739 4427 quoque
778 4357 1104 4410 exstiterunt
1130 4355 1382 4419 tonitrua,
1414 4364 1472 4409 ut
1494 4355 1702 4426 praefati
1733 4356 1932 4412 milites
1960 4368 2012 4428 Ῑ)
2104 4362 2194 4417 45.
2224 4363 2302 4417 Eo
2324 4373 2591 4435 tempore,
2619 4380 2725 4436 quo
2748 4365 3059 4424 Simoniaea
3094 4370 3315 4426 haeresis
3347 4387 3444 4443 per
3467 4373 3604 4429 Tus-

354 4448 447 4502 vix
474 4449 650 4503 redire
677 4446 845 4501 inlresi
877 4446 1135 4501 valerent.

425 4538 515 4592 42.
561 4538 682 4592 Alio
724 4551 937 4607 quoque
970 4548 1232 4605 tempore,
1262 4537 1347 4591 vir
1377 4537 1592 4607 quidam
1639 4536 1828 4607 plenus
1850 4538 1934 4593 in-

350 4630 503 4684 sauia
534 4630 586 4683 in
627 4628 865 4698 ejusdem
911 4626 1086 4680 Patris
1133 4628 1447 4697 morabatur
1473 4628 1740 4683 coenobio.
1772 4643 1931 4698 quem

352 4722 445 4777 ille
476 4722 723 4778 medendi
750 4724 918 4792 gratia
942 4720 1316 4775 Passinianum
1357 4721 1694 4776 transmisit;
1724 4722 1816 4791 qui
1864 4723 1932 4777 ad

354 4814 602 4883 ﬂuvium,
647 4812 732 4868 cui
780 4812 1100 4867 vocabulum
1142 4820 1229 4866 est
1270 4812 1447 4867 Arnus
1478 4811 1616 4884 (65),
1664 4824 1928 4883 repertam

429 4945 540 5016 (62)
564 4946 711 5002 Salis
737 4958 863 5000 nata
877 4954 961 5001 est
989 4945 1228 5013 piissima
1253 4944 1365 5000 hate
1386 4944 1658 5016 comitissa
1677 4944 1728 5005 in
1752 4947 1932 5001 Anna-

352 5013 496 5071 libus
523 5013 754 5072 ’Baronii
784 5017 1011 5084 aliisque
1040 5016 1296 5078 historiis,
1332 5031 1454 5085 qua:
1499 5016 1556 5070 S.
1587 5015 1848 5069 Joannem
1877 5020 1929 5071 in

355 5085 735 5142 L‘Otnbardiatn
780 5088 899 5140 duci
945 5086 1217 5152 cupiebat.
1253 5095 1310 5138 ut
1342 5086 1630 5152 collapsam
1655 5087 1929 5155 pietatem,

348 5163 411 5225 et
438 5158 788 5223 monasticam
819 5155 1155 5225 disciplinam
1195 5155 1441 5224 exemplo
1468 5170 1565 5209 suo
1591 5166 1649 5210 et
1676 5158 1933 5211 exhorta-

351 5224 604 5307 tionibus.
612 5227 865 5307 erigeret:

2028 4451 2173 4507 ciam
2219 4454 2598 4523 pullulaverat,
2643 4472 2764 4511 cum
2796 4459 3084 4528 prrcdictus
3126 4460 3288 4518 Pater
3326 4464 3378 4517 in
3413 4467 3604 4521 eodem

2032 4541 2344 4600 Florentino
2396 4548 2646 4602 ctenobio
2688 4552 3013 4616 moraretur,
3058 4553 3275 4622 quidam
3323 4554 3605 4627 religiosus

1981 4667 1989 4673 -
2031 4634 2136 4700 vir,
2193 4649 2260 4691 ex
2311 4652 2571 4706 generosa
2621 4637 3057 4697 Florentinorum
3112 4647 3368 4717 progenie
3417 4659 3603 4714 ortus,

2030 4727 2185 4797 cujus
2220 4727 2362 4782 illius
2385 4728 2534 4799 gravi
2559 4728 2816 4800 languore
2845 4731 2899 4785 in
2922 4732 3062 4789 lecto
3095 4737 3422 4792 constrictus
3445 4740 3608 4795 decu-

2031 4816 2168 4872 bans
2191 4818 2424 4872 vicinam
2450 4820 2833 4890 opperiebatur
2865 4831 3118 4892 mortem,
3150 4826 3217 4881 ad
3241 4843 3384 4893 eum,
3422 4840 3481 4885 ut
3503 4831 3604 4885 sibi

2104 4951 2217 5025 (65)
2262 4952 2528 5032 Existimo
2545 4954 2692 5011 hunc
2739 4956 3022 5016 Rusticum
3072 4948 3509 5032 esse'eumuem,
3539 4968 3608 5022 de

2033 5036 2139 5093 quo
2165 5038 2324 5092 supra
2348 5039 2466 5093 cap.
2498 5025 2552 5085 2,
2584 5037 2763 5080 actum
2792 5038 2895 5082 est.

2106 5095 2226 5217 (66g.
2247 5093 2509 5163 Prwfalus
2533 5095 2619 5149 ille
2635 5099 2712 5150 vir
2736 5104 2819 5150 est
2841 5097 3038 5166 Teuzo,
3063 5099 3314 5168 quijuxta
3340 5113 3615 5159 monaste-

2106 5180 2174 5216 Iut
2218 5163 2567 5217 ’lorentinum
2597 5166 2655 5217 Β.
2691 5167 2874 5217 Mariae
2902 5173 3148 5217 reclusus
3190 5179 3327 5217 erat.
3356 5172 3431 5217 uti
3465 5172 3611 5217 (dare

2032 5162 2174 5216 rium
2199 5162 2567 5218 Florentinum
2597 5166 2655 5220 Β.
2691 5167 2874 5220 Mariae
2902 5162 3327 5229 reclusus'erat,
3356 5172 3433 5225 uti
3465 5172 3635 5227 clare

426 5234 586 5282 imbus
612 5234 865 5307 erigeret.
1148 5293 1160 5307 .
1266 5292 1278 5304 ι
1888 5262 1907 5307 _-
2012 5234 2353 5302 exprimitur
2376 5235 2428 5287 in
2460 5234 2574 5289 Vita
2601 5251 2696 5307 per
2722 5236 2784 5289 Β.
2816 5235 3074 5293 Attonem
3106 5238 3323 5304 scripta.

426 5294 538 5362 (63)
566 5297 788 5350 Fluvnis
818 5294 1045 5359 Tusciae,
1071 5309 1162 5362 qui
1199 5301 1374 5347 oritur
1395 5308 1461 5347 ex
1486 5302 1667 5347 monte
1696 5293 1933 5362 Apennt-
2010 5332 2019 5336 ‹
2105 5303 2213 5362 (67)
2244 5302 2320 5357 De
2345 5305 2527 5359 Amne
2550 5308 2636 5362 νει
2658 5306 2878 5362 Αηοηε
2912 5306 3160 5362 memini;
3188 5305 3323 5362 pm”

2105 5303 2213 5362 (67)
2244 5302 2320 5357 De
2345 5305 2527 5359 Azone
2550 5302 2636 5362 vel
2658 5306 2878 5362 Azzone
2912 5306 3160 5362 meminit
3188 5302 3487 5362 Francbius
3515 5308 3610 5362 lib‘.
