4110 5362
521 244 622 323 τας

1556 264 1611 320 5.
1653 261 1936 319 JOANNIS
1973 258 2363 317 GUALBERTI
2401 257 2702 312 ABBATIS

3666 246 3773 302 τει

519 401 723 456 a-grum
753 394 936 440 natum
967 392 1183 439 sanaret
1208 397 1271 438 ac
1297 379 1566 443 redderet,
1589 384 1876 449 rogaturus
1905 389 2093 431 acces-
2124 379 2171 436 Α
2200 371 2375 428 festim
2432 366 2684 426 discessit
2743 368 2931 425 iratus.
2984 367 3102 436 Quo
3143 381 3247 424 non
3284 366 3461 440 longe
3519 357 3788 424 δίεπε-ωδε).

516 472 611 530 'sit.
643 471 741 529 Cui
760 489 884 530 cum
910 471 1018 539 ille,
1044 474 1159 527 tunc
1179 486 1281 526 non
1312 486 1429 533 sua,
1464 469 1556 525 sed
1590 467 1952 539 apostolorum
1980 479 2100 520 esse

521 565 746 628 diceret,
789 562 877 618 ille
919 561 1288 633 gemebundus
1331 558 1448 629 ejus
1496 565 1800 631 prostratus
1831 555 2099 625 vestigiis,

525 653 728 710 tamdiu
755 652 1007 723 precibus
1052 651 1266 717 institit,
1302 650 1475 706 donec
1502 650 1624 720 pius
1652 648 1835 712 Pater,
1871 646 2097 700 misera-

519 748 668 802 tione
703 753 1026 810 commotus,
1058 756 1181 798 eum
1224 742 1508 798 remittens
1543 740 1612 795 ad
1650 737 1888 809 propria,
1916 750 1974 791 se
2004 748 2101 806 pro

518 845 589 892 eo
612 836 780 891 Deum
811 842 1123 905 rogaturum
1173 832 1451 904 promisit;
1489 838 1565 896 et,
1612 844 1676 885 eo
1713 827 2096 902 descendente,

520 928 836 985 convocatis
882 925 1189 990 Fratribus,
1221 923 1533 995 suppliciter
1559 919 1801 977 orationi
1828 917 2093 974 incubuit.

520 1018 732 1088 Quibus
758 1017 1038 1075 humiliter
1068 1018 1120 1072 in
1150 1024 1347 1072 terram
1379 1013 1667 1086 prostratis
1695 1021 1857 1082 atque
1881 1009 2098 1067 oranti-

518 1110 639 1177 bus,
663 1110 769 1179 ille,
798 1112 852 1167 in
879 1111 1032 1182 cujus
1050 1108 1296 1164 manibus
1309 1117 1625 1164 cunctorum
1652 1103 1797 1160 salus
1822 1099 2093 1161 consistit,

518 1210 785 1275 'mgrotum
818 1217 919 1273 per
952 1201 1132 1258 dilecti
1161 1197 1602 1254 intercessionem
1631 1193 1854 1265 integra:
1868 1190 2095 1247 sanitati

519 1294 778 1350 restituit.
808 1291 929 1350 Hoc
947 1306 1161 1363 quoque
1190 1288 1505 1346 miraculum
1536 1286 1623 1342 ille
1654 1285 1739 1342 cui
1787 1300 1882 1355 per
1926 1283 2096 1340 Joan-

518 1392 644 1442 ‘uem
669 1383 986 1441 beneficium
1009 1381 1258 1439 sanitatis
1281 1380 1581 1451 impensum
1602 1384 1707 1441 est,
1734 1375 1808 1430 ita
1831 1374 2093 1437 evenisse,

516 1485 578 1530 ut
604 1474 859 1538 dicimus,
889 1486 1060 1541 usque
1098 1471 1257 1527 bodie
1284 1471 1405 1525 viva
1437 1483 1569 1524 voce
1601 1474 1850 1522 testatur.

562 1552 679 1619 '46.
697 1562 939 1631 Quodam
967 1562 1150 1632 itaque
1181 1571 1437 1631 tempore,
1456 1574 1577 1615 cum
1603 1556 1948 1619 monasteria,
1977 1566 2096 1625 qua:

516 1656 619 1711 sub
647 1669 744 1710 suo
770 1661 928 1709 erant
951 1652 1230 1723 regimine,
1260 1650 1423 1706 solito
1451 1663 1604 1704 more
1645 1647 1922 1711 inviseret,
1948 1644 2097 1700 venit

2202 462 2517 534 repentinus
2556 461 2686 517 inibi
2715 475 2977 516 accensus
3022 470 3107 516 est
3156 461 3311 531 ignis,
3345 460 3437 531 qui
3467 463 3789 532 praedicauit

2203 552 2589 609 monasterium
2615 565 2682 607 ex
2710 551 2853 607 omni
2885 561 3041 622 parte
3068 548 3383 607 combussit.
3412 551 3565 619 Quod
3594 553 3783 609 incen-

2196 642 2347 697 dium
2386 642 2745 712 pedissequus
2769 641 2886 709 eius
2912 641 3039 696 dum
3070 650 3336 707 cerneret,
3373 642 3533 712 eique
3562 643 3781 698 nuntia-

2201 738 2306 796 ret,
2339 746 2439 786 nec
2469 740 2615 786 retro
2645 731 2904 801 respexit,
2939 746 3114 800 neque
3146 731 3212 785 ad
3262 725 3437 787 locum
3470 732 3652 797 rediit,
3683 731 3779 786 sed

2194 819 2308 885 .via,
2365 836 2472 891 qua
2519 830 2783 892 eruperat,
2835 823 2902 877 ad
2948 821 3432 877 Vallimbrosanum
3471 821 3779 878 coenobium

2197 912 2525 969 festinanter
2543 913 2802 985 perrexit.

2811 1002 3043 1061 CAPUT
3085 1006 3127 1060 V

2535 1095 2654 1151 Alia
2686 1096 2918 1166 ejusdem
2959 1097 3128 1152 sancti
3162 1098 3436 1152 mimanta.

2264 1184 2487 1240 £8.Alio
2512 1201 2727 1257 quoque
2760 1195 3023 1257 tempore,
3046 1202 3167 1241 cum
3193 1186 3242 1241 in
3267 1189 3524 1257 prtedtcto
3543 1189 3779 1245 Musceto

2196 1278 2427 1343 adesset,
2440 1287 2487 1334 et
2504 1294 2639 1348 papa
2650 1278 2757 1333 Leo
2771 1277 3249 1351 [Leg.Stepbanus]
3264 1279 3374 1350 (72)
3391 1280 3634 1345 perillam
3650 1282 3785 1336 vici-

2194 1367 2339 1421 niam
2364 1377 2627 1437 pergeret,
2641 1384 2766 1423 suos
2778 1369 2976 1440 legatos
2991 1370 3056 1423 ad
3072 1385 3192 1425 eum
3219 1370 3384 1436 misit,
3400 1387 3627 1442 eumque
3639 1372 3706 1427 ad
3719 1388 3781 1430 se

2195 1459 2280 1514 ire
2307 1461 2531 1531 rogavit.
2553 1460 2795 1530 Cumque
2822 1461 3133 1517 inﬁrmitate
3158 1472 3415 1532 gravatus
3436 1465 3504 1518 ad
3529 1481 3649 1519 eum
3678 1479 3781 1521 nec

2194 1552 2488 1620 possetire,
2506 1566 2603 1607 nec
2632 1552 2814 1620 vellet,
2832 1552 2993 1624 legati
3023 1555 3090 1609 ad
3111 1570 3303 1625 papam
3328 1566 3684 1623 revertuntur,
3702 1554 3782 1614 si-

2197 1642 2357 1711 bique
2387 1642 2536 1697 illum
2556 1644 2622 1698 ad
2650 1659 2709 1699 se
2728 1645 2914 1699 venire
2939 1661 3044 1700 non
3067 1660 3225 1715 posse
3244 1656 3513 1702 asserunt.
3531 1647 3624 1703 Ille
3645 1661 3781 1707 vero

512 1743 929 1808 ‘adcmnobium,
948 1713 1040 1796 cui
1059 1713 1377 1795 vocabulum
1400 1749 1480 1793 cst
1499 1737 1817 1802 Muscetum,
1838 1736 1947 1800 ubi,
1972 1750 2093 1789 cum
2128 1713 2169 1772 Β
2197 1734 2330 1789 dixit
2361 1750 2377 1789 :
2406 1733 2503 1800 Ite,
2528 1735 2738 1805 sibique
2764 1736 2946 1802 dicite,
2982 1713 3125 1807 quod
3168 1738 3212 1791 si
3243 1737 3404 1793 aliter
3459 1753 3563 1793 non
3595 1743 3780 1810 potest

518 1851 677 1891 casas
704 1841 950 1890 cerneret
975 1831 1286 1903 grandiores
1305 1830 1713 1902 pulcrioresque
1733 1844 1893 1898 quam
1916 1826 2091 1888 vellet,

518 1925 781 1982 accersito
818 1920 1113 1978 venerabili
1166 1921 1283 1976 viro
1313 1921 1510 1975 domno
1543 1918 1775 1974 Rodulfo
1831 1916 1964 1989 (69),
2003 1916 2094 1986 qui

517 2030 613 2072 cas
664 2019 1061 2072 construxerat,
1113 2019 1171 2066 et
1210 2010 1279 2064 ab
1327 2008 1416 2065 illo
1469 2009 1540 2065 ibi
1593 2008 1877 2065 ordinatus
1923 2006 2098 2060 fuerat

520 2108 715 2172 abbas,
745 2103 1089 2160 severissimo
1116 2101 1266 2158 vultu
1289 2100 1424 2156 dixit
1447 2119 1463 2153 :
1487 2100 1567 2155 Tu
1597 2100 1651 2155 in
1697 2100 1805 2155 isto
1834 2099 1952 2153 loco
1982 2099 2096 2153 lucc

520 2198 617 2256 tibi
640 2195 915 2253 fabricasti
941 2193 1175 2265 palatia?
1204 2192 1270 2248 Et
1299 2205 1592 2248 conversus
1619 2192 1685 2246 ad
1711 2187 2094 2261 parvissimnm

517 2290 718 2355 rivum,
763 2288 852 2358 qui
887 2286 1016 2342 inibi
1054 2284 1209 2352 juxta
1242 2284 1518 2347 currebat,
1568 2281 1703 2336 dixit
1736 2297 1749 2333 :
1792 2278 1837 2335 Ο
1878 2278 2097 2348 Rigam-

516 2379 641 2435 bule
675 2376 810 2449 (70),
861 2376 907 2431 si
957 2389 1044 2429 me
1075 2374 1140 2430 de
1174 2370 1422 2436 Rodull‘o,
1457 2378 1510 2425 et
1548 2370 1667 2424 istis
1692 2368 1808 2439 ejus
1851 2366 2097 2421 domibus

517 2465 902 2532 vindicaveris,
922 2473 1125 2528 utrem,
1149 2478 1287 2534 aqua
1310 2457 1832 2532 Seva:(7l)lluminis
1856 2455 2095 2525 plenum,

518 2560 679 2617 undis
701 2560 808 2616 tuis
826 2559 1053 2629 augebo.
1069 2557 1138 2611 Et
1159 2556 1273 2610 haec
1295 2554 1481 2609 dicens
1504 2552 1621 2607 sine
1642 2563 1795 2605 mora
1823 2546 2094 2603 discessit.

514 2648 686 2722 Cujus
733 2649 1037 2722 imperium,
1071 2663 1137 2703 ac
1166 2647 1209 2702 si
1244 2643 1580 2701 rationabilis
1604 2642 1785 2705 bomo,
1820 2641 1967 2695 rivus
2009 2638 2099 2694 ille

519 2744 843 2815 suscipiens,
895 2742 984 2801 illo
1038 2741 1325 2797 recedente
1368 2740 1730 2793 intumescere
1782 2735 1984 2805 ccepit,
2044 2742 2100 2789 et

519 2836 702 2890 nescio
729 2834 871 2889 unde
891 2831 1198 2903 largissima
1226 2844 1488 2899 aquarum
1516 2827 1713 2882 ﬂuenta
1741 2839 2095 2896 congregans,

519 2923 711 2979 relicto
757 2922 981 2992 proprio
1018 2919 1172 2975 alveo
1202 2919 1268 2974 de
1302 2925 1482 2972 monte
1526 2916 1923 2986 praecipitanter
1967 2914 2097 2979 ruit,

522 3012 875 3085 gravissimos
903 3018 1179 3081 petrarum
1209 3007 1460 3078 scapulos
1488 3015 1648 3077 atque
1671 3007 1893 3061 arbores
1912 3019 2096 3060 secum

516 3102 768 3169 trabeas,
797 3100 900 3173 [in]
928 3100 1215 3171 praedictas
1245 3099 1434 3154 domos
1464 3097 1637 3153 illisus
1669 3105 1972 3153 terratenus
2002 3109 2097 3150 eas

525 3192 742 3263 deiecit.
779 3192 897 3261 Qua
940 3191 1142 3247 ultione
1167 3191 1456 3261 completa,
1506 3191 1660 3259 quasi
1700 3204 1798 3259 pro
1829 3183 2097 3253 mercede,

525 3284 671 3355 quod
702 3283 1048 3356 promiserat,
1081 3281 1243 3337 Pater
1284 3282 1509 3352 recepit.
1558 3280 1673 3347 Qua
1702 3295 1800 3351 pro
1834 3294 1892 3333 re
1917 3277 2099 3333 Abbas

520 3375 614 3431 ille
639 3375 887 3431 turbatus
912 3389 1035 3429 cum
1066 3373 1369 3438 Fratribus,
1413 3374 1481 3429 de
1525 3372 1643 3429 loco
1678 3382 1888 3428 mutare
1918 3372 2091 3442 diSpo-

523 3465 689 3522 nebat
727 3465 1055 3522 coenobium.
1089 3465 1297 3534 Quibus
1323 3464 1410 3519 ille
1438 3465 1550 3520 haec
1575 3463 1960 3520 consolationis
1981 3477 2100 3516 vcr-

520 3556 590 3613 ba
617 3555 829 3614 locutus
849 3565 971 3614 est:
994 3556 1189 3621 Nolite,
1222 3556 1413 3627 inquit,
1448 3556 1661 3621 timere,
1708 3570 1776 3611 ne
1819 3554 2097 3620 habitetis,

520 3648 649 3718 quia
678 3648 828 3704 rivus
848 3647 936 3703 ille
963 3662 1061 3703 nec
1080 3647 1372 3717 quidquam
1404 3646 1528 3701 mali
1552 3648 1704 3702 vobis
1724 3646 1967 3703 facturus
1992 3653 2096 3712 est,

512 3754 629 3796 nec
657 3739 800 3795 ultra
820 3739 973 3795 vobis
994 3738 1232 3793 nocebit.
1254 3737 1406 3805 Quod
1429 3735 1546 3804 ejus
1568 3737 1884 3791 vaticinium
1911 3751 2096 3791 verum

512 3827 850 3898 ﬁrmumque
872 3841 1045 3897 usque
1068 3826 1229 3880 hodie
1255 3834 1557 3894 permanet.
1581 3824 1825 3893 Denique
1845 3823 1935 3879 ille
1955 3838 2099 3894 saepe

522 3916 700 3974 dictus
723 3912 949 3983 rivulus,
979 3917 1123 3985 quod
1172 3923 1302 3970 tunc
1330 3930 1481 3981 casu,
1509 3915 1674 3972 immo
1708 3915 1827 3986 plus
1872 3916 2099 3986 imperio

518 4004 703 4061 Patris
732 4006 1012 4070 acciderit,
1036 4019 1136 4060 rrec
1160 4014 1316 4060 antea
1341 4004 1564 4071 fecerat,
1587 4019 1687 4060 nec
1701 4006 1929 4061 ulterius
1948 4005 2096 4062 fecit.

593 4094 686 4151 47.
709 4093 830 4151 Alia
881 4110 1096 4166 quoque
1136 4093 1273 4160 vice,
1304 4110 1425 4151 cum
1475 4096 1778 4152 intimatum
1832 4105 1976 4153 esset
2025 4098 2097 4163 ei,

516 4186 671 4256 quod
695 4185 779 4241 vir
803 4186 1023 4256 quidam
1049 4186 1116 4240 ad
1142 4185 1819 4252 conversionemveniens,
1844 4186 2101 4257 patrimo-

522 4278 672 4334 nium
703 4292 858 4334 suum
888 4286 1059 4332 totum
1088 4276 1189 4332 sibi
1214 4277 1431 4348 scripsit
1457 4278 1510 4332 in
1541 4278 1770 4344 cartula,
1808 4292 2100 4348 secumque

2196 1826 2399 1890 venire,
2423 1826 2477 1880 in
2503 1826 2642 1882 lecto
2664 1826 2824 1882 faciat
2846 1843 2905 1882 se
2926 1829 3209 1884 adducere.
3235 1829 3334 1897 Qui
3359 1847 3479 1887 mox
3508 1832 3573 1887 ad
3596 1833 3774 1901 ipsum

2197 1921 2547 1985 revertentes,
2602 1928 2656 1976 et
2706 1920 3033 1976 voluntatem
3088 1938 3238 1993 papa:
3285 1922 3383 1977 sibi
3426 1908 3773 1992 -nuntiantes,

2196 2010 2376 2065 statim
2408 2012 2689 2066 ecclesiam
2719 2011 2958 2077 intravit,
2988 2012 3263 2082 Deumque
3307 2022 3361 2069 et
3402 2023 3617 2070 sanctos
3655 2013 3775 2081 ejus

2195 2101 2459 2167 exoravit,
2509 2111 2567 2156 nt
2587 2102 2801 2172 aliquod
2826 2103 2927 2160 sibi
2952 2100 3392 2174 impedimentum
3419 2107 3592 2173 daret,
3615 2123 3681 2163 ne
3704 2107 3775 2166 ad

2197 2193 2565 2261 supradictum
2607 2208 2801 2263 papam
2846 2194 2923 2248 ire
2952 2194 3176 2249 valeret.
3220 2195 3474 2253 Oratione
3507 2197 3775 2268 completa

2192 2284 2264 2336 ad
2296 2282 2499 2351 legatos
2532 2298 2682 2353 papa:
2716 2284 2924 2348 exiens,
2964 2283 3210 2354 lectoque
3241 2301 3300 2341 se
3337 2284 3646 2356 projiciens,
3674 2286 3777 2346 aii-

2197 2380 2428 2441 quantos
2480 2372 2780 2428 ConverSoS
2832 2372 3019 2430 venire
3066 2373 3228 2441 fecit,
3273 2384 3329 2431 et
3358 2391 3416 2430 se
3466 2377 3532 2431 ad
3577 2390 3773 2447 papam

2194 2464 2400 2533 portari
2434 2465 2706 2534 prtecepit.
2754 2464 2996 2534 Cumque
3043 2482 3073 2520 a
3123 2469 3450 2523 monasterio
3495 2469 3772 2538 paululum

2199 2554 2565 2621 abscessisset,
2593 2570 2716 2610 mox
2746 2570 2805 2613 se
2827 2571 2920 2613 aer
2949 2557 3271 2612 validissime
3298 2559 3552 2625 turbavit,
3585 2568 3773 2615 vento.

2198 2658 2318 2698 rum
2359 2644 2631 2711 nimietas,
2663 2645 2963 2716 pluviaeque
2992 2648 3327 2704 immensitas
3357 2652 3589 2721 proruit.
3610 2638 3776 2719 Quod.

2204 2750 2324 2791 cum
2356 2735 2517 2806 legati
2557 2752 2707 2808 papa:
2728 2738 3009 2803 vidissent,
3043 2740 3188 2794 illum
3217 2756 3343 2797 vere
3376 2752 3617 2798 sanctum
3654 2753 3775 2796 cre-

2198 2824 2409 2890 dentes,
2448 2824 2514 2878 ad
2549 2826 2933 2881 monasterium
2962 2829 3158 2883 reverti
3186 2827 3448 2895 fecerunt,
3472 2838 3527 2885 et
3558 2830 3770 2885 concito

2196 2927 2359 2969 cursu
2395 2914 2461 2967 ad
2494 2929 2687 2985 papam
2723 2915 3018 2971 redierunt.
3055 2916 3166 2973 Hoc
3191 2929 3368 2974 autem
3396 2937 3515 2975 cum
3559 2935 3765 2993 cogno-

2199 3012 2393 3069 sceret,
2427 3006 2708 3076 ipsumque
2751 3007 3011 3062 Sanctum
3041 3023 3160 3064 esse
3189 2997 3447 3076 dicerent,
3495 3012 3571 3066 ait
3599 3030 3612 3066 :
3636 3004 3771 3071 Nolo

2203 3096 2348 3150 illum
2389 3096 2530 3150 ultra
2573 3098 2639 3152 ad
2682 3112 2769 3152 me
2795 3100 3005 3163 venire,
3035 3101 3128 3156 sed
3160 3100 3212 3155 in
3254 3102 3500 3158 coenobio
3526 3097 3644 3158 cum
3678 3102 3772 3161 Dei

2199 3186 2574 3243 benedictione
2602 3189 2783 3257 quiete
2809 3177 3050 3246 manere.
3402 3190 3409 3196 ’

2267 3278 2358 3335 49.
2405 3279 2525 3333 ΑΙἰο
2554 3295 2768 3350 quoque
2804 3288 3044 3351 tempore
3071 3283 3288 3353 quidam
3344 3280 3497 3340 miles
3527 3300 3591 3339 ex
3644 3284 3772 3341 Cer-

2199 3365 2425 3423 lianensi
2459 3367 2574 3438 (75)
2604 3369 2825 3425 castello
2851 3372 3092 3442 graviter
3122 3373 3296 3427 fuerat
3342 3389 3409 3427 ex
3436 3376 3664 3443 quadam
3692 3375 3773 3429 in-

2202 3455 2454 3512 ﬁrmitate
2499 3459 2770 3526 detentus,
2823 3462 2913 3530 qui
2964 3477 3029 3515 ex
3077 3462 3333 3517 amicitiae
3371 3468 3542 3533 gratia
3594 3452 3766 3521 beatae

2200 3550 2589 3604 recordationis
2623 3550 2739 3622 (74)
2770 3551 2962 3606 Joanni
3014 3553 3211 3608 Abbati
3258 3565 3417 3609 notus
3446 3563 3583 3609 erat.
3636 3554 3770 3611 Cum

2200 3636 2418 3721 quidam
2449 3640 2566 3709 ejus
2591 3640 2873 3697 familiaris
2897 3657 3085 3699 servus
3109 3646 3174 3698 ad
3194 3644 3558 3700 Muscetanum
3581 3659 3769 3703 coeno-

2200 3734 2366 3795 bium,
2402 3736 2490 3789 ubi
2530 3746 2657 3791 tunc
2690 3738 3016 3791 venerabilis
3062 3738 3188 3792 vita:
3232 3737 3466 3793 Joannes
3499 3739 3766 3804 manebat,

2200 3825 2460 3891 venisset,
2496 3835 2555 3880 ut
2591 3841 2714 3882 eum
2743 3830 3043 3898 conspexit,
3073 3830 3254 3883 statim
3279 3831 3346 3883 ad
3381 3844 3438 3883 se
3465 3828 3696 3896 vocavit,
3714 3835 3771 3886 et

2201 3914 2267 3969 de
2295 3929 2394 3970 suo
2423 3918 2643 3972 domino
2673 3918 3008 3989 interrogare
3034 3921 3263 3975 curavit.
3292 3920 3391 3988 Qui
3441 3920 3770 3990 respondens

2200 4005 2322 4058 ait:
2356 4005 2582 4061 Domine
2624 4006 2803 4073 Pater,
2848 4006 2959 4075 jam
3005 4022 3101 4078 per
3124 4011 3278 4077 duos,
3328 4018 3384 4064 et
3430 4025 3496 4065 eo
3540 4008 3770 4079 amplius

2201 4109 2414 4150 menses
2442 4096 2593 4149 valde
2615 4107 2873 4166 gravatur
2899 4098 3231 4154 inﬁrmitate.
3261 4100 3415 4168 Quod
3455 4115 3578 4155 cum
3612 4113 3771 4155 rene~

2200 4184 2385 4239 rabilis
2428 4182 2664 4239 Joannes
2707 4186 2930 4250 audivit,
2981 4200 3170 4256 panem
3218 4191 3449 4258 accepit,
3485 4191 3642 4261 eique
3671 4203 3770 4260 pro

2199 4272 2570 4329 benedictione
2622 4275 2768 4329 misit
2807 4292 2820 4329 :
2863 4277 3138 4344 comedit,
3185 4291 3409 4334 sanatus
3467 4289 3574 4337 est.
3642 4279 3770 4336 Post

521 4366 590 4422 ad
619 4367 1015 4423 monasterium“
1032 4366 1252 4434 detulit;
1284 4382 1404 4421 mox
1435 4367 1660 4423 festinus
1684 4369 1750 4421 ad
1778 4369 2092 4436 praedictum
2121 4381 2172 4443 ι)
2199 4374 2446 4434 quartam
2476 4366 2615 4421 diem
2643 4382 2737 4436 per
2776 4369 3123 4438 semetipsum
3151 4371 3215 4423 ad
3245 4385 3366 4424 eum
3396 4370 3565 4438 venit,
3594 4380 3647 4428 et
3673 4381 3771 4442 pro

521 4459 672 4513 venit
720 4458 1048 4522 coenobium,
1101 4468 1263 4529 atque
1330 4459 1511 4514 abbati
1566 4458 1693 4524 loci,
1747 4460 1840 4529 qui
1889 4469 2096 4514 cartam

525 4558 858 4618 susceperat,
889 4548 1191 4620 imperavit,
1220 4561 1279 4605 ut
1304 4550 1422 4605 sine
1448 4563 1601 4604 mora
1628 4564 1747 4605 eam
1775 4550 1877 4605 sibi
1922 4548 2097 4605 defer-

528 4647 639 4703 ret;
670 4654 830 4708 qnam
854 4641 922 4696 ab
946 4655 1011 4695 eo
1052 4649 1322 4711 acceptam
1369 4642 1580 4712 ungulis
1624 4657 1745 4697 eam
1775 4642 2094 4707 minutatim

522 4725 860 4799 discerpens,
892 4730 944 4783 in
970 4738 1169 4785 terram
1191 4740 1383 4787 cuncta
1412 4730 1583 4787 frusta
1612 4733 1863 4803 projecit,
1899 4731 2098 4787 Deum-

525 4828 634 4884 que
662 4823 718 4870 et
764 4816 1063 4885 apostolum
1092 4819 1209 4886 ejus
1238 4821 1496 4877 invocans
1527 4822 1664 4877 dixit
1690 4840 1703 4876 :
1733 4822 1872 4877 Deus
1909 4818 2097 4876 Ou.ni—

519 4910 735 4973 potens,
787 4913 841 4959 et
893 4904 1052 4962 Petre
1120 4910 1482 4977 apostolorum
1532 4913 1772 4968 omnium
1821 4910 2093 4982 princeps,

514 4990 844 5050 'ulciscimini
875 5008 960 5050 me
993 4997 1060 5051 de
1088 4999 1334 5054 emnobio
1359 5000 1483 5055 isto.
1505 4999 1572 5054 Et
1594 5001 1709 5056 baac
1736 5001 1942 5066 dicens,
1965 5014 2097 5054 cou-

594 5141 706 5194 ιθθι
738 5140 834 5194 Hic
858 5142 997 5194 idem
1012 5141 1389 5194 estRodnll'us.
1404 5144 1587 5194 deauo
1605 5157 1724 5194 can.
1743 5144 1967 5194 Qactum
1988 5154 2092 5194 est.

2199 4457 2428 4510 sanitate
2490 4471 2651 4525 quam
2700 4466 3000 4527 receperat,
3044 4459 3094 4512 ei
3139 4459 3352 4529 plenam
3406 4451 3640 4532 gratiam
3686 4474 3773 4515 re-
3868 4456 3882 4468 “

2197 4544 2401 4617 pendit.

2266 4633 2354 4687 50.
2382 4633 2510 4689 Post
2560 4633 2786 4688 multum
2825 4649 2956 4691 vero
3009 4639 3283 4708 temporis,
3334 4654 3455 4694 cum
3511 4640 3652 4694 idem
3690 4639 3774 4693 vir

2207 4725 2400 4780 iterum
2433 4736 2741 4796 mgrotaret,
2770 4735 2823 4781 et
2854 4742 2912 4782 se
2933 4728 3045 4797 jam
3088 4728 3311 4799 jamque
3340 4731 3473 4785 mori
3504 4731 3772 4795 crederet,

2204 4828 2425 4883 equum,
2455 4817 2539 4870 cui
2566 4818 2756 4871 sedere
2779 4828 3154 4884 consueverat,
3186 4829 3375 4874 sancto
3404 4817 3600 4873 Joanni
3622 4818 3771 4888 judi-

2196 4903 2340 4962 Cavit
2365 4902 2499 4974 (75),
2533 4917 2739 4974 suoque
2771 4904 2902 4969 lilio,
2941 4916 2999 4961 ut
3028 4907 3175 4960 illum
3206 4908 3308 4962 sibi
3336 4908 3596 4973 deferret,
3624 4919 3773 4979 post-

2193 5007 2357 5062 quam
2407 5007 2529 5049 eum
2575 4995 2885 5063 sepelisset,
2939 4999 3215 5069 praecepit.
3269 4998 3388 5066 Quo
3435 5011 3650 5055 mortuo
3700 5014 3767 5055 ac

2196 5146 2287 5194 hic
2329 5147 2673 5194 amanuensis
2700 5148 2983 5194 oscitantis
3030 5149 3140 5194 Lm
3186 5149 3461 5194 Slmhann
3506 5158 3773 5194 ιιι-νησιω-
