4110 5362
317 451 425 512 785

1841 450 2046 506 ACTA.

3141 377 3167 395 δ

3480 445 3582 502 786

318 565 555 641 sepulto,
599 565 743 623 illius
782 564 901 635 ejus
948 578 1147 635 equum
1197 565 1361 621 beato
1401 562 1596 622 Joannl
1647 565 1892 631 minavit,
1928 571 1974 630 Α
2004 572 2063 620 ιιι
2089 562 2346 620 redeundi
2387 564 2437 619 ei
2472 564 2539 619 ad
2570 560 2827 621 stt-culum
2855 561 3130 618 licentiam
3159 561 3338 629 daret,
3388 560 3585 633 illeque

319 668 482 730 atque
510 667 570 712 ut
596 659 772 729 ipsum
801 659 1089 729 reciperet,
1122 668 1176 712 et
1207 674 1305 729 pro
1341 669 1494 728 patre
1542 660 1905 716 intercederet

322 753 551 822 rogavit.
582 750 689 806 Sed
716 761 938 806 sanctus
965 751 1202 807 Joannes
1233 752 1544 807 transitoria
1575 751 1899 823 despiciens,

320 851 693 913 paupertatem
723 842 971 912 diligens.
1001 842 1241 897 rmleStia
1264 844 1675 912 concupiscens,
1705 859 1903 914 equum

323 932 529 987 butniui
579 931 834 996 reddidit,
863 940 917 985 ct
960 942 1019 985 ut
1044 948 1165 986 cum
1211 947 1276 986 eo
1320 932 1387 987 ad
1431 934 1645 1004 propria
1681 934 1899 997 rediret,

322 1023 600 1091 praecepit.
657 1020 901 1092 Cumque
967 1022 1316 1077 Vehementer
1375 1023 1688 1089 obsisteret,
1737 1033 1790 1079 et
1842 1041 1904 1082 se

332 1125 521 1180 equum
571 1126 677 1165 non
716 1113 1065 1165 reducturum
1097 1121 1391 1179 assereret,
1430 1121 1653 1169 coactus
1684 1114 1903 1173 tandem

325 1207 596 1271 pmcepto
627 1201 799 1256 sancti
830 1199 1081 1268 Joannis,
1106 1217 1229 1258 cum
1261 1218 1403 1273 equo
1443 1204 1509 1258 ad
1545 1204 1767 1275 propria
1816 1220 1905 1261 re-

323 1290 540 1363 pedavit
566 1289 699 1364 (76).

336 1376 345 1379 μ
391 1383 479 1439 5i.
513 1384 570 1438 lu
614 1385 803 1439 eodem
843 1394 1022 1440 autem
1056 1384 1372 1442 Museetano
1399 1387 1651 1443 coenobio
1682 1388 1901 1444 cuidam

327 1472 485 1529 fratri
529 1475 854 1531 venerabilis
908 1475 1072 1531 Pater
1116 1476 1448 1532 medicamen
1489 1477 1757 1547 quoddam
1803 1493 1902 1547 pro

325 1565 557 1635 quadam
586 1581 684 1621 sua
729 1566 1044 1623 inﬁrmitate
1097 1582 1258 1622 manu
1295 1583 1390 1621 sua
1440 1567 1684 1632 tradidit,
1727 1577 1782 1624 et
1808 1583 1902 1625 ex-

329 1655 547 1728 templo,
597 1665 821 1727 urgente
867 1672 1029 1711 causa
1074 1657 1441 1722 necessitatis,
1480 1657 1546 1712 ad
1593 1657 1739 1713 aliud
1787 1673 1902 1713 mo.

326 1749 626 1805 nasterium
691 1748 936 1803 secessit.
990 1747 1091 1814 Qui
1151 1748 1501 1803 nihilominus
1552 1738 1787 1814 non’se,
1844 1758 1904 1805 ttt

326 1839 531 1905 decuit,
555 1839 765 1893 cautius
795 1839 1000 1905 habuit,
1034 1850 1088 1895 ct
1119 1839 1274 1894 intra
1297 1855 1499 1909 paucos
1535 1841 1655 1896 dies
1682 1842 1900 1910 expira-

328 1930 424 1984 tit.
490 1929 572 1984 Ad
615 1930 936 2007 memoriam
996 1930 1149 1999 cujus
1209 1930 1544 1984 retinendam
1597 1930 1710 1999 jam
1768 1915 1978 1985 dictiB

327 2003 641 2076 monasterii
666 2002 826 2074 Pater
855 2035 953 2090 per
974 2019 1455 2076 Vallimbrosanam
1491 2030 1740 2077 cunctam
1778 2036 1907 2077 con-

328 2113 721 2183 gregationem,
750 2112 890 2165 sicut
916 2127 983 2166 ex
1016 2126 1204 2166 eorum
1235 2114 1464 2166 mortuis
1502 2127 1620 2166 mos
1650 2121 1757 2176 est,
1787 2112 1905 2183 ejus

327 2206 532 2260 ubitmn
554 2220 650 2276 per
674 2204 857 2273 apices
882 2204 992 2271 (77)
1024 2203 1344 2273 designavit.
1378 2205 1443 2258 Et
1467 2212 1593 2258 tunc
1625 2218 1730 2257 non
1764 2204 1905 2257 mul-

331 2290 442 2350 tam
478 2304 600 2364 post
644 2294 932 2365 pra:dictus
972 2294 1152 2359 Pater,
1203 2294 1454 2349 abbatem
1493 2294 1754 2351 Joannem
1785 2296 1909 2350 visio

332 2390 476 2448 tandi
516 2390 687 2461 gratia
711 2389 863 2454 adiit,
908 2404 936 2442 a
970 2403 1076 2459 quo
1105 2388 1361 2444 continuo
1391 2389 1688 2459 requisitas
1719 2389 1784 2443 de
1814 2389 1906 2443 illo

336 2482 509 2535 fratre
551 2479 788 2549 qualiter
819 2479 1127 2543 defecisset,
1171 2487 1226 2533 et
1257 2478 1345 2533 ille
1374 2478 1423 2532 ci
1458 2488 1655 2534 cuncta
1688 2479 1906 2534 ordina-

334 2556 427 2625 tim
457 2570 749 2638 retulisset,
781 2570 1030 2640 inquiens
1060 2568 1133 2623 illi
1159 2586 1172 2622 :
1202 2568 1345 2623 Vade
1368 2570 1713 2639 quantocius,
1754 2578 1809 2626 et
1837 2584 1906 2625 ex

333 2671 530 2718 cuncta
575 2662 992 2733 congregatione
1034 2660 1152 2732 ejus
1198 2661 1515 2716 memoriam
1556 2661 1698 2716 delc.
1751 2661 1907 2728 Quod

333 2764 393 2812 ct
416 2755 616 2809 factum
643 2763 748 2809 est.

402 2845 491 2903 52.
519 2845 671 2901 'l‘uuc
712 2846 928 2899 demum
977 2844 1194 2900 evoluto
1240 2845 1579 2915 aliquantum
1622 2845 1907 2915 temporis,

332 2936 546 2991 cuidam
577 2936 846 2991 monacho
887 2952 956 2990 ex
997 2936 1187 2990 eodem
1238 2938 1572 2991 monasterio
1620 2937 1764 2991 circa
1795 2951 1908 2990 me-

332 3027 480 3082 dium
510 3029 651 3083 diem
692 3027 962 3099 apparuit.
1004 3029 1083 3083 Ad
1125 3044 1286 3098 quem
1319 3030 1607 3100 inquiens:
1637 3030 1905 3101 Numquid

336 3129 392 3174 tu
421 3135 527 3174 non
559 3135 619 3174 es
649 3121 949 3175 monachus
977 3120 1130 3175 talis?
1158 3122 1311 3186 Sum,
1343 3123 1518 3193 inquit
1550 3139 1772 3194 prorsus
1796 3124 1904 3177 illi:

2004 654 2351 727 praedicando
2388 655 2648 720 caelestia,
2691 652 3062 710 denuntiando
3088 651 3398 720 infernalia,
3435 667 3503 707 ne
3529 651 3583 707 id

2004 749 2232 813 faceret,
2276 749 2611 813 admoneret,
2675 746 2875 816 illoque
2930 744 2983 801 in
3040 760 3137 801 sua
3185 743 3581 810 obstinatione,

2004 840 2220 896 diabolo
2247 839 2581 910 inobligaute
2606 838 2740 910 (78),
2758 838 3102 907 persistentc,
3126 838 3318 892 beatus
3345 834 3585 893 Joannes
3648 900 3653 907 ,

2004 930 2260 1001 praecepit
2311 928 2361 984 ei
2416 928 2633 982 tandem
2690 927 2831 981 irato
2882 926 3097 990 animo,
3142 935 3202 981 ιιι
3256 925 3566 981 discederet

2003 1021 2249 1090 Cumque
2276 1018 2494 1090 paulum
2529 1033 2558 1071 a
2591 1016 2925 1072 monasterio
2948 1016 3386 1072 Vallimbrosano
3417 1021 3585 1080 esset,

2004 1110 2218 1167 diabolo
2242 1110 2558 1173 deducente,
2582 1109 2877 1179 digressus,
2917 1107 2983 1161 de
3008 1106 3113 1161 alta
3138 1120 3268 1177 rupe
3297 1122 3396 1178 per
3420 1118 3587 1177 quam

2005 1200 2140 1267 ibat,
2164 1202 2234 1256 ab
2260 1200 2473 1266 eodem,
2499 1214 2660 1271 quem
2690 1199 3037 1268 sequebatur,
3070 1198 3441 1268 praecipitatus
3464 1195 3590 1253 ani-

2004 1311 2150 1351 mam
2178 1296 2439 1351 continuo
2460 1294 2746 1359 exhalans,
2765 1291 3123 1365 prtesentibus
3147 1301 3228 1348 est
3254 1291 3583 1347 subtractus.

2004 1388 2158 1445 Unde
2186 1398 2436 1459 patenter
2468 1388 2776 1444 ostenditur
2801 1402 2962 1457 quam
3013 1386 3371 1457 periculosum
3422 1384 3595 1442 fuerit.

2004 1480 2089 1535 vel
2117 1481 2338 1536 beatum
2376 1479 2642 1535 Joannem
2691 1477 3021 1549 relinquere,
3060 1485 3156 1532 aut
3179 1476 3295 1547 ejus
3336 1476 3475 1533 iram
3502 1475 3592 1534 in-

2003 1583 2243 1624 currere.

2073 1661 2164 1716 54.
2199 1660 2441 1729 Quodam
2488 1670 2666 1715 autem
2718 1671 2960 1730 tempore
2987 1658 3089 1714 fuit
3116 1657 3201 1713 vir
3228 1656 3467 1729 quidam,
3501 1654 3591 1715 vi.

2001 1754 2195 1810 delicet
2222 1755 2523 1811 Florentius
2553 1755 2663 1827 (79)
2693 1755 2909 1809 nomine
2959 1752 3178 1807 urbana:
3206 1751 3421 1822 quidem
3471 1747 3586 1806 clo-

2003 1847 2257 1916 qucutiar,
2280 1861 2467 1901 verum
2494 1846 2658 1900 etiam
2679 1853 2733 1900 et
2754 1844 2888 1900 ciris
2908 1843 3021 1914 (80)
3053 1843 3384 1906 omnimodo,
3410 1848 3590 1898 tamen

2007 1937 2317 1994 Simoniaca
2386 1937 2611 2009 perﬁdia
2658 1935 2938 2006 cujusdam
2990 1935 3228 2007 cpiscOpi
3276 1932 3591 1989 defensione

2006 2039 2127 2085 crat
2156 2030 2311 2085 valde
2338 2029 2657 2084 maculatus.
2688 2028 2788 2096 Qui
2813 2044 2932 2083 cmn
2961 2028 3193 2099 quadam
3220 2027 3305 2082 die
3334 2024 3593 2097 gravissi-

2007 2132 2151 2175 mam
2196 2121 2473 2176 incidisset
2520 2121 2572 2174 in
2622 2121 3027 2190 :egritudiucm,
3076 2119 3214 2173 mori
3261 2133 3320 2173 sc
3349 2116 3595 2173 funditus

2008 2212 2333 2283 desperavit.
2387 2209 2491 2265 Sed
2522 2212 2663 2266 inter
2687 2211 3036 2281 gravissimos
3066 2225 3290 2265 suorum
3328 2209 3596 2280 lacryma-

2008 2319 2127 2359 rum
2174 2303 2381 2365 luctus,
2433 2304 2759 2372 crebrosque
2786 2301 3072 2373 singultus,
3105 2316 3136 2355 e
3179 2301 3292 2355 suis
3324 2299 3595 2355 nobilibus

2009 2397 2203 2451 amicis
2236 2396 2541 2465 aliquantus
2568 2395 2634 2449 ad
2666 2410 2722 2449 se
2752 2394 3007 2449 accersiri
3055 2392 3202 2455 fecit,
3234 2407 3369 2462 quos
3401 2392 3466 2445 ad
3496 2405 3594 2447 ve-

2010 2487 2303 2544 nerabilem
2327 2486 2590 2542 Joannem
2613 2486 2931 2556 quantocius
2957 2486 3035 2540 ire
3067 2486 3294 2556 rogavit,
3324 2493 3594 2555 quatenus

2008 2596 2196 2637 eorum
2229 2580 2707 2650 supplicationibus
2742 2579 2793 2633 in
2824 2579 3141 2634 monachico
3178 2577 3367 2633 habitu
3397 2574 3446 2633 ei
3477 2589 3597 2647 pae-

2010 2670 2254 2726 nitentim
2282 2669 2458 2724 locum
2488 2668 2830 2723 concederet.
2874 2667 2974 2734 Qui
3005 2676 3194 2724 euntes
3218 2669 3283 2722 ad
3315 2663 3596 2722 venerabi-

2009 2760 2113 2816 lem
2142 2760 2403 2815 Joannem
2443 2774 2513 2814 ex
2556 2760 2695 2818 votis
2719 2758 3029 2824 amici,_ceu
3063 2766 3366 2829 rogaverat,
3396 2755 3595 2813 retule-

2011 2860 2156 2905 runt.
2208 2850 2315 2904 Sed
2361 2849 2557 2905 nobilis
2602 2848 2837 2904 Joannes
2867 2864 3055 2904 eorum
3089 2849 3340 2921 precibus
3369 2847 3595 2903 minime

2010 2944 2205 3008 renuit,
2236 2957 2335 2999 nec
2355 2943 2536 2998 Statim
2559 2942 2869 2998 omnimodo
2893 2941 3182 2997 concessit.
3213 2941 3440 3012 Propter
3462 2937 3593 2995 illud

2010 3036 2152 3107 quod
2179 3037 2379 3091 dicitur
2407 3053 2421 3091 :
2452 3034 2684 3091 Probate
2710 3034 2951 3106 spiritus,
2982 3034 3023 3088 si
3054 3049 3118 3089 ex
3150 3033 3259 3089 Deo
3285 3039 3433 3088 sunt.
3463 3031 3597 3100 Qun“

2010 3144 2131 3184 cum
2182 3128 2440 3184 dilatione
2488 3135 2775 3197 suscepto,
2828 3124 3204 3180 monachicum
3255 3122 3496 3178 habitum
3545 3121 3597 3177 ei

336 3209 579 3276 Qualiter
620 3211 736 3280 agis
765 3211 943 3265 nunc?
972 3212 1107 3265 Tum
1150 3213 1238 3268 ille
1261 3229 1276 3268 :
1303 3213 1434 3269 Sum
1467 3216 1908 3271 excommunica-
1936 3257 1982 3319 Ο
2014 3218 2254 3285 tradidit,
2282 3227 2337 3274 et
2378 3232 2577 3288 paucos
2601 3218 2717 3273 dies
2760 3217 2839 3272 sic
2877 3215 3053 3271 factus
3082 3222 3164 3270 cst
3191 3213 3596 3275 convalescens.

338 3306 446 3364 tus,
478 3308 533 3356 et
583 3315 612 3353 a
662 3301 940 3358 consortio
984 3313 1297 3359 sanctorum
1342 3317 1646 3375 separatus.
1691 3308 1757 3362 Et
1788 3308 1906 3362 illc:

339 3390 558 3460 Quare?
597 3392 732 3459 Quta
768 3393 935 3447 abbas
967 3392 1206 3449 Joannes
1250 3395 1562 3451 dissociavit
1603 3413 1689 3453 me
1725 3416 1752 3451 a
1783 3416 1913 3453 con-

336 3486 706 3554 gregatiuuum
735 3496 899 3540 coetu.
930 3487 1184 3556 l:.quiens
1209 3489 1281 3542 illi
1315 3507 1327 3542 :
1354 3490 1631 3557 Quomqu
1646 3490 1836 3559 juvarc
1860 3502 1911 3547 te

343 3578 668 3647 possumus?
696 3579 814 3632 Ait:
832 3577 887 3633 Si
910 3579 1142 3635 domnus
1162 3579 1397 3635 Joannes
1420 3583 1551 3645 vult,
1574 3584 1910 3639 reconciliari

339 3680 580 3735 possum.
610 3667 709 3735 Qui
740 3670 923 3724 statim
962 3671 1028 3725 ad
1071 3672 1318 3726 abbatem
1363 3672 1623 3728 Joannem
1671 3675 1828 3737 adiit,
1861 3682 1917 3729 et

340 3769 533 3814 cuncta
574 3762 622 3815 ei
657 3763 900 3817 seriatim
938 3778 1033 3830 per
1066 3763 1315 3819 ordinem
1361 3766 1567 3821 retulit.
1602 3765 1754 3821 Tunc
1801 3767 1912 3831 ille,

342 3861 524 3907 mente
552 3851 828 3922 piissimus
856 3862 915 3909 ut
940 3863 1078 3918 erat,
1108 3855 1421 3923 praedictum
1447 3856 1700 3911 abbatem
1732 3872 1917 3912 accer-

345 3944 439 3997 siri
486 3947 746 4014 praxccpit
786 3956 840 4002 et
878 3963 976 4015 pro
1023 3948 1478 4003 excommunicati
1514 3947 1703 4004 fratris
1738 3950 1916 4005 anima

342 4033 576 4090 cilicium
603 4045 658 4091 et
680 4038 1099 4108 eleemosynam,
1156 4054 1256 4093 nec
1286 4054 1391 4094 non
1418 4047 1471 4094 et
1496 4054 1591 4110 per
1616 4055 1916 4112 congrega-

343 4130 545 4185 tionem
584 4139 774 4196 totam,
806 4131 959 4199 quasi
1014 4132 1204 4187 eodem
1250 4131 1338 4187 die
1381 4132 1603 4194 obisset,
1654 4133 1921 4188 instanter

345 4232 509 4289 agere
540 4221 812 4288 praecepit.
854 4219 952 4285 Qui
984 4219 1165 4275 omnia
1211 4219 1441 4276 ﬁdeliter
1486 4221 1811 4293 adimplevit.
1855 4222 1922 4276 Et

347 4318 477 4364 tunc
526 4309 745 4374 iterum,
789 4310 1076 4366 defunctus
1105 4320 1226 4380 post
1270 4312 1386 4368 dies
1416 4329 1521 4367 xxx
1554 4314 1767 4369 cuidam
1802 4329 1921 4371 mo-

344 4400 523 4455 nacho
572 4399 823 4455 similiter
867 4402 1147 4470 apparuit,
1204 4403 1362 4470 eique
1415 4403 1552 4457 dixit
1588 4422 1600 4457 :
1640 4404 1782 4459 Vade
1808 4445 1822 4467 ,
1868 4413 1923 4460 et

338 4488 547 4545 domno
572 4488 760 4545 Joanni
788 4506 886 4560 pro
916 4505 1000 4544 me
1025 4492 1229 4559 gratias
1254 4506 1373 4560 age,
1400 4500 1457 4545 et
1478 4492 1715 4547 inferens
1742 4492 1820 4564 [id
1849 4502 1924 4546 ,εει

2014 3310 2086 3364 ita
2130 3323 2260 3363 sane
2302 3316 2362 3363 ut
2403 3307 2636 3363 claustra
2668 3305 3023 3372 monasterii,
3063 3303 3258 3361 bacillo
3290 3318 3350 3359 se
3387 3311 3600 3360 susten-

2016 3409 2184 3467 tante,
2212 3402 2631 3470 circumquaque
2666 3399 2941 3455 lustraret.

2082 3492 2172 3547 55.
2233 3491 2339 3547 Sed
2384 3506 2489 3545 non
2538 3491 2763 3546 multum
2810 3502 2953 3560 post,
2986 3503 3109 3545 cum
3137 3489 3253 3544 haec
3279 3486 3465 3543 eadem
3512 3487 3597 3542 in-

2015 3583 2244 3638 firmitas
2272 3597 2395 3638 eum
2428 3589 2715 3651 repeteret,
2747 3582 2813 3634 ad
2841 3589 3083 3635 extrema
3111 3578 3371 3634 deductus
3394 3584 3494 3633 cst.
3519 3575 3598 3630 De

2016 3687 2123 3744 quo
2151 3687 2271 3726 cum
2303 3671 2529 3727 relatum
2558 3669 2747 3724 fuisset
2773 3668 2949 3724 abbati
2979 3665 3196 3731 Joanni,
3227 3664 3482 3721 adhibitis
3509 3676 3599 3719 see

2017 3783 2136 3823 cum
2165 3766 2471 3829 Fratribus,
2501 3762 2698 3818 lectum
2744 3761 2930 3830 mgroti
2979 3758 3206 3814 festinus
3246 3754 3451 3829 petivit.
3512 3752 3603 3811 In-

2023 3861 2179 3918 terim
2229 3860 2449 3915 Fratrcs
2476 3900 2491 3925 ,
2536 3856 2732 3928 quibus
2768 3863 3018 3927 poterant
3056 3853 3309 3925 precibus
3339 3849 3448 3907 Deo
3477 3864 3601 3907 eum

2018 3948 2448 4008 commendando
2470 3945 2757 4017 juvabant,
2787 3946 2877 4015 qui
2912 3944 2965 3999 in
3015 3942 3263 4015 proximo
3290 3948 3408 3997 erat
3437 3938 3604 3997 mori—

2019 4053 2195 4099 turus.
2225 4041 2331 4097 Sed
2359 4040 2447 4095 ille
2472 4054 2538 4094 ex
2568 4037 2749 4109 pallio,
2774 4035 2914 4091 unde
2942 4043 3059 4091 erat
3080 4039 3383 4104 coopertos,
3410 4026 3604 4102 saepius

2022 4135 2334 4207 replicando
2360 4131 2526 4204 coepit
2553 4146 2676 4187 cum
2720 4129 2891 4183 torvis
2931 4124 3103 4182 oculis
3130 4123 3335 4179 vultum
3365 4120 3599 4193 operire.

2023 4229 2105 4284 Ad
2136 4242 2296 4298 quem
2329 4227 2496 4281 abbas
2527 4223 2761 4279 Joannes
2793 4240 2806 4276 :
2835 4220 2973 4289 Quid
3003 4227 3088 4274 est
3120 4219 3243 4283 hoc,
3273 4216 3416 4287 quod
3454 4214 3601 4283 agis?

2024 4319 2159 4373 Tum
2205 4319 2296 4373 ille
2344 4316 2551 4387 pallens
2598 4323 2653 4369 et
2698 4321 2937 4367 tremens
2980 4308 3154 4379 inquit
3194 4323 3207 4360 :
3247 4303 3604 4360 Tcrribilibus

2024 4409 2195 4464 oculis
2224 4406 2496 4462 diabolum
2544 4418 2709 4473 prope
2752 4400 3095 4456 assistentem
3143 4395 3319 4459 video,
3352 4409 3417 4449 ex
3452 4391 3604 4462 cujus

2025 4514 2120 4554 ore
2163 4499 2315 4552 mirae
2361 4493 2746 4565 magnitudinis
2777 4489 2990 4545 flamma
3016 4530 3030 4552 ,
3074 4497 3129 4543 et
3156 4501 3224 4542 ex
3249 4486 3467 4541 naribus
3495 4483 3609 4539 sul-

345 4588 403 4633 et
430 4577 598 4651 refer]
625 4579 751 4649 quia
792 4596 892 4651 ego
931 4596 1052 4635 sum
1092 4581 1477 4637 reconciliatus
1524 4582 1577 4636 in
1624 4582 1919 4637 electorum
1954 4597 2000 4657 ο
2027 4591 2262 4661 ριιιιι-ριιε
2291 4594 2348 4643 et
2376 4586 2673 4640 immensus
2702 4582 2861 4637 nimis
2889 4580 3066 4634 fumus
3102 4577 3398 4650 egreditur.
3447 4575 3607 4631 Pror-

340 4677 517 4727 creto.

420 4763 510 4819 53.
536 4761 655 4816 Alio
694 4777 909 4832 quoque
937 4772 1215 4835 tempore,
1235 4764 1455 4832 quidam
1484 4762 1601 4830 ejus
1634 4778 1931 4821 conversus

348 4853 611 4909 suasione
654 4853 871 4915 diaboli,
906 4854 1159 4909 sarculum
1209 4852 1588 4923 dereliquisse,
1637 4862 1693 4907 et
1720 4858 1787 4909 ad
1815 4870 1933 4909 mo-

2032 4696 2125 4735 sus
2154 4678 2228 4733 illi
2257 4696 2271 4732 :
2304 4675 2407 4732 Ubi
2430 4683 2533 4741 est,
2562 4672 2774 4743 inquis?
2799 4672 2935 4727 Ecce
2960 4670 3033 4727 ibi
3053 4678 3153 4732 est,
3180 4668 3404 4724 Domine
3424 4665 3605 4723 Pater.

2032 4772 2185 4827 Tunc
2228 4772 2421 4826 beatus
2463 4767 2697 4824 Joannes
2735 4765 2929 4837 raptim
2976 4779 3043 4820 cx
3072 4765 3189 4836 ejus
3218 4762 3486 4827 manibus,
3516 4762 3610 4832 qui

2031 4878 2153 4919 eam
2184 4862 2432 4925 tenebat,
2481 4874 2698 4914 crucem
2748 4856 3011 4923 adstulit,
3061 4864 3117 4911 et
3140 4854 3410 4927 diabolum
3437 4866 3504 4907 ex
3546 4865 3609 4906 ea

340 4944 650 5005 -nasterium
692 4960 755 5000 se
796 4945 1007 5001 venisse
1053 4944 1323 5015 pennituit.
1359 4943 1512 4999 Unde
1559 4960 1681 5000 cum
1711 4947 1928 5003 beatum

346 5034 613 5091 Joannem
662 5037 988 5108 importunis
1022 5037 1279 5106 precibus
1328 5033 1646 5107 frequenter
1689 5049 1928 5108 rugaret,

2033 4953 2241 5010 fortiter
2261 4951 2549 5023 percussit,
2575 4949 2666 5019 qui
2696 4949 2879 5005 statim
2906 4963 2973 5003 ex
3001 4946 3172 5003 oculis
3195 4944 3442 5000 mirantis
3466 4941 3616 4997 velut

2032 5043 2213 5098 fumus
2240 5041 2478 5098 evanuit.
2532 5040 2602 5095 At
2652 5036 2740 5094 ille
2789 5050 2938 5102 voce,
2970 5052 3077 5109 qua
3108 5042 3342 5107 poterat,
3381 5029 3618 5085 clamare

3061 5205 3165 5222 -..Α
3250 5204 3286 5218 Ι.

347 5209 666 5244 paul-ulnu-
717 5216 880 5244 almus
927 5206 1029 5244 Iano
1077 5221 1298 5244 annulus
1350 5210 1571 5244 ναι-ιω...
1624 5210 1751 5244 ιιι-ιιι
1790 5227 1911 5244 om...

2037 5233 2131 5244 -..-
2179 5216 2247 5240 vn
2311 5221 2356 5238 -a
2392 5214 2523 5236 D--..
2543 5214 2582 5234 ,1
2608 5213 2620 5225 ο
2647 5229 2653 5232 ,
2680 5228 2707 5229 η
2765 5210 2822 5228 σοι
