4110 5362
321 414 420 472 789

1842 415 2044 471 ACTA.

3467 412 3569 471 790

325 550 431 590 non
477 531 651 588 solum
700 529 820 598 illa,
863 528 956 585 sed
999 528 1194 595 etiam,
1236 544 1354 600 qua:
1403 530 1628 586 inferius
1677 531 1894 601 subjuu-
1927 540 1969 597 Α
1999 542 2206 591 secreta
2236 537 2311 590 tui
2339 536 2705 593 eordismilii?
2759 536 2951 608 Utique
2979 537 3129 592 dixit.
3177 535 3242 591 Et
3272 535 3400 592 ille:
3435 537 3571 592 Etsi

325 643 530 701 gemus.

395 723 486 778 65.
543 722 675 778 Item
721 725 1008 794 praedictus
1034 722 1197 778 Pater
1224 720 1389 775 boum
1431 716 1744 772 custodibus
1775 731 1901 772 con-

329 821 412 866 tra
441 827 647 868 morem
678 814 764 868 die
810 824 921 869 tota
958 809 1300 868 necessitatis
1332 809 1553 864 obtentu
1584 821 1738 860 arare
1766 821 1904 876 pra:-

330 905 493 974 cepit,
525 906 658 960 etin
687 915 847 961 nocte
887 917 1110 974 carpere
1143 901 1358 972 pabula.
1406 897 1647 968 Cumque
1698 896 1772 950 illi
1822 912 1906 952 re-

331 988 683 1066 sponderent;
710 996 1006 1064 Quomodo,
1023 993 1292 1062 inquiunt,
1317 989 1498 1054 Pater,
1519 990 1619 1044 hoc
1648 987 1908 1057 perﬁcere

331 1104 639 1160 possumus,
661 1104 784 1142 cum
816 1103 972 1142 ursos
1001 1101 1065 1140 ac
1095 1085 1266 1154 lupos,
1297 1090 1694 1149 nocturnosque
1725 1079 1911 1133 timea-

333 1194 456 1233 mus
501 1179 779 1234 latrones?
827 1175 1122 1246 Respondit
1167 1192 1180 1228 :
1223 1172 1428 1240 Sinite,
1473 1170 1677 1238 inquit,
1715 1169 1906 1232 sinite;

335 1269 477 1326 Deus
497 1271 664 1333 enim,
691 1268 913 1337 ejusque
940 1266 1135 1320 Paulus
1154 1263 1429 1334 apostolus
1453 1261 1518 1314 de
1555 1260 1658 1314 illis
1689 1265 1914 1329 possunt

340 1362 543 1420 habere
589 1361 908 1424 custodiam,
946 1370 1144 1424 eosque
1177 1365 1500 1407 conservare
1535 1349 1749 1404 illzesos.
1801 1345 1910 1400 lle-

341 1458 658 1506 inanserunt
711 1448 894 1515 itaque
943 1455 1100 1498 nocte
1167 1441 1254 1495 illa
1301 1451 1490 1504 contra
1539 1451 1744 1492 morem
1796 1435 1913 1488 sine

341 1537 582 1593 custodia
613 1538 791 1591 boves.
843 1533 992 1588 Tunc
1038 1533 1143 1586 duo
1190 1529 1425 1584 latrones
1464 1530 1911 1596 supervenerunt,

342 1628 433 1696 qui
461 1642 624 1680 unum
656 1641 722 1680 ex
756 1625 928 1679 bubus
974 1621 1211 1678 funiculo
1241 1621 1538 1691 ligaverunt
1566 1633 1661 1688 per
1687 1630 1911 1678 cornua,

341 1730 570 1785 cumque
599 1731 827 1786 rapere,
872 1728 1162 1783 secumque
1211 1726 1379 1781 usque
1425 1725 1580 1763 mane
1612 1709 1917 1762 nitebantur

342 1806 658 1876 perducere.
710 1804 814 1860 Sed
862 1807 958 1859 bos
1004 1802 1292 1858 immobilis
1337 1813 1660 1870 permanens
1700 1797 1917 1851 deloco

343 1872 450 1955 ulla
482 1899 700 1953 ratione
739 1897 940 1952 moveri
984 1912 1089 1951 non
1127 1895 1320 1966 potuit.
1357 1893 1461 1948 Sed
1491 1907 1648 1947 mane
1674 1906 1704 1945 a
1733 1901 1915 1946 custo-
1949 1872 1994 1932 Β

344 1989 498 2045 dibus
528 1989 776 2041 inventus
804 1987 922 2050 bos,
954 1987 1148 2054 ligatus
1176 1985 1549 2055 laerymasque
1572 1996 1720 2036 more
1743 1981 1918 2034 horni-

343 2096 471 2137 nqu
504 2081 708 2134 fudisse
733 2089 978 2150 repertus
1004 2086 1106 2132 est.
1159 2076 1271 2131 Hoc
1318 2091 1439 2130 cum
1487 2073 1745 2144 praedicto
1772 2071 1919 2126 Patri

345 2173 646 2227 nuntiatum
691 2169 901 2235 fuisset,
939 2169 1190 2232 accessit,
1223 2166 1479 2234 bovisque
1523 2172 1686 2233 caput
1727 2163 1922 2217 leniter

345 2247 677 2326 demulcens,
709 2261 845 2314 dixit
878 2277 892 2313 :
925 2258 968 2314 Ο
994 2259 1112 2323 bos,
1141 2258 1236 2311 bos
1284 2257 1418 2309 vade
1440 2292 1455 2318 ,
1504 2261 1760 2320 tuumque
1808 2249 1923 2305 offi-

345 2351 490 2407 cium
518 2349 704 2420 imple;
746 2363 852 2404 non
877 2347 1020 2403 enim
1067 2355 1117 2401 te
1151 2346 1338 2401 beatus
1365 2341 1561 2398 Paulus
1592 2342 1768 2396 adhuc
1794 2355 1922 2411 per-

346 2440 474 2497 dere
501 2441 688 2496 voluit.

951 2550 1176 2608 CAPUT
1214 2549 1300 2611 Vl.

347 2642 534 2700 Cordi:
571 2661 768 2701 arcana
827 2645 1084 2699 coanoscit
1110 2684 1124 2708 ,
1160 2642 1366 2714 aliaque
1403 2637 1592 2710 prwbel
1632 2635 1923 2696 sanctitatis

969 2723 1294 2784 argumenta.

419 2803 506 2859 64.
558 2803 786 2871 Quidam
836 2804 921 2858 vir
949 2818 1014 2856 ex
1042 2802 1293 2857 Poniensi
1331 2799 1624 2862 territorio,
1652 2797 1927 2880 Gcrardus

349 2897 558 2953 scilicet
600 2897 838 2962 nomine,
880 2895 1195 2951 renuntians
1221 2892 1493 2958 szeculum,
1528 2890 1844 2946 Passiniano
1870 2905 1928 2945 se

349 2989 419 3042 ad
444 2987 760 3057 praedictum
787 2986 999 3041 Patrem
1039 2983 1286 3040 contulit.
1336 2983 1434 3050 Qui
1465 2981 1617 3052 quasi
1650 2995 1924 3051 respuens,

351 3088 430 3144 et,
459 3089 513 3132 ut
543 3081 739 3144 abiret,
769 3079 1050 3148 indignans
1083 3077 1266 3148 jussit.
1290 3075 1397 3131 Sed
1427 3075 1537 3141 ille,
1569 3084 1626 3128 ut
1652 3073 1732 3129 sui
1765 3073 1929 3128 mise-

351 3180 565 3226 reretur
597 3170 923 3242 supplicans,
951 3180 1214 3240 quatenus
1242 3169 1290 3224 ei
1318 3184 1416 3240 pro
1443 3182 1664 3222 suorum
1689 3165 1942 3221 omnium

352 3261 692 3327 delictorum,
727 3277 846 3332 quae
896 3262 970 3317 illi
1017 3278 1084 3318 ex
1123 3264 1335 3333 integro
1382 3260 1654 3332 professus
1701 3267 1788 3314 est
1835 3275 1932 3328 per

351 3366 535 3406 omnia
565 3351 812 3408 confiteri
843 3351 990 3424 (85),
1039 3353 1092 3406 in
1141 3352 1452 3408 monasticae
1489 3351 1613 3404 vita:
1642 3350 1822 3421 regula
1856 3350 1933 3405 lo-

357 3458 480 3498 cum
527 3443 860 3516 parnitentiae
907 3443 1186 3498 tribueret.
1239 3443 1350 3497 Nec
1385 3442 1654 3497 immerito
1691 3441 1776 3496 ille
1805 3456 1932 3495 sane

353 3541 605 3598 omnibus
649 3541 714 3596 ad
761 3539 931 3595 Deum
981 3538 1432 3610 confugientibus,
1466 3546 1523 3591 ut
1551 3545 1668 3591 erat
1706 3535 1932 3591 mitissi-

357 3650 500 3698 mus,
537 3643 598 3688 ut
644 3635 746 3690 sibi
779 3635 950 3690 visum
999 3633 1140 3698 fuit,
1187 3633 1438 3704 precibus
1476 3631 1561 3702 pie
1595 3630 1794 3700 petenti
1829 3645 1934 3684 non

355 3724 555 3789 renuit,
585 3724 677 3779 sed
709 3725 853 3795 quod
884 3725 1093 3794 rogavit
1139 3724 1409 3779 concessit
1436 3763 1450 3788 ,
1499 3732 1554 3776 et
1597 3722 1714 3792 ejus
1743 3720 1937 3774 animat

357 3815 553 3871 salutis
577 3831 764 3870 curam
795 3815 1004 3871 habuit.
1054 3815 1156 3881 Qui
1190 3829 1296 3869 non
1325 3822 1604 3885 assecutor
1631 3811 1768 3878 voti,
1795 3811 1937 3881 quod

354 3905 625 3976 promisit,
658 3915 863 3960 reatum
895 3919 1052 3960 suum
1080 3920 1148 3960 ex
1177 3915 1332 3976 parte
1360 3903 1630 3974 prodidit,
1679 3913 1770 3968 et,
1816 3916 1939 3956 eru-

355 3995 613 4051 bescente
637 3997 994 4062 conscientia,
1019 3997 1223 4066 majora
1255 3995 1395 4050 infra
1427 3995 1662 4063 seipsum
1692 3994 1936 4048 retinuit.

357 4085 539 4141 Pauco
588 4095 714 4141 tunc
759 4087 939 4156 itaque
990 4086 1274 4154 interjecto
1321 4095 1561 4154 tempore
1588 4125 1603 4148 ,
1641 4085 1708 4139 ad
1755 4099 1938 4138 susce-

357 4179 597 4247 ptionem
648 4178 917 4247 hospitum
943 4219 956 4244 ,
1005 4185 1062 4232 et
1104 4177 1466 4232 ministerium
1505 4177 1938 4247 peregrinorum,

359 4269 431 4323 ob
458 4268 688 4324 salutem
717 4285 830 4324 sua:
855 4271 1077 4334 animaz,
1116 4285 1240 4326 eum
1269 4270 1512 4325 exterius
1542 4270 1758 4324 locavit.

431 4359 520 4416 65.
579 4359 647 4415 Et
673 4375 795 4415 cum
825 4362 1054 4432 quadam
1091 4362 1177 4416 die
1229 4361 1369 4416 idem
1399 4361 1695 4427 Gerardus,
1725 4361 1939 4430 quibus-

363 4448 485 4504 dam
533 4452 1038 4520 supervenientibus
1095 4452 1438 4521 ltOSpitibus,
1491 4453 1633 4506 victu
1689 4451 1942 4506 alimenta

2002 625 2076 679 ita
2104 624 2308 688 dixisti,
2339 641 2505 695 quare
2549 636 2656 682 tam
2701 628 3127 682 crudelissimum
3169 625 3398 693 facinus,
3429 629 3572 698 quod

2003 717 2057 770 in
2088 716 2174 770 die
2202 727 2403 771 sancta:
2450 718 2818 787 Apparitionis
2861 717 3096 783 Domini,
3124 725 3178 771 et
3203 714 3441 784 ejusdem
3469 718 3574 772 diei

2003 805 2197 876 Vigilia
2225 822 2344 860 cum
2381 822 2547 860 uxore
2601 807 2742 861 illius
2785 807 2910 862 talis
2961 807 3196 862 hominis
3233 806 3577 876 commisisti,

2006 897 2137 950 mihi
2175 897 2478 966 patefacere
2512 897 2766 950 noluisti?
2813 897 2882 951 Et
2923 899 3129 953 addens
3166 897 3431 969 :lusuper
3469 912 3580 956 non

2007 986 2303 1040 sufliciebat
2331 988 2422 1040 tibi
2455 995 2563 1040 tam
2605 986 2840 1040 terribile
2887 989 3085 1041 malum
3111 1027 3127 1053 ,
3176 989 3278 1043 nisi
3326 1003 3468 1043 nunc
3507 986 3582 1045 ad

2008 1075 2376 1130 confusionem
2403 1077 2477 1129 tui
2509 1077 2699 1130 iterum
2725 1077 2964 1144 diSponis
2991 1078 3042 1130 in
3071 1089 3268 1142 mente,
3292 1087 3350 1132 ut
3371 1078 3438 1133 ad
3466 1086 3581 1134 tam

2009 1165 2212 1232 grande
2253 1165 2520 1234 piaculqu
2554 1165 2879 1219 revertaris?
2925 1165 3076 1220 Tunc
3115 1166 3203 1220 ille
3245 1176 3424 1221 mente
3452 1181 3582 1222 con-

2013 1258 2182 1321 fusus,
2215 1257 2402 1311 videns
2444 1272 2502 1311 se
2545 1259 2598 1312 in
2639 1257 2903 1328 captionis
2941 1258 3133 1328 laqueo
3163 1259 3580 1329 deprehensum,

2013 1345 2294 1400 confestim
2339 1347 2403 1400 ad
2443 1356 2641 1402 terram
2689 1351 2936 1413 corruit,
2985 1360 3040 1403 et
3085 1350 3453 1418 pamitentiam
3497 1349 3583 1406 sui

2013 1437 2256 1491 criminis
2300 1439 2588 1506 quazsivit,
2638 1449 2693 1493 et
2728 1440 2798 1494 ita
2841 1441 3022 1494 omnia
3052 1456 3171 1495 esse
3199 1479 3215 1507 ,
3263 1451 3321 1496 ut
3366 1451 3586 1497 sanctus

2009 1537 2172 1597 pater
2202 1528 2552 1594 indicaverat,
2585 1529 2738 1584 dixit.

2087 1615 2174 1670 66.
2226 1617 2466 1682 Quodam
2531 1619 2709 1687 itaque
2771 1627 3011 1691 tempore
3057 1622 3274 1694 quidam
3319 1624 3404 1680 vir
3447 1625 3589 1681 inter

2017 1707 2304 1762 szecu'lares
2332 1707 2486 1763 valde
2517 1709 2728 1775 nobilis,
2765 1711 3000 1768 Ubaldus
3029 1715 3268 1782 nomine,
3295 1717 3386 1786 qui
3417 1717 3469 1771 in
3504 1717 3593 1771 Fi-

2019 1799 2243 1868 glinensi
2273 1799 2384 1870 (86)
2415 1810 2614 1868 castro,
2647 1814 2701 1856 et
2724 1803 2776 1858 in
2802 1803 2922 1860 aliis
2951 1821 3113 1876 quam
3144 1807 3387 1878 pluribus
3419 1808 3596 1865 fuerat

2021 1889 2184 1943 nimis
2233 1889 2499 1960 gloriosus
2559 1909 2574 1946 :
2621 1891 2718 1947 llic
2779 1904 2896 1949 erat
2961 1897 3132 1952 beata:
3205 1900 3597 1956 recordationis

2019 1976 2210 2040 Joanni
2261 1980 2445 2033 abbati
2490 1981 2643 2036 valde
2679 1983 3015 2051 notissimus,
3045 1995 3100 2042 et
3130 1988 3270 2042 inter
3298 1989 3597 2046 mundiales

2021 2070 2226 2126 amicos
2277 2071 2752 2129 familiarissimus.
2810 2078 2910 2145 Qui
2947 2093 3068 2134 cum
3097 2081 3326 2149 quodam
3357 2091 3600 2150 tempore

2023 2160 2076 2217 in
2113 2163 2499 2232 aegritudinem
2552 2165 2872 2235 incidisset,
2922 2171 2989 2224 ad
3033 2181 3274 2226 extrema
3316 2173 3598 2229 videbatur

2023 2253 2246 2321 deduci;
2317 2259 2735 2328 convocatisque
2785 2261 2899 2316 suis
2944 2263 3246 2328 militibus,
3297 2273 3352 2319 et
3394 2265 3600 2320 familia

2024 2359 2248 2413 cuncta,
2283 2349 2349 2404 de
2381 2350 2542 2406 domo
2581 2352 2799 2422 propria
2849 2355 3130 2424 disponere
3175 2356 3602 2412 curavit..Tunc

2023 2453 2162 2494 uxor
2191 2440 2307 2511 ejus
2336 2457 2499 2510 unum
2536 2458 2598 2497 ex
2629 2445 2742 2498 suis
2789 2445 3055 2500 nobilibus
3080 2486 3095 2511 ,
3140 2445 3446 2502 Benzoncm
3504 2461 3602 2501 no-

2023 2529 2192 2594 mine,
2239 2531 2434 2586 marito
2465 2531 2579 2599 jam
2608 2533 2662 2586 in
2693 2548 2864 2604 agone
2895 2537 3206 2603 constituto,
3237 2537 3304 2592 ad
3332 2551 3392 2592 se
3418 2551 3602 2591 accer-

2026 2617 2174 2686 sivit,
2197 2620 2342 2675 etrad
2367 2619 2783 2692 Passinianense
2805 2624 3132 2692 camobium,
3153 2627 3293 2684 unde
3315 2625 3627 2697 prredictus.

2027 2720 2144 2766 erat
2193 2723 2610 2783 compatronus,
2653 2717 2903 2773 nuntiare
2949 2718 3030 2772 sui
3074 2717 3278 2774 funeris
3316 2718 3601 2774 adventum

2028 2805 2349 2872 quantocius
2373 2804 2451 2859 ire
2472 2808 2746 2876 prmeepit.
2765 2809 2834 2863 At
2861 2809 3221 2878 ille,,mmstus
3249 2821 3308 2868 ut
3327 2822 3461 2879 erat,
3488 2811 3628 2866 sine.

2028 2899 2397 2966 cunctatione,
2425 2898 2740 2957 festinanter
2771 2918 2998 2976 pergere
3025 2909 3296 2977 praecepit.

2053 3057 2059 3062 ε
2098 2987 2189 3042 67.
2249 2987 2367 3044 Jam
2436 3005 2502 3045 eo
2546 2991 2598 3046 in
2644 2993 2821 3049 medio
2873 2997 3067 3053 itinere
3107 2997 3607 3068 appropinquante,

2031 3079 2250 3148 quidam
2306 3081 2528 3136 curialis
2571 3081 2686 3155 (87)
2733 3085 2784 3141 ei
2828 3102 3140 3155 occurrens,
3194 3089 3476 3158 requisivit
3503 3103 3610 3158 quo

1958 3210 2002 3273 c
2036 3171 2477 3273 tenderet..l?ixit
2504 3187 2756 3232 eventum
2785 3179 2884 3233 rei.
2917 3177 3022 3234 Sed
3051 3196 3357 3251 quanquam
3386 3189 3612 3237 mestus

2035 3263 2286 3318 similiter
2313 3264 2460 3319 illum
2489 3269 2732 3337 requirit.
2766 3268 2901 3324 Tum
2929 3271 3018 3326 ille
3046 3289 3060 3326 :
3092 3273 3134 3326 A
3166 3274 3414 3328 ctenobio
3437 3272 3609 3327 sancti

2035 3353 2279 3410 Cassiani
2310 3357 2420 3426 (88)
2454 3358 2632 3424 venio,
2664 3359 2753 3413 ubi
2795 3359 3049 3416 domnmn
3075 3363 3324 3418 abbatem
3351 3362 3610 3418 Joannem

2037 3446 2507 3503 Valimbrosauum
2557 3449 2806 3506 visitandi
2849 3454 3021 3522 gratia
3045 3454 3280 3519 perrexi.
3319 3453 3389 3508 At
3418 3452 3524 3518 ille,
3553 3461 3617 3507 ut

2037 3538 2140 3592 hoc
2167 3539 2395 3604 audivit,
2427 3540 2492 3595 ad
2519 3540 2797 3611 prtef‘atum
2828 3545 3132 3599 coenobium
3164 3545 3307 3600 illico
3348 3544 3614 3616 pervenit.

2038 3627 2207 3694 Quem
2239 3630 2421 3684 nescio
2451 3630 2516 3685 de
2547 3632 2788 3701 psalmis,
2819 3642 2912 3687 aut
2938 3634 3065 3703 quid
3113 3634 3254 3689 aliud
3303 3650 3616 3692 mumuran-

2041 3728 2149 3774 tem
2192 3729 2317 3774 ante
2361 3719 2506 3776 fores
2553 3723 2863 3778 monasterii
2911 3725 3132 3783 invenit.
3181 3725 3282 3792 Qui
3330 3740 3450 3780 cum
3489 3741 3613 3781 eum

2038 3809 2430 3866 officiosissime
2459 3812 2766 3878 salutasset,
2803 3823 2858 3869 et
2902 3815 3035 3869 satis
3063 3816 3132 3869 ab
3159 3830 3223 3870 eo
3255 3814 3500 3869 hilariter
3529 3828 3617 3868 re-

2041 3900 2303 3956 salutatus
2354 3903 2635 3972 requisivit
2671 3903 2905 3974 qualiter
2957 3905 3031 3961 illi
3061 3915 3222 3961 esset.
3273 3905 3616 3976 Respondit:

2042 3991 2237 4046 Tristis
2266 4001 2321 4048 et
2351 4010 2588 4050 maerens
2618 3996 2780 4054 nimis
2815 4012 2901 4052 me
2937 4011 3056 4052 esse
3092 3997 3353 4052 confiteor
3390 4012 3487 4066 pro
3526 4013 3623 4052 no-

2041 4083 2136 4139 bili
2164 4085 2303 4151 viro,
2339 4096 2394 4141 et
2435 4098 2620 4143 vestro
2652 4089 2792 4147 fideli
2821 4090 3018 4154 amico,
3041 4091 3140 4159 qui
3176 4105 3317 4146 nunc
3346 4092 3559 4145 videtur
3591 4107 3624 4146 e

2042 4173 2240 4228 sazculo
2289 4176 2456 4231 exire.
2506 4177 2586 4230 Ad
2631 4193 2793 4246 quem
2834 4179 3050 4248 inquit:
3084 4179 3215 4244 Quis
3257 4178 3342 4232 ille
3387 4180 3506 4233 cst?
3557 4180 3626 4234 Et

2043 4265 2133 4319 ille
2183 4283 2198 4320 :
2245 4264 2474 4323 lllustris
2520 4267 2760 4324 Ubaldus
2802 4281 2982 4324 vester
3046 4269 3202 4324 valde
3250 4268 3617 4326 fidelissimus.

2045 4355 2240 4409 Statim
2269 4357 2592 4414 venerabilis
2616 4357 2851 4414 Joannes
2877 4358 3047 4414 versis
3071 4359 3138 4413 ad
3175 4359 3438 4415 orientem
3463 4359 3622 4415 lumi-

2045 4445 2205 4499 nibus
2234 4485 2249 4511 ,
2297 4462 2588 4517 parumper
2634 4447 2877 4504 subsistit
2938 4456 2994 4502 et
3044 4449 3290 4505 oratione
3352 4452 3631 4521 completa

364 4538 718 4608 ministraret,
743 4540 906 4595 abbas
933 4539 1167 4596 Joannes
1201 4547 1312 4594 tum
1353 4541 1758 4609 superveniens,
1793 4555 1941 4595 eum-
1973 4547 2018 4605 ι)
2046 4535 2349 4590 Ballionem
2389 4537 2646 4612 ηερωὶι,
2675 4550 2798 4600 eum
2825 4539 2903 4593 ire
2930 4541 3214 4609 pralccpil.
3255 4543 3412 4611 eique
3445 4543 3618 4598 dixit:

364 4643 471 4700 que
517 4645 583 4684 ex
627 4630 845 4685 nomine
891 4645 1110 4695 vocans,
1156 4631 1230 4685 ait
1285 4645 1299 4683 :
1353 4629 1633 4693 Gerarde,
1682 4629 1940 4695 Gerarde,

367 4732 538 4789 quare
567 4721 697 4774 mihi
728 4721 806 4775 sic
843 4712 1028 4775 fallere
1068 4720 1322 4776 voluisti?
1370 4718 1486 4785 Qua
1523 4719 1588 4773 de
1619 4734 1697 4784 re,
1727 4719 1942 4773 domine

368 4812 464 4876 nti,
501 4813 710 4883 inquit?
756 4814 821 4868 Et
855 4814 942 4867 ille
975 4831 988 4866 :
1020 4814 1154 4868 Cum
1191 4813 1492 4877 vacaveris,
1520 4827 1746 4866 occurre
1775 4828 1946 4879 quan-

368 4902 564 4968 tocius,
597 4913 649 4959 et
682 4904 848 4958 dicito
897 4903 1028 4958 mihi
1082 4904 1224 4973 quod
1279 4901 1558 4972 professus
1613 4918 1692 4955 es.
1743 4902 1812 4954 At
1857 4899 1946 4956 ille

372 5003 694 5062 praeceptum
725 4992 905 5047 Patris
932 4991 1161 5045 fideliter
1189 4990 1510 5059 adimplens,
1542 5006 1662 5044 cum
1693 4997 1946 5058 opportu-

371 5097 503 5136 num
533 5093 738 5154 tempus
764 5084 988 5145 invenit,
1022 5083 1153 5136 adiit
1179 5083 1246 5136 ad
1275 5081 1510 5136 Patrem.
1545 5081 1795 5152 lnquiens
1822 5080 1893 5132 illi
1929 5097 1943 5134 :

371 5169 621 5242 Nunquid
661 5192 768 5231 non
815 5174 999 5230 dixisti
1051 5175 1178 5244 quia
1223 5187 1290 5226 ex
1355 5173 1564 5242 integro
1615 5171 1949 5244 patefaceres

2045 4627 2375 4692 Quantocius
2412 4629 2478 4682 ad
2505 4630 2720 4700 propria
2751 4640 3045 4696 revertere,
3073 4634 3198 4703 quia
3232 4635 3476 4691 infirmus
3507 4635 3633 4700 iller

2047 4735 2208 4786 super
2233 4735 2339 4788 quo
2365 4730 2589 4776 mmstus
2617 4737 2770 4790 eras,
2819 4724 3138 4782 incolumem
3166 4725 3427 4782 invenies.
3467 4726 3620 4795 Quod

2047 4816 2106 4862 ut
2135 4809 2288 4868 dixit.
2323 4810 2396 4863 ita
2423 4821 2598 4866 actum
2625 4822 2728 4866 est.

2118 4902 2206 4956 68.
2250 4901 2382 4970 Cap.
2408 4903 2472 4957 de
2510 4904 2704 4957 domno
2741 4904 3002 4976 Gregorio
3024 4907 3458 4977 V'll,apostolic:e
3481 4909 3626 4964 sedis

2049 4992 2324 5063 pontifice,
2347 4992 2460 5060 qui,
2487 5009 2607 5048 cum
2631 4995 3102 5052 arcliidiaconatus
3125 4997 3178 5049 in
3201 4997 3388 5050 eadem
3411 5007 3628 5067 aposto-

2049 5083 2150 5137 lica
2172 5084 2296 5138 sedc
2309 5080 2541 5136 oflicium
2563 5094 2773 5154 gereret
2794 5085 2862 5139 ob
2888 5086 3028 5142 illius
3041 5086 3357 5156 patientiam
3385 5101 3628 5162 compro-

2049 5175 2280 5232 bandam
2309 5189 2431 5228 eum
2462 5173 2595 5230 dttre
2625 5175 2908 5244 increpare
2948 5178 3194 5232 curabat.
3248 5173 3367 5228 Mox
3409 5177 3476 5230 ad
3513 5175 3630 5245 ejus
