4110 5362
470 193 566 249 79l

1506 189 1562 243 S.
1609 187 1890 244 JOANNIS
1928 186 2322 245 GUALBEl’tTl
2357 184 2646 242 ABBATIS

3627 183 3734 240 τω

469 307 724 364 intuitum
756 292 983 361 mutavit
1012 312 1264 366 mentem,
1317 317 1382 357 ac
1408 302 1788 372 praeordinata,
1824 317 1944 372 quae
1989 316 2050 356 se
2081 307 2124 362 Α
2155 300 2468 363 miserante,
2490 309 2543 353 et
2566 299 2685 370 ipso
2706 297 3099 368 patrocinante,
3124 295 3730 378 aeciderautnuntiaus,

467 398 692 470 putabat
732 396 933 459 dicere,
969 393 1166 448 oblitus
1206 400 1290 448 est
1340 392 1523 448 verba.
1565 391 1681 459 Qua
1724 391 1843 462 eius
1871 392 2046 464 perfe-

468 490 647 545 ctione
690 485 759 541 ab
801 500 868 541 eo
908 485 983 540 ita
1028 492 1304 554 comperta
1329 525 1345 549 ,
1392 491 1576 538 tantus
1621 485 1875 554 deinceps
1905 485 2050 542 inter

468 586 760 645 utrumque
785 577 1030 630 firmatus
1055 583 1140 628 est
1165 589 1338 639 amor,
1366 582 1600 644 quantus
1627 573 1769 629 inter
1792 575 2052 632 charissi-

467 682 603 732 mos,
635 674 797 736 atque
830 665 1076 720 uterinos
1101 664 1239 720 solet
1264 679 1385 720 esse
1413 678 1718 734 germanos.
1748 664 1875 719 Haec
1903 680 2052 719 nam-

466 771 574 828 que
599 771 631 812 a
661 756 951 812 venerabili
998 757 1116 811 viro
1145 755 1338 811 abbate
1365 754 1596 810 Rodulfo
1625 755 2051 810 Passinianensis

467 846 723 912 canobii,
752 846 844 916 qui
890 855 1016 900 tunc
1054 845 1124 899 ibi
1155 845 1358 906 aderat,
1390 844 1584 913 saepius
1613 844 1937 911 audivimus,
1965 853 2047 899 at-

468 950 574 1008 que
588 937 661 991 de
689 936 780 990 tali
814 944 950 990 teste
977 934 1222 990 dubitare
1251 933 1386 988 nihil
1415 934 1674 989 debemus
1699 933 1835 1004 (89).

538 1030 628 1087 69.
687 1030 790 1098 Qui
853 1029 981 1082 dum
1031 1028 1262 1098 quodam
1317 1036 1559 1096 tempore
1608 1027 1770 1082 nimis
1817 1035 2052 1096 aegrotus

466 1121 824 1193 pulmentum,
854 1120 996 1189 quod
1043 1128 1244 1188 aegroto
1276 1119 1544 1186 convenit,
1593 1128 1718 1173 ante
1751 1134 1811 1174 se
1839 1128 2049 1174 coctum

469 1223 698 1279 teneret,
732 1214 947 1285 quidam
979 1213 1262 1284 religiosus
1288 1210 1475 1278 frater,
1506 1209 1781 1268 Gerardus
1814 1212 2048 1278 nomine,

466 1306 795 1362 visitationis
825 1305 998 1376 gratia
1025 1304 1264 1368 advenit,
1295 1311 1455 1374 atque
1479 1313 1604 1368 ante
1632 1303 1779 1357 illum
1812 1319 2051 1373 praisen-

469 1407 612 1453 tatus
659 1407 761 1453 est.
817 1396 913 1452 Cui
963 1411 1084 1451 mox
1135 1395 1376 1466 pnedicti
1422 1395 1684 1465 puhnenti
1729 1395 2050 1465 particulam

469 1490 756 1560 quamdam
790 1489 1051 1564 porrexit,
1074 1489 1166 1558 qui
1197 1503 1297 1543 nec
1327 1501 1599 1552 recusare,
1633 1503 1731 1543 nec
1759 1495 1891 1542 nutu
1921 1505 2052 1560 quo-

470 1581 598 1635 libet
621 1589 876 1636 res:stere
921 1578 1158 1652 [ausus],
1195 1595 1316 1634 eam
1342 1579 1573 1648 accepit,
1603 1579 1929 1649 silenterque
1955 1595 2048 1633 co-

2147 391 2474 446 salutaribus
2497 391 2565 445 ab
2593 404 2665 454 eo~
2682 388 2862 445 verbis
2884 378 3203 454 instructus,
3228 386 3469 464 gaudens.
3491 398 3549 444 ct.
3575 389 3733 446 exul—

2152 489 2272 534 tans
2297 479 2546 535 reversus
2574 487 2660 533 est
2685 477 2757 531 ad
2777 477 3016 548 propria.

2221 569 2310 623 72.
2371 569 2494 625 Alio
2541 583 2753 639 quoque
2791 569 3032 638 tempore
3056 584 3179 624 cum
3211 569 3378 626 nimia
3409 569 3502 625 nix
3529 577 3735 626 terram

2153 670 2374 730 tegeret,
2395 661 2614 732 quidam
2637 661 2789 730 lepus
2813 676 2876 714 ex
2905 660 3028 716 nive
3050 675 3322 733 egressus,
3356 661 3652 733 tugurium,
3674 661 3736 717 in

2151 770 2258 825 quo
2310 755 2502 810 beatus
2549 753 2785 810 Joannes
2823 763 2951 809 tunc
2979 770 3101 812 cum
3127 756 3446 824 quibusdam
3475 754 3740 831 fratribus

2151 847 2347 911 stabat,
2370 855 2454 901 est
2476 846 2768 916 ingressus.
2792 845 2960 914 Quem
2987 848 3202 917 quidam
3229 848 3455 904 fratrum
3485 865 3608 904 mox
3641 864 3737 920 apt-

2151 937 2476 1007 prehendit,
2527 946 2583 992 et
2633 937 2686 991 in
2740 937 2945 1006 gremio
2992 938 3230 995 brachiis
3282 927 3744 1009 circurnplecteus

2152 1027 2453 1092 abscondit,
2496 1028 2768 1097 cmpitque
2799 1026 3054 1084 fratribus
3091 1030 3270 1084 dicere
3325 1030 3468 1100 quod
3509 1029 3740 1086 licenter

2153 1118 2323 1181 illum,
2342 1128 2525 1186 utpote
2545 1117 2804 1172 divinitus
2826 1117 3031 1182 datum,
3055 1127 3272 1188 possent
3293 1117 3476 1185 edere,
3501 1119 3750 1175 maxime,

2152 1226 2274 1267 cum
2305 1210 2444 1265 nihil.
2467 1209 2577 1264 fere
2613 1218 2811 1280 praeter
2836 1211 3008 1279 ipsum
3041 1211 3107 1266 ad
3136 1211 3404 1267 edendum
3450 1213 3738 1267 haberent.

2155 1301 2352 1356 Beatus
2380 1317 2510 1356 vero
2539 1300 2793 1366 Joannes,
2823 1303 2962 1371 quod
2995 1302 3296 1369 acciderat,
3345 1305 3487 1374 quod
3533 1304 3740 1359 dictum

2153 1394 2355 1461 fuerat,
2382 1393 2494 1448 Deo
2523 1388 2826 1460 revelante,
2852 1409 3184 1465 cognoscens
3206 1437 3220 1459 ,
3268 1394 3488 1450 fratrem
3521 1396 3651 1466 quid
3682 1396 3739 1450 in

2155 1487 2361 1559 gremio
2405 1487 2780 1543 absconditum
2829 1496 3034 1542 teneret
3081 1488 3389 1557 requirens,
3423 1488 3741 1552 manifesta.-

2156 1593 2267 1638 tum
2295 1583 2530 1653 leporem
2562 1582 2662 1637 sibi
2690 1583 2802 1636 dari
2835 1583 3143 1653 imperavit,
3165 1598 3323 1652 quem
3349 1583 3541 1640 blanda
3571 1579 3748 1639 manu"

469 1674 656 1738 medii,
686 1681 742 1729 et
770 1673 910 1729 inter
938 1673 1169 1739 edendo,
1194 1687 1252 1727 se
1279 1686 1452 1737 reum,
1484 1687 1542 1727 se
1571 1673 2050 1742 reprehensibilem
2085 1653 2128 1711 Β
2155 1674 2244 1730 diu
2274 1675 2600 1729 attrectatit.
2634 1673 2866 1729 Dicendo
2894 1674 2993 1729 sibi
3030 1693 3041 1728 :
3075 1675 3260 1741 Follis,
3297 1675 3436 1730 follis
3481 1676 3590 1746 (90)
3641 1691 3742 1731 cur

468 1773 628 1833 atque
655 1764 834 1832 lupum
861 1778 1118 1825 accusare
1146 1763 1331 1831 C(Bpil,
1363 1773 1524 1832 atque
1552 1778 1649 1832 per
1673 1763 2050 1834 cogitationem

468 1862 698 1916 rixando
723 1861 892 1915 multa
921 1860 1100 1915 dicere
1124 1860 1308 1923 verba,
1337 1859 1480 1914 ouod
1510 1858 1592 1912 vel
1623 1859 1790 1914 semel
1821 1859 1922 1914 hoc
1947 1873 2053 1914 non

468 1952 781 2018 refutasset,
810 1952 951 2021 quod
982 1951 1154 2005 almus
1182 1961 1334 2020 pater
1382 1957 1716 2018 porrexerat.
1749 1945 1924 2016 Quem
1967 1949 2055 2003 ille

466 2055 565 2112 per
593 2037 839 2111 spiritum
872 2055 1280 2112 recognoscens,
1313 2049 1365 2096 et
1414 2041 1656 2105 audiens,
1689 2040 1843 2109 quasi
1875 2040 2053 2109 lingua

467 2129 756 2200 proferret,
783 2131 997 2201 expleta
1044 2129 1361 2195 refectione,
1401 2130 1534 2185 dixit
1566 2147 1578 2181 :
1611 2129 1666 2184 Si
1697 2129 1814 2199 plus
1841 2129 1920 2183 vel
1950 2129 2054 2184 mi-

467 2235 571 2277 nus
612 2237 679 2277 ex
727 2223 829 2278 hoc
851 2262 866 2287 ,
921 2223 1063 2292 quod
1111 2237 1208 2292 per
1237 2222 1621 2291 cogitationem
1653 2221 1838 2275 dixisti
1869 2235 2056 2274 narra-

467 2327 616 2380 vero,
649 2321 701 2369 te
725 2314 901 2384 ipsum
929 2313 1051 2368 volo
1074 2314 1276 2368 habere
1303 2322 1516 2368 testem.
1547 2312 1614 2366 Et
1643 2328 1767 2368 mox
1793 2327 2053 2368 arcanum

468 2404 555 2458 sui
585 2406 825 2475 pectoris
852 2404 1205 2475 patefaciens,
1245 2393 1476 2474 quaeque
1510 2404 1862 2473 cogitaverat,
1905 2419 2054 2474 quae-

469 2509 578 2565 que
605 2509 704 2565 per
733 2495 1118 2565 cogitationem
1145 2495 1377 2562 dixerat,
1409 2494 1588 2549 lucide
1616 2494 1913 2548 enarravit.

539 2588 629 2643 70.
687 2587 786 2643 Cui
851 2589 1177 2653 discessuro,
1216 2589 1466 2642 insanum
1495 2587 1780 2658 quemdam
1829 2587 2054 2643 fratrem

469 2678 878 2741 commendans,
911 2678 1237 2748 segregatim
1289 2678 1588 2732 nocturnali
1621 2679 1835 2746 expleto
1861 2678 2054 2746 cilicio,

467 2777 530 2821 ut
559 2783 740 2823 secum
781 2769 998 2823 duceret
1037 2767 1343 2837 imperavit.
1385 2767 1550 2838 Cujus
1583 2766 1883 2835 iussionem
1911 2777 1966 2824 et
1993 2769 2057 2823 li-

475 2861 664 2915 benter
697 2861 944 2927 audivit,
985 2868 1040 2915 et
1074 2859 1310 2915 dulciter
1340 2873 1399 2915 se
1443 2859 1740 2929 adimplere
1783 2861 2050 2931 promisit.

471 2952 642 3008 Nocte
663 2969 790 3007 vero
815 2969 1062 3024 surgens,
1090 2953 1394 3008 nocturnali
1421 2952 1633 3022 expleto
1658 2951 1851 3018 officio,
1879 2952 2053 3025 [dum]

475 3056 602 3099 cum
634 3043 784 3098 socio
812 3043 964 3098 abire
986 3042 1319 3114 disponeret,
1347 3042 1435 3098 siti
1468 3042 1785 3112 gravissima
1815 3043 2059 3099 laborare

474 3133 660 3204 erepit.
689 3133 804 3189 Hoc
832 3133 1065 3190 Joannes
1107 3135 1270 3189 Pater
1305 3149 1401 3204 per
1439 3135 1618 3189 cordis
1648 3134 2062 3190 illuminatorem

477 3237 897 3296 recognoscens,
924 3225 1231 3280 ministrum
1271 3239 1450 3289 sumn,
1484 3224 1574 3294 qui
1606 3224 1655 3278 ei
1695 3223 1901 3279 solebat
1926 3227 2064 3280 assi-

477 3324 665 3383 stere,
711 3326 844 3371 nutu
881 3318 1173 3382 advocans,
1219 3331 1324 3370 non
1367 3329 1592 3385 parvum
1632 3316 1890 3386 scyphum
1939 3317 2066 3372 vino

476 3425 616 3481 aqua
663 3411 832 3466 mixto
861 3411 1172 3465 summatim
1219 3409 1443 3479 implere
1485 3408 1634 3463 fecit.
1665 3408 1927 3478 Deinceps
1957 3408 2066 3463 dis-

477 3514 755 3554 cessurum
783 3501 1030 3566 fratrem,
1057 3499 1103 3553 si
1132 3501 1368 3562 adesset,
1412 3498 1476 3550 ad
1504 3512 1564 3551 se
1591 3498 1776 3552 venire
1810 3499 2062 3568 signavit.

477 3590 576 3647 Cui
607 3591 673 3646 ad
701 3605 760 3646 se
788 3591 1064 3646 accedenti
1093 3599 1401 3659 porrectum
1434 3589 1698 3659 scyphum
1721 3602 1955 3654 sumere,
1985 3590 2066 3643 vi-

477 3693 714 3748 numque
742 3679 872 3734 fecit
900 3679 1103 3734 bibere.

548 3768 637 3822 7i.
677 3769 772 3822 Vir
814 3768 1032 3836 quidam
1068 3768 1122 3821 in
1166 3766 1443 3821 vicinitate
1475 3765 1826 3822 Valimbrosae
1858 3781 2068 3837 perma-

478 3872 632 3924 nens,
661 3858 822 3913 beato
844 3857 1038 3913 Joanni
1069 3858 1220 3915 valde
1259 3858 1433 3913 fidelis
1457 3867 1511 3914 et
1541 3859 1768 3914 devotus
1799 3859 2063 3924 existens,

484 3947 717 4017 quodam
745 3947 830 4002 die
856 3947 923 4001 ad
947 3961 1070 4001 eum
1096 3963 1217 4002 cum
1247 3949 1474 4004 canibus
1499 3949 1672 4015 venit,
1701 3964 1868 4020 seque
1897 3951 1949 4005 in
1977 3965 2068 4004 ve-

481 4048 609 4097 natu
633 4039 722 4093 diu
744 4038 946 4094 frustra
970 4039 1264 4106 laborasse,
1293 4040 1492 4095 nullam
1517 4041 1814 4095 vcnandam
1837 4042 2066 4097 bestiam

483 4129 694 4196 videns,
720 4131 977 4186 asseruit.
1004 4128 1205 4185 Beatus
1235 4146 1362 4185 vero
1389 4129 1628 4186 Joannes
1650 4146 1777 4186 mox
1805 4132 1906 4186 sibi
1936 4147 2067 4201 pra:-

480 4222 624 4293 cepit
658 4231 718 4278 ut
761 4223 1091 4290 comederet,
1131 4238 1282 4278 csum
1309 4223 1466 4279 lassis
1520 4223 1746 4280 canibus
1782 4224 2063 4294 tribueret,

480 4323 536 4368 et
577 4322 762 4381 postea
794 4312 860 4368 ad
886 4313 1190 4368 venandum
1239 4311 1461 4379 rediret,
1488 4314 1614 4384 quia
1653 4323 1873 4383 captura
1899 4355 1914 4381 ,
1957 4316 2066 4370 Deo

479 4414 786 4471 praestante,
818 4409 998 4462 statim
1029 4407 1355 4477 perveniret.
1406 4407 1523 4474 Quo
1562 4406 1726 4472 facto,
1761 4408 1813 4462 in
1849 4424 2058 4477 agrum,
2095 4391 2140 4450 D

482 4498 572 4566 qui
603 4506 686 4552 est
720 4500 1048 4554 monasterio
1080 4499 1383 4569 contiguus,
1419 4497 1564 4554 illico
1589 4498 1778 4566 exivit,
1821 4514 2064 4570 quosque

482 4604 605 4644 mox
634 4588 844 4659 lepores
872 4590 925 4644 in
971 4590 1117 4656 nive,
1164 4606 1271 4659 qua
1315 4599 1424 4646 tota
1463 4598 1592 4646 tunc
1621 4600 1764 4646 terra
1809 4601 1924 4646 erat
1966 4610 2061 4648 co-

487 4691 696 4751 aperta,
738 4683 911 4748 \idit;
945 4692 1066 4752 post
1100 4699 1235 4751 quos
1275 4683 1500 4738 canibus
1536 4685 1838 4747 concitatis,
1873 4685 2062 4740 amhos

482 4788 603 4828 cum
625 4772 771 4828 oumi
796 4773 1141 4828 festinatione
1175 4773 1606 4844 comprehcndit.
1637 4773 1767 4828 Post
1792 4773 1906 4828 haec
1931 4790 2060 4829 vero

482 4863 550 4919 ad
591 4872 838 4922 sanctum
875 4861 1138 4920 Joannem
1165 4877 1415 4919 remeans
1441 4869 1493 4917 et
1530 4862 1602 4927 ei,
1639 4878 1759 4932 qua:
1791 4863 1914 4928 sibi,
1946 4863 2056 4919 Deo

553 5044 664 5116 (89)
703 5044 817 5100 Hoc
841 5040 1164 5116 miraculum
1200 5053 1314 5094 tuse
1357 5035 1787 5093 examinavimus
1821 5035 1872 5088 iu
1901 5035 2061 5090 Com-

486 5111 655 5171 ment.
684 5114 910 5186 Pricvio,
942 5111 970 5185 §
1001 5112 1054 5169 8.
1124 5181 1134 5186 _
1292 5178 1303 5186 _
1347 5180 1364 5186 _
1552 5174 1602 5186 η.

553 5186 664 5258 (90)
705 5184 873 5258 Follis
899 5171 1000 5258 pio
1029 5181 1188 5258 stulto
1221 5178 1305 5258 vel
1337 5180 1505 5258 fatae.
1549 5174 1639 5229 Sic
1666 5171 1920 5258 Joannes
1935 5174 2061 5258 Dia-

483 5242 672 5321 conus],
701 5256 805 5311 lib.
837 5242 1073 5309 tv'Vitze
1119 5252 1178 5305 S.
1228 5242 1471 5318 Gregorii
1499 5257 1820 5323 papaeacap.
1855 5242 1965 5323 Q9”:
1997 5243 2062 5296 At

484 5327 572 5362 o'lla
613 5311 754 5362 nl'nrn
796 5324 1000 5362 Callirn
1034 5331 1265 5362 enni-lum
1293 5311 1464 5362 ςρῖιρηι
1498 5311 1812 5362 increpitans
1861 5311 2057 5362 follem.

2155 1765 2262 1819 huc
2307 1765 2545 1822 venisti!
2582 1763 2772 1819 Postea
2817 1781 2944 1820 vero
2991 1764 3225 1836 leporem
3258 1766 3372 1838 (91)
3424 1767 3738 1835 miseratus,

2153 1864 2338 1924 portas
2368 1855 2600 1910 coeuobii
2630 1863 2900 1926 egressus,
2933 1855 3080 1910 illum
3136 1865 3295 1912 terrae
3341 1857 3641 1928 supposuit,
3673 1871 3739 1913 ac

2155 1945 2381 2000 liberum
2409 1947 2558 2001 abire
2606 1946 2867 2016 permisit.
2901 1946 3160 2017 Sequenti
3194 1956 3373 2005 autem
3402 1949 3487 2004 die
3515 1949 3747 2021 quidam

2157 2038 2394 2093 rusticus
2421 2036 2632 2092 asinum
2663 2039 2893 2108 panibus
2925 2040 3194 2106 oneravit,
3221 2050 3517 2113 sanctoque
3543 2039 3739 2098 Joanni

2159 2128 2210 2181 in
2239 2143 2431 2199 magna
2459 2129 2634 2184 inedia
2663 2120 2928 2185 cuiusuis
2959 2130 3218 2186 fratribus
3247 2131 3502 2202 portavit.

2227 2217 2315 2272 75.
2376 2219 2452 2273 De
2501 2218 2739 2284 clerico,
2790 2219 2879 2288 qui
2930 2219 3072 2274 fama
3121 2222 3398 2276 reverendi
3431 2220 3607 2277 Patris
3643 2237 3741 2277 au-

2155 2309 2286 2373 dita,
2319 2319 2373 2365 et
2400 2326 2521 2365 cum
2553 2312 2658 2365 vita
2689 2311 2862 2382 qualis
2892 2321 3033 2367 esset
3077 2313 3192 2383 ejus
3222 2313 3491 2381 doctrina,
3519 2323 3750 2388 cuncta,

2157 2413 2274 2469 qure
2290 2399 2597 2470 possidebat
2623 2403 2674 2455 in
2694 2402 2907 2467 sacculo,
2937 2403 3191 2468 vendidit,
3217 2414 3266 2459 et
3291 2404 3516 2475 plurima
3536 2406 3742 2461 numis—

2159 2500 2300 2546 mata
2329 2490 2527 2546 exinde
2556 2505 2794 2557 sumens,
2831 2506 3002 2562 eaque
3033 2509 3288 2555 crumena
3341 2494 3637 2561 includens,
3671 2495 3740 2550 ad

2159 2582 2462 2636 coenobium
2495 2583 2740 2652 praedic“
2776 2584 2951 2639 Patris
2979 2585 3143 2638 venit.
3173 2585 3416 2656 Cumque
3442 2586 3564 2641 inde
3591 2584 3748 2640 Patri

2158 2692 2217 2731 se
2243 2677 2456 2746 placere
2481 2679 2746 2745 crederet,
2769 2681 2909 2736 unde
2937 2682 3169 2752 amplius
3197 2691 3313 2738 erat
3342 2683 3579 2750 odibilis,
3607 2683 3743 2740 fidu-

2159 2768 2368 2826 cialiter
2417 2770 2483 2823 ad
2533 2769 2708 2825 locum
2758 2771 3040 2839 accedens,
3091 2787 3149 2828 se
3194 2774 3406 2829 venisse
3451 2757 3740 2846 significat.

2158 2859 2326 2926 Quem
2359 2875 2480 2925 cum
2510 2859 2618 2926 ille,
2652 2863 2989 2933 paupertatis
3020 2863 3249 2929 amicus,
3273 2872 3606 2918 nummatum
3627 2861 3753 2922 fore.

2165 2957 2512 3019 cognosceret
2538 2961 2697 3020 atque
2723 2952 2956 3018 audiret,
2979 2967 3084 3022 qua
3115 2968 3215 3022 pro
3239 2967 3400 3007 causa
3428 2952 3753 3023 advenerat,

2165 3037 2245 3091 sic
2275 3053 2396 3092 eum
2444 3039 2738 3108 alloquitur
2772 3055 2786 3094 :
2816 3038 3085 3106 Quaudiu,
3117 3040 3312 3111 inquit,
3347 3055 3509 3094 unum
3559 3053 3624 3094 ex
3659 3031 3745 3095 his

2165 3141 2327 3196 super
2362 3137 2412 3182 te
2459 3144 2739 3183 nummum
2775 3130 3027 3186 habueris
3065 3141 3158 3185 aut
3204 3131 3570 3186 reservaveris
3602 3131 3744 3200 apud

2168 3226 2240 3284 te,
2271 3233 2369 3273 nec
2400 3233 2607 3273 meeum
2644 3221 2970 3290 participare
3000 3221 3224 3290 poteris,
3257 3237 3356 3276 nec
3403 3236 3490 3275 me
3519 3220 3746 3275 habebis

2167 3311 2418 3363 amicum.
2452 3310 2577 3365 Haec
2607 3313 2786 3382 itaque
2818 3312 3045 3367 clericus
3087 3313 3311 3368 audiens
3342 3313 3586 3377 recessit,
3620 3313 3746 3382 [ire-

2168 3403 2300 3458 tiutu
2351 3405 2431 3458 sui
2479 3405 2784 3474 patrimonii
2834 3407 2975 3475 quod
3021 3405 3222 3461 deicola
3279 3413 3594 3475 spreverat,
3641 3403 3754 3458 illis

2169 3501 2339 3548 totum
2387 3494 2664 3549 distribuit
2692 3496 2781 3564 qui
2814 3497 3151 3566 possessione
3181 3497 3460 3559 carebant,
3494 3492 3750 3547 libenter-

2167 3599 2271 3653 que
2302 3599 2516 3638 mauum
2553 3587 2898 3656 porrigebant
2928 3586 3215 3641 muniﬁcis.
3255 3586 3455 3642 Deinde
3488 3586 3754 3644 remeavit

2167 3679 2233 3739 ad
2263 3676 2431 3742 illum,
2461 3679 2552 3746 qui
2582 3677 2748 3732 Deum
2793 3694 2943 3743 auro,
2981 3688 3034 3733 et
3062 3680 3371 3734 seminudos
3400 3675 3749 3750 praeponebat

2168 3767 2446 3823 divitibus.
2479 3766 2592 3823 Hoc
2618 3767 2854 3826 Joannes
2880 3781 3035 3841 pater
3064 3773 3309 3840 audiens,
3340 3781 3394 3827 et
3442 3772 3571 3844 quid
3601 3772 3753 3848 egis-.

2168 3870 2269 3926 set,
2299 3861 2635 3917 discutienda
2659 3865 2955 3934 reperiens,
2983 3867 3072 3937 qui
3104 3875 3229 3921 ante
3254 3866 3570 3938 locupletem
3598 3882 3759 3936 spre-.

2168 3962 2339 4020 verat,
2371 3953 2571 4009 factum
2607 3971 2706 4026 pro
2751 3955 2965 4014 Christo
2997 3975 3308 4029 pauperem,
3340 3959 3592 4016 dilectum
3623 3953 3746 4016 sus?

2169 4045 2310 4114 cepit
2346 4045 2399 4098 in
2434 4045 2620 4100 filium.

2769 4139 2996 4198 CAPUT
3039 4141 3141 4196 Vll.

2172 4225 2231 4282 S.
2265 4227 2496 4284 Joannes
2527 4227 2838 4303 Guafbertus
2867 4233 3000 4287 alios
3037 4235 3227 4288 excitat
3255 4235 3325 4288 ad
3354 4233 3754 4303 exstirpandam,

2639 4300 2990 4358 Simoniacam
3023 4306 3282 4358 lmresim.
3389 4318 3392 4319 '

2238 4408 2324 4462 7i.
2363 4407 2560 4464 Contra
2587 4409 2949 4468 Simouiacam
2993 4422 3172 4469 autem
3199 4414 3445 4469 haeresim
3477 4415 3549 4468 ita
3586 4414 3748 4474 Patet:

2169 4511 2387 4556 sanctus
2436 4502 2552 4556 zelo
2585 4504 2749 4558 divini
2787 4507 2990 4561 amoris
3039 4507 3463 4572 cxardesccbat,
3509 4515 3566 4560 ut
3621 4506 3749 4561 totis

2170 4593 2394 4660 nisibus,
2420 4597 2471 4650 in
2499 4597 2694 4667 quibus
2714 4599 2948 4665 valebat,
2973 4601 3393 4670 circumquaque
3413 4598 3748 4654 exhortando

2167 4693 2218 4740 et
2256 4687 2594 4746 admonendo
2639 4689 2913 4747 videretur
2961 4709 3281 4763 repugnare.
3332 4693 3573 4762 Denique
3627 4691 3746 4761 epi-

2163 4792 2328 4847 scopo
2371 4779 2747 4838 Voluternensi
2800 4777 3208 4857 (92)‘melliliua
3253 4795 3415 4855 atque
3469 4782 3758 4841 salutifera

2167 4869 2369 4938 scripta
2417 4871 2636 4939 direxit,
2671 4890 2791 4943 qua
2834 4876 2923 4930 hic
2971 4891 3068 4945 pro
3113 4863 3310 4946 magna
3350 4873 3582 4930 utilitate
3619 4887 3750 4926 con-

2251 5047 2466 5124 Andrga
2497 5055 2639 5108 nulla
2686 5056 2757 5109 sit
2809 5072 2909 5111 vox
2940 5071 3059 5124 qua:
3103 5059 3206 5112 huc
3251 5056 3469 5112 iudicet.
3521 5059 3750 5116 Frustra

2166 5120 2346 5197 itaque
2395 5120 2712 5197 Franchius,
2764 5126 2858 5180 lib.
2890 5120 3097 5196 xfpag.
3132 5126 3236 5180 555
3265 5135 3319 5179 et
3349 5142 3523 5197 seqq.,
3557 5129 3746 5185 nititur

2167 5185 2270 5267 hoc
2299 5195 2547 5267 probare,
2581 5205 2663 5267 et,
2688 5185 2948 5250 rationem
2980 5185 3220 5267 Ire‘ddcre
3242 5236 3258 5260 ,
3316 5185 3486 5267 quare
3510 5185 3747 5255 'daenmu

2166 5257 2325 5336 huius
2352 5266 2609 5336 animalis
2644 5266 2868 5319 formam
2900 5257 3269 5336 assumpserit’.

2238 5330 2349 5362 mm
2377 5335 2430 5362 I.I
2456 5346 2530 5362 η...
2570 5335 2914 5362 ι,ν..ι..ι,.....,-....
2955 5330 3142 5362 ιγηιᾸ...

3154 5351 3252 5362 nni-nn
3279 5344 3452 5362 -lI'A-n‘
3487 5346 3561 5362 ιιι-Ι
3584 5339 3746 5362 .-_'...-
