4110 5362
336 345 365 400 7.
375 345 441 399 95

1861 353 2059 410 ACTA.

3489 359 3590 418 τοι

339 451 502 510 scribi
531 453 898 544 necessarium
926 455 1212 512 duximus:
1242 457 1572 516 llerimanno
1601 460 1715 534 (93)
1744 463 1909 518 Volu-
1943 474 1983 530 Α
2016 478 2133 522 stus
2157 467 2292 535 odit,
2319 471 2517 539 nullus,
2549 473 2640 544 qui
2668 471 3008 528 Christianus
3041 481 3146 538 cst,
3184 471 3373 544 diligit.
3407 472 3464 530 Si
3496 489 3592 528 auo

343 541 579 596 ternensi
610 543 702 596 Dei
735 551 867 598 nutu
893 544 1166 614 episcopo,
1193 545 1428 603 Jomnes
1456 549 1705 621 indignus
1729 567 1916 608 serius

340 645 620 685 servorum
649 630 762 694 Dei,
793 648 914 688 cum
941 635 1191 690 omnibus
1210 638 1323 692 suis
1349 641 1625 696 monachis
1652 651 1707 696 et
1736 641 1918 697 fratri.

341 719 441 775 bus
463 721 721 791 quidquid
751 724 942 780 melius
974 725 1032 778 fit
1057 728 1198 795 apud
1230 729 1392 782 Deum
1424 730 1752 787 hominibus.
1783 733 1918 790 Peti-

343 807 582 864 tionibus
604 813 798 867 vestris
823 814 1104 870 consulere
1127 818 1347 891 dignum
1374 821 1650 887 duximus,
1685 818 1919 880 maxime

341 913 464 952 cum
497 914 603 952 non
629 899 696 954 de
721 902 1073 958 saecularibus
1107 913 1163 960 et
1193 908 1500 975 mundanis,
1531 911 1623 965 sed
1651 912 1717 966 de
1745 913 1922 967 eccle-

342 989 573 1045 siasticis
597 998 655 1045 et
681 991 902 1056 divinis,
929 1010 1049 1064 qua:
1075 995 1132 1050 in
1159 996 1249 1051 Dei
1279 999 1422 1052 cultu
1451 1000 1514 1055 ad
1543 1001 1771 1056 salutem
1800 996 1920 1062 atii-

343 1093 556 1143 marum
595 1079 744 1142 fiunt,
785 1085 1120 1150 qumrerctis.
1170 1085 1467 1156 Requisitis
1512 1091 1657 1144 enim
1707 1089 1919 1162 adjuto-

343 1169 484 1246 riutn.
518 1170 570 1223 in
601 1171 980 1232 exhortatione
1004 1178 1279 1245 pastorali,
1305 1194 1369 1235 ex
1394 1180 1476 1235 his
1507 1198 1628 1252 qua:
1657 1183 1710 1237 in
1739 1194 1917 1240 vestra

343 1274 470 1316 cura
499 1269 553 1315 et
580 1263 758 1318 studio
779 1267 879 1320 sub
908 1267 1000 1322 Dei
1032 1270 1367 1343 protectione
1392 1289 1710 1343 permanere
1739 1276 1921 1330 viden-

345 1360 448 1406 tur.
477 1351 605 1420 Quae
630 1353 861 1411 fructum
890 1360 1046 1415 bonis
1073 1363 1252 1430 operis
1284 1373 1408 1417 tunc
1439 1368 1744 1435 germinant
1767 1367 1914 1432 boni,

343 1459 464 1504 cum
492 1447 671 1516 populi
697 1449 1001 1506 obedientia
1033 1468 1130 1508 nec
1168 1455 1219 1509 in
1252 1455 1489 1511 minimis
1515 1468 1700 1512 contra
1740 1467 1921 1530 pasto-

346 1549 458 1590 rem
480 1538 719 1593 rebellat.
748 1539 854 1596 Sed
883 1545 1142 1599 sanctitas
1166 1555 1223 1599 et
1249 1546 1510 1616 sapientia
1539 1550 1774 1618 pastoris
1793 1547 1918 1605 talis

342 1626 499 1683 debet
539 1644 752 1701 semper
777 1647 1037 1704 apparere
1066 1645 1123 1691 et
1147 1653 1286 1702 esse,
1323 1649 1378 1692 ut
1425 1638 1797 1710 delinquentes
1827 1641 1917 1695 Dei

336 1715 783 1786 judicioterreat,
816 1735 866 1779 et
896 1725 1206 1783 obedientes
1228 1729 1423 1784 divinis
1448 1731 1730 1801 praeceptis
1757 1731 1918 1801 digna

341 1812 779 1868 remuneratione
811 1813 1131 1870 demulccat.

367 1901 372 1904 ’
412 1897 500 1954 7.3.
565 1899 722 1957 Unde.
785 1913 997 1974 oportet
1042 1917 1274 1962 vestram
1323 1909 1549 1980 vigilare
1603 1911 1919 1966 sollicitudi-

341 2003 462 2045 nem
506 2001 582 2054 ut,
631 2003 916 2064 postquam
945 1999 1124 2054 omnia
1154 1999 1329 2054 divina
1373 2012 1640 2072 praecepta
1689 2002 1806 2057 sine
1834 2019 1918 2057 rc-

338 2083 698 2151 prehensione
726 2088 1074 2155 percurrerit,
1097 2092 1274 2144 omnia
1298 2107 1420 2161 qua:
1467 2093 1613 2148 clero
1637 2102 1693 2148 et
1722 2095 1918 2164 pupulo

339 2171 730 2241 imperaveris,
783 2175 850 2229 de
893 2186 1199 2233 sanctarum
1250 2178 1654 2250 Scripturarum
1705 2185 1918 2237 studeat

340 2261 582 2330 proferre
607 2266 914 2320 sententiis.
947 2267 1164 2323 Scilicet
1192 2279 1251 2324 ut
1273 2271 1450 2326 clerus
1478 2274 1770 2327 secundum
1801 2284 1916 2329 sta-

343 2361 455 2408 tuta
483 2355 841 2425 apostolorum
891 2367 945 2414 et
982 2374 1246 2416 canonum
1287 2374 1551 2432 praecepta
1583 2374 1914 2432 permaneat,

341 2454 394 2499 et
420 2448 646 2516 populus
673 2451 968 2506 secundum
1016 2455 1267 2509 mandata
1313 2467 1620 2510 sanctorum
1652 2457 1705 2511 in
1737 2458 1916 2512 omni-

341 2535 443 2592 bus
469 2537 573 2593 illis
597 2539 867 2596 ohediant.
910 2540 966 2596 ln
997 2543 1184 2612 primis
1215 2544 1338 2614 quia
1367 2555 1576 2613 oportet
1607 2547 1915 2618 episcopum

341 2632 864 2700 irreprehensibilem
891 2651 1030 2702 esse,
1059 2638 1200 2708 quod
1228 2638 1388 2693 etiam
1435 2639 1502 2692 ad
1541 2654 1755 2695 omnem
1789 2656 1914 2710 pcr-

343 2721 476 2778 tinet
516 2723 741 2780 clerum.
792 2725 992 2782 Deinde
1020 2737 1076 2782 ut
1105 2743 1317 2782 omnem
1365 2729 1773 2786 sollicitudinem
1805 2731 1917 2801 cpi-

341 2828 534 2885 sc0pus
559 2832 679 2870 cum
705 2817 852 2873 clero
877 2827 929 2873 et
960 2819 1154 2890 populo
1203 2820 1534 2890 impendant,
1568 2828 1626 2874 ut
1659 2821 1918 2876 innocen-

343 2914 426 2962 tes
455 2908 506 2959 in
538 2907 844 2963 innocentia
871 2925 965 2965 sua
992 2921 1364 2980 permaneant,
1395 2921 1448 2966 et
1477 2921 1762 2982 peccantes
1793 2929 1917 2984 pec-

341 3010 466 3050 care
513 2998 794 3065 desinant,
842 3010 897 3055 et
935 3002 1303 3072 paenitentiam
1335 3013 1556 3074 agentes
1588 3005 1652 3058 de
1691 3004 1832 3061 bono
1862 3008 1914 3062 in

341 3084 532 3141 melius
571 3100 849 3154 crescant;
881 3091 1178 3146 certissime
1210 3094 1492 3148 credentes
1522 3104 1578 3148 ut
1603 3095 1693 3164 qui
1725 3096 1776 3150 in
1807 3113 1916 3150 ma-

343 3176 410 3230 lis
439 3175 555 3232 dics
601 3193 729 3234 suos
755 3179 984 3245 finiunt,
1025 3191 1280 3236 aeternam
1330 3182 1478 3238 luant
1523 3184 1835 3248 vindictam,
1868 3195 1922 3239 ct

343 3268 434 3336 qui
463 3267 516 3320 in
547 3268 720 3332 bonis,
751 3275 1008 3322 aztcrnam
1053 3270 1350 3339 suscipiant
1385 3271 1640 3340 palmam.
1679 3272 1772 3327 llis
1802 3289 1924 3342 pro-

347 3356 690 3412 missionihus
718 3357 1090 3413 co-xfortcntur
1118 3361 1268 3418 boni.
1296 3368 1354 3416 et
1382 3361 1464 3416 his
1488 3361 1649 3416 nimis
1681 3372 1924 3417 terrean-

347 3454 436 3498 tur
464 3445 586 3500 ntali

419 3538 504 3592 76.
546 3539 755 3595 Interea
804 3540 1031 3597 sollicite
1083 3541 1435 3612 satagendum
1484 3551 1661 3598 estne
1699 3541 1923 3611 alicujus

349 3626 571 3684 lueresis
599 3633 847 3700 quamvis
890 3647 1066 3702 parva:
1109 3633 1304 3702 aliquis
1347 3647 1534 3688 eorum
1587 3634 1922 3688 immunditia

348 3721 605 3787 sordeat,
661 3723 785 3791 quia
833 3725 1067 3792 quandiu
1120 3725 1242 3796 quis
1305 3724 1360 3780 in
1430 3741 1492 3778 ea
1544 3727 1919 3793 permanserit,

349 3811 561 3872 etiamsi
591 3827 690 3881 pro
732 3812 931 3868 Christi
964 3815 1179 3869 nomine
1207 3817 1520 3887 sanguinem
1554 3817 1761 3881 fundat,
1794 3817 1926 3871 nihil

347 3905 398 3959 ei
425 3905 682 3974 proderit.
718 3905 831 3960 lieu
855 3906 868 3958 !
894 3921 1055 3975 quam
1103 3909 1390 3976 pessimum
1423 3918 1475 3962 et
1502 3908 1701 3978 grande
1738 3923 1926 3977 pecca-

350 4003 486 4058 tum,
517 3995 659 4064 quod
690 4010 790 4051 nec
831 3995 883 4049 in
916 3998 1167 4066 praesenti
1195 3998 1356 4052 etiam
1387 4014 1483 4067 pro
1513 4007 1703 4062 morte,
1741 4015 1838 4052 nec
1871 3998 1923 4051 in

349 4084 528 4140 futuro
558 4101 656 4154 pro
687 4086 854 4141 multo
886 4097 1121 4158 tempore
1167 4103 1302 4157 pene
1349 4090 1545 4159 poterit
1594 4089 1743 4143 Solvi.
1783 4089 1924 4160 Ergo

351 4186 458 4229 tam
502 4177 792 4246 pessimum
825 4177 977 4232 nefas
1004 4177 1113 4232 cito
1139 4178 1429 4244 dimittere,
1470 4188 1524 4231 et
1566 4177 1925 4232 anathemati-

349 4281 474 4319 zare
498 4266 753 4321 debemus
771 4277 826 4321 et
847 4267 1153 4336 pcenitendo
1179 4269 1374 4331 delere,
1401 4277 1453 4322 ut
1479 4284 1600 4324 cum
1631 4267 1846 4323 Christo
1871 4268 1923 4321 in

350 4357 600 4424 prtesenti
646 4365 702 4412 et
749 4358 800 4411 in
831 4358 1010 4412 futura
1060 4362 1141 4413 via
1193 4361 1462 4430 possimus
1502 4375 1740 4415 tnaucre.
1789 4360 1925 4426 Quia

350 4447 586 4515 quandiu
615 4449 736 4518 quis
765 4449 819 4503 iu
849 4451 1027 4521 aliqua
1059 4450 1247 4506 haeresi
1277 4453 1555 4518 manserit,
1583 4451 1784 4506 nullum
1809 4450 1926 4519 ejus

348 4537 548 4594 bonum
578 4557 711 4610 opus
738 4541 847 4597 Deo
873 4543 1122 4612 placebit.
1160 4545 1464 4600 Simoniaea
1493 4545 1658 4614 igitur
1685 4545 1920 4607 han-esis,

348 4646 470 4702 qua:
492 4635 664 4704 prima
695 4644 748 4688 et
776 4636 1008 4705 pessima
1037 4645 1162 4690 ante
1190 4652 1377 4691 omnes
1405 4637 1539 4691 alias
1569 4637 1922 4706 haerescsjam

350 4723 442 4777 diu
472 4734 597 4781 ante
630 4741 729 4780 nos
759 4743 927 4796 usque
955 4728 1021 4782 ad
1053 4737 1236 4783 nostra
1282 4738 1520 4799 tempora
1549 4729 1732 4799 viguit,
1764 4745 1924 4798 quant

353 4813 494 4869 Deus
523 4827 706 4872 nostro
738 4825 977 4886 tempore
1008 4835 1104 4874 sua
1135 4819 1482 4874 miseratione
1509 4820 1802 4889 detegendo
1837 4821 1928 4874 dc-

348 4907 566 4971 struxit,
593 4909 739 4961 otnni
771 4909 1126 4965 sollicitudine
1153 4927 1183 4966 a
1210 4911 1361 4966 vobis
1387 4910 1689 4981 abjiciatur.
1718 4911 1924 4966 Etcum

351 4997 442 5050 illa
473 4997 695 5054 heresis
721 5009 846 5055 ante
873 5017 1062 5057 omnes
1089 5002 1320 5057 haereses
1348 5004 1400 5057 in
1428 5003 1542 5074 ipso
1572 5003 1724 5058 initio
1745 5003 1927 5059 Eccle-

349 5089 446 5144 sia:
477 5101 506 5140 a
534 5091 779 5160 principe
807 5091 1167 5160 apostolorum
1188 5107 1440 5162 percussa
1469 5093 1736 5163 palluerit,
1765 5095 1926 5148 mira-

349 5193 475 5226 ntnr
497 5220 510 5226 -
565 5182 834 5226 ntlmnmln
863 5199 890 5226 τι
921 5183 1238 5226 nnilmealnm
1259 5223 1268 5225 -
1317 5185 1565 5226 naecimie
1600 5185 1927 5226 imlnmnnlie

2021 569 2135 614 tem
2157 559 2425 630 dilexerit,
2457 563 2798 620 Christianus
2840 573 2960 620 esse
2986 580 3090 620 non
3124 567 3314 636 potuit.
3343 565 3593 626 Christus

2020 651 2183 722 igitur
2228 651 2591 710 Simoniacant
2639 656 2886 711 haeresim
2913 659 3044 714 odit.
3090 658 3208 728 Ipse
3241 660 3383 714 enim
3411 659 3589 716 dixit:

2018 743 2118 810 Qui
2148 745 2200 799 in
2232 744 2495 815 Spiritum
2539 757 2783 803 sanctum
2813 749 3156 818 peccaverit,
3204 765 3376 821 neque
3406 751 3460 806 in
3488 751 3595 809 hoc

2018 835 2233 904 saaculo,
2274 852 2447 907 neque
2473 838 2524 891 in
2558 835 2736 896 futuro
2765 840 3062 895 dimittetur
3097 841 3170 896 ei.

2089 965 2177 1018 77.
2238 965 2422 1035 itaque
2466 967 2590 1022 dum
2642 976 2852 1037 tempus
2899 971 3180 1024 ordinandi
3231 971 3456 1028 clericos
3523 970 3596 1030 ad

2019 1054 2257 1110 divinum
2287 1055 2491 1111 cultum
2521 1058 2828 1122 advenerit,
2880 1075 2986 1114 non
3028 1060 3256 1131 alicujus
3291 1063 3450 1132 pretii
3492 1062 3596 1120 da-

2021 1147 2168 1202 tione
2214 1147 2392 1218 palam
2440 1146 2521 1202 vel
2569 1147 2783 1210 occulte,
2826 1148 3022 1216 aliquis
3055 1150 3121 1205 ad
3167 1152 3597 1208 ecclesiasticum

2018 1247 2404 1310 promoventur
2447 1237 2679 1294 cilicium
2708 1278 2724 1305 ,
2777 1255 2882 1294 non
2945 1242 3137 1310 aliquis
3181 1243 3463 1313 indignus,
3510 1242 3596 1297 vel

2019 1331 2239 1402 ignarus
2267 1330 2448 1395 oflicii,
2486 1347 2593 1386 non
2639 1331 2866 1400 alicujus
2913 1345 3095 1387 reatus
3130 1333 3212 1388 vel
3261 1334 3478 1389 infamia
3515 1343 3600 1390 ta-

2017 1433 2156 1487 ctus,
2190 1424 2402 1478 nonnisi
2435 1424 2603 1494 virgo,
2635 1433 2728 1478 aut
2765 1438 3136 1494 monOgamus,
3171 1435 3226 1479 et
3252 1425 3341 1481 hic
3369 1426 3460 1496 qui
3486 1425 3602 1482 vir-

2019 1516 2199 1585 ginem
2229 1515 2522 1572 secundum
2571 1530 2754 1570 sacros
2803 1531 3039 1571 canones
3070 1516 3316 1583 duxerit;
3366 1534 3471 1572 non
3500 1533 3600 1574 sn-

2018 1605 2238 1678 perbus,
2289 1620 2394 1660 nun
2439 1605 2614 1660 elatus
2641 1647 2655 1670 ,
2701 1623 2806 1662 non
2840 1607 3068 1677 alicujus
3097 1609 3316 1664 honoris
3350 1610 3600 1680 cupidus,

2018 1698 2113 1753 sed
2142 1697 2360 1753 humilis
2389 1705 2443 1753 et
2473 1707 2788 1754 mansuetus
2815 1709 2870 1754 ct
2901 1701 3096 1756 timens
3143 1701 3330 1756 Deum.
3379 1702 3426 1756 Α
3455 1701 3602 1759 nullo

1944 1806 1990 1865 Β
2017 1790 2218 1846 clerico
2241 1791 2442 1863 aliquid
2467 1793 2732 1848 commodi
2761 1809 2857 1864 pro
2887 1810 3044 1851 sacro
3067 1795 3240 1850 oﬂicio
3269 1794 3599 1864 requiratur,

2023 1896 2196 1951 neque
2225 1882 2292 1934 ah
2319 1883 2829 1954 archipresbyteris,
2875 1901 3050 1954 neque
3080 1887 3147 1940 ab
3177 1884 3596 1948 archidiaconis,

2017 1988 2193 2044 neque
2229 1975 2296 2028 ab
2344 1973 2556 2027 illorum
2601 1972 2881 2040 subjectis.
2936 1975 3070 2029 Dum
3118 1984 3296 2031 autem
3332 1974 3602 2046 parmcias

2018 2081 2114 2135 per
2145 2066 2402 2122 ecclesias
2444 2063 2815 2134 baptismales,
2855 2081 2991 2135 quas
3027 2065 3207 2134 plebes
3237 2065 3350 2137 (94)
3389 2064 3600 2129 dicunt,

2017 2157 2297 2226 episcopus
2329 2156 2548 2220 circuit,
2595 2163 2649 2210 et
2686 2172 2753 2211 nc
2783 2155 2924 2212 forte
2952 2157 3153 2225 aliquid
3191 2156 3337 2220 mali,
3367 2164 3459 2208 aut
3488 2153 3601 2208 cri-

2019 2248 2200 2313 minis,
2226 2257 2319 2302 aut
2349 2249 2753 2305 inimicitiarum
2780 2265 2974 2305 causas
3001 2248 3260 2310 inveniat,
3293 2245 3600 2314 investiget,

2018 2340 2095 2395 nil
2123 2350 2382 2411 quaestus,
2429 2342 2500 2397 nil
2538 2343 2776 2413 pecunia:
2802 2341 2995 2397 exinde
3031 2339 3308 2408 requirat,
3359 2352 3459 2391 nec
3503 2349 3605 2391 eos

2017 2431 2108 2500 qui
2141 2432 2211 2486 ibi
2241 2432 2458 2497 fuerint,
2490 2450 2586 2502 pro
2615 2449 2713 2488 suo
2745 2447 3070 2502 suorumque
3098 2431 3218 2485 cibo
3251 2427 3471 2498 afﬂigat,
3503 2426 3601 2482 sed

2019 2522 2172 2592 quasi
2217 2531 2371 2592 pater
2413 2523 2537 2579 liliis
2579 2524 2919 2583 misereatur.
2962 2531 3018 2577 et
3055 2518 3355 2575 emendatis
3403 2516 3598 2587 culpis,

2017 2629 2205 2669 omnes
2237 2615 2290 2668 in
2318 2629 2447 2684 pace
2479 2615 2766 2684 relinquat,
2791 2623 2850 2670 ut
2879 2628 3067 2668 omnes
3095 2627 3192 2682 pro
3218 2625 3316 2664 suo
3343 2609 3601 2679 episcopo

2017 2717 2072 2761 et
2099 2707 2378 2762 sacerdote
2405 2707 2688 2764 Dominum
2716 2707 3052 2769 benedicant,
3077 2713 3130 2758 et
3159 2719 3256 2773 pro
3284 2701 3400 2771 ejus
3425 2700 3604 2756 salute

2018 2807 2131 2854 tam
2174 2801 2419 2870 corporis
2457 2814 2619 2870 quam
2658 2799 2885 2865 animm,
2915 2797 3009 2853 Dei
3045 2793 3470 2852 nnscricordiam
3505 2805 3605 2863 pe-
3686 2864 3696 2875 .

2020 2902 2154 2948 tant.

2089 3003 2179 3058 78.
2212 3003 2417 3058 Taliter
2444 3003 2590 3058 enim
2625 3003 2879 3073 episcopo
2923 3001 3178 3067 faciente,
3205 2999 3440 3072 populus
3471 3011 3600 3054 cum

1971 3145 1990 3165 π
2023 3093 2168 3148 clero
2205 3095 2345 3164 apud
2391 3095 2558 3150 Demn
2590 3093 2912 3158 salvabitur,
2943 3101 2998 3147 et
3043 3093 3184 3148 idem
3233 3092 3522 3162 episcopus
3559 3103 3594 3141 a

2027 3184 2138 3239 Deo
2174 3183 2628 3239 remunerabitnr.
2670 3184 2726 3238 Si
2774 3193 2955 3237 autem
3007 3188 3194 3236 contra
3239 3181 3354 3235 haec
3388 3177 3608 3242 fecerit,

2025 3275 2108 3328 vel
2132 3275 2416 3342 pecuniam
2440 3273 2768 3343 rcquisierit,
2792 3274 3134 3327 Simoniacus
3160 3271 3447 3326 haereticus
3459 3269 3608 3338 judi-

2023 3363 2237 3417 caliitur
2265 3375 2428 3433 atque
2457 3363 2824 3417 damnabitur.
2849 3363 3018 3433 Igitur
3059 3369 3185 3415 ante
3221 3361 3403 3415 omnia
3431 3357 3608 3414 Simo-

2025 3451 2234 3505 niacam
2279 3453 2528 3506 hairesim
2578 3452 2951 3520 persequendo
2993 3450 3235 3516 abjicite,
3292 3449 3608 3504 sacerdotes

2024 3558 2146 3597 cum
2177 3543 2324 3596 omni
2345 3543 2494 3598 clero
2517 3551 2720 3596 sanctae
2750 3541 2946 3611 regula:
2967 3540 3351 3596 ecclesiasticae
3375 3540 3605 3593 vivendo

2025 3622 2298 3700 subjicite,
2355 3630 2610 3700 pupulum
2675 3639 2782 3684 tam
2842 3629 3097 3699 majores,
3150 3643 3311 3697 quam
3365 3628 3605 3681 minores

2025 3725 2232 3779 sanctis
2265 3723 2608 3778 suasmnibus
2637 3723 2703 3776 ad
2737 3722 2875 3777 bene
2905 3721 3172 3791 agendum
3204 3718 3437 3773 sollicite
3467 3717 3608 3771 iuvi-

2028 3826 2158 3880 tatc,
2183 3823 2493 3884 peceatores
2522 3822 2580 3868 ut
2609 3813 2931 3882 resipiscant
2964 3821 3018 3867 et
3055 3811 3378 3882 pmuiteant.
3409 3807 3611 3878 praedi-

2026 3915 2179 3972 catc;
2225 3905 2317 3976 qui
2361 3905 2627 3974 paenitere
2671 3903 2943 3958 noluerint
2987 3901 3481 3964 excommunicate;
3509 3897 3611 3969 qui

2027 3999 2092 4053 ad
2119 3991 2494 4068 paenitentiam
2533 4005 2731 4051 reverti
2775 3997 3043 4052 voluerint
3094 3995 3265 4051 sacris
3305 3992 3607 4048 canouibtts

2026 4091 2328 4161 subjugate,
2357 4089 2499 4142 viam
2528 4088 2718 4143 salutis
2751 4088 3004 4143 omnibus
3034 4087 3428 4149 demonstrate,
3455 4083 3604 4138 circa

2026 4196 2213 4236 omnes
2242 4177 2628 4250 benignitatem
2660 4179 2961 4244 ostendite;
2991 4188 3046 4232 et
3073 4177 3215 4232 Deus
3238 4175 3403 4244 judex
3425 4175 3614 4244 justus.

2026 4271 2206 4326 omnia
2243 4270 2539 4326 secundum
2573 4269 2837 4337 justitiam
2885 4277 3122 4323 vestram
3152 4269 3306 4322 vobis
3334 4266 3608 4322 restituet.

2029 4364 2084 4420 Si
2108 4366 2251 4418 enim
2277 4365 2482 4428 omnia,
2505 4380 2623 4432 qum
2653 4379 2814 4433 supra
2846 4363 2989 4418 dicta
3017 4370 3166 4426 sunt,
3208 4363 3260 4415 in
3287 4369 3470 4415 vestro
3495 4361 3610 4428 epi-

2028 4462 2248 4524 se0patu
2280 4454 2597 4509 studueritis
2619 4454 2918 4518 observari,
2950 4453 3076 4507 dum
3119 4461 3327 4520 tempus
3359 4450 3521 4505 fuerit
3549 4459 3606 4505 et

2028 4546 2277 4611 facultas,
2307 4546 2373 4600 ad
2406 4562 2502 4600 vos
2529 4546 2809 4601 veniemus
2843 4545 2888 4599 si
2919 4543 3236 4615 expedierit,
3267 4553 3322 4598 et
3345 4541 3607 4612 quidquid

2026 4636 2177 4691 vobis
2203 4639 2566 4692 necessarium
2588 4646 2643 4692 et
2665 4637 2821 4692 nobis
2847 4636 3053 4692 licitum
3080 4643 3133 4690 et
3161 4633 3411 4706 possibile
3440 4633 3624 4692 fuerit.

2027 4727 2304 4784 faciemus.
2341 4728 2544 4785 Valete.

2098 4840 2184 4894 79.
2224 4839 2353 4895 Post
2393 4841 2508 4895 haec
2535 4855 2657 4894 cum
2687 4839 2843 4910 longe
2870 4835 3085 4909 lateque
3128 4839 3263 4894 odor
3288 4847 3451 4893 tanta:
3475 4851 3608 4893 san-

2028 4932 2232 4989 ctitatis
2260 4931 2659 5003 perflagrasset,
2703 4940 2988 5002 coeperunt
3037 4929 3102 4984 de
3148 4927 3378 4984 diversis
3421 4925 3611 4991 terris,

2027 5031 2082 5078 et
2108 5023 2289 5092 regnis
2318 5021 2384 5076 ad
2415 5036 2538 5076 eum
2566 5021 2815 5077 certatim
2845 5034 3071 5077 currere
3099 5017 3368 5079 monachi.
3418 5025 3476 5073 et
3499 5011 3618 5071 cle-

2030 5113 2152 5177 rici,
2203 5122 2257 5168 et
2297 5113 2480 5168 fideles
2517 5112 2661 5166 laici.
2716 5111 2996 5182 Praecipue
3060 5108 3504 5171 Mediolanenses,
3561 5110 3618 5155 et

2029 5205 2420 5226 ﬂ---_.-_-_--_
2499 5211 2654 5224 -l_---
2691 5200 2934 5224 ’διέλθῃ-..9
2981 5205 2993 5216 ⁸
3073 5197 3316 5222 “.Α““Α.ὶῖ
3350 5209 3481 5222 ..Λ-Λ
3517 5204 3618 5222 QII“
