4110 5362
533 313 638 375 79b

1521 308 1581 379 ς.
1618 323 1900 383 JOANNIS
1936 280 2329 387 amussim
2366 332 2659 419 seems

3634 346 3781 402 r796

530 426 912 500 prehendenda
951 427 1052 484 sub
1098 442 1182 514 eo.
1209 410 1391 486 audita
1416 408 1417 411 η
1439 429 1694 490 laudabili
1752 438 2109 495 conversione
2136 455 2183 509 Α
2211 458 2310 499 nec
2350 416 2623 501 silentium
2647 414 3040 518 frangentibus,
3070 452 3309 527 ipsisque
3333 457 3567 526 nudatis,
3611 469 3667 517 et
3699 476 3783 519 se-

534 520 695 596 [forte
743 511 1214 594 conversatione];
1252 522 1344 579 alii
1383 540 1513 581 vero
1539 537 1655 581 uta
1698 536 1846 583 tanto
1877 529 2107 585 instrue-

533 622 724 668 reutur
744 603 903 666 Patre
937 612 1170 682 qualiter
1198 613 1557 671 Simoniacam
1584 618 1828 673 haeresim
1851 619 2110 679 deberent

532 704 728 759 vitare.
760 703 1059 759 Audierant
1084 706 1230 760 enim
1257 704 1518 763 Joannem
1548 708 1767 764 Patrem
1813 712 1953 767 hanc
1984 727 2107 767 cum

533 793 645 849 suis
666 793 925 851 fratribus
951 796 1163 866 publice
1186 797 1461 863 damnare,
1493 806 1547 854 et
1571 807 1763 854 contra
1790 800 1929 856 hanc
1948 816 2105 856 exar-

535 886 759 945 descere
800 886 1001 965 multos
1038 888 1314 946 mortales.

542 1044 547 1051 ,
602 977 692 1035 80.
716 977 848 1047 Quis
870 980 1051 1051 itaque
1073 981 1139 1036 ad
1158 996 1281 1037 eum
1307 996 1559 1052 umquam
1583 983 1805 1045 venerit,
1823 993 2109 1055 postquam

532 1070 729 1128 viderit
758 1071 907 1127 illum
960 1082 1015 1127 et
1056 1074 1310 1140 audierit,
1352 1090 1413 1143 se
1437 1075 1776 1146 dispendium
1801 1062 2107 1146 pertulisse,

534 1159 619 1215 vel
664 1159 903 1217 laborem
963 1161 1105 1233 longi
1152 1163 1365 1218 itineris
1416 1164 1713 1234 sumpsisse
1768 1164 2112 1236 paenituerit?

534 1236 681 1309 Nam.
721 1254 769 1310 si
813 1269 907 1309 cor
944 1254 1188 1320 dubium,
1212 1255 1295 1310 vel
1329 1255 1559 1312 fortasse
1585 1255 1844 1326 tepidum,
1874 1256 1958 1311 vel
1988 1271 2113 1310 eva-

536 1355 753 1406 cuatum
782 1346 1113 1417 marsupium
1143 1348 1338 1418 aliquis
1374 1348 1593 1407 veniens
1617 1347 1893 1412 detulerit,
1932 1346 2113 1403 alacer

512 1435 853 1506 repedabat,
876 1444 932 1491 et
957 1451 1052 1491 cor
1081 1436 1134 1490 in
1166 1437 1268 1491 fide
1294 1435 1672 1509 confirmatum
1713 1443 2019 1504 reportans.
2057 1444 2114 1491 et

538 1528 871 1601 marsupium
901 1527 1142 1601 profecto
1171 1543 1273 1583 non
1304 1543 1554 1583 vacuum.
1582 1528 1884 1598 Acceperat
1909 1528 2053 1583 enim
2079 1542 2112 1582 a

538 1616 662 1675 Jesu
690 1616 904 1695 Christo
947 1618 1090 1674 dono
1141 1628 1195 1675 et
1244 1618 1449 1673 vultum
1498 1620 1748 1677 omnibus
1785 1626 2020 1686 gratum,
2058 1626 2115 1673 et

539 1723 844 1765 sermonem
866 1711 1074 1766 cunctis
1100 1709 1387 1782 placidum,
1418 1719 1472 1765 et
1511 1711 1579 1766 ad
1618 1709 1947 1782 largiendum
1995 1724 2111 1764 am-

2209 533 2419 588 mivivis
2450 536 2673 601 relictis,
2702 538 2969 595 abierunt.
3174 568 3177 577 ~
3386 576 3391 579 τ
3716 584 3723 590 τ

2210 690 2213 693 _
2279 625 2367 678 84.
2400 623 2536 680 Nam
2579 626 2819 693 ejusdem
2864 634 3178 689 monasterii
3228 635 3512 702 Abbatem,
3557 640 3783 696 nomine

2209 711 2547 775 Dominicum
2595 717 2707 790 (97)
2738 756 2753 784 ,
2803 732 2962 805 atate
3020 733 3313 789 vetustum,
3371 729 3785 786 conversatione

2207 804 2630 871 sanctissimum,
2656 811 2804 864 omni
2827 812 3169 869 nudaverunt
3196 816 3415 871 amictu.
3445 817 3547 884 Qui
3572 827 3783 873 tantum

2208 892 2288 947 sic
2317 894 2491 966 nudus
2516 897 2683 967 coapit
2711 896 2945 956 sollicite
2970 917 3232 972 quaerere,
3279 906 3491 976 siquid
3536 908 3784 963 invenire

2208 995 2390 1056 posset
2435 990 2580 1059 quod
2613 1006 2673 1045 se
2723 991 2990 1061 indueret.
3018 994 3259 1051 Tandem
3294 999 3574 1067 pelliceum
3627 1000 3785 1055 indu-

2210 1087 2477 1144 mentum,
2500 1081 2644 1149 quod
2672 1081 2743 1136 ob
2772 1082 3034 1139 incuriam
3067 1087 3211 1141 inter
3239 1089 3471 1144 fratrum
3500 1090 3668 1146 lectos
3691 1103 3790 1146 ce-

2210 1165 2439 1233 ciderat,
2469 1169 2696 1235 invenit,
2721 1188 2887 1242 seque
2908 1173 3038 1228 illud
3062 1175 3350 1242 dissutum,
3369 1186 3422 1232 et
3445 1180 3783 1235 conscissam

2211 1271 2275 1310 ac
2301 1265 2564 1314 vetustate
2611 1260 2876 1331 dilapsum
2924 1263 3117 1319 induit.
3168 1264 3273 1320 Sed
3337 1267 3479 1321 unde
3534 1268 3791 1325 inimicus

2211 1347 2492 1416 acquirere
2537 1351 2740 1419 putavit
2782 1353 3065 1407 victoriam
3114 1363 3172 1409 ct
3209 1355 3609 1421 exaltationem.
3656 1357 3790 1414 inde

2212 1437 2416 1492 invenit
2442 1439 2824 1496 detrimentum
2845 1450 2900 1496 et
2934 1441 3300 1497 confusionem
3326 1460 3340 1497 :
3382 1460 3504 1498 nam
3533 1445 3683 1501 multi
3715 1446 3793 1502 de

2212 1523 2403 1595 populo
2424 1538 2477 1580 et
2503 1526 2669 1604 clero,
2698 1529 2789 1597 qui
2823 1530 3082 1584 hactenus
3104 1529 3221 1599 ejus
3246 1532 3567 1587 videbantur
3602 1533 3785 1590 fauto-

2215 1630 2340 1680 res,
2388 1617 2553 1688 ipsius
2598 1619 2870 1675 iutuentes
2920 1622 3253 1692 impietatem
3280 1661 3294 1687 ,
3335 1624 3462 1679 facti
3507 1634 3634 1679 sunt
3682 1624 3787 1695 ipsi

2186 1776 2190 1781 ⁴
2214 1706 2464 1778 deinceps
2490 1711 2816 1768 omnimodis
2842 1712 3072 1769 adversi.

539 1800 839 1871 piissimam
891 1818 1129 1878 manum.
1161 1802 1280 1858 Jam
1311 1817 1472 1857 causa
1527 1803 1734 1873 expetit
1769 1811 1826 1856 ut
1858 1801 2110 1867 referam,
2142 1795 2186 1853 Β
2232 1868 2235 1869 ν
2281 1798 2371 1854 85.
2404 1799 2585 1855 Altera
2603 1817 2816 1873 quoque
2834 1802 2920 1858 die
2940 1814 3046 1859 tam
3069 1806 3508 1876 homines,quam
3532 1805 3790 1863 mulieres

543 1905 703 1961 quam
734 1888 971 1969 Joannes
1012 1889 1175 1945 Pater
1219 1907 1341 1945 cum
1390 1892 1502 1946 suis
1528 1900 1717 1946 contra
1750 1890 2117 1951 Simoniacum

543 1991 660 2039 toto
688 1980 868 2040 coram
900 1985 1099 2041 mundo
1126 1987 1415 2056 sumpserit
1443 2001 1698 2057 pugnam.

611 2074 703 2131 81.
726 2074 830 2154 Per
855 2075 997 2130 idem
1026 2084 1237 2147 tempus
1263 2077 1482 2146 quidam
1505 2077 1785 2149 Papieusis
1805 2077 2120 2150 (95)Petrus

544 2163 726 2223 sedem
747 2166 1071 2223 Florentium
1097 2167 1339 2223 ecclesiae
1360 2169 1628 2225 invaserat
1653 2170 1790 2226 clam
1817 2171 2120 2226 interventu

542 2259 803 2330 pecuniae.
835 2261 977 2330 quod
1004 2259 1264 2316 Joannem
1290 2261 1507 2319 Patrem
1543 2261 1766 2333 ejusque
1796 2264 1991 2321 fratres
2016 2265 2121 2320 mi-

547 2348 691 2404 nime
709 2348 885 2404 latuit.
917 2349 1205 2421 Elegertmt
1229 2351 1408 2421 itaque
1430 2352 1594 2407 vitam
1627 2354 1909 2409 mortalem
1943 2354 2123 2423 potius

548 2435 776 2505 perdere
801 2452 961 2507 quam
1004 2438 1291 2494 veritatem
1316 2439 1514 2495 celare.
1539 2439 1769 2511 Ideoque
1798 2436 2120 2511 Papicnseiu

547 2523 770 2583 Petrum
826 2542 947 2584 esse
1004 2528 1215 2598 publice
1275 2528 1643 2585 Simoniacum
1699 2540 1755 2584 et
1809 2531 2121 2586 haereticum

548 2628 831 2688 coeperunt
856 2619 1055 2676 dicere.
1086 2620 1249 2675 Facta
1281 2630 1367 2675 est
1393 2622 1625 2692 denique
1670 2622 1811 2677 inter
1840 2621 2042 2677 clerum
2069 2630 2125 2676 et

550 2707 809 2778 populum
837 2708 1110 2763 contentio
1136 2708 1544 2781 pervalida.A_lii
1572 2711 1785 2778 quidem
1810 2710 2124 2780 temporalia

553 2794 830 2850 intuentes
869 2797 1172 2862 commoda,
1227 2797 1398 2867 ipsum
1438 2796 1816 2853 defendebant.
1865 2798 1968 2851 Alii
2000 2814 2121 2853 cum

552 2887 835 2955 monachis
865 2887 975 2956 jam
1021 2887 1235 2945 illorum
1284 2887 1491 2943 creduli
1544 2890 1725 2945 verbis
1774 2890 2143 2949 vehementer:

550 2975 958 3049 impugnabant.

622 3067 711 3122 82.
771 3066 903 3122 Cum
956 3068 1123 3138 igitur
1168 3072 1446 3128 contentio
1490 3073 1604 3129 hare
1642 3074 1786 3131 inter
1825 3076 2027 3132 clerum
2070 3087 2127 3133 et

2214 1886 2502 1949 Florentiae
2524 1892 2588 1945 ad
2615 1894 2979 1962 supradictum
3007 1892 3388 1953 monaSterittm
3410 1906 3804 1967 perrexerunt,

2216 1987 2272 2034 et
2294 1994 2649 2051 quaecumque
2674 1992 2943 2052 poterant,
2982 1987 3393 2042 necessitatibus
3422 1987 3649 2042 fratrum
3674 2003 3789 2044 .ne-

2217 2072 2449 2125 cessat-ia
2479 2071 2707 2127 fideliter
2729 2075 3053 2131 detulerunt.
3082 2076 3312 2132 Felicem
3338 2093 3398 2143 se
3422 2078 3646 2147 quisque
3670 2093 3796 2133 cre-

2219 2159 2380 2216 debat
2416 2163 2460 2217 si
2505 2163 2736 2231 aliquem
2785 2168 3170 2222 monachorum
3207 2168 3412 2231 videre,
3441 2159 3674 2231 valebat,
3704 2167 3792 2223 vel

2219 2266 2284 2307 ex
2322 2266 2506 2307 eorum
2555 2268 2712 2308 sacro
2754 2257 3034 2325 sanguine,
3077 2273 3142 2312 ex
3192 2266 3358 2322 terra,
3405 2256 3690 2327 lapidibus.
3734 2265 3795 2312 et

2220 2341 2397 2412 lignis.
2421 2342 2534 2397 suis
2558 2345 2751 2413 pannis
2786 2356 3005 2413 possent
3030 2356 3334 2419 extergere,
3372 2346 3609 2403 volentes
3640 2345 3792 2402 illum

2221 2446 2320 2501 pro
2357 2435 2562 2504 magnis
2592 2434 2833 2505 reliquiis
2858 2438 3077 2493 habere.

2292 2520 2378 2575 86.
2410 2523 2605 2578 Beatus
2631 2534 2811 2580 autem
2844 2524 3099 2593 Joannes,
3126 2526 3475 2585 Valiiubrosa!
3505 2536 3630 2584 tunc
3648 2543 3795 2599 p051?

2226 2622 2327 2676 tus.
2363 2613 2466 2667 hoc
2506 2614 2646 2681 quod
2685 2616 2956 2679 acciderat
2984 2618 3228 2682 audiens,
3267 2619 3512 2691 martyrii
3558 2618 3794 2691 flagrans

2227 2718 2429 2769 amore,
2454 2704 2518 2758 ad
2550 2704 2809 2761 Sanctum
2857 2706 3095 2763 Salvium
3137 2707 3388 2765 festinato
3418 2710 3663 2773 veniens,
3694 2710 3796 2763 ab.

2225 2793 2402 2848 balcm
2435 2805 2763 2865 cmterosque
2806 2796 3099 2868 ﬂagellatos
3143 2798 3359 2865 fratres,
3393 2815 3582 2865 caesos,
3621 2799 3796 2854 nuda-

2227 2891 2414 2955 tosque
2460 2886 2831 2953 considerans,
2859 2888 3191 2945 dixit:Nunc
3217 2904 3343 2947 vere
3363 2892 3608 2946 monachi
3630 2890 3793 2946 estis:

2226 2974 2319 3027 sed
2347 2988 2442 3027 cur
2467 2974 2583 3029 sine
2610 2991 2693 3031 me
2722 2977 2835 3031 haec
2863 2979 3103 3046 perlerre
3144 2979 3419 3035 voluistis?
3451 2979 3616 3035 Valde
3640 2978 3796 3034 enim

2227 3063 2398 3119 doluit
2441 3067 2583 3136 quod
2630 3065 2870 3135 prmfatae
2917 3069 3275 3138 persecutioui
3325 3069 3515 3134 defuit,
3579 3071 3633 3124 iu
3684 3084 3798 3139 qua

553 3154 697 3210 inter
752 3156 1005 3227 populum
1050 3174 1146 3229 per
1194 3160 1308 3216 dies
1361 3161 1654 3217 haberetur
1704 3165 1923 3228 multos,
1961 3175 2017 3221 ει
2040 3182 2124 3221 se.
2151 3146 2195 3208 C
2229 3162 2405 3209 tamen
2456 3156 2568 3226 ipse
2598 3157 2840 3228 martyrii
2871 3159 3106 3214 obtinuit
3148 3158 3410 3221 bravium,
3447 3159 3537 3230 qui
3568 3159 3633 3214 ad
3665 3160 3801 3215 tole-

554 3246 687 3302 ditio
753 3249 877 3304 inde
931 3248 1245 3321 frequenter
1295 3253 1551 3321 oriretur,
1584 3256 1905 3331 ’_a'.stimavit
1953 3257 2124 3313 luere-

553 3336 693 3392 ticus
718 3336 909 3395 Petrus
933 3341 1186 3411 populum
1235 3350 1441 3398 terrere
1481 3354 1536 3400 et
1567 3346 1791 3410 clerum,
1839 3347 1884 3401 si
1918 3347 2125 3403 faceret

553 3416 750 3485 necare
778 3431 1092 3494 monachos,
1129 3449 1158 3487 a
1189 3434 1382 3504 quibus
1405 3435 1567 3491 verba
1591 3436 1694 3492 sibi
1719 3438 1943 3493 adversa
1973 3454 2123 3492 smn--

553 3534 711 3594 psere
733 3523 1022 3591 principia.
1045 3524 1160 3592 Qua
1190 3525 1257 3579 de
1303 3541 1362 3582 re
1392 3528 1552 3582 missa
1608 3527 1948 3584 multitudine
1975 3528 2127 3598 equi-

553 3619 666 3666 tum
716 3622 771 3668 et
822 3615 1062 3684 peditum
1111 3624 1376 3671 nocturno
1423 3626 1694 3687 tempore,
1749 3617 1910 3686 jussit
1954 3621 2127 3676 sancti

555 3698 723 3757 Salvii
757 3705 1061 3761 ctenobimn
1094 3707 1214 3776 igne
1253 3705 1522 3773 comburi,
1573 3717 1629 3763 et
1673 3711 1968 3765 monachos
1992 3726 2129 3781 quos

555 3792 883 3864 reperissent
933 3798 1183 3854 interfici.
1210 3799 1468 3855 Joannem
1496 3816 1624 3856 vero
1652 3801 1866 3858 Patrem
1895 3804 1965 3860 ibi
2000 3812 2128 3879 tunc

554 3887 883 3944 existimavit
939 3890 1189 3950 inveniri.
1254 3891 1633 3963 lpsequidem
1674 3893 1762 3950 die
1825 3893 1999 3950 altero
2044 3910 2129 3950 re-

556 3987 814 4036 cesserat.

628 4066 716 4122 83.
745 4068 971 4139 lugressi
1024 4071 1188 4140 igitur
1235 4075 1518 4138 ecclesiam
1546 4118 1561 4144 ,
1617 4092 1739 4134 cum
1805 4084 2127 4130 nocturnum

558 4154 755 4214 fratres
787 4160 1157 4219 celebrarent
1196 4164 1458 4235 cilicium
1486 4207 1502 4234 ,
1557 4165 1862 4237 evaginatis
1911 4162 2130 4218 ensibus

559 4246 839 4319 coeperunt
861 4251 1061 4308 Christi
1090 4254 1328 4310 mactare
1368 4272 1519 4322 oves,
1561 4265 1619 4310 ut
1648 4255 1885 4310 immites
1909 4252 2129 4308 carnifi-

558 4352 668 4392 ces.
702 4338 804 4394 Alii
850 4332 1115 4411 siquidem
1165 4345 1217 4405 in
1268 4345 1444 4400 fronte
1476 4355 1584 4400 tam
1633 4359 1797 4414 grave
1830 4342 2134 4417 iunxerunt

562 4427 775 4505 vulnus,
800 4434 1178 4497 utperveniret
1196 4435 1340 4490 acies
1363 4434 1487 4491 ferri
1516 4451 1683 4506 usque
1712 4432 1778 4488 ad
1805 4432 2129 4487 testudinem

484 4522 493 4529 '
564 4517 772 4573 cerebri
791 4518 924 4588 (96).
945 4520 1188 4576 Alterum
1216 4538 1344 4582 vero
1359 4525 1641 4595 tamimpie
1667 4524 2010 4594 graviterque
2031 4521 2131 4575 sub

564 4607 737 4664 oculis
784 4622 1185 4679 percusserunt,
1229 4625 1288 4669 ut
1336 4631 1498 4670 nasus
1522 4626 1575 4668 et
1605 4616 1792 4671 dentes
1827 4615 2133 4684 superiores

563 4716 686 4754 cum
725 4703 1125 4772 supernolabio
1176 4720 1206 4759 a
1254 4720 1349 4761 sua
1395 4706 1769 4762 dividerentur
1795 4705 2131 4776 compagine,

565 4797 620 4843 et
648 4799 839 4845 cuncta
886 4788 1250 4862 dependerent
1294 4809 1458 4865 super
1502 4795 1747 4850 barbam.
1779 4795 1881 4849 Alii
1915 4796 2130 4865 quidem

568 4879 850 4949 iungentes
900 4884 1071 4937 aciem
1105 4885 1267 4956 gladii
1305 4885 1607 4957 vulnusque
1635 4888 1702 4940 ad
1734 4888 1987 4942 interiora
2015 4902 2136 4957 per-

566 4970 854 5026 duxerunt.
912 4971 1288 5042 Huiuscemodi
1342 4974 1504 5044 igitur
1549 4975 1720 5046 plagis
1759 4975 1941 5031 multis
1971 4978 2023 5030 in
2054 4978 2134 5031 di-

564 5060 736 5115 versis
784 5061 1043 5130 perlatis.
1093 5071 1408 5116 everterunt
1458 5064 1672 5127 altaria,
1730 5075 1788 5120 et
1840 5066 2134 5135 depraedati

566 5156 714 5214 sunt,
753 5150 1237 5220 quaeinvcnerunt
1282 5150 1485 5215 omnia,
1532 5161 1585 5205 et
1634 5153 1755 5223 igne
1791 5154 1843 5207 in
1884 5155 2135 5209 dentibus

565 5238 830 5315 apposito,
858 5239 1133 5293 monachis
1163 5246 1287 5292 tunc
1317 5238 1370 5292 in
1401 5239 1627 5294 ecclesia
1656 5248 1862 5310 septem
1887 5241 2134 5297 Psalmos

566 5339 688 5362 niam
715 5326 968 5362 [mlo-siin
997 5326 1406 5362 donanlqnlihnc
1464 5326 1515 5362 in
1544 5328 1689 5362 nulla
1720 5328 2106 5362 ralnnlnnlnula

2226 3245 2449 3300 randum
2481 3247 2797 3317 martyrium
2830 3262 2955 3302 suos
2978 3257 3083 3302 tam
3112 3256 3329 3304 strenue
3370 3249 3600 3305 instituit
3628 3249 3800 3304 discio

2224 3335 2395 3403 pulos.
2428 3336 2507 3390 Ad
2535 3338 2635 3392 hoc
2662 3338 2804 3392 enim
2836 3338 2996 3404 venit,
3025 3341 3166 3408 quod
3208 3355 3267 3395 se
3310 3341 3567 3397 credebat
3598 3340 3800 3407 teneri,

2225 3425 2506 3497 flagellari,
2547 3429 2876 3495 detruncari,
2922 3430 3062 3499 quod
3106 3431 3266 3485 etiam
3312 3446 3407 3500 pro
3450 3446 3633 3485 amore
3677 3432 3800 3498 Dei,

2225 3526 2279 3570 et
2329 3516 2639 3572 defensione
2690 3518 2967 3573 catholicae
3016 3518 3137 3572 fidei
3188 3519 3471 3590 cupiebat,
3520 3519 3565 3574 si
3610 3529 3805 3589 posset

2226 3610 2436 3670 millies.
2464 3610 2657 3664 occidi.
3108 3668 3113 3673 O
3377 3653 3383 3659 .
3824 3656 3827 3659 .

2296 3700 2382 3755 87.
2411 3698 2649 3753 Monachi
2676 3710 2801 3751 vero
2829 3705 2978 3752 tanto
3007 3696 3257 3752 fortiores
3287 3697 3482 3754 deinde
3506 3706 3636 3755 sunt
3662 3696 3797 3754 effe-

2226 3789 2318 3851 cti,
2348 3797 2550 3858 quanto
2579 3787 2881 3842 securiores
2905 3786 2972 3842 de
3000 3802 3219 3853 corona,
3259 3804 3420 3858 quam
3465 3789 3576 3859 jam
3607 3796 3799 3859 gustu-

2226 3887 2433 3945 verant,
2456 3879 2719 3948 martyrii.
2746 3877 2878 3931 Nam
2899 3888 3089 3934 euntes
3112 3879 3339 3941 Romam
3368 3890 3604 3949 tempore
3629 3893 3794 3951 syno-

2226 3969 2299 4035 di,
2344 3977 2655 4023 constanter
2704 3976 2756 4023 et
2802 3968 3013 4039 publice
3066 3968 3534 4039 proclamaveruut
3578 3970 3795 4025 Petrum

2229 4057 2593 4111 Simoniacum
2623 4064 2676 4110 et
2706 4057 3037 4123 lnercticnm,
3082 4074 3141 4113 se
3172 4060 3292 4130 igne
3337 4059 3673 4137 proferentes
3714 4060 3797 4114 in-

2228 4155 2465 4202 traturos
2493 4146 2559 4201 ad
2591 4146 2643 4201 id
2673 4149 3148 4216 comprobandum.
3172 4150 3480 4205 Alexander
3507 4165 3636 4206 vero
3658 4140 3796 4222 papa

2229 4238 2318 4308 qui
2371 4246 2497 4292 tunc
2561 4236 2686 4293 Sedi
2752 4238 3073 4308 Apostolicae
3120 4242 3619 4310 praesidebat,.nec
3670 4252 3799 4297 tunc

2230 4336 2541 4383 accusatum
2573 4328 2743 4384 voluit
2785 4330 3075 4399 deponere,
3106 4347 3205 4387 nec
3236 4331 3441 4403 igneam
3482 4333 3799 4393 declaratioe-

2233 4434 2355 4474 nem
2406 4435 2622 4475 sumere
2649 4438 2661 4474 :
2689 4421 2898 4476 favebat
2931 4423 3073 4477 enim
3104 4424 3334 4477 maxima
3368 4439 3494 4493 pars
3517 4425 3798 4495 episcopo-

2238 4527 2354 4565 rum
2380 4512 2517 4581 parti
2548 4511 2714 4576 Petri,
2744 4521 2797 4567 et
2821 4528 3008 4569 omnes
3038 4528 3174 4583 pene
3213 4522 3368 4568 erant
3402 4514 3681 4570 monachis
3704 4514 3800 4570 ad-

2235 4605 2399 4660 versi.
2443 4603 2547 4659 Sed
2568 4604 2989 4662 Arcltidiaconus
3010 4605 3354 4676 lldeprandus
3373 4605 3483 4677 (98)
3511 4605 3803 4661 monacho-

2238 4690 2358 4752 rum
2386 4696 2439 4750 in
2462 4697 2713 4751 omnibus
2742 4706 2823 4751 est
2848 4694 3022 4750 factus
3053 4694 3266 4765 adjutor
3293 4706 3349 4750 et
3392 4695 3662 4751 defensor.

2310 4790 2397 4844 88.
2423 4786 2539 4846 Lite
2571 4788 2751 4855 itaque
2778 4797 2906 4841 tunc
2930 4796 3301 4856 permanente,
3344 4788 3507 4841 immo
3551 4788 3802 4857 deinceps
3832 4814 3836 4821 ο

2240 4875 2403 4931 nimis
2427 4886 2725 4938 crescenteI
2769 4874 2906 4931 facta
2934 4884 3015 4930 est
3043 4878 3343 4944 persecutio
3375 4885 3520 4930 tanta
3543 4879 3801 4933 adversus

2243 4965 2446 5020 clerum
2478 4964 2845 5021 Florentinum
2877 4964 3221 5027 catholicum.
3256 4974 3312 5023 ut
3339 4979 3458 5020 eam
3500 4964 3646 5021 ferre
3690 4982 3800 5022 non

2241 5053 2482 5108 valentes
2521 5055 2969 5125 Archipresbyter
3015 5058 3301 5125 exterique
3337 5070 3497 5124 quam
3525 5066 3705 5125 plures
3736 5057 3803 5110 de
3856 5130 3861 5134 ἦ

2239 5143 2458 5198 civitate
2486 5153 2761 5207 exeuntes,
2788 5145 2854 5197 ad
2885 5143 3221 5214 Septimense
3243 5144 3590 5216 confugerent
3613 5160 3800 5211 etenu-

2239 5234 2407 5288 bium.
2433 5232 2577 5300 Quos
2602 5233 2835 5289 Joannes
2874 5234 3032 5289 Pater
3059 5236 3284 5306 benigne
3309 5237 3627 5306 suscipiens,
3657 5239 3803 5313 omni

2242 5324 2571 5362 ιιριιῖσηῖισιιο
2600 5334 2648 5362 nl
2676 5325 2943 5362 (illurn-ala
2967 5327 3234 5362 nvmlunlunl
3267 5326 3343 5362 Αἶα
3369 5342 3465 5362 ιιι-η
3486 5342 3643 5362 nncnn
3670 5326 3800 5362 ιιιΙι-
