4110 5362
301 291 398 345 797

301 405 496 460 sidium
543 421 557 458 :

303 497 594 553 Simoniari
623 497 789 560 Petri,
815 500 886 553 ita
925 508 982 552 ut
1015 501 1311 555 minaretur
1335 503 1646 557 interimere
1692 518 1877 556 mona-

303 588 433 641 chos
471 597 526 640 et
561 587 790 643 clericos
835 589 1011 642 eidem
1060 590 1422 652 adversarios.
1467 592 1581 658 Qua
1597 594 1686 671 ’de
1713 608 1876 647 causa

306 677 446 732 Petri
480 695 603 746 pars
650 688 774 732 ttmc
811 681 969 734 valde
1017 683 1300 750 pra‘valuit
1337 700 1494 752 :quze
1523 685 1666 737 cuitu
1699 684 1878 753 lingua

308 770 409 823 fari
450 781 624 838 potest
657 773 1060 838 persecutiones
1102 782 1156 826 et
1187 776 1461 844 angustias
1489 791 1624 842 quas
1681 785 1880 844 tempe-

311 871 451 915 state
483 861 568 914 illa
595 862 846 914 catholici
878 863 1114 931 perpessi
1146 866 1312 917 sunt?
1342 864 1471 917 Nam
1501 875 1742 934 tempore
1769 866 1879 930 illo,

311 969 434 1008 cum
465 952 723 1023 praefatus
745 969 881 1024 papa
917 953 1246 1009 Flor-entiam
1291 956 1458 1016 venit,
1501 967 1798 1026 pra‘parata
1827 966 1883 1013 et

313 1046 613 1099 coadunata
645 1054 766 1097 sum
808 1045 947 1113 ligna
975 1046 1040 1098 ad
1071 1045 1244 1115 ignem
1270 1048 1692 1112 accendendum,
1724 1065 1883 1120 quem

321 1135 571 1190 monachi
595 1136 870 1189 inniabant
896 1138 1099 1206 ingredi
1134 1139 1199 1192 ad
1239 1141 1717 1209 comprobamlum,
1745 1157 1884 1211 sarpe

311 1225 509 1279 factum
529 1223 618 1296 [an
632 1241 752 1288 non,
767 1241 906 1294 same
921 1226 1136 1298 fatuud]
1153 1227 1367 1282 Petrum
1385 1247 1504 1286 esse
1517 1230 1883 1287 Simoniacum

310 1317 866 1382 ethzeretieum.Quod
880 1333 1015 1387 papa
1031 1328 1154 1373 tunc
1170 1321 1410 1391 recipere
1426 1324 1622 1386 renuit,
1636 1324 1728 1377 sed
1739 1324 1885 1379 clero

309 1419 362 1463 et
377 1411 570 1479 pepulo
586 1410 636 1462 iu
653 1411 744 1464 lite
759 1411 962 1473 relicto,
982 1414 1221 1468 recessit.
1247 1415 1352 1468 Sed
1370 1414 1508 1470 hanc
1529 1419 1883 1485 omnipotenti

315 1499 421 1553 Deo
449 1500 680 1568 qualiter
702 1502 892 1556 sedare
919 1503 1203 1570 placuerit,
1230 1513 1438 1572 tempus
1453 1513 1509 1558 et
1538 1522 1722 1568 causa,
1751 1518 1809 1561 ut
1833 1509 1886 1563 id

313 1586 612 1650 intimatur,
637 1591 877 1658 inquirit.
909 1593 990 1644 Ad
1018 1594 1116 1647 hoc
1138 1609 1266 1663 ergo
1294 1600 1624 1651 uoscendmn
1651 1599 1738 1654 hic
1765 1599 1888 1654 Floo

312 1681 538 1734 remiuze
566 1681 805 1735 ecclesia:
831 1681 1082 1752 Epistola,
1111 1681 1260 1755 papae
1287 1688 1512 1757 praefato
1539 1690 1764 1754 directa,
1793 1707 1889 1762 per

312 1772 556 1825 ordinem
603 1782 854 1840 ponatur,
883 1784 936 1828 et
993 1784 1120 1830 tunc
1168 1779 1310 1847 quod
1354 1781 1697 1851 oumipoteus
1750 1783 1890 1837 Deus
1923 1769 1966 1827 Β

313 1862 600 1917 ostendere
652 1873 734 1918 est
783 1865 1036 1936 dignatus
1097 1869 1163 1922 ad
1218 1869 1375 1924 fidem
1433 1874 1891 1928 corroborandatn

313 1950 481 2012 Petri,
533 1961 590 2005 et
633 1953 701 2006 ad
746 1953 1126 2010 detestandum
1171 1973 1414 2013 errorem
1462 1958 1700 2018 Simonis
1731 1962 1890 2035 Magi,

315 2041 511 2113 legenti
539 2043 742 2112 liquido
767 2048 995 2118 patebit,
1027 2059 1078 2103 et
1102 2051 1362 2106 audienti.

906 2158 1134 2216 CAPUT
1176 2160 1301 2218 Vill.

318 2241 557 2320 Epistoln
594 2248 721 2302 cieri
766 2260 813 2303 et
861 2251 1038 2320 populi
1089 2251 1385 2309 Florentini
1431 2257 1500 2310 ad
1537 2259 1894 2316 Alexandrum

392 2315 699 2400 Ponti/ieeur
748 2315 937 2397 (λαως
969 2338 1073 2400 φατι
1122 2327 1426 2400 prodigiosa
1474 2329 1608 2397 ignis
1657 2315 1896 2400 probatio

392 2338 699 2384 rantt/tcem
748 2338 874 2372 aaut
900 2361 914 2384 ,
1008 2340 1073 2375 tta
1122 2338 1426 2394 prodigiosa

388 2399 572 2440 contra
599 2387 928 2444 Simoniacos
959 2338 1098 2459 [quem
1127 2397 1427 2465 exponitur.

388 2498 476 2554 89.
533 2500 839 2556 Alexandro
873 2501 1066 2558 Prima:
1105 2505 1260 2561 Sedis
1305 2508 1776 2566 ltevercndissimo
1832 2528 1896 2569 ac

322 2589 624 2645 Uuiversali
671 2592 964 2664 Episcopo,
1007 2597 1179 2655 clerus
1215 2608 1260 2652 et
1295 2602 1519 2670 populus
1558 2602 1898 2660 Florentiuus

319 2681 546 2738 sincene
590 2683 896 2740 deVotionis
923 2688 1260 2757 obsequium.
1286 2690 1405 2746 Jam
1449 2693 1536 2747 diu
1587 2695 1800 2749 laidium
1844 2704 1900 2751 et

321 2772 562 2829 laborem
614 2786 882 2842 nostrum,
921 2794 1130 2832 necnon
1178 2792 1454 2837 certamen
1504 2788 1895 2842 monachorum

320 2873 505 2918 contra
535 2863 898 2921 Simoniac‘am
922 2870 1193 2937 hieresim,
1218 2872 1524 2929 Paternitas
1550 2877 1737 2930 Vestra
1765 2879 1900 2934 bene

322 2956 490 3008 novit.
523 2955 586 3008 Et
642 2973 781 3012 nunc
812 2974 1024 3028 quoque
1061 2961 1276 3028 dignum
1313 2974 1396 3018 est
1431 2975 1488 3019 ut
1538 2967 1713 3035 qualis
1760 2969 1898 3023 Deus

321 3047 568 3100 excelsus
600 3049 686 3116 pie
735 3067 797 3105 at:
829 3051 1254 3108 misericorditer
1280 3056 1594 3126 scrupulmu
1634 3060 1790 3129 hujus
1823 3061 1895 3113 rei

1819 295 2015 352 ACTA.

616 403 834 482 favebat
877 407 1022 460 enim
1065 406 1175 462 dux
1220 407 1531 464 Gotiiredus
1581 409 1692 480 (99)
1741 409 1881 480 parti
1910 411 1960 469 Α
1991 407 2142 463 retici
2173 408 2240 463 ad
2283 387 2617 465 luereticum.
2651 379 2749 474 lte,
2783 376 2907 480 quia
2953 424 3049 479 per
3095 421 3192 459 vos
3226 405 3340 460 haec
3371 404 3563 463 civitas

3453 292 3558 349 798

1981 503 2224 573 voragini
2257 504 2494 566 dabitur,
2523 504 2613 574 qui
2642 501 2918 558 Christqu
2949 504 3232 573 impietate
3268 507 3449 552 vestra
3492 500 3563 555 de

1981 595 2093 663 ipsa
2121 593 2411 662 expellitis,
2445 603 2498 647 et
2532 594 2746 647 beatum
2783 593 3001 648 Petrum
3041 588 3349 663 apostolum
3391 603 3562 658 espu-

1981 695 2226 754 guantes,
2251 684 2527 738 Simonem
2555 683 2762 755 Magum
2788 701 2884 754 pro
2903 684 3008 739 Deo
3033 680 3338 739 iuducetsdo
3355 678 3566 734 colitis?

1982 775 2116 839 Quid
2145 773 2327 844 plur‘a?
2367 773 2636 843 Rogauius
2672 789 2792 829 eum
2831 785 2886 828 ut
2913 783 3019 828 tam
3065 791 3165 830 nos
3194 788 3359 845 quam
3388 785 3444 824 se
3493 769 3563 825 ab

1984 863 2199 918 infamia
2229 865 2440 929 liberet,
2469 865 2712 919 dicentes
2739 885 2750 918 :
2783 864 2919 919 Ecce
2949 881 3070 928 nos,
3124 867 3168 920 si
3219 876 3266 920 te
3300 861 3563 918 nutudum

1983 957 2238 1019 senseris,
2285 956 2329 1009 si
2383 964 2437 1010 tu
2467 955 2622 1010 nobis
2663 954 2918 1023 iusseris,
2958 956 3050 1010 Dei
3088 971 3184 1025 pro
3223 965 3272 1010 te
3294 952 3565 1026 judicium

1985 1048 2167 1104 subire
2197 1063 2302 1102 non
2344 1048 2684 1111 dubitamus;
2731 1057 2824 1101 aut
2874 1047 2917 1102 si
2976 1046 3367 1116 probationem,
3399 1060 3560 1118 quam

1987 1140 2235 1194 monachi
2260 1139 2346 1194 bic
2373 1149 2426 1193 et
2451 1138 2634 1194 Romae
2663 1139 2840 1192 facere
2865 1139 3168 1202 voluerunt,
3199 1139 3436 1212 recipere
3460 1137 3562 1204 vis,

1987 1231 2052 1284 ad
2084 1246 2178 1285 eos
2202 1231 2363 1294 imus,
2392 1245 2592 1299 eosque
2621 1230 2818 1284 obnixe
2847 1244 3099 1295 rogamus

2187 1320 2264 1374 Ad
2293 1321 2408 1375 hzec
2438 1320 2546 1383 ille,
2596 1334 2653 1375 se
2685 1319 2860 1388 inquit
2899 1329 3144 1374 neutrum
3197 1319 3408 1392 jubere,
3439 1335 3565 1375 ncu-

1990 1419 2131 1464 trum
2165 1409 2320 1476 velle,
2347 1419 2595 1464 ueutrmu
2628 1410 2903 1475 recipere:
2953 1411 3090 1478 Quin
3137 1411 3298 1465 etiam
3327 1412 3562 1465 edictum

1989 1517 2018 1555 a
2045 1500 2280 1555 Praeside
2313 1515 2410 1569 per
2441 1499 2643 1570 legatos
2665 1515 2792 1555 suos
2821 1501 3147 1570 impetravit,
3178 1511 3235 1555 ut
3263 1501 3570 1572 quicunque

1990 1594 2275 1659 laicorum,
2301 1593 2609 1664 quicunque
2659 1593 2980 1649 clericormn
3026 1609 3103 1658 se,
3153 1602 3208 1647 ut
3237 1594 3568 1663 episcopum,

1993 1702 2097 1740 nou
2131 1685 2352 1749 coleret,
2379 1685 2568 1754 suique
2596 1685 2824 1754 imperio
2855 1701 2958 1739 non
2991 1685 3258 1749 obediret,
3295 1684 3359 1737 ad
3385 1683 3573 1738 Praasi-

1994 1779 2113 1832 dem
2137 1779 2347 1831 vinctus
2376 1793 2478 1831 non
2505 1779 2812 1838 duceretur,
2841 1778 2932 1831 sed
2965 1779 3301 1835 traheretur:
3322 1777 3362 1830 si
3391 1787 3573 1830 autem

1995 1869 2116 1939 quis
2147 1880 2389 1923 nostrum
2419 1869 2502 1922 his
2541 1869 2700 1921 minis
2738 1868 2952 1922 territos
2981 1868 3046 1922 de
3083 1867 3300 1922 Ci\il:lle
3343 1865 3578 1936 fugeret,

1995 1961 2061 2015 ad
2087 1961 2384 2014 dominium
2429 1960 2717 2015 Potestatis
2749 1959 2893 2030 (100)
2921 1970 3286 2015 assumeretur
3314 1958 3572 2029 quidquid

1994 2055 2340 2125 possedisset.
2389 2055 2584 2111 Clerici
2627 2071 2774 2118 vero,
2803 2054 2892 2124 qui
2925 2055 3024 2108 sub
3053 2054 3270 2108 tutelam
3297 2052 3440 2108 beati
3473 2051 3577 2106 Pe-

1997 2145 2064 2200 tri
2089 2146 2314 2215 apostoli
2362 2146 2570 2216 agendo
2617 2156 2804 2200 contra
2839 2144 3198 2199 Simoniacam
3231 2145 3476 2198 haeresim
3520 2143 3573 2196 in

1997 2237 2306 2291 Uratorium
2337 2235 2453 2303 ejus
2482 2235 2857 2306 confugerant,
2891 2244 2982 2288 aut
3005 2234 3106 2288 sibi
3132 2233 3572 2297 conciliarentur,

1996 2335 2091 2381 aut
2120 2327 2238 2381 sine
2265 2340 2357 2396 Spe
2387 2326 2677 2381 audientite
2714 2338 2865 2379 extra
2911 2325 3184 2378 civitatem
3218 2322 3566 2394 pellerentur.

1997 2415 2240 2484 lliucque
2283 2415 2480 2469 factum
2527 2423 2612 2470 est
2661 2425 2737 2478 ut,
2789 2422 3201 2482 vesperascente
3245 2413 3470 2467 sabbato
3518 2411 3572 2464 in

1998 2507 2132 2561 iuitu
2158 2506 2371 2575 jejunii,
2415 2523 2536 2561 cum
2572 2507 2711 2577 apml
2752 2507 3063 2576 praedictam
3098 2504 3382 2560 ecclesiam
3431 2502 3575 2558 beati

1997 2598 2143 2654 Petri
2189 2599 2436 2669 apostoli.
2471 2599 2570 2669 ipsi
2607 2598 2789 2653 clerici
2842 2598 3131 2652 lectionum
3183 2612 3248 2652 ac
3289 2610 3576 2664 responso.

2001 2689 2204 2743 riorum
2253 2689 2530 2758 sequentis
2570 2687 2861 2742 Dominica:
2892 2687 3325 2752 recordarentur,
3357 2685 3581 2740 munici-

1999 2777 2134 2847 palis
2185 2777 2453 2836 Przesidis,
2493 2793 2558 2831 eo
2603 2778 2744 2847 quod
2792 2792 2850 2831 se
2904 2792 3026 2830 eum
3077 2775 3222 2830 salva
3275 2776 3575 2831 reverentia

1985 2869 2144 2923 Petri
2175 2868 2724 2938 :tpOstoliSimouiaco
2751 2867 3006 2922 literctico
3033 2883 3136 2922 non
3168 2881 3324 2934 posse
3359 2867 3579 2920 obedire

2001 2963 2396 3033 responderint,
2436 2962 2552 3017 illos
2585 2973 2737 3016 extra
2779 2963 3125 3037 emunitatem
3163 2959 3240 3032 [id
3278 2970 3350 3013 est
3387 2945 3580 3013 imiim-

2004 3052 2249 3126 nitatem]
2283 3053 2538 3117 Oratorii,
2567 3054 2782 3106 beatum
2807 3053 3022 3107 Petrum
3048 3051 3410 3122 apostolorum
3437 3053 3580 3123 priu~

323 3140 390 3193 de
435 3140 689 3195 cordibus
738 3144 938 3198 nostris
989 3143 1254 3200 abraserit
1305 3150 1669 3216 pernoscatis.
1734 3150 1896 3220 Signa

2005 3147 2177 3214 cipem
2204 3147 2613 3215 parvipendeus,
2647 3146 2884 3210 ejiceret.

322 3231 466 3284 enim
493 3240 547 3284 et
573 3231 836 3288 mirabilia
885 3235 1141 3290 Dominus
1173 3248 1358 3315 noster
1405 3241 1455 3292 iu
1487 3241 1643 3295 nobis
1671 3241 1814 3300 fecit.
1847 3254 1901 3295 et

324 3338 419 3390 per
439 3338 499 3373 ea
525 3323 823 3376 czecitatem
851 3327 1250 3395 ignoratititmet
1273 3330 1564 3392 dubietatis
1593 3332 1900 3402 caliginem,

327 3427 387 3466 ac
417 3415 670 3468 tenebras
701 3417 904 3470 err0ris
945 3418 1010 3471 de
1037 3428 1255 3486 pectore
1279 3420 1556 3472 hominum
1591 3423 1814 3491 pepulit,
1849 3432 1904 3474 et

327 3503 482 3557 ﬁdem
512 3507 664 3560 nobis
695 3509 940 3577 augendo
964 3519 1018 3563 et
1039 3510 1332 3574 dilatando,
1358 3520 1412 3566 et
1438 3512 1488 3564 in
1513 3527 1570 3566 se
1595 3512 1896 3577 solidanda,

327 3593 412 3648 lux
443 3597 710 3651 mentibus
729 3599 933 3653 nostris
957 3616 1068 3655 sua:
1087 3601 1332 3656 veritatis
1353 3602 1649 3657 clementer
1671 3602 1897 3657 inl'ulsit.

328 3688 515 3742 Pastor
553 3692 766 3760 quidem
795 3695 966 3748 bonus
993 3694 1058 3748 de
1087 3696 1223 3750 coelo
1251 3697 1416 3753 venit.
1458 3705 1512 3750 et
1546 3696 1735 3750 ovibus
1765 3697 1902 3751 assi-

325 3780 612 3841 Stentibus,
640 3789 800 3849 atque
827 3783 892 3835 ad
917 3798 975 3837 se
1003 3785 1128 3838 totis
1150 3786 1327 3839 cordis
1346 3785 1589 3840 medullis
1614 3787 1900 3841 clamanti-

327 3874 444 3934 bus,
475 3874 796 3927 sententiam
826 3889 1018 3930 Sereno
1065 3877 1371 3942 clariorem,
1405 3879 1624 3948 soleque
1666 3877 1897 3931 lucidio-

329 3977 463 4024 rem,
493 3965 748 4034 oumique
789 3967 934 4022 dicto
963 3968 1243 4035 aptiorem,
1269 3969 1525 4038 omnique
1559 3969 1672 4022 visu
1709 3970 1902 4023 certio-

327 4069 463 4117 rem,
509 4056 572 4108 de
615 4050 792 4109 incdio
840 4057 980 4127 ignis
1017 4059 1212 4130 populo
1258 4076 1356 4114 suo
1395 4061 1560 4115 dedit.
1595 4061 1732 4128 Quid
1773 4076 1900 4114 vero

326 4146 464 4210 plebi
491 4145 814 4201 Florentium
849 4143 915 4203 de
948 4148 1108 4220 Petro
1152 4151 1419 4220 Papiensi,
1451 4153 1540 4222 qui
1573 4167 1630 4206 se
1658 4163 1898 4208 nostrum

325 4239 635 4307 episcopum
665 4239 852 4292 haberi
888 4242 1123 4304 volebat,
1151 4244 1439 4298 tenendum
1467 4245 1557 4310 sil,
1585 4245 1636 4297 in
1663 4261 1760 4298 suo
1800 4254 1902 4298 tre-

329 4328 523 4382 mendo
565 4328 772 4396 judicio
819 4330 1129 4386 declaravit.
1184 4332 1289 4388 Sed
1334 4334 1459 4389 licet
1516 4335 1897 4390 miraculorum

326 4418 568 4471 narratio
629 4419 879 4474 videatur
933 4421 1324 4490 aliquantulum
1379 4424 1658 4492 protelari,
1700 4440 1895 4478 causas
1927 4462 1976 4520 D

327 4514 528 4570 tamen,
559 4511 701 4562 unde
729 4509 796 4563 ad
824 4511 936 4565 baze
965 4521 1181 4565 ventum
1213 4522 1316 4576 est,
1349 4528 1685 4584 nequaquam
1729 4517 1894 4577 inuti-

326 4598 448 4652 liter
479 4609 729 4668 putamus
755 4602 950 4657 debere
980 4605 1250 4658 sueciucte
1289 4589 1585 4675 praescribi.

362 4687 366 4691 ’
396 4691 482 4745 90.
509 4691 750 4758 Quadam
775 4694 972 4746 etenim
998 4695 1084 4749 die
1106 4711 1296 4749 omnes
1316 4695 1639 4754 Florentium
1661 4697 1894 4758 civitatis

327 4779 509 4833 clerici
537 4797 639 4832 una
675 4783 1006 4851 congregati,
1038 4785 1302 4853 cmpimus
1343 4795 1446 4839 tam
1479 4787 1543 4840 de
1564 4786 1794 4860 clericis,
1830 4788 1916 4842 de

330 4859 461 4923 locis
499 4872 610 4926 suis
645 4873 906 4941 expulsis,
945 4889 1103 4943 quam
1132 4876 1294 4929 etiam
1328 4877 1392 4930 de
1423 4876 1576 4930 nobis
1604 4859 1898 4946 ipsisrante

328 4957 643 5026 Papiensem
675 4961 893 5015 Petrum
922 4963 1204 5032 conqueri.
1235 4962 1308 5017 De
1331 4965 1552 5032 abiectis
1580 4966 1744 5029 enim,
1772 4969 1900 5036 quia

328 5049 610 5103 consilium
650 5060 704 5104 et
750 5050 1003 5129 solatium
1051 5069 1237 5109 eorum
1281 5057 1656 5120 amiseramus,
1689 5066 1743 5111 et
1772 5059 1898 5126 quia

328 5139 491 5191 etiam
535 5140 691 5193 Prior
719 5148 776 5193 et
799 5139 1252 5213 Arcliipresbyter
1287 5156 1474 5200 noster
1502 5157 1644 5200 metu
1679 5148 1900 5202 lizeresis

326 5241 356 5281 e
383 5228 606 5286 civitate
645 5241 1018 5296 secesserant;
1051 5235 1119 5288 de
1169 5233 1326 5287 nobis
1375 5245 1579 5298 autem,
1611 5239 1735 5304 quia
1763 5236 1901 5291 bona

328 5329 456 5362 “2er
487 5315 680 5362 ρίνὶιιιῐί
735 5329 1042 5362 ιιοςΙνηι-ιηη
1091 5337 1192 5362 nne
1228 5323 1511 5362 lter-rulinna
1550 5324 1876 5362 nr-r-lurnnlvﬂ

2075 3236 2162 3288 9‘2.
2225 3235 2308 3288 Fit
2341 3237 2571 3304 denique
2630 3252 2726 3303 pro
2771 3237 2871 3290 hoc
2911 3235 3114 3290 scelere
3158 3251 3454 3290 concursus
3491 3251 3583 3289 ea.

2006 3325 2326 3378 tholicorum
2351 3327 2609 3388 virorum,
2627 3335 2681 3378 et
2697 3326 2930 3378 maxime
2953 3325 3297 3386 fetiiimirum,
3315 3326 3578 3380 velamina

2002 3418 2237 3484 capitum
2272 3416 2686 3484 projirieutiutn,
2723 3426 2778 3470 et
2806 3417 3010 3486 sparsis
3048 3418 3287 3471 crinibus
3331 3417 3581 3471 ﬂebiliter

2003 3505 2394 3567 incedentium;
2447 3516 2660 3576 pectora
2695 3508 2902 3576 pugnis,
2937 3507 3275 3561 miserabiles
3306 3507 3370 3560 ad
3409 3507 3577 3562 Deum

2002 3609 2163 3649 voces
2190 3595 2472 3658 mittendo,
2497 3597 2630 3650 dure
2663 3597 3025 3662 tundentimn,
3063 3607 3114 3651 et
3152 3612 3315 3666 super
3338 3597 3576 3650 virorum

2000 3707 2064 3745 ac
2113 3690 2343 3744 filiorum
2398 3700 2627 3746 mortem
2684 3691 2839 3745 triste
2871 3691 3283 3746 lamentantium
3319 3709 3331 3745 :
3369 3706 3490 3744 nam
3524 3690 3578 3744 in

2002 3780 2210 3850 plateas
2255 3781 2368 3835 luto
2400 3781 2584 3851 plenas
2613 3798 2670 3836 se
2695 3793 3098 3852 prosternentes
3132 3781 3347 3834 aiebant
3385 3800 3398 3834 :
3441 3779 3576 3844 licu,

2002 3875 2141 3928 heu!
2177 3888 2210 3925 o
2249 3871 2482 3935 Christe,
2527 3882 2578 3926 tu
2627 3874 2751 3927 hinc
2794 3873 3030 3942 ejiceris,
3067 3881 3120 3926 et
3165 3872 3434 3942 quomodo
3482 3886 3579 3924 nos

2001 3965 2274 4019 desolatas
2304 3964 2600 4033 relinquis?
2638 3963 2713 4018 Tu
2759 3964 3036 4018 nobiscqu
3088 3963 3334 4016 habitare
3375 3977 3476 4015 non
3505 3961 3582 4014 si-

2002 4057 2147 4110 neris
2175 4065 2228 4109 et
2258 4055 2526 4125 quomodo
2554 4071 2649 4108 nos
2676 4055 2762 4108 hic
2795 4041 3139 4109 habitamus?
3166 4053 3406 4106 Vidimus
3447 4053 3570 4120 quia

2001 4162 2105 4199 non
2133 4155 2286 4215 potes
2319 4145 2597 4200 nobiscum
2631 4161 2870 4206 manere.
2915 4145 3009 4198 sed
3041 4144 3214 4204 vadis,
3243 4144 3366 4212 quia
3391 4143 3576 4197 Simon

2001 4235 2190 4301 lllagus
2219 4244 2268 4288 te
2297 4250 2401 4288 non
2435 4234 2718 4302 permittit.
2767 4233 2810 4288 Ο
2841 4243 3025 4287 sancte
3053 4233 3230 4295 Petro,
3261 4233 3518 4302 numquid
3547 4249 3576 4286 a

2003 4323 2220 4378 Simone
2267 4323 2420 4392 Mago
2450 4323 2708 4386 vinceris,
2740 4324 2863 4391 quia
2901 4323 2966 4376 ad
2999 4333 3048 4377 te
3078 4323 3442 4389 confugientes
3473 4337 3576 4375 non

2001 4418 2279 4471 defendis?
2319 4417 2427 4471 Nos
2455 4418 2760 4486 putavimus
2795 4431 2917 4470 eum
2949 4416 3000 4470 in
3029 4416 3377 4470 infernalibus
3406 4416 3580 4484 poenis

2004 4521 2122 4562 esse
2144 4507 2384 4560 vinctum
2417 4515 2470 4560 et
2490 4513 2818 4568 catenatum,
2853 4505 2945 4558 sed
2976 4519 3100 4558 ecce
3131 4505 3404 4558 cernimus
3432 4504 3579 4557 illttm

2005 4599 2071 4651 ad
2125 4606 2272 4650 tuum
2324 4595 2556 4650 dedecus
2605 4594 2876 4649 hostiliter
2925 4595 3263 4648 suscitatuui.
3329 4593 3578 4646 Virorum

2005 4686 2201 4754 quippe
2229 4683 2314 4737 alii
2349 4684 2413 4737 ad
2443 4684 2580 4737 alios
2607 4683 2857 4737 dicebant
2883 4700 2895 4735 :
2941 4683 3166 4745 Videtis,
3203 4691 3256 4735 et
3285 4693 3469 4752 aperte
3499 4683 3580 4735 vi-

2003 4765 2160 4838 detis,
2197 4775 2448 4830 Christus
2488 4775 2616 4830 hinc
2643 4775 2892 4830 discedit.
2926 4774 3076 4839 Abit,
3104 4775 3195 4844 qui
3231 4775 3401 4844 legem
3429 4791 3579 4827 suam

2006 4867 2322 4936 adimpleus,
2381 4881 2438 4921 se
2495 4865 2712 4937 pellenti
2771 4881 2877 4920 non
2930 4865 3153 4920 resistit.
3205 4863 3273 4917 Et
3311 4880 3428 4926 nos,
3479 4865 3581 4915 viri

2001 4956 2216 5022 fratres,
2242 4956 2518 5010 civitatem
2564 4957 2730 5020 hanc,
2776 4970 2882 5025 quo
2912 4955 3166 5009 hazretica
3202 4967 3329 5022 pars
3366 4966 3431 5004 ea
3474 4966 3583 5003 non

2001 5049 2254 5118 gaudeat,
2289 5046 2641 5102 incendamus
2699 5054 2859 5114 atque
2883 5059 3004 5099 cum
3043 5042 3277 5113 parvulis
3312 5050 3365 5092 et
3409 5040 3583 5090 uxori-

2002 5139 2101 5193 bus
2127 5137 2349 5202 nostris,
2377 5151 2700 5208 quocunque
2723 5134 2971 5190 Christus
2995 5133 3118 5189 ierit
3171 5145 3353 5182 secum
3379 5142 3584 5181 eamus.

2009 5229 2068 5286 Si
2095 5229 2390 5285 Christiani
2417 5246 2624 5294 smnus,
2653 5227 2934 5283 Christum
2963 5237 3277 5294 sequamur.

2081 5322 2150 5362 ex
2229 5320 2324 5362 lli:
2383 5336 2511 5362 ρι-ιηι
2560 5318 2871 5362 ρῖιιιςιιὶὶιιις,
2915 5317 3107 5362 hisque
3148 5309 3443 5362 doloribus.
3491 5321 3590 5362 nos
