4110 5362
540 255 644 327 790
1180 315 1195 343 ,

1526 271 1586 333 ε.
1622 273 1912 337 manuus
1943 278 2338 356 GUALBERTII
2374 285 2665 347 ABBATIS

3690 292 3799 359 81:0

541 376 598 421 et
619 379 866 485 assuetae,
896 380 952 430 et
975 376 1067 446 qui
1113 379 1182 435 ab
1205 375 1348 439 'aliis
1375 383 1613 445 haeretici
1661 383 2112 462 acclamaoamur,
2142 400 2191 465 Α
2223 387 2374 455 laicis
2401 402 2695 470 promiscui
2725 418 2888 461 sexus
2913 414 2973 463 et
2996 406 3190 474 aetatis,
3231 406 3348 466 fere
3366 410 3570 482 ad:_tria
3594 399 3787 485 millia,

536 458 608 541 "eo
811 461 988 557 ipsum
1017 471 1394 542 sequebamur,
1423 480 1675 548 permoti,
1700 497 1943 540 seramus
1966 458 2108 559 (l0lj

541 549 817 619 ecclesias,
844 563 899 609 et
923 553 1162 617 maerore
1205 564 1563 649 projectorum
1596 571 1742 643 (102)
1784 591 1890 630 non
1934 549 2110 649 tangi:-

539 658 663 740 mus
688 659 999 718 campanas,
1047 656 1257 726 populis
1298 674 1406 716 non
1428 646 1705 733 psalmos,
1739 682 1846 723 non
1883 646 2113 740 denique

540 732 786 790 canimus
817 738 1031 796 missas.
1075 743 1186 801 Nec
1229 764 1402 818 mora,
1436 732 1591 810 nobis
1635 759 1998 830 congregatis,
2053 761 2112 816 lit

537 821 767 880 Domino
793 827 1089 899 inspirante
1108 828 1415 897 consilium.
1448 843 1529 899 Ad
1558 842 1652 900 Dei
1680 821 1994 913 monachos,
2018 850 2112 922 qui

541 915 784 990 Septimo
828 921 883 977 in
934 931 1262 986 monasterio
1310 935 1486 989 sancti
1531 934 1831 995 Salvatoris
1880 915 2111 1015 degunt,

541 1011 815 1067 communi
849 1020 1259 1088 voto-quosdam
1292 1033 1535 1080 nostrum
1580 1029 1841 1099 mittimus
1870 1011 2113 1101 petentes

540 1108 599 1154 et
623 1111 867 1170 orantes,
893 1106 1225 1168 dubletatrm
1250 1111 1408 1183 hujus
1433 1116 1508 1171 rei
1527 1117 1662 1175 velle
1682 1120 1927 1190 perdere,
1955 1132 2011 1177 et
2030 1138 2114 1181 ve-

539 1187 753 1246 ritatem
782 1209 1129 1266 cognoscere,
1153 1204 1530 1276 cognitamque
1555 1187 1782 1265 ﬁrmiter
1801 1212 2116 1282 promitten-

539 1286 711 1359 tentes
740 1290 945 1340 tenere.

606 1370 697 1427 94.
736 1373 1073 1447 Responsum
1119 1392 1203 1439 est
1247 1393 1427 1442 autem
1468 1389 1642 1456 nobis,
1672 1391 1796 1461 quia
1818 1392 1863 1448 si
1888 1393 2121 1450 catholiv.

534 1478 657 1545 cam
690 1464 847 1521 ﬁdem
879 1486 977 1539 pro
1007 1474 1213 1530 viribus
1231 1477 1493 1537 vel'emus
1521 1490 1705 1537 tenere
1734 1492 1899 1552 atque
1927 1483 2115 1540 defen-

536 1559 682 1623 dere,
711 1569 766 1615 et
781 1560 1142 1622 Simoniacam
1164 1568 1409 1626 haaresim
1430 1572 1793 1644 impugnando
1814 1577 2111 1647 destruere,

534 1648 707 1704 virtus
727 1650 1020 1709 Salvatoris
1053 1666 1158 1710 tam
1189 1659 1346 1729 hujus
1368 1663 1566 1732 negotii
1603 1663 1930 1722 dubietatem
1951 1683 2111 1738 quam

2217 485 2284 540 ad
2315 488 2627 556 prmdictum
2657 499 3067 561 monasterium,
3116 498 3516 569 interrogamur
3541 514 3573 555 a
3611 500 3802 558 servis.

2217 573 2308 629 Dei
2339 594 2351 629 :
2384 577 2510 645 Cur,
2560 579 2779 662 fratres,
2825 584 3080 641 venistis?
3108 585 3484 658 Respondetur
3507 605 3541 645 a
3585 592 3743 649 nobis
3764 610 3784 649 :

2220 663 2289 720 Ut
2314 666 2699 738 illumihemur,
2728 682 2785 737 et
2823 688 3073 732 errorem
3092 677 3472 749 relinquentes.
3506 682 3785 740 veritatem

2213 772 2527 829 sequamur.
2574 761 2877 830 Quomodo,
2928 767 3203 837 inquiunt,
3249 768 3541 827 illuminari
3586 772 3817 833 vultis},

2212 847 2323 905 Nos
2349 850 2567 922 inquam
2592 856 3007 924 respondentes:
3033 857 3099 914 Ut
3123 859 3339 930 copioso
3361 861 3483 932 igne
3503 863 3783 934 probetur,

2212 944 2355 1014 quod
2384 945 2448 999 de
2472 944 2720 1016 Papieusi
2735 948 2894 1005 Petro
2919 951 3118 1007 dicitis.
3146 952 3343 1020 Quem,
3373 954 3640 1024 inquiunt,
3663 954 3785 1013 fm-

2212 1039 2359 1087 ctum
2387 1033 2489 1089 hoc
2517 1035 2658 1091 facto
2689 1037 2995 1093 habebitis?
3040 1049 3134 1095 aut
3156 1056 3330 1110 quem
3364 1043 3621 1098 honorem
3655 1044 3796 1101 inde

2212 1121 2324 1176 Deo
2352 1121 2611 1179 redditis?
2653 1123 3062 1196 Respondemus
3095 1144 3283 1186 omnes
3310 1144 3325 1184 :
3358 1131 3574 1189 Erimus
3600 1133 3791 1189 vobis.

2212 1223 2355 1274 cum,
2385 1219 2587 1266 rectam
2617 1211 2776 1270 (idem
2801 1213 3178 1283 defendentes,
3205 1229 3258 1273 et
3286 1218 3647 1279 Simouiacam
3672 1224 3785 1277 mea

2212 1301 2378 1354 resim
2433 1303 2818 1370 ahonunando,
2869 1305 2982 1361 Deo
3028 1322 3244 1379 semper
3289 1311 3492 1378 gratias
3539 1322 3785 1382 agentes.

2214 1389 2353 1457 Quid
2382 1390 2595 1465 longius
2631 1398 2955 1453 moramur?
2985 1399 3148 1455 Fiunt
3176 1402 3359 1457 statim
3392 1418 3422 1459 a
3444 1406 3642 1476 populo
3663 1407 3797 1465 dua

2213 1490 2391 1537 strues
2415 1483 2681 1554 lignorum
2718 1485 3040 1543 altrinsecus
3076 1487 3235 1557 juxta
3264 1492 3410 1548 sein
3449 1494 3793 1564 longitudine

2210 1571 2421 1643 posita}.
2476 1572 2795 1644 Singulatim
2846 1593 2972 1634 vero
3019 1578 3298 1651 longitudo
3349 1582 3634 1653 utriusque
3679 1583 3786 1642 fuit

2211 1661 2407 1731 pedum
2443 1663 2652 1731 decem,
2680 1666 2911 1724 latitudo
2942 1679 3120 1731 autem
3157 1671 3442 1727 ambarum
3469 1674 3791 1744 singillatim

535 1740 700 1796 etiam
727 1742 1022 1803 crecitatem
1053 1749 1119 1804 de
1145 1752 1399 1809 cordibus
1430 1757 1630 1813 nostris
1658 1758 1978 1816 climinaret.
2005 1760 2107 1816 Fa-
2137 1747 2183 1808 Β
2211 1753 2448 1823 qumque
2470 1755 2686 1826 pedum,
2719 1767 2774 1814 et
2795 1748 3076 1816 dimidium
3110 1762 3316 1823 dimidii
3347 1740 3788 1833 ρθόίεαᾸΙιίωὼ

536 1841 734 1902 temur,
783 1840 1129 1905 promisimus
1172 1844 1238 1898 de
1267 1844 1369 1901 hac
1415 1862 1474 1901 re
1517 1848 1620 1904 hoc
1666 1851 1815 1927 sequi
1868 1852 2008 1922 quod
2053 1863 2109 1910 et

534 1920 688 1992 ipsis,
706 1925 750 1979 si
774 1928 884 1981 suis
909 1927 1107 1984 factum
1131 1946 1541 2004 compensarem
1562 1920 1737 1994 dictis.
1763 1920 1898 2008 Quid
1919 1942 2108 2012 plura?

535 2011 805 2069 Statuitur
827 2017 940 2074 dies
966 2020 1111 2075 omni
1142 2030 1264 2077 voto
1293 2026 1539 2094 quaesita,
1573 2028 1626 2083 in
1675 2044 1780 2100 qua
1827 2040 1883 2086 et
1923 2011 2109 2091 dilbin

536 2112 701 2160 tatem
730 2108 1079 2177 perdidimus,
1125 2122 1176 2169 et
1211 2128 1278 2170 ex
1309 2131 1414 2186 qua
1442 2119 1747 2185 veritatem,
1792 2138 1953 2193 quam
1992 2140 2107 2180 mo-

535 2195 692 2250 nachi
763 2198 1034 2269 dicebant,
1083 2218 1179 2271 pro
1226 2219 1382 2275 posse
1451 2207 1785 2267 defendendo
1840 2223 2103 2270 tenemus.

534 2283 736 2352 Quarta
763 2303 994 2359 namque
1017 2290 1170 2359 feria,
1201 2294 1253 2348 in
1284 2297 1455 2366 prima
1480 2300 1834 2357 hehdomada.
1858 2304 2104 2372 Quadra-

532 2376 750 2444 gesimae
791 2379 905 2437 dies
950 2385 1320 2443 constituitur.
1369 2387 1617 2446 Secunda
1666 2401 1720 2449 et
1769 2395 1924 2450 tertia
1969 2396 2104 2453 feria

533 2467 843 2536 specialiter
886 2487 984 2541 pro
1013 2473 1111 2528 hoc
1141 2475 1308 2530 Deum
1339 2493 1579 2546 oramus,
1626 2491 1680 2537 et
1723 2492 1779 2537 ut
1807 2483 1983 2550 Deus,
2012 2484 2103 2556 qui

532 2557 689 2612 unica
716 2569 797 2615 est
827 2564 1046 2631 veritas,
1093 2566 1339 2625 veritatis
1386 2571 1546 2643 hujus
1587 2585 1852 2631 reseraret
1882 2577 2101 2653 ostium,

532 2648 899 2708 obsecramus.

538 2776 541 2779 μ
601 2740 688 2795 95.
728 2742 981 2800 lllucenle
1035 2762 1162 2802 vero
1204 2760 1394 2819 quarta
1444 2752 1578 2809 feria
1622 2770 1653 2810 a
1712 2757 1944 2826 quodam
2003 2773 2102 2814 no-

531 2838 702 2884 strum
744 2831 855 2886 itur
882 2835 948 2887 ad
998 2836 1175 2892 virum
1223 2838 1559 2911 Papiensem,
1599 2846 1929 2917 quirogans
1976 2865 2100 2906 eum

530 2918 706 2989 inquit
737 2938 751 2974 :
793 2922 917 2988 Fac,
960 2924 1209 2995 Domine,
1240 2945 1339 3000 pro
1366 2932 1459 2988 Dei
1488 2943 1742 3001 tremore,
1773 2953 1977 3009 proque
2011 2957 2102 2997 τεο,

528 3014 706 3068 medio
732 3015 925 3071 animae
959 3028 1094 3086 tuae;
1114 3022 1157 3076 si
1200 3034 1285 3078 est
1322 3026 1387 3081 de
1416 3034 1488 3093 te,
1542 3029 1682 3097 quod
1733 3033 1979 3088 monachi
2010 3035 2094 3089 di-

531 3109 682 3167 cunt,
715 3104 820 3158 noli
841 3104 1089 3173 clericos,
1119 3110 1224 3165 noli
1256 3114 1508 3183 populum
1538 3117 1592 3172 in
1622 3120 1799 3176 eundo
1827 3121 2098 3180 laboribus

531 3187 768 3255 allicere,
814 3195 924 3249 noli
978 3195 1144 3254 Dcum
1175 3200 1503 3272 experiendo
1550 3216 1778 3277 tentare,
1808 3212 1901 3266 scd
1942 3210 2101 3281 hujus

528 3281 731 3351 negotii
798 3285 1081 3343 veritatem
1147 3292 1215 3347 ad
1273 3293 1557 3353 Dominum
1626 3310 1678 3356 te
1736 3304 2099 3360 convertenda

466 3386 467 3389 η
528 3370 728 3439 pande,
758 3383 853 3430 aut
879 3375 921 3430 si
951 3377 1053 3433 hoc
1084 3387 1136 3436 te
1168 3385 1347 3440 noscis
1391 3388 1684 3444 immunem
1726 3402 1878 3448 reatu
1916 3394 2099 3451 nobis-

528 3473 651 3515 cum
682 3466 867 3521 venire
889 3467 1130 3538 dignare.
1162 3473 1240 3527 Ad
1266 3492 1424 3545 quem
1473 3479 1563 3534 ille
1607 3485 1892 3552 respondet
1927 3503 1940 3539 :
1990 3484 2099 3542 Nec

527 3566 627 3624 ego
654 3557 809 3613 venio
837 3558 983 3627 illuc,
1015 3578 1188 3633 neque
1222 3576 1293 3632 te,
1324 3569 1368 3622 si
1400 3577 1452 3623 tu
1491 3587 1575 3628 me
1605 3572 1802 3645 diligis,
1839 3576 1920 3632 ire
1953 3578 2095 3633 volo.
2134 3640 2143 3650 ο

525 3644 606 3698 Ad
636 3645 737 3702 hoc
765 3661 891 3704 vero
919 3650 1121 3705 dictum
1143 3664 1225 3708 est
1248 3655 1347 3710 sibi
1379 3674 1393 3710 ε
1425 3657 1672 3716 Profecto
1697 3644 1788 3718 Dei
1812 3662 2092 3731 judicium,

526 3734 651 3802 quia
684 3750 872 3794 omnes
901 3742 1121 3807 vadunt,
1152 3743 1336 3800 videre
1379 3747 1487 3814 ibo,
1523 3759 1577 3806 et
1615 3753 1742 3822 quid
1783 3754 1855 3809 ibi
1908 3766 2098 3827 agatur

527 3825 755 3913 solerter
782 3831 1002 3895 curabo,
1035 3841 1090 3887 et
1115 3836 1475 3908 quodcunque
1501 3841 1642 3897 Deus
1657 3825 2014 3913 judexjustus
2040 3848 2093 3902 in

522 3907 727 3976 judicio
781 3928 878 3969 suo
931 3926 1076 3972 recto
1121 3925 1525 3991 monstraverit,
1577 3907 1869 3984 secundum
1916 3946 2093 3986 meum

527 4000 709 4058 valere
735 4004 1048 4064 defensabo.
1089 4009 1197 4068 Nec
1227 4015 1321 4070 tibi
1352 4017 1637 4074 molestum
1666 4021 1740 4075 sit
1764 4037 1940 4076 meum
1967 4023 2094 4090 iter,

529 4095 657 4167 quia
686 4104 736 4151 te
759 4099 938 4168 hodie,
972 4101 1147 4171 qualis
1170 4105 1263 4168 sis,
1293 4110 1562 4163 sententia
1598 4110 1692 4166 Dei
1726 4120 1870 4165 recte
1909 4120 2092 4167 osten-

525 4182 634 4242 det.
679 4188 785 4243 Aut
822 4192 965 4246 enim
1000 4202 1051 4249 te
1085 4196 1242 4251 hodie
1284 4201 1477 4270 magis,
1506 4216 1669 4271 quam
1705 4218 1942 4272 unquam
1987 4202 2095 4259 fue-

524 4275 621 4339 ris,
652 4279 968 4337 habebimus
997 4299 1204 4353 carum,
1235 4296 1328 4342 aut
1354 4289 1598 4344 viliorem
1627 4298 1681 4345 et
1701 4301 2089 4362 contemptum.

592 4366 679 4421 96.
731 4366 839 4425 Nos
878 4372 1115 4436 interim,
1155 4378 1312 4446 quasi
1364 4379 1572 4435 caelesti
1625 4381 1925 4451 prirmoniti
1962 4397 2089 4437 ora-

523 4455 686 4522 culo,
739 4474 845 4514 non
903 4475 1278 4534 exspectamus
1331 4470 1620 4537 nuntium;
1671 4473 2009 4544 curriturque
2058 4490 2089 4530 a

526 4548 681 4603 nobis
707 4549 939 4618 clericis,
971 4567 1025 4611 et
1053 4558 1225 4625 laicis,
1257 4567 1313 4615 et
1337 4561 1555 4617 feminis
1583 4562 1650 4617 ad
1687 4564 2007 4635 Septimum,
2035 4568 2089 4622 in

523 4654 631 4719 quo
653 4649 732 4696 est
766 4643 947 4701 Sancti
976 4646 1276 4706 Salvatoris
1318 4654 1723 4710 monasterium.
1763 4655 1807 4712 Ο
1831 4657 1968 4713 mira
1996 4659 2091 4714 Do-

523 4731 654 4786 mini
699 4737 954 4803 potentia,
996 4740 1238 4811 miraque
1287 4743 1594 4811 clementia,
1647 4747 1739 4817 qui
1786 4749 2090 4806 voluntates

521 4833 629 4875 non
666 4822 837 4878 solum
871 4830 1158 4898 expeditis,
1195 4832 1289 4886 sed
1317 4834 1480 4889 etiam
1515 4838 1917 4907 praegnantibus
1944 4841 2088 4897 vires

522 4912 592 4968 ad
623 4917 858 4973 eundum
891 4920 1147 4976 donavit!
1192 4922 1463 4994 Numquid
1500 4927 1647 4982 enim
1695 4928 1974 4999 longitudo
2004 4931 2091 4986 iti-

519 5005 668 5060 neris
694 5012 1001 5065 matronas?
1030 5013 1285 5081 numquid
1308 5014 1393 5068 via
1417 5016 1722 5082 ccenulenta
1744 5018 2089 5075 multitudine

517 5109 781 5167 aquarum
823 5101 1082 5157 delicatas
1123 5104 1358 5158 terruit?
1401 5107 1661 5175 numquid
1712 5124 1909 5177 pueros
1946 5109 2089 5179 jeju-

520 5184 668 5242 n‘ium
694 5192 1074 5260 exasperavit?

589 5278 675 5333 97.
739 5281 1093 5354 Con'gregatis
1162 5282 1394 5353 denique
1462 5286 1713 5342 omnibus
1766 5287 1980 5343 clericis
2031 5297 2088 5344 et

2208 1843 2439 1914 denique
2468 1846 2749 1918 utriusque
2774 1851 3063 1921 separatim
3095 1850 3193 1905 fuit
3232 1862 3466 1921 quatuor
3486 1855 3680 1924 pedum
3724 1869 3783 1913 et

2208 1933 2438 1989 dimidii.
2486 1936 2633 1992 Inter
2680 1947 2938 2010 utrasque
2972 1956 3098 1995 vero
3142 1957 3305 2013 pyras
3351 1944 3405 1998 in
3443 1944 3785 2016 longitudine

2207 2024 2398 2080 semita
2448 2028 2606 2081 unius
2636 2028 2839 2084 brachii
2887 2031 3113 2096 exstitit,
3151 2042 3206 2086 et
3246 2048 3359 2113 ipsa
3405 2043 3573 2092 strata
3619 2036 3797 2094 siccis.

2206 2113 2384 2185 lignis,
2418 2125 2472 2171 et
2505 2117 2570 2171 ad
2601 2118 2896 2174 ardendum
2929 2120 3065 2177 bene
3094 2123 3316 2193 paratis.

2274 2207 2364 2264 98.
2404 2209 2613 2265 Interea
2662 2210 2796 2265 liunt
2831 2227 2928 2282 pro
2970 2212 3071 2267 hac
3101 2227 3157 2266 re
3184 2211 3795 2284 Letanite,psalmodi&

2205 2298 2640 2368 supplicationes.
2683 2300 2972 2356 Monachus
3002 2302 3295 2359 intraturus
3329 2304 3505 2375 ignem
3537 2306 3772 2380 eligitur,

2196 2383 2458 2456 iussuque
2511 2387 2720 2444 abbatis
2758 2386 2981 2447 Joannis
3021 2391 3389 2449 celebraturus
3437 2396 3653 2451 missam
3706 2397 3791 2455 ad.

2202 2477 2374 2531 altare
2398 2478 2659 2548 procedit.
2690 2481 2848 2537 Missa
2880 2498 3007 2538 vero
3034 2493 3284 2540 cantatur
3306 2500 3426 2540 cum
3459 2502 3653 2559 magna
3680 2489 3791 2544 dea

2202 2569 2419 2624 votione
2453 2578 2508 2625 et
2535 2571 2921 2642 supplicatione
2946 2575 3206 2629 omnium.
3243 2574 3451 2631 Chorus
3480 2579 3775 2633 monachoo.

2202 2673 2342 2723 rum,
2371 2667 2425 2714 et
2452 2660 2790 2727 clericorum,
2840 2676 2937 2717 nec
2979 2679 3086 2719 non
3119 2671 3174 2718 et
3213 2664 3469 2721 laicorum
3498 2682 3569 2722 ex
3610 2668 3791 2726 corde

2200 2747 2552 2821 lacrymatur.
2589 2749 2660 2806 Ut
2703 2760 2882 2807 autem
2931 2762 3147 2811 ventum
3197 2764 3280 2833 est
3323 2755 3389 2809 ad
3425 2757 3603 2827 Agnus
3648 2757 3779 2827 Dei,

2200 2850 2430 2907 quatuor
2453 2843 2723 2909 monachi,
2762 2858 2899 2899 unus
2926 2844 3212 2914 imaginem
3251 2845 3504 2903 Crucilixi
3535 2848 3766 2915 Domini,

2200 2931 2338 2989 alter
2368 2949 2562 3003 aquam
2606 2932 3017 3001 sanctiﬁcatam,
3060 2937 3249 2991 tertius
3277 2938 3555 2994 duodecim
3586 2954 3774 3003 cereos

2201 3024 2507 3080 hcnedictos
2549 3040 2825 3093 accensos,
2852 3035 3077 3097 quartus
3109 3027 3433 3093 thuribulum
3464 3031 3620 3086 thure
3658 3031 3791 3101 ple-.

2201 3128 2329 3167 num
2363 3113 2685 3182 bajulantes,
2726 3116 3025 3186 procedunt
3049 3119 3116 3174 ad
3143 3119 3574 3174 succendendum
3602 3120 3774 3192 ligno-

2200 3219 2321 3259 rum
2350 3206 2694 3277 prirscriptas
2723 3223 2902 3279 pyras.
3706 3221 3717 3230 ‘

2270 3295 2358 3352 99.
2409 3297 2504 3353 llis
2557 3299 2718 3370 igitur
2759 3301 2886 3355 visis
2929 3299 3134 3357 clamor
3168 3300 3408 3356 omnium
3472 3302 3524 3358 in
3575 3303 3791 3369 coelum.

2200 3385 2460 3442 attollitur
2511 3385 2674 3459 Kyrie
2700 3388 2890 3443 eleison
2919 3388 3248 3444 ﬂebilissime
3283 3390 3439 3460 pleno
3466 3406 3561 3447 ore
3585 3402 3789 3447 cantata

2200 3485 2309 3544 tur,
2331 3475 2486 3531 Jesus
2502 3474 2749 3531 Christus
2768 3477 3112 3540 creberrime,
3138 3486 3197 3531 ut
3221 3487 3496 3552 exsurgat,
3522 3494 3785 3549 causam-t

2197 3581 2301 3634 que
2330 3580 2481 3621 suam
2508 3565 2761 3621 defendat
2779 3575 2983 3622 oratur.
3029 3564 3193 3630 Maria
3235 3567 3352 3637 ejus
3370 3566 3558 3636 Mater,
3584 3580 3642 3624 ut
3666 3571 3772 3630 hoc

2197 3656 2298 3711 sibi
2320 3658 2562 3724 suadeat,
2605 3658 2828 3712 multum
2859 3671 2889 3710 a
2919 3655 3070 3725 viris,
3100 3656 3499 3730 plurimumque
3539 3676 3571 3715 a
3607 3661 3775 3718 femi-.

2197 3746 2283 3802 nis
2326 3748 2674 3818 supplicatur.
2722 3748 2865 3803 Petri
2906 3748 3133 3819 apostoli
3166 3764 3386 3815 nomen,
3419 3753 3562 3821 quod
3592 3752 3779 3811 Simo-_

2195 3854 2318 3894 nem
2347 3838 2618 3909 perdenda
2646 3839 2885 3906 damnet,
2915 3839 3110 3898 millies
3141 3841 3520 3913 ingeminatur.
3564 3843 3768 3917 Grego-

2195 3927 2309 3982 rius
2336 3928 2484 3982 urbis
2511 3927 2730 3999 praesul,
2759 3937 2818 3982 ut
2855 3929 2921 3984 ad
2950 3944 3077 3985 suas
3105 3932 3488 3989 verilicandum
3516 3943 3768 4004 properet

2194 4020 2518 4086 sanctiones,
2542 4018 2852 4089 suppliciter
2879 4022 3212 4076 obsecratur.
3260 4022 3469 4078 interea
3501 4023 3625 4079 dum
3650 4041 3783 4101 pro7

2194 4111 2389 4182 ingenii
2420 4111 2717 4181 capacitate
2738 4112 2807 4166 ab
2850 4112 3100 4168 omnibus
3127 4111 3268 4168 Deus
3289 4124 3495 4198 oratur,
3542 4114 3782 4193 presby-.

2196 4208 2296 4265 ter,
2350 4201 2612 4272 perceptis
2662 4200 2850 4256 salutis
2895 4202 3182 4273 mysteriis,
3231 4213 3286 4257 et
3337 4203 3543 4273 expleta
3574 4201 3781 4271 missa“

2193 4298 2462 4361 exutaque
2491 4291 2692 4359 casula,
2723 4293 3039 4363 ueterisque
3084 4293 3367 4349 sacerdotii
3412 4293 3761 4359 indumentis,

2193 4381 2419 4437 Crucem
2449 4381 2647 4437 Christi
2677 4392 2919 4454 portans,
2943 4399 3064 4437 cum
3093 4383 3375 4438 abbatibus
3402 4392 3458 4440 et
3485 4384 3771 4440 monachis.

2117 4447 2169 4506 Ῑ)
2197 4479 2448 4535 Letanias
2481 4477 2743 4544 faciendo,
2790 4480 2857 4534 ad
2896 4488 3074 4534 strues
3110 4478 3403 4550 lignorum,
3441 4475 3556 4546 jam
3601 4492 3783 4548 rogos,

2196 4570 2315 4625 ﬁeri
2346 4570 2685 4640 incipientes,
2711 4569 3123 4640 appropinquat.
3154 4568 3356 4638 Ibique,
3384 4582 3546 4637 quam
3582 4567 3761 4623 multi-

2194 4661 2406 4732 pliciter
2457 4652 2537 4716 ac
2571 4658 2907 4732 uniformiter
2958 4660 3026 4714 ab
3067 4659 3314 4714 omnibus
3358 4666 3567 4724 oratur,
3612 4657 3772 4714 nulla.

2195 4752 2374 4823 lingua
2403 4749 2523 4815 fari,
2551 4750 2728 4804 nullus
2751 4764 2938 4805 sensus
2970 4749 3267 4819 colligendo
3304 4748 3446 4802 valet
3487 4747 3754 4823 meditari.

2264 4842 2387 4897 100.
2438 4842 2679 4897 Tandem
2742 4842 3015 4897 silentium
3070 4841 3280 4897 cunctis
3329 4840 3758 4912 imponitur._Et

2190 4942 2250 4989 ut
2276 4932 2633 4988 conditionem
2665 4932 2765 4997 rei,
2793 4947 2891 5000 pro
2915 4948 3017 5001 qua
3039 4932 3153 4987 haec
3180 4932 3398 5005 llebant,
3426 4931 3631 5005 intente
3656 4946 3755 4985 au-

2189 5027 2421 5087 diamus.
2472 5035 2527 5080 et
2575 5027 2712 5082 bene
2760 5025 3143 5096 intelligamus.
3185 5041 3483 5098 monemur.
3531 5026 3785 5097 Eligitur.

2190 5116 2421 5186 denique
2445 5117 2695 5172 abbatum
2740 5132 2901 5184 unus,
2941 5124 3212 5175 clamosus
3254 5118 3311 5187 in
3352 5132 3504 5185 voce,
3538 5126 3759 5188 apertus
3774 5163 3789 5177 η.

2189 5206 2244 5283 in
2274 5205 2476 5277 lingua,
2505 5209 2596 5278 qui
2626 5217 2809 5280 aperte
2837 5210 2903 5288 ad
2933 5209 3326 5281 intelligendam
3347 5208 3668 5274 orationem,
3697 5213 3754 5264 ln

2189 5278 2295 5362 qua
2317 5296 2552 5354 conditio
2571 5278 2846 5362 petitionis
2863 5283 2930 5351 ad
2944 5278 3125 5353 Deum
3143 5298 3536 5362 continebatur,
3558 5296 3753 5362 popqu
3833 5339 3848 5352 .
