  <div class='ocr_page' id='page_1' title='image "/cluster/home/n/w/nwhite01/storage/ocr_20150623/146/hvd.32044015471832/416.png"; bbox 0 0 4110 5362; ppageno 0'>
   <div class='ocr_carea' id='block_1_1' title="bbox 309 164 402 219">
    <p class='ocr_par' dir='ltr' id='par_1_1' title="bbox 309 164 402 219">
     <span class='ocr_line' id='line_1_1' title="bbox 309 164 402 219; baseline 0 0"><span class='ocrx_word' id='word_1_1' title='bbox 309 164 402 219; x_wconf 75' lang='lat' dir='ltr'><strong>SOI</strong></span> 
     </span>
    </p>
   </div>
   <div class='ocr_carea' id='block_1_2' title="bbox 1829 151 2034 208">
    <p class='ocr_par' dir='ltr' id='par_1_2' title="bbox 1829 151 2034 208">
     <span class='ocr_line' id='line_1_2' title="bbox 1829 151 2034 208; baseline -0.02 0"><span class='ocrx_word' id='word_1_2' title='bbox 1829 151 2034 208; x_wconf 72' lang='lat' dir='ltr'><strong>ACTA.</strong></span> 
     </span>
    </p>
   </div>
   <div class='ocr_carea' id='block_1_3' title="bbox 3455 157 3561 212">
    <p class='ocr_par' dir='ltr' id='par_1_3' title="bbox 3455 157 3561 212">
     <span class='ocr_line' id='line_1_3' title="bbox 3455 157 3561 212; baseline 0 0"><span class='ocrx_word' id='word_1_3' title='bbox 3455 157 3561 212; x_wconf 69' lang='lat'><strong>80!</strong></span> 
     </span>
    </p>
   </div>
   <div class='ocr_carea' id='block_1_4' title="bbox 311 260 3556 348">
    <p class='ocr_par' dir='ltr' id='par_1_4' title="bbox 311 260 3556 348">
     <span class='ocr_line' id='line_1_4' title="bbox 311 260 3556 348; baseline 0.004 -40"><span class='ocrx_word' id='word_1_4' title='bbox 311 276 458 348; x_wconf 50' lang='lat' dir='ltr'><strong>legit.</strong></span> <span class='ocrx_word' id='word_1_5' title='bbox 513 271 953 330; x_wconf 50' lang='lat' dir='ltr'><strong>collaudantibus</strong></span> <span class='ocrx_word' id='word_1_6' title='bbox 1001 277 1179 326; x_wconf 55' lang='lat' dir='ltr'><strong>autem</strong></span> <span class='ocrx_word' id='word_1_7' title='bbox 1229 268 1440 325; x_wconf 65' lang='grc' dir='ltr'><strong>ςυηριῖε</strong></span> <span class='ocrx_word' id='word_1_8' title='bbox 1495 266 1885 326; x_wconf 76' lang='lat' dir='ltr'><strong>conditionem,</strong></span> <span class='ocrx_word' id='word_1_9' title='bbox 1917 263 1964 322; x_wconf 74' lang='grc' dir='ltr'><strong>Α</strong></span> <span class='ocrx_word' id='word_1_10' title='bbox 1993 262 2060 315; x_wconf 87' lang='lat' dir='ltr'><strong>ad</strong></span> <span class='ocrx_word' id='word_1_11' title='bbox 2087 260 2382 319; x_wconf 81' lang='lat' dir='ltr'><strong>Salvatoris</strong></span> <span class='ocrx_word' id='word_1_12' title='bbox 2411 263 2747 324; x_wconf 81' lang='lat' dir='ltr'><strong>miraculum,</strong></span> <span class='ocrx_word' id='word_1_13' title='bbox 2777 279 2880 319; x_wconf 92' lang='lat' dir='ltr'><strong>non</strong></span> <span class='ocrx_word' id='word_1_14' title='bbox 2902 265 2968 320; x_wconf 91' lang='lat' dir='ltr'><strong>ad</strong></span> <span class='ocrx_word' id='word_1_15' title='bbox 2996 265 3206 320; x_wconf 89' lang='lat' dir='ltr'><strong>ardoris</strong></span> <span class='ocrx_word' id='word_1_16' title='bbox 3229 266 3556 322; x_wconf 84' lang='lat' dir='ltr'><strong>incendium.</strong></span> 
     </span>
    </p>
   </div>
   <div class='ocr_carea' id='block_1_5' title="bbox 311 360 1885 433">
    <p class='ocr_par' dir='ltr' id='par_1_5' title="bbox 311 360 1885 433">
     <span class='ocr_line' id='line_1_5' title="bbox 311 360 1885 433; baseline -0.006 -9"><span class='ocrx_word' id='word_1_17' title='bbox 311 380 438 425; x_wconf 91' lang='lat' dir='ltr'><strong>tunc</strong></span> <span class='ocrx_word' id='word_1_18' title='bbox 490 370 686 425; x_wconf 92' lang='lat' dir='ltr'><strong>iterum</strong></span> <span class='ocrx_word' id='word_1_19' title='bbox 727 368 862 422; x_wconf 88' lang='lat' dir='ltr'><strong>alius</strong></span> <span class='ocrx_word' id='word_1_20' title='bbox 908 366 1162 421; x_wconf 76' lang='lat' dir='ltr'><strong>abbatum</strong></span> <span class='ocrx_word' id='word_1_21' title='bbox 1210 365 1482 420; x_wconf 89' lang='lat' dir='ltr'><strong>silentium</strong></span> <span class='ocrx_word' id='word_1_22' title='bbox 1540 362 1715 433; x_wconf 91' lang='lat' dir='ltr'><strong>petit,</strong></span> <span class='ocrx_word' id='word_1_23' title='bbox 1778 360 1885 415; x_wconf 80' lang='lat' dir='ltr'><strong>ele-</strong></span> 
     </span>
    </p>
   </div>
   <div class='ocr_carea' id='block_1_6' title="bbox 309 451 1884 533">
    <p class='ocr_par' dir='ltr' id='par_1_6' title="bbox 309 451 1884 533">
     <span class='ocr_line' id='line_1_6' title="bbox 309 451 1884 533; baseline -0.008 -16"><span class='ocrx_word' id='word_1_24' title='bbox 309 476 553 530; x_wconf 82' lang='lat' dir='ltr'><strong>vansque</strong></span> <span class='ocrx_word' id='word_1_25' title='bbox 608 458 842 533; x_wconf 76' lang='lat' dir='ltr'><strong>[vocem]</strong></span> <span class='ocrx_word' id='word_1_26' title='bbox 901 458 1192 526; x_wconf 69' lang='lat' dir='ltr'><strong>alloquitur</strong></span> <span class='ocrx_word' id='word_1_27' title='bbox 1250 471 1440 510; x_wconf 89' lang='lat' dir='ltr'><strong>omnes</strong></span> <span class='ocrx_word' id='word_1_28' title='bbox 1495 454 1719 509; x_wconf 88' lang='lat' dir='ltr'><strong>dicens:</strong></span> <span class='ocrx_word' id='word_1_29' title='bbox 1769 451 1884 505; x_wconf 78' lang='lat' dir='ltr'><strong>Viri</strong></span> 
     </span>
    </p>
   </div>
   <div class='ocr_carea' id='block_1_7' title="bbox 309 547 1882 618">
    <p class='ocr_par' dir='ltr' id='par_1_7' title="bbox 309 547 1882 618">
     <span class='ocr_line' id='line_1_7' title="bbox 309 547 1882 618; baseline -0.006 -14"><span class='ocrx_word' id='word_1_30' title='bbox 309 553 506 607; x_wconf 81' lang='lat' dir='ltr'><strong>fratres</strong></span> <span class='ocrx_word' id='word_1_31' title='bbox 532 560 587 607; x_wconf 90' lang='lat' dir='ltr'><strong>et</strong></span> <span class='ocrx_word' id='word_1_32' title='bbox 626 565 866 613; x_wconf 83' lang='lat' dir='ltr'><strong>sorores,</strong></span> <span class='ocrx_word' id='word_1_33' title='bbox 902 563 1000 618; x_wconf 91' lang='lat' dir='ltr'><strong>pro</strong></span> <span class='ocrx_word' id='word_1_34' title='bbox 1025 547 1196 601; x_wconf 89' lang='lat' dir='ltr'><strong>salute</strong></span> <span class='ocrx_word' id='word_1_35' title='bbox 1225 547 1528 600; x_wconf 89' lang='lat' dir='ltr'><strong>animarum</strong></span> <span class='ocrx_word' id='word_1_36' title='bbox 1559 554 1882 607; x_wconf 85' lang='lat' dir='ltr'><strong>vestrarum,</strong></span> 
     </span>
    </p>
   </div>
   <div class='ocr_carea' id='block_1_8' title="bbox 279 618 1884 706">
    <p class='ocr_par' dir='ltr' id='par_1_8' title="bbox 279 618 1884 706">
     <span class='ocr_line' id='line_1_8' title="bbox 279 618 1884 706; baseline -0.007 -9"><span class='ocrx_word' id='word_1_37' title='bbox 279 630 446 697; x_wconf 74' lang='lat' dir='ltr'><strong>lteste</strong></span> <span class='ocrx_word' id='word_1_38' title='bbox 492 640 622 704; x_wconf 88' lang='lat' dir='ltr'><strong>Deo,</strong></span> <span class='ocrx_word' id='word_1_39' title='bbox 675 643 778 695; x_wconf 91' lang='lat' dir='ltr'><strong>hoc</strong></span> <span class='ocrx_word' id='word_1_40' title='bbox 831 618 1080 703; x_wconf 62' lang='lat' dir='ltr'><strong>facimus:</strong></span> <span class='ocrx_word' id='word_1_41' title='bbox 1118 646 1177 692; x_wconf 95' lang='lat' dir='ltr'><strong>ut</strong></span> <span class='ocrx_word' id='word_1_42' title='bbox 1225 638 1478 706; x_wconf 80' lang='lat' dir='ltr'><strong>deinceps</strong></span> <span class='ocrx_word' id='word_1_43' title='bbox 1525 651 1552 687; x_wconf 90' lang='lat' dir='ltr'><strong>a</strong></span> <span class='ocrx_word' id='word_1_44' title='bbox 1580 634 1884 688; x_wconf 86' lang='lat' dir='ltr'><strong>Simoniaca</strong></span> 
     </span>
    </p>
   </div>
   <div class='ocr_carea' id='block_1_9' title="bbox 286 710 1886 801">
    <p class='ocr_par' dir='ltr' id='par_1_9' title="bbox 286 710 1886 801">
     <span class='ocr_line' id='line_1_9' title="bbox 286 710 1886 801; baseline -0.004 -17"><span class='ocrx_word' id='word_1_45' title='bbox 286 710 477 801; x_wconf 33' lang='lat' dir='ltr'><strong>&quot;lepra,</strong></span> <span class='ocrx_word' id='word_1_46' title='bbox 509 747 630 800; x_wconf 70' lang='lat' dir='ltr'><strong>qua:</strong></span> <span class='ocrx_word' id='word_1_47' title='bbox 657 730 768 785; x_wconf 92' lang='lat' dir='ltr'><strong>fere</strong></span> <span class='ocrx_word' id='word_1_48' title='bbox 789 732 900 801; x_wconf 91' lang='lat' dir='ltr'><strong>jam</strong></span> <span class='ocrx_word' id='word_1_49' title='bbox 931 739 1100 784; x_wconf 87' lang='lat' dir='ltr'><strong>totum</strong></span> <span class='ocrx_word' id='word_1_50' title='bbox 1130 727 1388 781; x_wconf 88' lang='lat' dir='ltr'><strong>mundum</strong></span> <span class='ocrx_word' id='word_1_51' title='bbox 1421 723 1655 796; x_wconf 79' lang='lat' dir='ltr'><strong>[infecit]</strong></span> <span class='ocrx_word' id='word_1_52' title='bbox 1692 738 1886 778; x_wconf 86' lang='lat' dir='ltr'><strong>cavea-</strong></span> 
     </span>
    </p>
   </div>
   <div class='ocr_carea' id='block_1_10' title="bbox 285 789 1888 888">
    <p class='ocr_par' dir='ltr' id='par_1_10' title="bbox 285 789 1888 888">
     <span class='ocr_line' id='line_1_10' title="bbox 285 789 1888 888; baseline -0.004 -16"><span class='ocrx_word' id='word_1_53' title='bbox 285 789 398 882; x_wconf 66' lang='lat' dir='ltr'><strong>itis.</strong></span> <span class='ocrx_word' id='word_1_54' title='bbox 427 819 594 888; x_wconf 88' lang='lat' dir='ltr'><strong>llujus</strong></span> <span class='ocrx_word' id='word_1_55' title='bbox 617 831 793 874; x_wconf 90' lang='lat' dir='ltr'><strong>autem</strong></span> <span class='ocrx_word' id='word_1_56' title='bbox 823 820 982 888; x_wconf 68' lang='lat' dir='ltr'><strong>lepra!</strong></span> <span class='ocrx_word' id='word_1_57' title='bbox 1013 817 1316 886; x_wconf 78' lang='lat' dir='ltr'><strong>contagium</strong></span> <span class='ocrx_word' id='word_1_58' title='bbox 1349 824 1454 868; x_wconf 88' lang='lat' dir='ltr'><strong>tam</strong></span> <span class='ocrx_word' id='word_1_59' title='bbox 1487 829 1738 884; x_wconf 85' lang='lat' dir='ltr'><strong>maguum</strong></span> <span class='ocrx_word' id='word_1_60' title='bbox 1767 826 1888 866; x_wconf 87' lang='lat' dir='ltr'><strong>esse</strong></span> 
     </span>
    </p>
   </div>
   <div class='ocr_carea' id='block_1_11' title="bbox 311 908 1891 983">
    <p class='ocr_par' dir='ltr' id='par_1_11' title="bbox 311 908 1891 983">
     <span class='ocr_line' id='line_1_11' title="bbox 311 908 1891 983; baseline -0.004 -17"><span class='ocrx_word' id='word_1_61' title='bbox 311 913 514 976; x_wconf 85' lang='lat' dir='ltr'><strong>sciatis,</strong></span> <span class='ocrx_word' id='word_1_62' title='bbox 545 914 687 983; x_wconf 90' lang='lat' dir='ltr'><strong>quod</strong></span> <span class='ocrx_word' id='word_1_63' title='bbox 719 912 887 982; x_wconf 87' lang='lat' dir='ltr'><strong>ipsius</strong></span> <span class='ocrx_word' id='word_1_64' title='bbox 914 910 1235 965; x_wconf 87' lang='lat' dir='ltr'><strong>immanitati</strong></span> <span class='ocrx_word' id='word_1_65' title='bbox 1268 919 1463 964; x_wconf 57' lang='lat' dir='ltr'><strong>caetera</strong></span> <span class='ocrx_word' id='word_1_66' title='bbox 1494 908 1718 963; x_wconf 89' lang='lat' dir='ltr'><strong>crimina</strong></span> <span class='ocrx_word' id='word_1_67' title='bbox 1741 922 1891 962; x_wconf 82' lang='lat' dir='ltr'><strong>com-</strong></span> 
     </span>
    </p>
   </div>
   <div class='ocr_carea' id='block_1_12' title="bbox 311 1001 1032 1072">
    <p class='ocr_par' dir='ltr' id='par_1_12' title="bbox 311 1001 1032 1072">
     <span class='ocr_line' id='line_1_12' title="bbox 311 1001 1032 1072; baseline -0.001 -17"><span class='ocrx_word' id='word_1_68' title='bbox 311 1011 520 1072; x_wconf 87' lang='lat' dir='ltr'><strong>parata,</strong></span> <span class='ocrx_word' id='word_1_69' title='bbox 547 1013 669 1058; x_wconf 91' lang='lat' dir='ltr'><strong>sunt</strong></span> <span class='ocrx_word' id='word_1_70' title='bbox 693 1001 846 1072; x_wconf 89' lang='lat' dir='ltr'><strong>quasi</strong></span> <span class='ocrx_word' id='word_1_71' title='bbox 881 1002 1032 1056; x_wconf 88' lang='lat' dir='ltr'><strong>nihil.</strong></span> 
     </span>
    </p>
   </div>
   <div class='ocr_carea' id='block_1_13' title="bbox 384 1087 1890 1161">
    <p class='ocr_par' dir='ltr' id='par_1_13' title="bbox 384 1087 1890 1161">
     <span class='ocr_line' id='line_1_13' title="bbox 384 1087 1890 1161; baseline -0.003 -16"><span class='ocrx_word' id='word_1_72' title='bbox 384 1093 505 1146; x_wconf 85' lang='grc'><strong>101.</strong></span> <span class='ocrx_word' id='word_1_73' title='bbox 549 1093 644 1146; x_wconf 88' lang='lat' dir='ltr'><strong>llis</strong></span> <span class='ocrx_word' id='word_1_74' title='bbox 693 1107 824 1161; x_wconf 78' lang='lat' dir='ltr'><strong>ergo</strong></span> <span class='ocrx_word' id='word_1_75' title='bbox 853 1092 1100 1161; x_wconf 74' lang='lat' dir='ltr'><strong>expletis,</strong></span> <span class='ocrx_word' id='word_1_76' title='bbox 1130 1107 1251 1147; x_wconf 88' lang='lat' dir='ltr'><strong>cum</strong></span> <span class='ocrx_word' id='word_1_77' title='bbox 1302 1090 1516 1159; x_wconf 83' lang='lat' dir='ltr'><strong>utrique</strong></span> <span class='ocrx_word' id='word_1_78' title='bbox 1543 1087 1655 1160; x_wconf 88' lang='lat' dir='ltr'><strong>rogi</strong></span> <span class='ocrx_word' id='word_1_79' title='bbox 1682 1087 1794 1156; x_wconf 87' lang='lat' dir='ltr'><strong>jam</strong></span> <span class='ocrx_word' id='word_1_80' title='bbox 1831 1099 1890 1141; x_wconf 83' lang='lat' dir='ltr'><strong>se</strong></span> 
     </span>
    </p>
   </div>
   <div class='ocr_carea' id='block_1_14' title="bbox 311 1179 1886 1251">
    <p class='ocr_par' dir='ltr' id='par_1_14' title="bbox 311 1179 1886 1251">
     <span class='ocr_line' id='line_1_14' title="bbox 311 1179 1886 1251; baseline -0.006 -13"><span class='ocrx_word' id='word_1_81' title='bbox 311 1199 374 1238; x_wconf 73' lang='lat' dir='ltr'><strong>ex</strong></span> <span class='ocrx_word' id='word_1_82' title='bbox 405 1181 594 1250; x_wconf 83' lang='lat' dir='ltr'><strong>majori</strong></span> <span class='ocrx_word' id='word_1_83' title='bbox 620 1191 772 1251; x_wconf 90' lang='lat' dir='ltr'><strong>parte</strong></span> <span class='ocrx_word' id='word_1_84' title='bbox 796 1182 846 1234; x_wconf 91' lang='lat' dir='ltr'><strong>in</strong></span> <span class='ocrx_word' id='word_1_85' title='bbox 874 1180 1266 1236; x_wconf 85' lang='lat' dir='ltr'><strong>ﬂammivomos</strong></span> <span class='ocrx_word' id='word_1_86' title='bbox 1291 1180 1580 1234; x_wconf 89' lang='lat' dir='ltr'><strong>vertissent</strong></span> <span class='ocrx_word' id='word_1_87' title='bbox 1604 1179 1886 1238; x_wconf 80' lang='lat' dir='ltr'><strong>carbones,</strong></span> 
     </span>
    </p>
   </div>
   <div class='ocr_carea' id='block_1_15' title="bbox 312 1269 1890 1338">
    <p class='ocr_par' dir='ltr' id='par_1_15' title="bbox 312 1269 1890 1338">
     <span class='ocr_line' id='line_1_15' title="bbox 312 1269 1890 1338; baseline -0.004 -12"><span class='ocrx_word' id='word_1_88' title='bbox 312 1282 366 1327; x_wconf 89' lang='lat' dir='ltr'><strong>ct</strong></span> <span class='ocrx_word' id='word_1_89' title='bbox 403 1287 524 1326; x_wconf 89' lang='lat' dir='ltr'><strong>cum</strong></span> <span class='ocrx_word' id='word_1_90' title='bbox 557 1271 730 1324; x_wconf 87' lang='lat' dir='ltr'><strong>media</strong></span> <span class='ocrx_word' id='word_1_91' title='bbox 757 1271 944 1324; x_wconf 81' lang='lat' dir='ltr'><strong>semita</strong></span> <span class='ocrx_word' id='word_1_92' title='bbox 975 1271 1362 1338; x_wconf 89' lang='lat' dir='ltr'><strong>iguivomarum</strong></span> <span class='ocrx_word' id='word_1_93' title='bbox 1406 1269 1556 1335; x_wconf 85' lang='lat' dir='ltr'><strong>ecpia</strong></span> <span class='ocrx_word' id='word_1_94' title='bbox 1595 1281 1890 1337; x_wconf 89' lang='lat' dir='ltr'><strong>prunarum</strong></span> 
     </span>
    </p>
   </div>
   <div class='ocr_carea' id='block_1_16' title="bbox 315 1358 1891 1431">
    <p class='ocr_par' dir='ltr' id='par_1_16' title="bbox 315 1358 1891 1431">
     <span class='ocr_line' id='line_1_16' title="bbox 315 1358 1891 1431; baseline -0.004 -13"><span class='ocrx_word' id='word_1_95' title='bbox 315 1374 459 1418; x_wconf 85' lang='lat' dir='ltr'><strong>tanta</strong></span> <span class='ocrx_word' id='word_1_96' title='bbox 490 1371 770 1426; x_wconf 61' lang='lat' dir='ltr'><strong>aestuaret,</strong></span> <span class='ocrx_word' id='word_1_97' title='bbox 812 1371 870 1416; x_wconf 89' lang='lat' dir='ltr'><strong>ut</strong></span> <span class='ocrx_word' id='word_1_98' title='bbox 901 1378 1069 1431; x_wconf 90' lang='lat' dir='ltr'><strong>usque</strong></span> <span class='ocrx_word' id='word_1_99' title='bbox 1095 1361 1159 1416; x_wconf 87' lang='lat' dir='ltr'><strong>ad</strong></span> <span class='ocrx_word' id='word_1_100' title='bbox 1198 1363 1330 1416; x_wconf 84' lang='lat' dir='ltr'><strong>talos</strong></span> <span class='ocrx_word' id='word_1_101' title='bbox 1366 1362 1518 1431; x_wconf 87' lang='lat' dir='ltr'><strong>pedis</strong></span> <span class='ocrx_word' id='word_1_102' title='bbox 1546 1360 1747 1421; x_wconf 86' lang='lat' dir='ltr'><strong>cuntis,</strong></span> <span class='ocrx_word' id='word_1_103' title='bbox 1785 1358 1891 1412; x_wconf 87' lang='lat' dir='ltr'><strong>sic-</strong></span> 
     </span>
    </p>
   </div>
   <div class='ocr_carea' id='block_1_17' title="bbox 314 1450 1889 1525">
    <p class='ocr_par' dir='ltr' id='par_1_17' title="bbox 314 1450 1889 1525">
     <span class='ocr_line' id='line_1_17' title="bbox 314 1450 1889 1525; baseline -0.004 -16"><span class='ocrx_word' id='word_1_104' title='bbox 314 1465 372 1509; x_wconf 91' lang='lat' dir='ltr'><strong>ut</strong></span> <span class='ocrx_word' id='word_1_105' title='bbox 405 1464 522 1525; x_wconf 90' lang='lat' dir='ltr'><strong>post</strong></span> <span class='ocrx_word' id='word_1_106' title='bbox 554 1455 604 1507; x_wconf 92' lang='lat' dir='ltr'><strong>in</strong></span> <span class='ocrx_word' id='word_1_107' title='bbox 637 1455 1006 1523; x_wconf 85' lang='lat' dir='ltr'><strong>probationem</strong></span> <span class='ocrx_word' id='word_1_108' title='bbox 1043 1455 1237 1524; x_wconf 88' lang='lat' dir='ltr'><strong>patuit,</strong></span> <span class='ocrx_word' id='word_1_109' title='bbox 1285 1455 1336 1507; x_wconf 89' lang='lat' dir='ltr'><strong>in</strong></span> <span class='ocrx_word' id='word_1_110' title='bbox 1367 1468 1567 1523; x_wconf 81' lang='lat' dir='ltr'><strong>prunas</strong></span> <span class='ocrx_word' id='word_1_111' title='bbox 1594 1450 1737 1520; x_wconf 83' lang='lat' dir='ltr'><strong>infigi</strong></span> <span class='ocrx_word' id='word_1_112' title='bbox 1771 1464 1889 1520; x_wconf 86' lang='lat' dir='ltr'><strong>pos-</strong></span> 
     </span>
    </p>
   </div>
   <div class='ocr_carea' id='block_1_18' title="bbox 313 1539 1891 1609">
    <p class='ocr_par' dir='ltr' id='par_1_18' title="bbox 313 1539 1891 1609">
     <span class='ocr_line' id='line_1_18' title="bbox 313 1539 1891 1609; baseline -0.003 -11"><span class='ocrx_word' id='word_1_113' title='bbox 313 1553 452 1606; x_wconf 80' lang='lat' dir='ltr'><strong>sent,</strong></span> <span class='ocrx_word' id='word_1_114' title='bbox 514 1545 771 1597; x_wconf 79' lang='lat' dir='ltr'><strong>sacerdos</strong></span> <span class='ocrx_word' id='word_1_115' title='bbox 823 1553 878 1596; x_wconf 88' lang='lat' dir='ltr'><strong>et</strong></span> <span class='ocrx_word' id='word_1_116' title='bbox 933 1544 1228 1597; x_wconf 76' lang='lat' dir='ltr'><strong>monachus</strong></span> <span class='ocrx_word' id='word_1_117' title='bbox 1277 1543 1428 1609; x_wconf 80' lang='lat' dir='ltr'><strong>jussu</strong></span> <span class='ocrx_word' id='word_1_118' title='bbox 1478 1541 1690 1596; x_wconf 89' lang='lat' dir='ltr'><strong>abbatis</strong></span> <span class='ocrx_word' id='word_1_119' title='bbox 1753 1539 1891 1593; x_wconf 89' lang='lat' dir='ltr'><strong>hanc</strong></span> 
     </span>
    </p>
   </div>
   <div class='ocr_carea' id='block_1_19' title="bbox 312 1634 1890 1706">
    <p class='ocr_par' dir='ltr' id='par_1_19' title="bbox 312 1634 1890 1706">
     <span class='ocr_line' id='line_1_19' title="bbox 312 1634 1890 1706; baseline -0.001 -18"><span class='ocrx_word' id='word_1_120' title='bbox 312 1637 610 1691; x_wconf 82' lang='lat' dir='ltr'><strong>orationem</strong></span> <span class='ocrx_word' id='word_1_121' title='bbox 639 1653 759 1690; x_wconf 89' lang='lat' dir='ltr'><strong>cum</strong></span> <span class='ocrx_word' id='word_1_122' title='bbox 797 1651 987 1706; x_wconf 87' lang='lat' dir='ltr'><strong>magna</strong></span> <span class='ocrx_word' id='word_1_123' title='bbox 1016 1651 1164 1701; x_wconf 80' lang='lat' dir='ltr'><strong>voce,</strong></span> <span class='ocrx_word' id='word_1_124' title='bbox 1195 1635 1532 1690; x_wconf 79' lang='lat' dir='ltr'><strong>audientibus</strong></span> <span class='ocrx_word' id='word_1_125' title='bbox 1555 1645 1608 1689; x_wconf 91' lang='lat' dir='ltr'><strong>et</strong></span> <span class='ocrx_word' id='word_1_126' title='bbox 1637 1634 1890 1688; x_wconf 90' lang='lat' dir='ltr'><strong>ﬂentibus</strong></span> 
     </span>
    </p>
   </div>
   <div class='ocr_carea' id='block_1_20' title="bbox 314 1726 1892 1789">
    <p class='ocr_par' dir='ltr' id='par_1_20' title="bbox 314 1726 1892 1789">
     <span class='ocr_line' id='line_1_20' title="bbox 314 1726 1892 1789; baseline -0.001 -8"><span class='ocrx_word' id='word_1_127' title='bbox 314 1728 428 1782; x_wconf 88' lang='lat' dir='ltr'><strong>fere</strong></span> <span class='ocrx_word' id='word_1_128' title='bbox 462 1729 633 1782; x_wconf 88' lang='lat' dir='ltr'><strong>tribus</strong></span> <span class='ocrx_word' id='word_1_129' title='bbox 685 1728 943 1789; x_wconf 82' lang='lat' dir='ltr'><strong>millibus,</strong></span> <span class='ocrx_word' id='word_1_130' title='bbox 997 1728 1134 1782; x_wconf 87' lang='lat' dir='ltr'><strong>fudit</strong></span> <span class='ocrx_word' id='word_1_131' title='bbox 1171 1730 1238 1781; x_wconf 87' lang='lat' dir='ltr'><strong>ad</strong></span> <span class='ocrx_word' id='word_1_132' title='bbox 1281 1727 1566 1780; x_wconf 86' lang='lat' dir='ltr'><strong>Dominum</strong></span> <span class='ocrx_word' id='word_1_133' title='bbox 1607 1743 1620 1780; x_wconf 88' lang='lat'><strong>:</strong></span> <span class='ocrx_word' id='word_1_134' title='bbox 1669 1726 1892 1780; x_wconf 85' lang='lat' dir='ltr'><strong>Domine</strong></span> 
     </span>
    </p>
   </div>
   <div class='ocr_carea' id='block_1_21' title="bbox 313 1815 1890 1881">
    <p class='ocr_par' dir='ltr' id='par_1_21' title="bbox 313 1815 1890 1881">
     <span class='ocr_line' id='line_1_21' title="bbox 313 1815 1890 1881; baseline -0.002 -10"><span class='ocrx_word' id='word_1_135' title='bbox 313 1815 439 1872; x_wconf 78' lang='lat' dir='ltr'><strong>Jcsu</strong></span> <span class='ocrx_word' id='word_1_136' title='bbox 477 1816 710 1881; x_wconf 84' lang='lat' dir='ltr'><strong>Christe,</strong></span> <span class='ocrx_word' id='word_1_137' title='bbox 753 1834 876 1872; x_wconf 89' lang='lat' dir='ltr'><strong>vera</strong></span> <span class='ocrx_word' id='word_1_138' title='bbox 937 1818 1020 1871; x_wconf 74' lang='lat' dir='ltr'><strong>lux</strong></span> <span class='ocrx_word' id='word_1_139' title='bbox 1075 1819 1313 1871; x_wconf 89' lang='lat' dir='ltr'><strong>omnium</strong></span> <span class='ocrx_word' id='word_1_140' title='bbox 1357 1819 1408 1871; x_wconf 90' lang='lat' dir='ltr'><strong>in</strong></span> <span class='ocrx_word' id='word_1_141' title='bbox 1450 1828 1501 1870; x_wconf 87' lang='lat' dir='ltr'><strong>te</strong></span> <span class='ocrx_word' id='word_1_142' title='bbox 1529 1817 1890 1880; x_wconf 82' lang='lat' dir='ltr'><strong>credentium,</strong></span> 
     </span>
    </p>
   </div>
   <div class='ocr_carea' id='block_1_22' title="bbox 317 1908 1888 1979">
    <p class='ocr_par' dir='ltr' id='par_1_22' title="bbox 317 1908 1888 1979">
     <span class='ocr_line' id='line_1_22' title="bbox 317 1908 1888 1979; baseline -0.003 -17"><span class='ocrx_word' id='word_1_143' title='bbox 317 1917 462 1962; x_wconf 91' lang='lat' dir='ltr'><strong>tuam</strong></span> <span class='ocrx_word' id='word_1_144' title='bbox 511 1909 934 1964; x_wconf 84' lang='lat' dir='ltr'><strong>misericordiam</strong></span> <span class='ocrx_word' id='word_1_145' title='bbox 966 1919 1107 1979; x_wconf 90' lang='lat' dir='ltr'><strong>pcto,</strong></span> <span class='ocrx_word' id='word_1_146' title='bbox 1145 1918 1287 1962; x_wconf 89' lang='lat' dir='ltr'><strong>tuam</strong></span> <span class='ocrx_word' id='word_1_147' title='bbox 1329 1908 1671 1962; x_wconf 79' lang='lat' dir='ltr'><strong>clementiam</strong></span> <span class='ocrx_word' id='word_1_148' title='bbox 1703 1922 1888 1972; x_wconf 72' lang='lat' dir='ltr'><strong>exoro,</strong></span> 
     </span>
    </p>
   </div>
   <div class='ocr_carea' id='block_1_23' title="bbox 316 1996 1893 2070">
    <p class='ocr_par' dir='ltr' id='par_1_23' title="bbox 316 1996 1893 2070">
     <span class='ocr_line' id='line_1_23' title="bbox 316 1996 1893 2070; baseline 0 -20"><span class='ocrx_word' id='word_1_149' title='bbox 316 2008 373 2051; x_wconf 84' lang='lat' dir='ltr'><strong>ut</strong></span> <span class='ocrx_word' id='word_1_150' title='bbox 399 1999 442 2052; x_wconf 91' lang='lat' dir='ltr'><strong>si</strong></span> <span class='ocrx_word' id='word_1_151' title='bbox 477 1996 670 2052; x_wconf 90' lang='lat' dir='ltr'><strong>Petrus</strong></span> <span class='ocrx_word' id='word_1_152' title='bbox 697 1999 973 2068; x_wconf 85' lang='lat' dir='ltr'><strong>Papiensis</strong></span> <span class='ocrx_word' id='word_1_153' title='bbox 997 2001 1087 2070; x_wconf 92' lang='lat' dir='ltr'><strong>qui</strong></span> <span class='ocrx_word' id='word_1_154' title='bbox 1132 2000 1473 2054; x_wconf 86' lang='lat' dir='ltr'><strong>Florentinus</strong></span> <span class='ocrx_word' id='word_1_155' title='bbox 1499 1999 1783 2069; x_wconf 87' lang='lat' dir='ltr'><strong>cpiscopus</strong></span> <span class='ocrx_word' id='word_1_156' title='bbox 1813 1998 1893 2051; x_wconf 87' lang='lat' dir='ltr'><strong>di-</strong></span> 
     </span>
    </p>
   </div>
   <div class='ocr_carea' id='block_1_24' title="bbox 313 2087 1892 2158">
    <p class='ocr_par' dir='ltr' id='par_1_24' title="bbox 313 2087 1892 2158">
     <span class='ocr_line' id='line_1_24' title="bbox 313 2087 1892 2158; baseline 0.001 -20"><span class='ocrx_word' id='word_1_157' title='bbox 313 2087 478 2150; x_wconf 88' lang='lat' dir='ltr'><strong>citur,</strong></span> <span class='ocrx_word' id='word_1_158' title='bbox 521 2087 824 2142; x_wconf 79' lang='lat' dir='ltr'><strong>interventu</strong></span> <span class='ocrx_word' id='word_1_159' title='bbox 855 2090 1118 2158; x_wconf 85' lang='lat' dir='ltr'><strong>pecuni:e,</strong></span> <span class='ocrx_word' id='word_1_160' title='bbox 1167 2089 1216 2142; x_wconf 92' lang='lat' dir='ltr'><strong>id</strong></span> <span class='ocrx_word' id='word_1_161' title='bbox 1263 2098 1346 2143; x_wconf 91' lang='lat' dir='ltr'><strong>est</strong></span> <span class='ocrx_word' id='word_1_162' title='bbox 1387 2103 1610 2144; x_wconf 89' lang='lat' dir='ltr'><strong>munere</strong></span> <span class='ocrx_word' id='word_1_163' title='bbox 1637 2104 1666 2141; x_wconf 88' lang='lat' dir='ltr'><strong>a</strong></span> <span class='ocrx_word' id='word_1_164' title='bbox 1711 2104 1892 2151; x_wconf 88' lang='lat' dir='ltr'><strong>manu,</strong></span> 
     </span>
    </p>
   </div>
   <div class='ocr_carea' id='block_1_25' title="bbox 313 2181 1896 2250">
    <p class='ocr_par' dir='ltr' id='par_1_25' title="bbox 313 2181 1896 2250">
     <span class='ocr_line' id='line_1_25' title="bbox 313 2181 1896 2250; baseline 0.003 -19"><span class='ocrx_word' id='word_1_165' title='bbox 313 2181 455 2248; x_wconf 84' lang='lat' dir='ltr'><strong>quod</strong></span> <span class='ocrx_word' id='word_1_166' title='bbox 487 2190 566 2234; x_wconf 90' lang='lat' dir='ltr'><strong>est</strong></span> <span class='ocrx_word' id='word_1_167' title='bbox 605 2181 911 2235; x_wconf 85' lang='lat' dir='ltr'><strong>Simoniaca</strong></span> <span class='ocrx_word' id='word_1_168' title='bbox 959 2183 1202 2246; x_wconf 76' lang='lat' dir='ltr'><strong>lueresis,</strong></span> <span class='ocrx_word' id='word_1_169' title='bbox 1249 2181 1615 2235; x_wconf 83' lang='lat' dir='ltr'><strong>Florentinam</strong></span> <span class='ocrx_word' id='word_1_170' title='bbox 1665 2181 1896 2250; x_wconf 83' lang='lat' dir='ltr'><strong>arripuit</strong></span> 
     </span>
    </p>
   </div>
   <div class='ocr_carea' id='block_1_26' title="bbox 315 2269 1892 2336">
    <p class='ocr_par' dir='ltr' id='par_1_26' title="bbox 315 2269 1892 2336">
     <span class='ocr_line' id='line_1_26' title="bbox 315 2269 1892 2336; baseline -0.001 -12"><span class='ocrx_word' id='word_1_171' title='bbox 315 2272 527 2336; x_wconf 86' lang='lat' dir='ltr'><strong>sedem;</strong></span> <span class='ocrx_word' id='word_1_172' title='bbox 570 2287 712 2324; x_wconf 91' lang='lat' dir='ltr'><strong>nunc</strong></span> <span class='ocrx_word' id='word_1_173' title='bbox 766 2281 819 2325; x_wconf 93' lang='lat' dir='ltr'><strong>tu</strong></span> <span class='ocrx_word' id='word_1_174' title='bbox 867 2271 962 2324; x_wconf 85' lang='lat' dir='ltr'><strong>Fili</strong></span> <span class='ocrx_word' id='word_1_175' title='bbox 995 2272 1179 2325; x_wconf 60' lang='lat' dir='ltr'><strong>interni</strong></span> <span class='ocrx_word' id='word_1_176' title='bbox 1214 2271 1414 2335; x_wconf 82' lang='lat' dir='ltr'><strong>Patris,</strong></span> <span class='ocrx_word' id='word_1_177' title='bbox 1459 2270 1604 2326; x_wconf 89' lang='lat' dir='ltr'><strong>salus</strong></span> <span class='ocrx_word' id='word_1_178' title='bbox 1636 2286 1790 2336; x_wconf 76' lang='lat' dir='ltr'><strong>mea,</strong></span> <span class='ocrx_word' id='word_1_179' title='bbox 1839 2269 1892 2324; x_wconf 91' lang='lat' dir='ltr'><strong>in</strong></span> 
     </span>
    </p>
   </div>
   <div class='ocr_carea' id='block_1_27' title="bbox 317 2361 1893 2433">
    <p class='ocr_par' dir='ltr' id='par_1_27' title="bbox 317 2361 1893 2433">
     <span class='ocr_line' id='line_1_27' title="bbox 317 2361 1893 2433; baseline -0.001 -18"><span class='ocrx_word' id='word_1_180' title='bbox 317 2361 420 2415; x_wconf 90' lang='lat' dir='ltr'><strong>hoc</strong></span> <span class='ocrx_word' id='word_1_181' title='bbox 447 2363 728 2416; x_wconf 89' lang='lat' dir='ltr'><strong>tremendo</strong></span> <span class='ocrx_word' id='word_1_182' title='bbox 756 2362 960 2432; x_wconf 90' lang='lat' dir='ltr'><strong>judicio</strong></span> <span class='ocrx_word' id='word_1_183' title='bbox 989 2362 1053 2415; x_wconf 89' lang='lat' dir='ltr'><strong>ad</strong></span> <span class='ocrx_word' id='word_1_184' title='bbox 1086 2363 1442 2433; x_wconf 87' lang='lat' dir='ltr'><strong>adjuvandum</strong></span> <span class='ocrx_word' id='word_1_185' title='bbox 1478 2378 1562 2415; x_wconf 90' lang='lat' dir='ltr'><strong>me</strong></span> <span class='ocrx_word' id='word_1_186' title='bbox 1591 2362 1800 2423; x_wconf 86' lang='lat' dir='ltr'><strong>festina,</strong></span> <span class='ocrx_word' id='word_1_187' title='bbox 1841 2369 1893 2414; x_wconf 89' lang='lat' dir='ltr'><strong>et</strong></span> 
     </span>
    </p>
   </div>
   <div class='ocr_carea' id='block_1_28' title="bbox 317 2451 1896 2509">
    <p class='ocr_par' dir='ltr' id='par_1_28' title="bbox 317 2451 1896 2509">
     <span class='ocr_line' id='line_1_28' title="bbox 317 2451 1896 2509; baseline 0.001 -3"><span class='ocrx_word' id='word_1_188' title='bbox 317 2466 406 2507; x_wconf 87' lang='lat' dir='ltr'><strong>tne</strong></span> <span class='ocrx_word' id='word_1_189' title='bbox 461 2451 683 2507; x_wconf 59' lang='lat' dir='ltr'><strong>illaesum</strong></span> <span class='ocrx_word' id='word_1_190' title='bbox 727 2454 845 2508; x_wconf 90' lang='lat' dir='ltr'><strong>sine</strong></span> <span class='ocrx_word' id='word_1_191' title='bbox 896 2455 1282 2508; x_wconf 89' lang='lat' dir='ltr'><strong>combustiouis</strong></span> <span class='ocrx_word' id='word_1_192' title='bbox 1320 2454 1528 2509; x_wconf 84' lang='lat' dir='ltr'><strong>macula</strong></span> <span class='ocrx_word' id='word_1_193' title='bbox 1577 2453 1896 2508; x_wconf 90' lang='lat' dir='ltr'><strong>mirabiliter</strong></span> 
     </span>
    </p>
   </div>
   <div class='ocr_carea' id='block_1_29' title="bbox 317 2545 1892 2615">
    <p class='ocr_par' dir='ltr' id='par_1_29' title="bbox 317 2545 1892 2615">
     <span class='ocr_line' id='line_1_29' title="bbox 317 2545 1892 2615; baseline 0.001 -17"><span class='ocrx_word' id='word_1_194' title='bbox 317 2559 602 2610; x_wconf 85' lang='lat' dir='ltr'><strong>conserva,</strong></span> <span class='ocrx_word' id='word_1_195' title='bbox 628 2546 768 2600; x_wconf 90' lang='lat' dir='ltr'><strong>sicut</strong></span> <span class='ocrx_word' id='word_1_196' title='bbox 796 2547 1064 2615; x_wconf 89' lang='lat' dir='ltr'><strong>quondam</strong></span> <span class='ocrx_word' id='word_1_197' title='bbox 1094 2546 1289 2600; x_wconf 84' lang='lat' dir='ltr'><strong>ill-.esos</strong></span> <span class='ocrx_word' id='word_1_198' title='bbox 1315 2545 1534 2600; x_wconf 85' lang='lat' dir='ltr'><strong>salvasti</strong></span> <span class='ocrx_word' id='word_1_199' title='bbox 1563 2554 1670 2600; x_wconf 86' lang='lat' dir='ltr'><strong>tres</strong></span> <span class='ocrx_word' id='word_1_200' title='bbox 1698 2559 1892 2615; x_wconf 87' lang='lat' dir='ltr'><strong>pueros</strong></span> 
     </span>
    </p>
   </div>
   <div class='ocr_carea' id='block_1_30' title="bbox 317 2637 1896 2706">
    <p class='ocr_par' dir='ltr' id='par_1_30' title="bbox 317 2637 1896 2706">
     <span class='ocr_line' id='line_1_30' title="bbox 317 2637 1896 2706; baseline 0 -15"><span class='ocrx_word' id='word_1_201' title='bbox 317 2638 370 2691; x_wconf 87' lang='lat' dir='ltr'><strong>in</strong></span> <span class='ocrx_word' id='word_1_202' title='bbox 398 2639 614 2694; x_wconf 88' lang='lat' dir='ltr'><strong>camino</strong></span> <span class='ocrx_word' id='word_1_203' title='bbox 657 2640 795 2706; x_wconf 78' lang='lat' dir='ltr'><strong>ignis</strong></span> <span class='ocrx_word' id='word_1_204' title='bbox 840 2640 1100 2694; x_wconf 85' lang='lat' dir='ltr'><strong>ardentis.</strong></span> <span class='ocrx_word' id='word_1_205' title='bbox 1134 2639 1232 2704; x_wconf 84' lang='lat' dir='ltr'><strong>Qui</strong></span> <span class='ocrx_word' id='word_1_206' title='bbox 1278 2655 1399 2694; x_wconf 92' lang='lat' dir='ltr'><strong>cum</strong></span> <span class='ocrx_word' id='word_1_207' title='bbox 1431 2648 1698 2694; x_wconf 69' lang='lat' dir='ltr'><strong>coaeterno</strong></span> <span class='ocrx_word' id='word_1_208' title='bbox 1738 2637 1896 2692; x_wconf 87' lang='lat' dir='ltr'><strong>Patre</strong></span> 
     </span>
    </p>
   </div>
   <div class='ocr_carea' id='block_1_31' title="bbox 323 2727 1898 2799">
    <p class='ocr_par' dir='ltr' id='par_1_31' title="bbox 323 2727 1898 2799">
     <span class='ocr_line' id='line_1_31' title="bbox 323 2727 1898 2799; baseline 0.002 -20"><span class='ocrx_word' id='word_1_209' title='bbox 323 2735 432 2793; x_wconf 91' lang='lat' dir='ltr'><strong>tuo,</strong></span> <span class='ocrx_word' id='word_1_210' title='bbox 456 2738 512 2782; x_wconf 91' lang='lat' dir='ltr'><strong>ct</strong></span> <span class='ocrx_word' id='word_1_211' title='bbox 533 2727 734 2796; x_wconf 90' lang='lat' dir='ltr'><strong>Spiritu</strong></span> <span class='ocrx_word' id='word_1_212' title='bbox 773 2739 959 2783; x_wconf 89' lang='lat' dir='ltr'><strong>sancto</strong></span> <span class='ocrx_word' id='word_1_213' title='bbox 985 2731 1164 2783; x_wconf 90' lang='lat' dir='ltr'><strong>omnia</strong></span> <span class='ocrx_word' id='word_1_214' title='bbox 1197 2731 1526 2799; x_wconf 81' lang='lat' dir='ltr'><strong>cooperaris,</strong></span> <span class='ocrx_word' id='word_1_215' title='bbox 1557 2739 1612 2784; x_wconf 89' lang='lat' dir='ltr'><strong>et</strong></span> <span class='ocrx_word' id='word_1_216' title='bbox 1655 2729 1810 2795; x_wconf 81' lang='lat' dir='ltr'><strong>vivis,</strong></span> <span class='ocrx_word' id='word_1_217' title='bbox 1841 2737 1898 2782; x_wconf 88' lang='lat' dir='ltr'><strong>et</strong></span> 
     </span>
    </p>
   </div>
   <div class='ocr_carea' id='block_1_32' title="bbox 321 2819 1182 2888">
    <p class='ocr_par' dir='ltr' id='par_1_32' title="bbox 321 2819 1182 2888">
     <span class='ocr_line' id='line_1_32' title="bbox 321 2819 1182 2888; baseline 0.001 -16"><span class='ocrx_word' id='word_1_218' title='bbox 321 2835 514 2888; x_wconf 90' lang='lat' dir='ltr'><strong>regnas</strong></span> <span class='ocrx_word' id='word_1_219' title='bbox 542 2820 592 2872; x_wconf 91' lang='lat' dir='ltr'><strong>in</strong></span> <span class='ocrx_word' id='word_1_220' title='bbox 623 2819 816 2874; x_wconf 68' lang='lat' dir='ltr'><strong>saecula</strong></span> <span class='ocrx_word' id='word_1_221' title='bbox 845 2820 1182 2874; x_wconf 62' lang='lat' dir='ltr'><strong>saeculorum.</strong></span> 
     </span>
    </p>
   </div>
   <div class='ocr_carea' id='block_1_33' title="bbox 390 2909 1892 2982">
    <p class='ocr_par' dir='ltr' id='par_1_33' title="bbox 390 2909 1892 2982">
     <span class='ocr_line' id='line_1_33' title="bbox 390 2909 1892 2982; baseline 0.001 -20"><span class='ocrx_word' id='word_1_222' title='bbox 390 2909 512 2963; x_wconf 64' lang='lat'><strong>501.</strong></span> <span class='ocrx_word' id='word_1_223' title='bbox 579 2910 820 2980; x_wconf 79' lang='lat' dir='ltr'><strong>Cumque</strong></span> <span class='ocrx_word' id='word_1_224' title='bbox 865 2927 1095 2974; x_wconf 90' lang='lat' dir='ltr'><strong>omnes,</strong></span> <span class='ocrx_word' id='word_1_225' title='bbox 1145 2911 1235 2982; x_wconf 92' lang='lat' dir='ltr'><strong>qui</strong></span> <span class='ocrx_word' id='word_1_226' title='bbox 1282 2912 1526 2975; x_wconf 83' lang='lat' dir='ltr'><strong>aderant,</strong></span> <span class='ocrx_word' id='word_1_227' title='bbox 1588 2909 1892 2980; x_wconf 88' lang='lat' dir='ltr'><strong>respondis-</strong></span> 
     </span>
    </p>
   </div>
   <div class='ocr_carea' id='block_1_34' title="bbox 318 3002 1890 3071">
    <p class='ocr_par' dir='ltr' id='par_1_34' title="bbox 318 3002 1890 3071">
     <span class='ocr_line' id='line_1_34' title="bbox 318 3002 1890 3071; baseline 0.001 -16"><span class='ocrx_word' id='word_1_228' title='bbox 318 3010 460 3064; x_wconf 82' lang='lat' dir='ltr'><strong>sent,</strong></span> <span class='ocrx_word' id='word_1_229' title='bbox 493 3002 658 3055; x_wconf 84' lang='lat' dir='ltr'><strong>Amen</strong></span> <span class='ocrx_word' id='word_1_230' title='bbox 690 3018 703 3053; x_wconf 90' lang='lat'>:</span> <span class='ocrx_word' id='word_1_231' title='bbox 745 3003 892 3071; x_wconf 87' lang='lat' dir='ltr'><strong>pacis</strong></span> <span class='ocrx_word' id='word_1_232' title='bbox 919 3002 1160 3056; x_wconf 89' lang='lat' dir='ltr'><strong>osculum</strong></span> <span class='ocrx_word' id='word_1_233' title='bbox 1193 3003 1450 3057; x_wconf 90' lang='lat' dir='ltr'><strong>fratribus</strong></span> <span class='ocrx_word' id='word_1_234' title='bbox 1477 3004 1624 3058; x_wconf 87' lang='lat' dir='ltr'><strong>dedit</strong></span> <span class='ocrx_word' id='word_1_235' title='bbox 1652 3011 1706 3056; x_wconf 89' lang='lat' dir='ltr'><strong>et</strong></span> <span class='ocrx_word' id='word_1_236' title='bbox 1734 3017 1890 3056; x_wconf 87' lang='lat' dir='ltr'><strong>acce-</strong></span> 
     </span>
    </p>
   </div>
   <div class='ocr_carea' id='block_1_35' title="bbox 321 3092 1891 3163">
    <p class='ocr_par' dir='ltr' id='par_1_35' title="bbox 321 3092 1891 3163">
     <span class='ocr_line' id='line_1_35' title="bbox 321 3092 1891 3163; baseline 0.002 -20"><span class='ocrx_word' id='word_1_237' title='bbox 321 3092 417 3159; x_wconf 89' lang='lat' dir='ltr'><strong>pit.</strong></span> <span class='ocrx_word' id='word_1_238' title='bbox 447 3093 845 3162; x_wconf 84' lang='lat' dir='ltr'><strong>luterrogamur</strong></span> <span class='ocrx_word' id='word_1_239' title='bbox 873 3108 1060 3148; x_wconf 87' lang='lat' dir='ltr'><strong>omnes</strong></span> <span class='ocrx_word' id='word_1_240' title='bbox 1095 3111 1108 3146; x_wconf 90' lang='lat'><strong>:</strong></span> <span class='ocrx_word' id='word_1_241' title='bbox 1142 3095 1384 3160; x_wconf 77' lang='lat' dir='ltr'><strong>Quantliu</strong></span> <span class='ocrx_word' id='word_1_242' title='bbox 1415 3095 1577 3148; x_wconf 90' lang='lat' dir='ltr'><strong>vultis</strong></span> <span class='ocrx_word' id='word_1_243' title='bbox 1619 3094 1792 3163; x_wconf 89' lang='lat' dir='ltr'><strong>ipsum</strong></span> <span class='ocrx_word' id='word_1_244' title='bbox 1838 3094 1891 3148; x_wconf 91' lang='lat' dir='ltr'><strong>in</strong></span> 
     </span>
    </p>
   </div>
   <div class='ocr_carea' id='block_1_36' title="bbox 317 3184 1890 3256">
    <p class='ocr_par' dir='ltr' id='par_1_36' title="bbox 317 3184 1890 3256">
     <span class='ocr_line' id='line_1_36' title="bbox 317 3184 1890 3256; baseline 0.001 -18"><span class='ocrx_word' id='word_1_245' title='bbox 317 3184 442 3254; x_wconf 85' lang='lat' dir='ltr'><strong>igne</strong></span> <span class='ocrx_word' id='word_1_246' title='bbox 477 3187 736 3240; x_wconf 89' lang='lat' dir='ltr'><strong>manere?</strong></span> <span class='ocrx_word' id='word_1_247' title='bbox 775 3186 1111 3256; x_wconf 82' lang='lat' dir='ltr'><strong>Responsum</strong></span> <span class='ocrx_word' id='word_1_248' title='bbox 1148 3198 1225 3242; x_wconf 91' lang='lat' dir='ltr'><strong>est</strong></span> <span class='ocrx_word' id='word_1_249' title='bbox 1265 3190 1331 3243; x_wconf 93' lang='lat' dir='ltr'><strong>ab</strong></span> <span class='ocrx_word' id='word_1_250' title='bbox 1358 3189 1646 3242; x_wconf 90' lang='lat' dir='ltr'><strong>omnibus:</strong></span> <span class='ocrx_word' id='word_1_251' title='bbox 1694 3187 1783 3250; x_wconf 82' lang='lat' dir='ltr'><strong>At,</strong></span> <span class='ocrx_word' id='word_1_252' title='bbox 1814 3195 1890 3252; x_wconf 91' lang='lat' dir='ltr'><strong>at,</strong></span> 
     </span>
    </p>
   </div>
   <div class='ocr_carea' id='block_1_37' title="bbox 319 3276 1891 3344">
    <p class='ocr_par' dir='ltr' id='par_1_37' title="bbox 319 3276 1891 3344">
     <span class='ocr_line' id='line_1_37' title="bbox 319 3276 1891 3344; baseline 0.003 -16"><span class='ocrx_word' id='word_1_253' title='bbox 319 3276 446 3343; x_wconf 86' lang='lat' dir='ltr'><strong>quid</strong></span> <span class='ocrx_word' id='word_1_254' title='bbox 474 3277 694 3331; x_wconf 84' lang='lat' dir='ltr'><strong>dicitis?</strong></span> <span class='ocrx_word' id='word_1_255' title='bbox 739 3277 968 3343; x_wconf 88' lang='lat' dir='ltr'><strong>Suﬂicit,</strong></span> <span class='ocrx_word' id='word_1_256' title='bbox 1014 3280 1253 3341; x_wconf 87' lang='lat' dir='ltr'><strong>Domine,</strong></span> <span class='ocrx_word' id='word_1_257' title='bbox 1293 3281 1446 3344; x_wconf 78' lang='lat' dir='ltr'><strong>satis,</strong></span> <span class='ocrx_word' id='word_1_258' title='bbox 1494 3295 1616 3335; x_wconf 88' lang='lat' dir='ltr'><strong>eum</strong></span> <span class='ocrx_word' id='word_1_259' title='bbox 1666 3279 1891 3334; x_wconf 86' lang='lat' dir='ltr'><strong>solemni</strong></span> 
     </span>
    </p>
   </div>
   <div class='ocr_carea' id='block_1_38' title="bbox 320 3366 1892 3438">
    <p class='ocr_par' dir='ltr' id='par_1_38' title="bbox 320 3366 1892 3438">
     <span class='ocr_line' id='line_1_38' title="bbox 320 3366 1892 3438; baseline 0.003 -21"><span class='ocrx_word' id='word_1_260' title='bbox 320 3366 583 3434; x_wconf 78' lang='lat' dir='ltr'><strong>gravitate</strong></span> <span class='ocrx_word' id='word_1_261' title='bbox 629 3366 953 3435; x_wconf 89' lang='lat' dir='ltr'><strong>pedetentim</strong></span> <span class='ocrx_word' id='word_1_262' title='bbox 997 3369 1172 3438; x_wconf 85' lang='lat' dir='ltr'><strong>ignem</strong></span> <span class='ocrx_word' id='word_1_263' title='bbox 1221 3367 1572 3438; x_wconf 88' lang='lat' dir='ltr'><strong>ﬂammasque</strong></span> <span class='ocrx_word' id='word_1_264' title='bbox 1621 3369 1892 3422; x_wconf 88' lang='lat' dir='ltr'><strong>transire:</strong></span> 
     </span>
    </p>
   </div>
   <div class='ocr_carea' id='block_1_39' title="bbox 315 3455 1896 3525">
    <p class='ocr_par' dir='ltr' id='par_1_39' title="bbox 315 3455 1896 3525">
     <span class='ocr_line' id='line_1_39' title="bbox 315 3455 1896 3525; baseline 0.004 -19"><span class='ocrx_word' id='word_1_265' title='bbox 315 3455 535 3521; x_wconf 77' lang='lat' dir='ltr'><strong>jubetur</strong></span> <span class='ocrx_word' id='word_1_266' title='bbox 562 3456 779 3525; x_wconf 90' lang='lat' dir='ltr'><strong>quidem</strong></span> <span class='ocrx_word' id='word_1_267' title='bbox 823 3458 1090 3512; x_wconf 87' lang='lat' dir='ltr'><strong>sacerdoti</strong></span> <span class='ocrx_word' id='word_1_268' title='bbox 1121 3468 1175 3513; x_wconf 90' lang='lat' dir='ltr'><strong>et</strong></span> <span class='ocrx_word' id='word_1_269' title='bbox 1207 3462 1469 3513; x_wconf 76' lang='lat' dir='ltr'><strong>monacho</strong></span> <span class='ocrx_word' id='word_1_270' title='bbox 1511 3459 1768 3514; x_wconf 89' lang='lat' dir='ltr'><strong>voluntati</strong></span> <span class='ocrx_word' id='word_1_271' title='bbox 1801 3474 1896 3513; x_wconf 85' lang='lat' dir='ltr'><strong>no-</strong></span> 
     </span>
    </p>
   </div>
   <div class='ocr_carea' id='block_1_40' title="bbox 318 3547 1896 3622">
    <p class='ocr_par' dir='ltr' id='par_1_40' title="bbox 318 3547 1896 3622">
     <span class='ocr_line' id='line_1_40' title="bbox 318 3547 1896 3622; baseline 0.003 -21"><span class='ocrx_word' id='word_1_272' title='bbox 318 3555 448 3602; x_wconf 66' lang='lat' dir='ltr'><strong>strue</strong></span> <span class='ocrx_word' id='word_1_273' title='bbox 492 3547 827 3604; x_wconf 84' lang='lat' dir='ltr'><strong>satisfacere.</strong></span> <span class='ocrx_word' id='word_1_274' title='bbox 862 3550 1014 3604; x_wconf 90' lang='lat' dir='ltr'><strong>Tunc</strong></span> <span class='ocrx_word' id='word_1_275' title='bbox 1063 3551 1175 3621; x_wconf 89' lang='lat' dir='ltr'><strong>ipse</strong></span> <span class='ocrx_word' id='word_1_276' title='bbox 1223 3552 1475 3606; x_wconf 89' lang='lat' dir='ltr'><strong>sacerdos</strong></span> <span class='ocrx_word' id='word_1_277' title='bbox 1519 3560 1704 3606; x_wconf 87' lang='lat' dir='ltr'><strong>contra</strong></span> <span class='ocrx_word' id='word_1_278' title='bbox 1759 3550 1896 3622; x_wconf 81' lang='lat' dir='ltr'><strong>ignis</strong></span> 
     </span>
    </p>
   </div>
   <div class='ocr_carea' id='block_1_41' title="bbox 318 3640 1940 3712">
    <p class='ocr_par' dir='ltr' id='par_1_41' title="bbox 318 3640 1940 3712">
     <span class='ocr_line' id='line_1_41' title="bbox 318 3640 1940 3712; baseline 0.002 -20"><span class='ocrx_word' id='word_1_279' title='bbox 318 3640 566 3693; x_wconf 88' lang='lat' dir='ltr'><strong>ardorem</strong></span> <span class='ocrx_word' id='word_1_280' title='bbox 598 3640 832 3695; x_wconf 86' lang='lat' dir='ltr'><strong>salutare</strong></span> <span class='ocrx_word' id='word_1_281' title='bbox 867 3642 1076 3712; x_wconf 85' lang='lat' dir='ltr'><strong>signum</strong></span> <span class='ocrx_word' id='word_1_282' title='bbox 1113 3641 1336 3706; x_wconf 86' lang='lat' dir='ltr'><strong>faciens,</strong></span> <span class='ocrx_word' id='word_1_283' title='bbox 1369 3643 1704 3712; x_wconf 89' lang='lat' dir='ltr'><strong>Crucemque</strong></span> <span class='ocrx_word' id='word_1_284' title='bbox 1743 3642 1898 3697; x_wconf 83' lang='lat' dir='ltr'><strong>Chri-</strong></span> <span class='ocrx_word' id='word_1_285' title='bbox 1925 3659 1940 3676; x_wconf 79' lang='grc' dir='ltr'><strong>ο</strong></span> 
     </span>
    </p>
   </div>
   <div class='ocr_carea' id='block_1_42' title="bbox 321 3727 1898 3799">
    <p class='ocr_par' dir='ltr' id='par_1_42' title="bbox 321 3727 1898 3799">
     <span class='ocr_line' id='line_1_42' title="bbox 321 3727 1898 3799; baseline 0.003 -19"><span class='ocrx_word' id='word_1_286' title='bbox 321 3727 390 3781; x_wconf 89' lang='lat' dir='ltr'><strong>sti</strong></span> <span class='ocrx_word' id='word_1_287' title='bbox 421 3727 686 3796; x_wconf 88' lang='lat' dir='ltr'><strong>bajulans,</strong></span> <span class='ocrx_word' id='word_1_288' title='bbox 729 3729 1026 3799; x_wconf 88' lang='lat' dir='ltr'><strong>ipsamque,</strong></span> <span class='ocrx_word' id='word_1_289' title='bbox 1070 3745 1172 3784; x_wconf 93' lang='lat' dir='ltr'><strong>non</strong></span> <span class='ocrx_word' id='word_1_290' title='bbox 1220 3730 1558 3786; x_wconf 88' lang='lat' dir='ltr'><strong>ﬂammarum</strong></span> <span class='ocrx_word' id='word_1_291' title='bbox 1599 3731 1898 3786; x_wconf 88' lang='lat' dir='ltr'><strong>multitudi-</strong></span> 
     </span>
    </p>
   </div>
   <div class='ocr_carea' id='block_1_43' title="bbox 321 3819 1896 3890">
    <p class='ocr_par' dir='ltr' id='par_1_43' title="bbox 321 3819 1896 3890">
     <span class='ocr_line' id='line_1_43' title="bbox 321 3819 1896 3890; baseline 0.003 -20"><span class='ocrx_word' id='word_1_292' title='bbox 321 3831 447 3871; x_wconf 86' lang='lat' dir='ltr'><strong>nem</strong></span> <span class='ocrx_word' id='word_1_293' title='bbox 473 3820 775 3881; x_wconf 89' lang='lat' dir='ltr'><strong>attendens,</strong></span> <span class='ocrx_word' id='word_1_294' title='bbox 816 3819 1114 3890; x_wconf 77' lang='lat' dir='ltr'><strong>intrepidus</strong></span> <span class='ocrx_word' id='word_1_295' title='bbox 1142 3832 1341 3888; x_wconf 86' lang='lat' dir='ltr'><strong>mente,</strong></span> <span class='ocrx_word' id='word_1_296' title='bbox 1380 3821 1565 3875; x_wconf 88' lang='lat' dir='ltr'><strong>hilaris</strong></span> <span class='ocrx_word' id='word_1_297' title='bbox 1589 3821 1736 3874; x_wconf 88' lang='lat' dir='ltr'><strong>vultu</strong></span> <span class='ocrx_word' id='word_1_298' title='bbox 1775 3835 1896 3875; x_wconf 91' lang='lat' dir='ltr'><strong>cum</strong></span> 
     </span>
    </p>
   </div>
   <div class='ocr_carea' id='block_1_44' title="bbox 321 3907 1897 3982">
    <p class='ocr_par' dir='ltr' id='par_1_44' title="bbox 321 3907 1897 3982">
     <span class='ocr_line' id='line_1_44' title="bbox 321 3907 1897 3982; baseline 0.004 -23"><span class='ocrx_word' id='word_1_299' title='bbox 321 3907 554 3976; x_wconf 87' lang='lat' dir='ltr'><strong>quadam</strong></span> <span class='ocrx_word' id='word_1_300' title='bbox 587 3909 898 3965; x_wconf 88' lang='lat' dir='ltr'><strong>celebritate</strong></span> <span class='ocrx_word' id='word_1_301' title='bbox 947 3911 1248 3980; x_wconf 74' lang='lat' dir='ltr'><strong>gravitatis,</strong></span> <span class='ocrx_word' id='word_1_302' title='bbox 1297 3913 1494 3967; x_wconf 70' lang='lat' dir='ltr'><strong>illmsus</strong></span> <span class='ocrx_word' id='word_1_303' title='bbox 1543 3913 1596 3967; x_wconf 91' lang='lat' dir='ltr'><strong>in</strong></span> <span class='ocrx_word' id='word_1_304' title='bbox 1650 3927 1897 3982; x_wconf 91' lang='lat' dir='ltr'><strong>corpore,</strong></span> 
     </span>
    </p>
   </div>
   <div class='ocr_carea' id='block_1_45' title="bbox 323 3996 1900 4074">
    <p class='ocr_par' dir='ltr' id='par_1_45' title="bbox 323 3996 1900 4074">
     <span class='ocr_line' id='line_1_45' title="bbox 323 3996 1900 4074; baseline 0.004 -24"><span class='ocrx_word' id='word_1_305' title='bbox 323 3996 520 4052; x_wconf 75' lang='lat' dir='ltr'><strong>illzesus</strong></span> <span class='ocrx_word' id='word_1_306' title='bbox 545 4000 675 4054; x_wconf 86' lang='lat' dir='ltr'><strong>etin</strong></span> <span class='ocrx_word' id='word_1_307' title='bbox 721 4001 989 4064; x_wconf 82' lang='lat' dir='ltr'><strong>Omnibus,</strong></span> <span class='ocrx_word' id='word_1_308' title='bbox 1019 4017 1137 4071; x_wconf 61' lang='lat' dir='ltr'><strong>qum</strong></span> <span class='ocrx_word' id='word_1_309' title='bbox 1166 4018 1348 4058; x_wconf 89' lang='lat' dir='ltr'><strong>secum</strong></span> <span class='ocrx_word' id='word_1_310' title='bbox 1393 4005 1665 4074; x_wconf 87' lang='lat' dir='ltr'><strong>portabat,</strong></span> <span class='ocrx_word' id='word_1_311' title='bbox 1701 4005 1754 4058; x_wconf 91' lang='lat' dir='ltr'><strong>in</strong></span> <span class='ocrx_word' id='word_1_312' title='bbox 1795 4005 1900 4057; x_wconf 88' lang='lat' dir='ltr'><strong>vir-</strong></span> 
     </span>
    </p>
   </div>
   <div class='ocr_carea' id='block_1_46' title="bbox 323 4089 1714 4166">
    <p class='ocr_par' dir='ltr' id='par_1_46' title="bbox 323 4089 1714 4166">
     <span class='ocr_line' id='line_1_46' title="bbox 323 4089 1714 4166; baseline 0.006 -24"><span class='ocrx_word' id='word_1_313' title='bbox 323 4098 436 4144; x_wconf 87' lang='lat' dir='ltr'><strong>tute</strong></span> <span class='ocrx_word' id='word_1_314' title='bbox 457 4089 584 4144; x_wconf 87' lang='lat' dir='ltr'><strong>Jesu</strong></span> <span class='ocrx_word' id='word_1_315' title='bbox 609 4089 810 4146; x_wconf 89' lang='lat' dir='ltr'><strong>Christi</strong></span> <span class='ocrx_word' id='word_1_316' title='bbox 835 4092 1156 4148; x_wconf 83' lang='lat' dir='ltr'><strong>mirabiliter</strong></span> <span class='ocrx_word' id='word_1_317' title='bbox 1176 4095 1352 4165; x_wconf 82' lang='lat' dir='ltr'><strong>ignem</strong></span> <span class='ocrx_word' id='word_1_318' title='bbox 1382 4097 1714 4166; x_wconf 86' lang='lat' dir='ltr'><strong>pertransiit.</strong></span> 
     </span>
    </p>
   </div>
   <div class='ocr_carea' id='block_1_47' title="bbox 396 4181 1904 4255">
    <p class='ocr_par' dir='ltr' id='par_1_47' title="bbox 396 4181 1904 4255">
     <span class='ocr_line' id='line_1_47' title="bbox 396 4181 1904 4255; baseline 0.008 -21"><span class='ocrx_word' id='word_1_319' title='bbox 396 4181 516 4235; x_wconf 78' lang='grc'><strong>103.</strong></span> <span class='ocrx_word' id='word_1_320' title='bbox 555 4181 688 4236; x_wconf 85' lang='lat' dir='ltr'><strong>Nam</strong></span> <span class='ocrx_word' id='word_1_321' title='bbox 717 4182 946 4239; x_wconf 66' lang='lat' dir='ltr'><strong>ﬂamma)</strong></span> <span class='ocrx_word' id='word_1_322' title='bbox 991 4186 1227 4255; x_wconf 86' lang='lat' dir='ltr'><strong>undique</strong></span> <span class='ocrx_word' id='word_1_323' title='bbox 1268 4200 1674 4255; x_wconf 89' lang='lat' dir='ltr'><strong>concurrentes,</strong></span> <span class='ocrx_word' id='word_1_324' title='bbox 1713 4200 1767 4246; x_wconf 89' lang='lat' dir='ltr'><strong>et</strong></span> <span class='ocrx_word' id='word_1_325' title='bbox 1796 4192 1904 4246; x_wconf 92' lang='lat' dir='ltr'><strong>cir-</strong></span> 
     </span>
    </p>
   </div>
   <div class='ocr_carea' id='block_1_48' title="bbox 325 4275 1898 4352">
    <p class='ocr_par' dir='ltr' id='par_1_48' title="bbox 325 4275 1898 4352">
     <span class='ocr_line' id='line_1_48' title="bbox 325 4275 1898 4352; baseline 0.007 -28"><span class='ocrx_word' id='word_1_326' title='bbox 325 4284 663 4340; x_wconf 88' lang='lat' dir='ltr'><strong>cumquaque</strong></span> <span class='ocrx_word' id='word_1_327' title='bbox 691 4283 1044 4344; x_wconf 76' lang='lat' dir='ltr'><strong>exsurgentes</strong></span> <span class='ocrx_word' id='word_1_328' title='bbox 1064 4275 1252 4329; x_wconf 88' lang='lat' dir='ltr'><strong>Albam</strong></span> <span class='ocrx_word' id='word_1_329' title='bbox 1277 4279 1428 4346; x_wconf 91' lang='lat' dir='ltr'><strong>quasi</strong></span> <span class='ocrx_word' id='word_1_330' title='bbox 1453 4279 1724 4350; x_wconf 86' lang='lat' dir='ltr'><strong>hyssinam</strong></span> <span class='ocrx_word' id='word_1_331' title='bbox 1752 4281 1898 4352; x_wconf 82' lang='lat' dir='ltr'><strong>(l05)</strong></span> 
     </span>
    </p>
   </div>
   <div class='ocr_carea' id='block_1_49' title="bbox 325 4359 1899 4435">
    <p class='ocr_par' dir='ltr' id='par_1_49' title="bbox 325 4359 1899 4435">
     <span class='ocr_line' id='line_1_49' title="bbox 325 4359 1899 4435; baseline 0.01 -22"><span class='ocrx_word' id='word_1_332' title='bbox 325 4359 624 4427; x_wconf 88' lang='lat' dir='ltr'><strong>intrabant,</strong></span> <span class='ocrx_word' id='word_1_333' title='bbox 670 4374 726 4418; x_wconf 89' lang='lat' dir='ltr'><strong>et</strong></span> <span class='ocrx_word' id='word_1_334' title='bbox 783 4365 1054 4434; x_wconf 88' lang='lat' dir='ltr'><strong>implendo</strong></span> <span class='ocrx_word' id='word_1_335' title='bbox 1101 4367 1530 4435; x_wconf 86' lang='lat' dir='ltr'><strong>inﬂammabant,</strong></span> <span class='ocrx_word' id='word_1_336' title='bbox 1571 4373 1662 4426; x_wconf 87' lang='lat' dir='ltr'><strong>sed</strong></span> <span class='ocrx_word' id='word_1_337' title='bbox 1694 4382 1899 4428; x_wconf 74' lang='lat' dir='ltr'><strong>natura:</strong></span> 
     </span>
    </p>
   </div>
   <div class='ocr_carea' id='block_1_50' title="bbox 323 4454 1894 4533">
    <p class='ocr_par' dir='ltr' id='par_1_50' title="bbox 323 4454 1894 4533">
     <span class='ocr_line' id='line_1_50' title="bbox 323 4454 1894 4533; baseline 0.008 -27"><span class='ocrx_word' id='word_1_338' title='bbox 323 4466 436 4507; x_wconf 73' lang='lat' dir='ltr'><strong>sua:</strong></span> <span class='ocrx_word' id='word_1_339' title='bbox 457 4454 820 4518; x_wconf 91' lang='lat' dir='ltr'><strong>immemores,</strong></span> <span class='ocrx_word' id='word_1_340' title='bbox 853 4457 984 4510; x_wconf 90' lang='lat' dir='ltr'><strong>nihil</strong></span> <span class='ocrx_word' id='word_1_341' title='bbox 1013 4458 1113 4512; x_wconf 92' lang='lat' dir='ltr'><strong>sibi</strong></span> <span class='ocrx_word' id='word_1_342' title='bbox 1144 4460 1372 4515; x_wconf 87' lang='lat' dir='ltr'><strong>ustionis</strong></span> <span class='ocrx_word' id='word_1_343' title='bbox 1399 4461 1597 4518; x_wconf 87' lang='lat' dir='ltr'><strong>inferre</strong></span> <span class='ocrx_word' id='word_1_344' title='bbox 1624 4472 1894 4533; x_wconf 89' lang='lat' dir='ltr'><strong>poterant.</strong></span> 
     </span>
    </p>
   </div>
   <div class='ocr_carea' id='block_1_51' title="bbox 323 4541 1904 4622">
    <p class='ocr_par' dir='ltr' id='par_1_51' title="bbox 323 4541 1904 4622">
     <span class='ocr_line' id='line_1_51' title="bbox 323 4541 1904 4622; baseline 0.008 -25"><span class='ocrx_word' id='word_1_345' title='bbox 323 4541 654 4612; x_wconf 70' lang='lat' dir='ltr'><strong>Manipulutn</strong></span> <span class='ocrx_word' id='word_1_346' title='bbox 703 4546 936 4616; x_wconf 89' lang='lat' dir='ltr'><strong>denique</strong></span> <span class='ocrx_word' id='word_1_347' title='bbox 977 4556 1032 4601; x_wconf 87' lang='lat' dir='ltr'><strong>et</strong></span> <span class='ocrx_word' id='word_1_348' title='bbox 1079 4548 1295 4610; x_wconf 85' lang='lat' dir='ltr'><strong>stolam,</strong></span> <span class='ocrx_word' id='word_1_349' title='bbox 1333 4565 1626 4622; x_wconf 91' lang='lat' dir='ltr'><strong>eorumque</strong></span> <span class='ocrx_word' id='word_1_350' title='bbox 1660 4551 1904 4610; x_wconf 89' lang='lat' dir='ltr'><strong>ﬂmbrias</strong></span> 
     </span>
    </p>
   </div>
   <div class='ocr_carea' id='block_1_52' title="bbox 326 4642 1904 4714">
    <p class='ocr_par' dir='ltr' id='par_1_52' title="bbox 326 4642 1904 4714">
     <span class='ocr_line' id='line_1_52' title="bbox 326 4642 1904 4714; baseline 0.007 -23"><span class='ocrx_word' id='word_1_351' title='bbox 326 4652 478 4694; x_wconf 89' lang='lat' dir='ltr'><strong>more</strong></span> <span class='ocrx_word' id='word_1_352' title='bbox 505 4649 786 4695; x_wconf 82' lang='lat' dir='ltr'><strong>ventorum</strong></span> <span class='ocrx_word' id='word_1_353' title='bbox 816 4642 1151 4698; x_wconf 90' lang='lat' dir='ltr'><strong>sustollendo</strong></span> <span class='ocrx_word' id='word_1_354' title='bbox 1183 4644 1286 4698; x_wconf 89' lang='lat' dir='ltr'><strong>huc</strong></span> <span class='ocrx_word' id='word_1_355' title='bbox 1312 4644 1545 4714; x_wconf 90' lang='lat' dir='ltr'><strong>illucque</strong></span> <span class='ocrx_word' id='word_1_356' title='bbox 1587 4647 1738 4701; x_wconf 85' lang='lat' dir='ltr'><strong>varie</strong></span> <span class='ocrx_word' id='word_1_357' title='bbox 1766 4647 1904 4702; x_wconf 84' lang='lat' dir='ltr'><strong>fere-</strong></span> 
     </span>
    </p>
   </div>
   <div class='ocr_carea' id='block_1_53' title="bbox 325 4727 1905 4804">
    <p class='ocr_par' dir='ltr' id='par_1_53' title="bbox 325 4727 1905 4804">
     <span class='ocr_line' id='line_1_53' title="bbox 325 4727 1905 4804; baseline 0.009 -23"><span class='ocrx_word' id='word_1_358' title='bbox 325 4727 477 4793; x_wconf 86' lang='lat' dir='ltr'><strong>bant,</strong></span> <span class='ocrx_word' id='word_1_359' title='bbox 527 4732 620 4787; x_wconf 90' lang='lat' dir='ltr'><strong>sed</strong></span> <span class='ocrx_word' id='word_1_360' title='bbox 663 4733 844 4788; x_wconf 86' lang='lat' dir='ltr'><strong>calore</strong></span> <span class='ocrx_word' id='word_1_361' title='bbox 877 4734 1107 4803; x_wconf 86' lang='lat' dir='ltr'><strong>perdito,</strong></span> <span class='ocrx_word' id='word_1_362' title='bbox 1140 4734 1286 4804; x_wconf 89' lang='lat' dir='ltr'><strong>ipsas</strong></span> <span class='ocrx_word' id='word_1_363' title='bbox 1323 4735 1376 4789; x_wconf 90' lang='lat' dir='ltr'><strong>in</strong></span> <span class='ocrx_word' id='word_1_364' title='bbox 1409 4737 1556 4792; x_wconf 90' lang='lat' dir='ltr'><strong>nullo</strong></span> <span class='ocrx_word' id='word_1_365' title='bbox 1581 4739 1905 4796; x_wconf 89' lang='lat' dir='ltr'><strong>comburere</strong></span> 
     </span>
    </p>
   </div>
   <div class='ocr_carea' id='block_1_54' title="bbox 326 4819 1908 4897">
    <p class='ocr_par' dir='ltr' id='par_1_54' title="bbox 326 4819 1908 4897">
     <span class='ocr_line' id='line_1_54' title="bbox 326 4819 1908 4897; baseline 0.01 -25"><span class='ocrx_word' id='word_1_366' title='bbox 326 4819 595 4877; x_wconf 85' lang='lat' dir='ltr'><strong>valebant.</strong></span> <span class='ocrx_word' id='word_1_367' title='bbox 624 4822 724 4878; x_wconf 91' lang='lat' dir='ltr'><strong>Pili</strong></span> <span class='ocrx_word' id='word_1_368' title='bbox 751 4840 967 4895; x_wconf 90' lang='lat' dir='ltr'><strong>quoque</strong></span> <span class='ocrx_word' id='word_1_369' title='bbox 1009 4828 1203 4896; x_wconf 91' lang='lat' dir='ltr'><strong>pedum</strong></span> <span class='ocrx_word' id='word_1_370' title='bbox 1252 4827 1368 4897; x_wconf 82' lang='lat' dir='ltr'><strong>ejus</strong></span> <span class='ocrx_word' id='word_1_371' title='bbox 1416 4829 1555 4883; x_wconf 90' lang='lat' dir='ltr'><strong>inter</strong></span> <span class='ocrx_word' id='word_1_372' title='bbox 1596 4829 1908 4888; x_wconf 82' lang='lat' dir='ltr'><strong>ﬂammosos</strong></span> 
     </span>
    </p>
   </div>
   <div class='ocr_carea' id='block_1_55' title="bbox 327 4911 1903 4994">
    <p class='ocr_par' dir='ltr' id='par_1_55' title="bbox 327 4911 1903 4994">
     <span class='ocr_line' id='line_1_55' title="bbox 327 4911 1903 4994; baseline 0.012 -32"><span class='ocrx_word' id='word_1_373' title='bbox 327 4911 590 4967; x_wconf 82' lang='lat' dir='ltr'><strong>carbones</strong></span> <span class='ocrx_word' id='word_1_374' title='bbox 625 4916 998 4981; x_wconf 88' lang='lat' dir='ltr'><strong>mittebantur,</strong></span> <span class='ocrx_word' id='word_1_375' title='bbox 1024 4919 1116 4972; x_wconf 87' lang='lat' dir='ltr'><strong>sed</strong></span> <span class='ocrx_word' id='word_1_376' title='bbox 1147 4934 1180 4973; x_wconf 91' lang='grc' dir='ltr'>ο</span> <span class='ocrx_word' id='word_1_377' title='bbox 1218 4920 1356 4973; x_wconf 92' lang='lat' dir='ltr'><strong>mira</strong></span> <span class='ocrx_word' id='word_1_378' title='bbox 1389 4921 1595 4977; x_wconf 88' lang='lat' dir='ltr'><strong>Domini</strong></span> <span class='ocrx_word' id='word_1_379' title='bbox 1627 4927 1863 4994; x_wconf 89' lang='lat' dir='ltr'><strong>potentia</strong></span> <span class='ocrx_word' id='word_1_380' title='bbox 1890 4928 1903 4981; x_wconf 85' lang='lat' dir='ltr'><strong>i</strong></span> 
     </span>
    </p>
   </div>
   <div class='ocr_carea' id='block_1_56' title="bbox 325 4998 1906 5076">
    <p class='ocr_par' dir='ltr' id='par_1_56' title="bbox 325 4998 1906 5076">
     <span class='ocr_line' id='line_1_56' title="bbox 325 4998 1906 5076; baseline 0.012 -20"><span class='ocrx_word' id='word_1_381' title='bbox 325 4998 588 5059; x_wconf 83' lang='lat' dir='ltr'><strong>oChristi</strong></span> <span class='ocrx_word' id='word_1_382' title='bbox 640 5007 908 5062; x_wconf 89' lang='lat' dir='ltr'><strong>laudanda</strong></span> <span class='ocrx_word' id='word_1_383' title='bbox 962 5009 1280 5066; x_wconf 81' lang='lat' dir='ltr'><strong>clementia!</strong></span> <span class='ocrx_word' id='word_1_384' title='bbox 1333 5027 1522 5069; x_wconf 89' lang='lat' dir='ltr'><strong>eorum</strong></span> <span class='ocrx_word' id='word_1_385' title='bbox 1570 5017 1700 5072; x_wconf 80' lang='lat' dir='ltr'><strong>nulli</strong></span> <span class='ocrx_word' id='word_1_386' title='bbox 1740 5019 1906 5076; x_wconf 90' lang='lat' dir='ltr'><strong>odore</strong></span> 
     </span>
    </p>
   </div>
   <div class='ocr_carea' id='block_1_57' title="bbox 325 5089 1908 5175">
    <p class='ocr_par' dir='ltr' id='par_1_57' title="bbox 325 5089 1908 5175">
     <span class='ocr_line' id='line_1_57' title="bbox 325 5089 1908 5175; baseline 0.013 -29"><span class='ocrx_word' id='word_1_387' title='bbox 325 5089 474 5168; x_wconf 80' lang='lat' dir='ltr'><strong>ignis</strong></span> <span class='ocrx_word' id='word_1_388' title='bbox 503 5092 850 5152; x_wconf 72' lang='lat' dir='ltr'><strong>laedebantur.</strong></span> <span class='ocrx_word' id='word_1_389' title='bbox 879 5097 1026 5154; x_wconf 84' lang='lat' dir='ltr'><strong>Inter</strong></span> <span class='ocrx_word' id='word_1_390' title='bbox 1052 5101 1275 5171; x_wconf 86' lang='lat' dir='ltr'><strong>capillos</strong></span> <span class='ocrx_word' id='word_1_391' title='bbox 1310 5117 1502 5175; x_wconf 91' lang='lat' dir='ltr'><strong>nempe</strong></span> <span class='ocrx_word' id='word_1_392' title='bbox 1533 5105 1761 5164; x_wconf 70' lang='lat' dir='ltr'><strong>ﬂammat</strong></span> <span class='ocrx_word' id='word_1_393' title='bbox 1797 5112 1908 5166; x_wconf 92' lang='lat' dir='ltr'><strong>cir-</strong></span> 
     </span>
    </p>
   </div>
   <div class='ocr_carea' id='block_1_58' title="bbox 326 5189 1909 5270">
    <p class='ocr_par' dir='ltr' id='par_1_58' title="bbox 326 5189 1909 5270">
     <span class='ocr_line' id='line_1_58' title="bbox 326 5189 1909 5270; baseline 0.013 -32"><span class='ocrx_word' id='word_1_394' title='bbox 326 5195 738 5258; x_wconf 83' lang='lat' dir='ltr'><strong>cumsurgentes</strong></span> <span class='ocrx_word' id='word_1_395' title='bbox 773 5189 1066 5254; x_wconf 87' lang='lat' dir='ltr'><strong>intrabant.</strong></span> <span class='ocrx_word' id='word_1_396' title='bbox 1110 5208 1315 5261; x_wconf 89' lang='lat' dir='ltr'><strong>eosque</strong></span> <span class='ocrx_word' id='word_1_397' title='bbox 1351 5191 1530 5270; x_wconf 78' lang='lat' dir='ltr'><strong>ﬂando</strong></span> <span class='ocrx_word' id='word_1_398' title='bbox 1577 5197 1826 5254; x_wconf 86' lang='lat' dir='ltr'><strong>levabant</strong></span> <span class='ocrx_word' id='word_1_399' title='bbox 1854 5213 1909 5258; x_wconf 94' lang='lat' dir='ltr'><strong>ct</strong></span> 
     </span>
    </p>
   </div>
   <div class='ocr_carea' id='block_1_59' title="bbox 326 5275 1910 5360">
    <p class='ocr_par' dir='ltr' id='par_1_59' title="bbox 326 5275 1910 5360">
     <span class='ocr_line' id='line_1_59' title="bbox 326 5275 1910 5360; baseline 0.011 -28"><span class='ocrx_word' id='word_1_400' title='bbox 326 5275 652 5346; x_wconf 84' lang='lat' dir='ltr'><strong>relevabant,</strong></span> <span class='ocrx_word' id='word_1_401' title='bbox 686 5283 784 5339; x_wconf 88' lang='lat' dir='ltr'><strong>sed</strong></span> <span class='ocrx_word' id='word_1_402' title='bbox 815 5298 913 5339; x_wconf 92' lang='lat' dir='ltr'><strong>nec</strong></span> <span class='ocrx_word' id='word_1_403' title='bbox 943 5287 1311 5341; x_wconf 82' lang='lat' dir='ltr'><strong>summitatem</strong></span> <span class='ocrx_word' id='word_1_404' title='bbox 1351 5287 1579 5360; x_wconf 87' lang='lat' dir='ltr'><strong>alicujus</strong></span> <span class='ocrx_word' id='word_1_405' title='bbox 1613 5306 1799 5347; x_wconf 90' lang='lat' dir='ltr'><strong>corum</strong></span> <span class='ocrx_word' id='word_1_406' title='bbox 1827 5295 1910 5349; x_wconf 84' lang='lat' dir='ltr'><strong>vi-</strong></span> 
     </span>
    </p>
   </div>
   <div class='ocr_carea' id='block_1_60' title="bbox 1986 353 3558 426">
    <p class='ocr_par' dir='ltr' id='par_1_60' title="bbox 1986 353 3558 426">
     <span class='ocr_line' id='line_1_60' title="bbox 1986 353 3558 426; baseline 0.005 -20"><span class='ocrx_word' id='word_1_407' title='bbox 1986 353 2248 408; x_wconf 80' lang='lat' dir='ltr'><strong>Ardorem</strong></span> <span class='ocrx_word' id='word_1_408' title='bbox 2290 355 2578 411; x_wconf 73' lang='lat' dir='ltr'><strong>Catholica:</strong></span> <span class='ocrx_word' id='word_1_409' title='bbox 2629 356 2748 410; x_wconf 82' lang='lat' dir='ltr'><strong>fidei</strong></span> <span class='ocrx_word' id='word_1_410' title='bbox 2805 356 3138 422; x_wconf 86' lang='lat' dir='ltr'><strong>sentiebant,</strong></span> <span class='ocrx_word' id='word_1_411' title='bbox 3177 355 3405 426; x_wconf 79' lang='lat' dir='ltr'><strong>ideoque</strong></span> <span class='ocrx_word' id='word_1_412' title='bbox 3451 373 3558 414; x_wconf 90' lang='lat' dir='ltr'><strong>nou</strong></span> 
     </span>
    </p>
   </div>
   <div class='ocr_carea' id='block_1_61' title="bbox 1988 445 3562 517">
    <p class='ocr_par' dir='ltr' id='par_1_61' title="bbox 1988 445 3562 517">
     <span class='ocr_line' id='line_1_61' title="bbox 1988 445 3562 517; baseline 0.003 -18"><span class='ocrx_word' id='word_1_413' title='bbox 1988 446 2264 500; x_wconf 87' lang='lat' dir='ltr'><strong>ardebant.</strong></span> <span class='ocrx_word' id='word_1_414' title='bbox 2335 446 2474 500; x_wconf 91' lang='lat' dir='ltr'><strong>Deus</strong></span> <span class='ocrx_word' id='word_1_415' title='bbox 2529 445 2768 516; x_wconf 90' lang='lat' dir='ltr'><strong>profecto</strong></span> <span class='ocrx_word' id='word_1_416' title='bbox 2827 456 3010 502; x_wconf 90' lang='lat' dir='ltr'><strong>noster</strong></span> <span class='ocrx_word' id='word_1_417' title='bbox 3053 447 3189 517; x_wconf 84' lang='lat' dir='ltr'><strong>ignis</strong></span> <span class='ocrx_word' id='word_1_418' title='bbox 3239 462 3562 503; x_wconf 86' lang='lat' dir='ltr'><strong>consumens</strong></span> 
     </span>
    </p>
   </div>
   <div class='ocr_carea' id='block_1_62' title="bbox 1987 535 3562 608">
    <p class='ocr_par' dir='ltr' id='par_1_62' title="bbox 1987 535 3562 608">
     <span class='ocr_line' id='line_1_62' title="bbox 1987 535 3562 608; baseline 0.001 -19"><span class='ocrx_word' id='word_1_419' title='bbox 1987 537 2195 600; x_wconf 78' lang='lat' dir='ltr'><strong>aderat,</strong></span> <span class='ocrx_word' id='word_1_420' title='bbox 2228 535 2473 605; x_wconf 89' lang='lat' dir='ltr'><strong>ideoque,</strong></span> <span class='ocrx_word' id='word_1_421' title='bbox 2503 536 2617 605; x_wconf 90' lang='lat' dir='ltr'><strong>ipso</strong></span> <span class='ocrx_word' id='word_1_422' title='bbox 2647 536 2883 602; x_wconf 89' lang='lat' dir='ltr'><strong>nolente,</strong></span> <span class='ocrx_word' id='word_1_423' title='bbox 2913 552 3205 606; x_wconf 85' lang='lat' dir='ltr'><strong>corporeus</strong></span> <span class='ocrx_word' id='word_1_424' title='bbox 3250 538 3388 608; x_wconf 80' lang='lat' dir='ltr'><strong>ignis</strong></span> <span class='ocrx_word' id='word_1_425' title='bbox 3428 537 3562 592; x_wconf 90' lang='lat' dir='ltr'><strong>nihil</strong></span> 
     </span>
    </p>
   </div>
   <div class='ocr_carea' id='block_1_63' title="bbox 1986 625 3560 698">
    <p class='ocr_par' dir='ltr' id='par_1_63' title="bbox 1986 625 3560 698">
     <span class='ocr_line' id='line_1_63' title="bbox 1986 625 3560 698; baseline 0.003 -18"><span class='ocrx_word' id='word_1_426' title='bbox 1986 641 2182 680; x_wconf 87' lang='lat' dir='ltr'><strong>nocere.</strong></span> <span class='ocrx_word' id='word_1_427' title='bbox 2208 634 2437 694; x_wconf 88' lang='lat' dir='ltr'><strong>poterat.</strong></span> <span class='ocrx_word' id='word_1_428' title='bbox 2477 625 2667 682; x_wconf 83' lang='lat' dir='ltr'><strong>Procul</strong></span> <span class='ocrx_word' id='word_1_429' title='bbox 2717 627 2881 681; x_wconf 89' lang='lat' dir='ltr'><strong>dubio</strong></span> <span class='ocrx_word' id='word_1_430' title='bbox 2922 642 3109 683; x_wconf 86' lang='lat' dir='ltr'><strong>verum</strong></span> <span class='ocrx_word' id='word_1_431' title='bbox 3163 638 3302 693; x_wconf 83' lang='lat' dir='ltr'><strong>erat,</strong></span> <span class='ocrx_word' id='word_1_432' title='bbox 3340 630 3480 698; x_wconf 84' lang='lat' dir='ltr'><strong>quod</strong></span> <span class='ocrx_word' id='word_1_433' title='bbox 3529 644 3560 684; x_wconf 66' lang='grc' dir='ltr'>ε</span> 
     </span>
    </p>
   </div>
   <div class='ocr_carea' id='block_1_64' title="bbox 1985 718 3563 788">
    <p class='ocr_par' dir='ltr' id='par_1_64' title="bbox 1985 718 3563 788">
     <span class='ocr_line' id='line_1_64' title="bbox 1985 718 3563 788; baseline 0.002 -15"><span class='ocrx_word' id='word_1_434' title='bbox 1985 719 2157 774; x_wconf 82' lang='lat' dir='ltr'><strong>servis</strong></span> <span class='ocrx_word' id='word_1_435' title='bbox 2192 719 2282 772; x_wconf 90' lang='lat' dir='ltr'><strong>Dei</strong></span> <span class='ocrx_word' id='word_1_436' title='bbox 2337 718 2633 783; x_wconf 89' lang='lat' dir='ltr'><strong>dicebatur,</strong></span> <span class='ocrx_word' id='word_1_437' title='bbox 2687 719 2813 788; x_wconf 90' lang='lat' dir='ltr'><strong>quia</strong></span> <span class='ocrx_word' id='word_1_438' title='bbox 2861 719 3070 774; x_wconf 90' lang='lat' dir='ltr'><strong>illorum</strong></span> <span class='ocrx_word' id='word_1_439' title='bbox 3109 720 3276 782; x_wconf 87' lang='lat' dir='ltr'><strong>testis,</strong></span> <span class='ocrx_word' id='word_1_440' title='bbox 3336 720 3563 776; x_wconf 73' lang='lat' dir='ltr'><strong>veritate</strong></span> 
     </span>
    </p>
   </div>
   <div class='ocr_carea' id='block_1_65' title="bbox 1981 809 3564 881">
    <p class='ocr_par' dir='ltr' id='par_1_65' title="bbox 1981 809 3564 881">
     <span class='ocr_line' id='line_1_65' title="bbox 1981 809 3564 881; baseline 0.001 -17"><span class='ocrx_word' id='word_1_441' title='bbox 1981 809 2225 880; x_wconf 89' lang='lat' dir='ltr'><strong>juvante,</strong></span> <span class='ocrx_word' id='word_1_442' title='bbox 2254 811 2320 863; x_wconf 91' lang='lat' dir='ltr'><strong>ab</strong></span> <span class='ocrx_word' id='word_1_443' title='bbox 2350 810 2471 881; x_wconf 89' lang='lat' dir='ltr'><strong>igne</strong></span> <span class='ocrx_word' id='word_1_444' title='bbox 2500 810 2820 864; x_wconf 87' lang='lat' dir='ltr'><strong>miraculose</strong></span> <span class='ocrx_word' id='word_1_445' title='bbox 2847 810 3129 865; x_wconf 88' lang='lat' dir='ltr'><strong>liberatur.</strong></span> <span class='ocrx_word' id='word_1_446' title='bbox 3181 812 3395 867; x_wconf 82' lang='lat' dir='ltr'><strong>Veritas</strong></span> <span class='ocrx_word' id='word_1_447' title='bbox 3417 811 3564 866; x_wconf 90' lang='lat' dir='ltr'><strong>enim</strong></span> 
     </span>
    </p>
   </div>
   <div class='ocr_carea' id='block_1_66' title="bbox 1987 900 3570 971">
    <p class='ocr_par' dir='ltr' id='par_1_66' title="bbox 1987 900 3570 971">
     <span class='ocr_line' id='line_1_66' title="bbox 1987 900 3570 971; baseline 0.003 -15"><span class='ocrx_word' id='word_1_448' title='bbox 1987 916 2200 970; x_wconf 88' lang='lat' dir='ltr'><strong>semper</strong></span> <span class='ocrx_word' id='word_1_449' title='bbox 2254 901 2448 955; x_wconf 88' lang='lat' dir='ltr'><strong>liberat</strong></span> <span class='ocrx_word' id='word_1_450' title='bbox 2507 916 2644 971; x_wconf 92' lang='lat' dir='ltr'><strong>quos</strong></span> <span class='ocrx_word' id='word_1_451' title='bbox 2695 900 2948 956; x_wconf 82' lang='lat' dir='ltr'><strong>falsitatis</strong></span> <span class='ocrx_word' id='word_1_452' title='bbox 2994 901 3204 958; x_wconf 89' lang='lat' dir='ltr'><strong>macula</strong></span> <span class='ocrx_word' id='word_1_453' title='bbox 3257 919 3364 958; x_wconf 92' lang='lat' dir='ltr'><strong>non</strong></span> <span class='ocrx_word' id='word_1_454' title='bbox 3416 904 3570 960; x_wconf 86' lang='lat' dir='ltr'><strong>coin-</strong></span> 
     </span>
    </p>
   </div>
   <div class='ocr_carea' id='block_1_67' title="bbox 1987 995 2198 1064">
    <p class='ocr_par' dir='ltr' id='par_1_67' title="bbox 1987 995 2198 1064">
     <span class='ocr_line' id='line_1_67' title="bbox 1987 995 2198 1064; baseline 0.005 -18"><span class='ocrx_word' id='word_1_455' title='bbox 1987 995 2198 1064; x_wconf 89' lang='lat' dir='ltr'><strong>quinat.</strong></span> 
     </span>
    </p>
   </div>
   <div class='ocr_carea' id='block_1_68' title="bbox 2060 1085 3564 1157">
    <p class='ocr_par' dir='ltr' id='par_1_68' title="bbox 2060 1085 3564 1157">
     <span class='ocr_line' id='line_1_68' title="bbox 2060 1085 3564 1157; baseline 0.001 -19"><span class='ocrx_word' id='word_1_456' title='bbox 2060 1085 2181 1138; x_wconf 72' lang='grc'><strong>104.</strong></span> <span class='ocrx_word' id='word_1_457' title='bbox 2236 1085 2523 1154; x_wconf 87' lang='lat' dir='ltr'><strong>Postquam</strong></span> <span class='ocrx_word' id='word_1_458' title='bbox 2554 1095 2732 1139; x_wconf 90' lang='lat' dir='ltr'><strong>autem</strong></span> <span class='ocrx_word' id='word_1_459' title='bbox 2769 1099 3024 1153; x_wconf 82' lang='lat' dir='ltr'><strong>egressus</strong></span> <span class='ocrx_word' id='word_1_460' title='bbox 3051 1094 3135 1140; x_wconf 88' lang='lat' dir='ltr'><strong>est</strong></span> <span class='ocrx_word' id='word_1_461' title='bbox 3165 1086 3230 1140; x_wconf 88' lang='lat' dir='ltr'><strong>de</strong></span> <span class='ocrx_word' id='word_1_462' title='bbox 3254 1087 3398 1157; x_wconf 78' lang='lat' dir='ltr'><strong>igne,</strong></span> <span class='ocrx_word' id='word_1_463' title='bbox 3439 1087 3564 1140; x_wconf 82' lang='lat' dir='ltr'><strong>dum</strong></span> 
     </span>
    </p>
   </div>
   <div class='ocr_carea' id='block_1_69' title="bbox 1989 1175 3568 1247">
    <p class='ocr_par' dir='ltr' id='par_1_69' title="bbox 1989 1175 3568 1247">
     <span class='ocr_line' id='line_1_69' title="bbox 1989 1175 3568 1247; baseline -0.002 -17"><span class='ocrx_word' id='word_1_464' title='bbox 1989 1175 2185 1230; x_wconf 89' lang='lat' dir='ltr'><strong>iterum</strong></span> <span class='ocrx_word' id='word_1_465' title='bbox 2212 1175 2372 1230; x_wconf 86' lang='lat' dir='ltr'><strong>vellet</strong></span> <span class='ocrx_word' id='word_1_466' title='bbox 2397 1175 2572 1230; x_wconf 89' lang='lat' dir='ltr'><strong>focum</strong></span> <span class='ocrx_word' id='word_1_467' title='bbox 2604 1175 2882 1244; x_wconf 89' lang='lat' dir='ltr'><strong>repedare,</strong></span> <span class='ocrx_word' id='word_1_468' title='bbox 2909 1177 3116 1245; x_wconf 90' lang='lat' dir='ltr'><strong>capitur</strong></span> <span class='ocrx_word' id='word_1_469' title='bbox 3138 1192 3167 1229; x_wconf 91' lang='lat' dir='ltr'><strong>a</strong></span> <span class='ocrx_word' id='word_1_470' title='bbox 3202 1178 3427 1247; x_wconf 82' lang='lat' dir='ltr'><strong>populo;</strong></span> <span class='ocrx_word' id='word_1_471' title='bbox 3475 1177 3568 1231; x_wconf 59' lang='lat' dir='ltr'><strong>de.</strong></span> 
     </span>
    </p>
   </div>
   <div class='ocr_carea' id='block_1_70' title="bbox 1989 1267 3596 1341">
    <p class='ocr_par' dir='ltr' id='par_1_70' title="bbox 1989 1267 3596 1341">
     <span class='ocr_line' id='line_1_70' title="bbox 1989 1267 3596 1341; baseline 0.002 -21"><span class='ocrx_word' id='word_1_472' title='bbox 1989 1267 2301 1322; x_wconf 88' lang='lat' dir='ltr'><strong>osculantur</strong></span> <span class='ocrx_word' id='word_1_473' title='bbox 2332 1269 2496 1337; x_wconf 87' lang='lat' dir='ltr'><strong>pedes</strong></span> <span class='ocrx_word' id='word_1_474' title='bbox 2520 1283 2629 1337; x_wconf 73' lang='lat' dir='ltr'><strong>pne</strong></span> <span class='ocrx_word' id='word_1_475' title='bbox 2650 1268 2938 1322; x_wconf 87' lang='lat' dir='ltr'><strong>desiderio.</strong></span> <span class='ocrx_word' id='word_1_476' title='bbox 2989 1269 3102 1323; x_wconf 63' lang='lat' dir='ltr'><strong>Prae</strong></span> <span class='ocrx_word' id='word_1_477' title='bbox 3131 1271 3324 1339; x_wconf 84' lang='lat' dir='ltr'><strong>gaudio</strong></span> <span class='ocrx_word' id='word_1_478' title='bbox 3350 1270 3565 1341; x_wconf 86' lang='lat' dir='ltr'><strong>quidem</strong></span> <span class='ocrx_word' id='word_1_479' title='bbox 3593 1311 3596 1316; x_wconf 88' lang='lat'><strong>.</strong></span> 
     </span>
    </p>
   </div>
   <div class='ocr_carea' id='block_1_71' title="bbox 1989 1359 3566 1431">
    <p class='ocr_par' dir='ltr' id='par_1_71' title="bbox 1989 1359 3566 1431">
     <span class='ocr_line' id='line_1_71' title="bbox 1989 1359 3566 1431; baseline 0.001 -18"><span class='ocrx_word' id='word_1_480' title='bbox 1989 1359 2208 1414; x_wconf 90' lang='lat' dir='ltr'><strong>beatum</strong></span> <span class='ocrx_word' id='word_1_481' title='bbox 2272 1376 2330 1416; x_wconf 90' lang='lat' dir='ltr'><strong>se</strong></span> <span class='ocrx_word' id='word_1_482' title='bbox 2379 1361 2607 1430; x_wconf 89' lang='lat' dir='ltr'><strong>quisque</strong></span> <span class='ocrx_word' id='word_1_483' title='bbox 2659 1361 2928 1431; x_wconf 86' lang='lat' dir='ltr'><strong>putabat,</strong></span> <span class='ocrx_word' id='word_1_484' title='bbox 2979 1361 3070 1430; x_wconf 89' lang='lat' dir='ltr'><strong>qui</strong></span> <span class='ocrx_word' id='word_1_485' title='bbox 3123 1361 3566 1416; x_wconf 88' lang='lat' dir='ltr'><strong>vestimentorum</strong></span> 
     </span>
    </p>
   </div>
   <div class='ocr_carea' id='block_1_72' title="bbox 1989 1451 3566 1524">
    <p class='ocr_par' dir='ltr' id='par_1_72' title="bbox 1989 1451 3566 1524">
     <span class='ocr_line' id='line_1_72' title="bbox 1989 1451 3566 1524; baseline 0.001 -20"><span class='ocrx_word' id='word_1_486' title='bbox 1989 1467 2366 1524; x_wconf 89' lang='lat' dir='ltr'><strong>quamcunque</strong></span> <span class='ocrx_word' id='word_1_487' title='bbox 2405 1453 2723 1524; x_wconf 89' lang='lat' dir='ltr'><strong>particulam</strong></span> <span class='ocrx_word' id='word_1_488' title='bbox 2773 1451 3070 1507; x_wconf 86' lang='lat' dir='ltr'><strong>deosculari</strong></span> <span class='ocrx_word' id='word_1_489' title='bbox 3126 1453 3359 1507; x_wconf 84' lang='lat' dir='ltr'><strong>valebat.</strong></span> <span class='ocrx_word' id='word_1_490' title='bbox 3401 1452 3566 1508; x_wconf 85' lang='lat' dir='ltr'><strong>Gravi</strong></span> 
     </span>
    </p>
   </div>
   <div class='ocr_carea' id='block_1_73' title="bbox 1995 1546 3569 1619">
    <p class='ocr_par' dir='ltr' id='par_1_73' title="bbox 1995 1546 3569 1619">
     <span class='ocr_line' id='line_1_73' title="bbox 1995 1546 3569 1619; baseline 0.003 -22"><span class='ocrx_word' id='word_1_491' title='bbox 1995 1559 2225 1614; x_wconf 85' lang='lat' dir='ltr'><strong>namque</strong></span> <span class='ocrx_word' id='word_1_492' title='bbox 2273 1546 2621 1612; x_wconf 88' lang='lat' dir='ltr'><strong>premebatur</strong></span> <span class='ocrx_word' id='word_1_493' title='bbox 2652 1550 2894 1614; x_wconf 79' lang='lat' dir='ltr'><strong>angustia</strong></span> <span class='ocrx_word' id='word_1_494' title='bbox 2939 1548 3276 1619; x_wconf 88' lang='lat' dir='ltr'><strong>populorum,</strong></span> <span class='ocrx_word' id='word_1_495' title='bbox 3310 1549 3402 1603; x_wconf 88' lang='lat' dir='ltr'><strong>sed</strong></span> <span class='ocrx_word' id='word_1_496' title='bbox 3447 1561 3569 1602; x_wconf 83' lang='lat' dir='ltr'><strong>cum</strong></span> 
     </span>
    </p>
   </div>
   <div class='ocr_carea' id='block_1_74' title="bbox 1923 1613 3573 1704">
    <p class='ocr_par' dir='ltr' id='par_1_74' title="bbox 1923 1613 3573 1704">
     <span class='ocr_line' id='line_1_74' title="bbox 1923 1613 3573 1704; baseline 0.006 -19"><span class='ocrx_word' id='word_1_497' title='bbox 1923 1613 1968 1670; x_wconf 73' lang='grc' dir='ltr'><strong><em>Β</em></strong></span> <span class='ocrx_word' id='word_1_498' title='bbox 1996 1649 2187 1704; x_wconf 88' lang='lat' dir='ltr'><strong>magna</strong></span> <span class='ocrx_word' id='word_1_499' title='bbox 2217 1635 2531 1691; x_wconf 86' lang='lat' dir='ltr'><strong>diﬂirultatc</strong></span> <span class='ocrx_word' id='word_1_500' title='bbox 2556 1637 2816 1693; x_wconf 84' lang='lat' dir='ltr'><strong>liberatur</strong></span> <span class='ocrx_word' id='word_1_501' title='bbox 2843 1640 3046 1695; x_wconf 84' lang='lat' dir='ltr'><strong>viribus</strong></span> <span class='ocrx_word' id='word_1_502' title='bbox 3068 1640 3408 1694; x_wconf 82' lang='lat' dir='ltr'><strong>clericorum.</strong></span> <span class='ocrx_word' id='word_1_503' title='bbox 3433 1638 3573 1696; x_wconf 56' lang='lat' dir='ltr'><strong>Imus</strong></span> 
     </span>
    </p>
   </div>
   <div class='ocr_carea' id='block_1_75' title="bbox 1991 1721 3576 1799">
    <p class='ocr_par' dir='ltr' id='par_1_75' title="bbox 1991 1721 3576 1799">
     <span class='ocr_line' id='line_1_75' title="bbox 1991 1721 3576 1799; baseline 0.005 -23"><span class='ocrx_word' id='word_1_504' title='bbox 1991 1721 2103 1778; x_wconf 86' lang='lat' dir='ltr'><strong>Deo</strong></span> <span class='ocrx_word' id='word_1_505' title='bbox 2133 1725 2200 1778; x_wconf 93' lang='lat' dir='ltr'><strong>ab</strong></span> <span class='ocrx_word' id='word_1_506' title='bbox 2237 1726 2488 1780; x_wconf 86' lang='lat' dir='ltr'><strong>omnibus</strong></span> <span class='ocrx_word' id='word_1_507' title='bbox 2522 1743 2625 1781; x_wconf 91' lang='lat' dir='ltr'><strong>una</strong></span> <span class='ocrx_word' id='word_1_508' title='bbox 2660 1744 2769 1799; x_wconf 75' lang='lat' dir='ltr'><strong>pne</strong></span> <span class='ocrx_word' id='word_1_509' title='bbox 2796 1731 3011 1798; x_wconf 86' lang='lat' dir='ltr'><strong>gaudio,</strong></span> <span class='ocrx_word' id='word_1_510' title='bbox 3042 1731 3208 1785; x_wconf 89' lang='lat' dir='ltr'><strong>etiam</strong></span> <span class='ocrx_word' id='word_1_511' title='bbox 3240 1730 3416 1785; x_wconf 88' lang='lat' dir='ltr'><strong>ﬂendo</strong></span> <span class='ocrx_word' id='word_1_512' title='bbox 3446 1745 3576 1784; x_wconf 86' lang='lat' dir='ltr'><strong>can-</strong></span> 
     </span>
    </p>
   </div>
   <div class='ocr_carea' id='block_1_76' title="bbox 1995 1815 3571 1890">
    <p class='ocr_par' dir='ltr' id='par_1_76' title="bbox 1995 1815 3571 1890">
     <span class='ocr_line' id='line_1_76' title="bbox 1995 1815 3571 1890; baseline 0.007 -25"><span class='ocrx_word' id='word_1_513' title='bbox 1995 1821 2158 1878; x_wconf 91' lang='lat' dir='ltr'><strong>tatur,</strong></span> <span class='ocrx_word' id='word_1_514' title='bbox 2199 1817 2330 1870; x_wconf 87' lang='lat' dir='ltr'><strong>certi</strong></span> <span class='ocrx_word' id='word_1_515' title='bbox 2361 1815 2473 1884; x_wconf 88' lang='lat' dir='ltr'><strong>jam</strong></span> <span class='ocrx_word' id='word_1_516' title='bbox 2520 1819 2646 1886; x_wconf 85' lang='lat' dir='ltr'><strong>quia</strong></span> <span class='ocrx_word' id='word_1_517' title='bbox 2680 1820 2902 1874; x_wconf 88' lang='lat' dir='ltr'><strong>verbum</strong></span> <span class='ocrx_word' id='word_1_518' title='bbox 2950 1821 3042 1875; x_wconf 89' lang='lat' dir='ltr'><strong>Dei</strong></span> <span class='ocrx_word' id='word_1_519' title='bbox 3088 1837 3360 1890; x_wconf 87' lang='lat' dir='ltr'><strong>nunquam</strong></span> <span class='ocrx_word' id='word_1_520' title='bbox 3394 1829 3571 1876; x_wconf 83' lang='lat' dir='ltr'><strong>muta-</strong></span> 
     </span>
    </p>
   </div>
   <div class='ocr_carea' id='block_1_77' title="bbox 1997 1905 3574 1981">
    <p class='ocr_par' dir='ltr' id='par_1_77' title="bbox 1997 1905 3574 1981">
     <span class='ocr_line' id='line_1_77' title="bbox 1997 1905 3574 1981; baseline 0.006 -23"><span class='ocrx_word' id='word_1_521' title='bbox 1997 1909 2100 1959; x_wconf 87' lang='lat' dir='ltr'><strong>tur.</strong></span> <span class='ocrx_word' id='word_1_522' title='bbox 2147 1905 2334 1961; x_wconf 89' lang='lat' dir='ltr'><strong>Simon</strong></span> <span class='ocrx_word' id='word_1_523' title='bbox 2364 1908 2551 1964; x_wconf 84' lang='lat' dir='ltr'><strong>Pclrus</strong></span> <span class='ocrx_word' id='word_1_524' title='bbox 2579 1911 2790 1981; x_wconf 77' lang='lat' dir='ltr'><strong>magnis</strong></span> <span class='ocrx_word' id='word_1_525' title='bbox 2818 1911 3065 1968; x_wconf 83' lang='lat' dir='ltr'><strong>laudibus</strong></span> <span class='ocrx_word' id='word_1_526' title='bbox 3090 1913 3436 1978; x_wconf 80' lang='lat' dir='ltr'><strong>sublimatur,</strong></span> <span class='ocrx_word' id='word_1_527' title='bbox 3484 1913 3574 1968; x_wconf 79' lang='lat' dir='ltr'><strong>Si-</strong></span> 
     </span>
    </p>
   </div>
   <div class='ocr_carea' id='block_1_78' title="bbox 1995 1995 3573 2070">
    <p class='ocr_par' dir='ltr' id='par_1_78' title="bbox 1995 1995 3573 2070">
     <span class='ocr_line' id='line_1_78' title="bbox 1995 1995 3573 2070; baseline 0.005 -23"><span class='ocrx_word' id='word_1_528' title='bbox 1995 2011 2120 2048; x_wconf 88' lang='lat' dir='ltr'><strong>mon</strong></span> <span class='ocrx_word' id='word_1_529' title='bbox 2151 1995 2384 2065; x_wconf 90' lang='lat' dir='ltr'><strong>denique</strong></span> <span class='ocrx_word' id='word_1_530' title='bbox 2411 1997 2594 2068; x_wconf 81' lang='lat' dir='ltr'><strong>Magus</strong></span> <span class='ocrx_word' id='word_1_531' title='bbox 2623 2009 2681 2054; x_wconf 91' lang='lat' dir='ltr'><strong>ut</strong></span> <span class='ocrx_word' id='word_1_532' title='bbox 2710 2011 2920 2056; x_wconf 77' lang='lat' dir='ltr'><strong>stercus</strong></span> <span class='ocrx_word' id='word_1_533' title='bbox 2950 2002 3175 2070; x_wconf 85' lang='lat' dir='ltr'><strong>pedibus</strong></span> <span class='ocrx_word' id='word_1_534' title='bbox 3201 2001 3573 2056; x_wconf 88' lang='lat' dir='ltr'><strong>conculcatur.</strong></span> 
     </span>
    </p>
   </div>
   <div class='ocr_carea' id='block_1_79' title="bbox 1997 2083 3579 2162">
    <p class='ocr_par' dir='ltr' id='par_1_79' title="bbox 1997 2083 3579 2162">
     <span class='ocr_line' id='line_1_79' title="bbox 1997 2083 3579 2162; baseline 0.006 -25"><span class='ocrx_word' id='word_1_535' title='bbox 1997 2083 2200 2141; x_wconf 85' lang='lat' dir='ltr'><strong>Nomen</strong></span> <span class='ocrx_word' id='word_1_536' title='bbox 2235 2087 2376 2144; x_wconf 90' lang='lat' dir='ltr'><strong>Petri</strong></span> <span class='ocrx_word' id='word_1_537' title='bbox 2414 2090 2640 2159; x_wconf 91' lang='lat' dir='ltr'><strong>apostoli</strong></span> <span class='ocrx_word' id='word_1_538' title='bbox 2681 2092 2732 2144; x_wconf 91' lang='lat' dir='ltr'><strong>in</strong></span> <span class='ocrx_word' id='word_1_539' title='bbox 2765 2107 2860 2146; x_wconf 86' lang='lat' dir='ltr'><strong>ore</strong></span> <span class='ocrx_word' id='word_1_540' title='bbox 2892 2091 3132 2146; x_wconf 84' lang='lat' dir='ltr'><strong>omnium</strong></span> <span class='ocrx_word' id='word_1_541' title='bbox 3182 2108 3344 2162; x_wconf 82' lang='lat' dir='ltr'><strong>super</strong></span> <span class='ocrx_word' id='word_1_542' title='bbox 3372 2092 3476 2147; x_wconf 88' lang='lat' dir='ltr'><strong>mel</strong></span> <span class='ocrx_word' id='word_1_543' title='bbox 3523 2102 3579 2147; x_wconf 93' lang='lat' dir='ltr'><strong>ct</strong></span> 
     </span>
    </p>
   </div>
   <div class='ocr_carea' id='block_1_80' title="bbox 1995 2179 3578 2253">
    <p class='ocr_par' dir='ltr' id='par_1_80' title="bbox 1995 2179 3578 2253">
     <span class='ocr_line' id='line_1_80' title="bbox 1995 2179 3578 2253; baseline 0.004 -23"><span class='ocrx_word' id='word_1_544' title='bbox 1995 2179 2177 2233; x_wconf 80' lang='lat' dir='ltr'><strong>favum</strong></span> <span class='ocrx_word' id='word_1_545' title='bbox 2207 2195 2327 2234; x_wconf 92' lang='lat' dir='ltr'><strong>cum</strong></span> <span class='ocrx_word' id='word_1_546' title='bbox 2357 2181 2604 2237; x_wconf 89' lang='lat' dir='ltr'><strong>laudibus</strong></span> <span class='ocrx_word' id='word_1_547' title='bbox 2630 2183 2801 2253; x_wconf 83' lang='lat' dir='ltr'><strong>magis</strong></span> <span class='ocrx_word' id='word_1_548' title='bbox 2849 2183 3126 2253; x_wconf 81' lang='lat' dir='ltr'><strong>magisque</strong></span> <span class='ocrx_word' id='word_1_549' title='bbox 3151 2183 3447 2237; x_wconf 86' lang='lat' dir='ltr'><strong>dulcescit:</strong></span> <span class='ocrx_word' id='word_1_550' title='bbox 3479 2197 3578 2237; x_wconf 88' lang='lat' dir='ltr'><strong>no-</strong></span> 
     </span>
    </p>
   </div>
   <div class='ocr_carea' id='block_1_81' title="bbox 1997 2271 3577 2345">
    <p class='ocr_par' dir='ltr' id='par_1_81' title="bbox 1997 2271 3577 2345">
     <span class='ocr_line' id='line_1_81' title="bbox 1997 2271 3577 2345; baseline 0.003 -22"><span class='ocrx_word' id='word_1_551' title='bbox 1997 2285 2118 2324; x_wconf 86' lang='lat' dir='ltr'><strong>men</strong></span> <span class='ocrx_word' id='word_1_552' title='bbox 2156 2271 2302 2341; x_wconf 90' lang='lat' dir='ltr'><strong>impii</strong></span> <span class='ocrx_word' id='word_1_553' title='bbox 2347 2271 2582 2330; x_wconf 87' lang='lat' dir='ltr'><strong>Simonis</strong></span> <span class='ocrx_word' id='word_1_554' title='bbox 2615 2289 2776 2345; x_wconf 86' lang='lat' dir='ltr'><strong>super</strong></span> <span class='ocrx_word' id='word_1_555' title='bbox 2816 2273 2883 2328; x_wconf 84' lang='lat' dir='ltr'><strong>fel</strong></span> <span class='ocrx_word' id='word_1_556' title='bbox 2913 2285 2966 2328; x_wconf 87' lang='lat' dir='ltr'><strong>et</strong></span> <span class='ocrx_word' id='word_1_557' title='bbox 3008 2274 3234 2343; x_wconf 73' lang='lat' dir='ltr'><strong>sulphur</strong></span> <span class='ocrx_word' id='word_1_558' title='bbox 3266 2290 3388 2328; x_wconf 88' lang='lat' dir='ltr'><strong>cum</strong></span> <span class='ocrx_word' id='word_1_559' title='bbox 3436 2273 3577 2328; x_wconf 81' lang='lat' dir='ltr'><strong>vitu-</strong></span> 
     </span>
    </p>
   </div>
   <div class='ocr_carea' id='block_1_82' title="bbox 1997 2361 3571 2436">
    <p class='ocr_par' dir='ltr' id='par_1_82' title="bbox 1997 2361 3571 2436">
     <span class='ocr_line' id='line_1_82' title="bbox 1997 2361 3571 2436; baseline 0.003 -23"><span class='ocrx_word' id='word_1_560' title='bbox 1997 2361 2369 2430; x_wconf 88' lang='lat' dir='ltr'><strong>perationibus</strong></span> <span class='ocrx_word' id='word_1_561' title='bbox 2415 2364 2585 2434; x_wconf 85' lang='lat' dir='ltr'><strong>magis</strong></span> <span class='ocrx_word' id='word_1_562' title='bbox 2638 2365 2916 2434; x_wconf 83' lang='lat' dir='ltr'><strong>magisque</strong></span> <span class='ocrx_word' id='word_1_563' title='bbox 2971 2366 3252 2434; x_wconf 87' lang='lat' dir='ltr'><strong>putrescit.</strong></span> <span class='ocrx_word' id='word_1_564' title='bbox 3297 2363 3571 2436; x_wconf 82' lang='lat' dir='ltr'><strong>Magnitu-</strong></span> 
     </span>
    </p>
   </div>
   <div class='ocr_carea' id='block_1_83' title="bbox 2000 2450 3578 2524">
    <p class='ocr_par' dir='ltr' id='par_1_83' title="bbox 2000 2450 3578 2524">
     <span class='ocr_line' id='line_1_83' title="bbox 2000 2450 3578 2524; baseline 0.002 -20"><span class='ocrx_word' id='word_1_565' title='bbox 2000 2450 2180 2504; x_wconf 85' lang='lat' dir='ltr'><strong>dinem</strong></span> <span class='ocrx_word' id='word_1_566' title='bbox 2211 2451 2408 2521; x_wconf 88' lang='lat' dir='ltr'><strong>quippe</strong></span> <span class='ocrx_word' id='word_1_567' title='bbox 2456 2452 2648 2506; x_wconf 90' lang='lat' dir='ltr'><strong>horum</strong></span> <span class='ocrx_word' id='word_1_568' title='bbox 2679 2453 2879 2508; x_wconf 88' lang='lat' dir='ltr'><strong>Christi</strong></span> <span class='ocrx_word' id='word_1_569' title='bbox 2929 2453 3227 2524; x_wconf 84' lang='lat' dir='ltr'><strong>signorum,</strong></span> <span class='ocrx_word' id='word_1_570' title='bbox 3257 2455 3578 2524; x_wconf 85' lang='lat' dir='ltr'><strong>copiamque</strong></span> 
     </span>
    </p>
   </div>
   <div class='ocr_carea' id='block_1_84' title="bbox 2003 2540 3576 2612">
    <p class='ocr_par' dir='ltr' id='par_1_84' title="bbox 2003 2540 3576 2612">
     <span class='ocr_line' id='line_1_84' title="bbox 2003 2540 3576 2612; baseline 0.004 -21"><span class='ocrx_word' id='word_1_571' title='bbox 2003 2540 2182 2610; x_wconf 83' lang='lat' dir='ltr'><strong>gaudii</strong></span> <span class='ocrx_word' id='word_1_572' title='bbox 2216 2543 2409 2606; x_wconf 89' lang='lat' dir='ltr'><strong>nostri,</strong></span> <span class='ocrx_word' id='word_1_573' title='bbox 2443 2556 2507 2596; x_wconf 90' lang='lat' dir='ltr'><strong>ac</strong></span> <span class='ocrx_word' id='word_1_574' title='bbox 2539 2542 2905 2611; x_wconf 88' lang='lat' dir='ltr'><strong>quotidianam</strong></span> <span class='ocrx_word' id='word_1_575' title='bbox 2942 2543 3236 2612; x_wconf 82' lang='lat' dir='ltr'><strong>gratiarum</strong></span> <span class='ocrx_word' id='word_1_576' title='bbox 3281 2545 3576 2607; x_wconf 86' lang='lat' dir='ltr'><strong>actionem,</strong></span> 
     </span>
    </p>
   </div>
   <div class='ocr_carea' id='block_1_85' title="bbox 2001 2632 3572 2706">
    <p class='ocr_par' dir='ltr' id='par_1_85' title="bbox 2001 2632 3572 2706">
     <span class='ocr_line' id='line_1_85' title="bbox 2001 2632 3572 2706; baseline 0.005 -22"><span class='ocrx_word' id='word_1_577' title='bbox 2001 2646 2100 2685; x_wconf 86' lang='lat' dir='ltr'><strong>nec</strong></span> <span class='ocrx_word' id='word_1_578' title='bbox 2129 2632 2306 2686; x_wconf 86' lang='lat' dir='ltr'><strong>cordis</strong></span> <span class='ocrx_word' id='word_1_579' title='bbox 2331 2647 2523 2687; x_wconf 86' lang='lat' dir='ltr'><strong>sensus</strong></span> <span class='ocrx_word' id='word_1_580' title='bbox 2549 2635 2807 2704; x_wconf 86' lang='lat' dir='ltr'><strong>cogitare,</strong></span> <span class='ocrx_word' id='word_1_581' title='bbox 2841 2648 2939 2689; x_wconf 89' lang='lat' dir='ltr'><strong>nec</strong></span> <span class='ocrx_word' id='word_1_582' title='bbox 2969 2635 3162 2705; x_wconf 71' lang='lat' dir='ltr'><strong>linguze</strong></span> <span class='ocrx_word' id='word_1_583' title='bbox 3193 2636 3456 2706; x_wconf 87' lang='lat' dir='ltr'><strong>plectrum</strong></span> <span class='ocrx_word' id='word_1_584' title='bbox 3479 2652 3572 2691; x_wconf 57' lang='lat' dir='ltr'><strong>exc</strong></span> 
     </span>
    </p>
   </div>
   <div class='ocr_carea' id='block_1_86' title="bbox 1999 2722 3576 2797">
    <p class='ocr_par' dir='ltr' id='par_1_86' title="bbox 1999 2722 3576 2797">
     <span class='ocr_line' id='line_1_86' title="bbox 1999 2722 3576 2797; baseline 0.005 -22"><span class='ocrx_word' id='word_1_585' title='bbox 1999 2722 2256 2792; x_wconf 90' lang='lat' dir='ltr'><strong>primere,</strong></span> <span class='ocrx_word' id='word_1_586' title='bbox 2289 2736 2389 2777; x_wconf 91' lang='lat' dir='ltr'><strong>nec</strong></span> <span class='ocrx_word' id='word_1_587' title='bbox 2423 2738 2634 2790; x_wconf 90' lang='lat' dir='ltr'><strong>manus,</strong></span> <span class='ocrx_word' id='word_1_588' title='bbox 2679 2725 2823 2779; x_wconf 87' lang='lat' dir='ltr'><strong>sicut</strong></span> <span class='ocrx_word' id='word_1_589' title='bbox 2869 2734 2981 2792; x_wconf 87' lang='lat' dir='ltr'><strong>est,</strong></span> <span class='ocrx_word' id='word_1_590' title='bbox 3027 2742 3261 2797; x_wconf 90' lang='lat' dir='ltr'><strong>unquam</strong></span> <span class='ocrx_word' id='word_1_591' title='bbox 3309 2728 3576 2782; x_wconf 88' lang='lat' dir='ltr'><strong>suﬂicient</strong></span> 
     </span>
    </p>
   </div>
   <div class='ocr_carea' id='block_1_87' title="bbox 1999 2813 3299 2867">
    <p class='ocr_par' dir='ltr' id='par_1_87' title="bbox 1999 2813 3299 2867">
     <span class='ocr_line' id='line_1_87' title="bbox 1999 2813 3299 2867; baseline 0.002 -2"><span class='ocrx_word' id='word_1_592' title='bbox 1999 2813 2261 2867; x_wconf 82' lang='lat' dir='ltr'><strong>scribere.</strong></span> <span class='ocrx_word' id='word_1_593' title='bbox 3297 2835 3299 2837; x_wconf 57' lang='grc' dir='ltr'>ί</span> 
     </span>
    </p>
   </div>
   <div class='ocr_carea' id='block_1_88' title="bbox 2072 2903 3577 2977">
    <p class='ocr_par' dir='ltr' id='par_1_88' title="bbox 2072 2903 3577 2977">
     <span class='ocr_line' id='line_1_88' title="bbox 2072 2903 3577 2977; baseline 0.004 -21"><span class='ocrx_word' id='word_1_594' title='bbox 2072 2903 2193 2958; x_wconf 84' lang='grc'><strong>105.</strong></span> <span class='ocrx_word' id='word_1_595' title='bbox 2235 2903 2341 2959; x_wconf 87' lang='lat' dir='ltr'><strong>Sed</strong></span> <span class='ocrx_word' id='word_1_596' title='bbox 2369 2904 2494 2974; x_wconf 89' lang='lat' dir='ltr'><strong>quia</strong></span> <span class='ocrx_word' id='word_1_597' title='bbox 2525 2905 2754 2976; x_wconf 89' lang='lat' dir='ltr'><strong>sapienti</strong></span> <span class='ocrx_word' id='word_1_598' title='bbox 2784 2906 2850 2961; x_wconf 92' lang='lat' dir='ltr'><strong>de</strong></span> <span class='ocrx_word' id='word_1_599' title='bbox 2885 2906 3066 2962; x_wconf 92' lang='lat' dir='ltr'><strong>multis</strong></span> <span class='ocrx_word' id='word_1_600' title='bbox 3088 2923 3256 2977; x_wconf 87' lang='lat' dir='ltr'><strong>pauca</strong></span> <span class='ocrx_word' id='word_1_601' title='bbox 3283 2907 3577 2974; x_wconf 74' lang='lat' dir='ltr'><strong>sufﬁciunt,</strong></span> 
     </span>
    </p>
   </div>
   <div class='ocr_carea' id='block_1_89' title="bbox 1998 2996 3577 3070">
    <p class='ocr_par' dir='ltr' id='par_1_89' title="bbox 1998 2996 3577 3070">
     <span class='ocr_line' id='line_1_89' title="bbox 1998 2996 3577 3070; baseline 0.003 -20"><span class='ocrx_word' id='word_1_602' title='bbox 1998 2996 2212 3051; x_wconf 88' lang='lat' dir='ltr'><strong>demunt</strong></span> <span class='ocrx_word' id='word_1_603' title='bbox 2269 2998 2334 3050; x_wconf 89' lang='lat' dir='ltr'><strong>ad</strong></span> <span class='ocrx_word' id='word_1_604' title='bbox 2408 2997 2796 3052; x_wconf 86' lang='lat' dir='ltr'><strong>Pateruitatem</strong></span> <span class='ocrx_word' id='word_1_605' title='bbox 2862 3000 3108 3055; x_wconf 82' lang='lat' dir='ltr'><strong>Vestram</strong></span> <span class='ocrx_word' id='word_1_606' title='bbox 3170 3001 3577 3070; x_wconf 81' lang='lat' dir='ltr'><strong>supplicandum</strong></span> 
     </span>
    </p>
   </div>
   <div class='ocr_carea' id='block_1_90' title="bbox 1997 3088 3579 3160">
    <p class='ocr_par' dir='ltr' id='par_1_90' title="bbox 1997 3088 3579 3160">
     <span class='ocr_line' id='line_1_90' title="bbox 1997 3088 3579 3160; baseline 0.005 -19"><span class='ocrx_word' id='word_1_607' title='bbox 1997 3089 2391 3144; x_wconf 89' lang='lat' dir='ltr'><strong>concurrimus.</strong></span> <span class='ocrx_word' id='word_1_608' title='bbox 2417 3088 2519 3142; x_wconf 85' lang='lat' dir='ltr'><strong>Per</strong></span> <span class='ocrx_word' id='word_1_609' title='bbox 2552 3089 2726 3160; x_wconf 90' lang='lat' dir='ltr'><strong>ipsum</strong></span> <span class='ocrx_word' id='word_1_610' title='bbox 2751 3105 2877 3146; x_wconf 82' lang='lat' dir='ltr'><strong>vero</strong></span> <span class='ocrx_word' id='word_1_611' title='bbox 2899 3092 3290 3148; x_wconf 86' lang='lat' dir='ltr'><strong>Beatitudinem</strong></span> <span class='ocrx_word' id='word_1_612' title='bbox 3333 3095 3579 3149; x_wconf 82' lang='lat' dir='ltr'><strong>Vestram</strong></span> 
     </span>
    </p>
   </div>
   <div class='ocr_carea' id='block_1_91' title="bbox 1996 3178 3579 3254">
    <p class='ocr_par' dir='ltr' id='par_1_91' title="bbox 1996 3178 3579 3254">
     <span class='ocr_line' id='line_1_91' title="bbox 1996 3178 3579 3254; baseline 0.004 -23"><span class='ocrx_word' id='word_1_613' title='bbox 1996 3193 2238 3243; x_wconf 90' lang='lat' dir='ltr'><strong>oramus,</strong></span> <span class='ocrx_word' id='word_1_614' title='bbox 2279 3178 2434 3248; x_wconf 91' lang='lat' dir='ltr'><strong>cujus</strong></span> <span class='ocrx_word' id='word_1_615' title='bbox 2489 3179 2792 3244; x_wconf 83' lang='lat' dir='ltr'><strong>Vicarium,</strong></span> <span class='ocrx_word' id='word_1_616' title='bbox 2853 3191 2962 3236; x_wconf 85' lang='lat' dir='ltr'><strong>tant</strong></span> <span class='ocrx_word' id='word_1_617' title='bbox 3017 3183 3068 3236; x_wconf 90' lang='lat' dir='ltr'><strong>in</strong></span> <span class='ocrx_word' id='word_1_618' title='bbox 3109 3184 3264 3238; x_wconf 72' lang='lat' dir='ltr'><strong>cwlis</strong></span> <span class='ocrx_word' id='word_1_619' title='bbox 3303 3199 3466 3254; x_wconf 89' lang='lat' dir='ltr'><strong>quam</strong></span> <span class='ocrx_word' id='word_1_620' title='bbox 3525 3183 3579 3238; x_wconf 85' lang='lat' dir='ltr'><strong>in</strong></span> 
     </span>
    </p>
   </div>
   <div class='ocr_carea' id='block_1_92' title="bbox 2001 3272 3580 3344">
    <p class='ocr_par' dir='ltr' id='par_1_92' title="bbox 2001 3272 3580 3344">
     <span class='ocr_line' id='line_1_92' title="bbox 2001 3272 3580 3344; baseline 0.003 -20"><span class='ocrx_word' id='word_1_621' title='bbox 2001 3273 2161 3324; x_wconf 88' lang='lat' dir='ltr'><strong>terris</strong></span> <span class='ocrx_word' id='word_1_622' title='bbox 2185 3272 2347 3326; x_wconf 87' lang='lat' dir='ltr'><strong>etiam</strong></span> <span class='ocrx_word' id='word_1_623' title='bbox 2379 3287 2477 3325; x_wconf 86' lang='lat' dir='ltr'><strong>vos</strong></span> <span class='ocrx_word' id='word_1_624' title='bbox 2507 3286 2624 3326; x_wconf 88' lang='lat' dir='ltr'><strong>esse</strong></span> <span class='ocrx_word' id='word_1_625' title='bbox 2647 3273 3021 3329; x_wconf 80' lang='lat' dir='ltr'><strong>desideramus</strong></span> <span class='ocrx_word' id='word_1_626' title='bbox 3053 3291 3066 3327; x_wconf 91' lang='lat'>:</span> <span class='ocrx_word' id='word_1_627' title='bbox 3101 3275 3391 3343; x_wconf 85' lang='lat' dir='ltr'><strong>dignamini</strong></span> <span class='ocrx_word' id='word_1_628' title='bbox 3418 3275 3580 3344; x_wconf 90' lang='lat' dir='ltr'><strong>plebi,</strong></span> 
     </span>
    </p>
   </div>
   <div class='ocr_carea' id='block_1_93' title="bbox 1999 3363 3582 3436">
    <p class='ocr_par' dir='ltr' id='par_1_93' title="bbox 1999 3363 3582 3436">
     <span class='ocr_line' id='line_1_93' title="bbox 1999 3363 3582 3436; baseline 0.002 -19"><span class='ocrx_word' id='word_1_629' title='bbox 1999 3363 2153 3436; x_wconf 88' lang='lat' dir='ltr'><strong>longa</strong></span> <span class='ocrx_word' id='word_1_630' title='bbox 2186 3372 2336 3432; x_wconf 88' lang='lat' dir='ltr'><strong>peste</strong></span> <span class='ocrx_word' id='word_1_631' title='bbox 2373 3364 2674 3429; x_wconf 59' lang='lat' dir='ltr'><strong>demolitat,</strong></span> <span class='ocrx_word' id='word_1_632' title='bbox 2725 3367 3009 3420; x_wconf 86' lang='lat' dir='ltr'><strong>consilium</strong></span> <span class='ocrx_word' id='word_1_633' title='bbox 3052 3368 3368 3436; x_wconf 83' lang='lat' dir='ltr'><strong>pariter,et</strong></span> <span class='ocrx_word' id='word_1_634' title='bbox 3392 3367 3582 3422; x_wconf 86' lang='lat' dir='ltr'><strong>defen-</strong></span> 
     </span>
    </p>
   </div>
   <div class='ocr_carea' id='block_1_94' title="bbox 1998 3452 3580 3526">
    <p class='ocr_par' dir='ltr' id='par_1_94' title="bbox 1998 3452 3580 3526">
     <span class='ocr_line' id='line_1_94' title="bbox 1998 3452 3580 3526; baseline 0.002 -20"><span class='ocrx_word' id='word_1_635' title='bbox 1998 3453 2168 3508; x_wconf 88' lang='lat' dir='ltr'><strong>sionis</strong></span> <span class='ocrx_word' id='word_1_636' title='bbox 2206 3452 2461 3506; x_wconf 75' lang='lat' dir='ltr'><strong>auxilium</strong></span> <span class='ocrx_word' id='word_1_637' title='bbox 2503 3454 2851 3524; x_wconf 88' lang='lat' dir='ltr'><strong>impendere:</strong></span> <span class='ocrx_word' id='word_1_638' title='bbox 2882 3456 3176 3526; x_wconf 87' lang='lat' dir='ltr'><strong>dignamini</strong></span> <span class='ocrx_word' id='word_1_639' title='bbox 3214 3471 3313 3511; x_wconf 88' lang='lat' dir='ltr'><strong>nos</strong></span> <span class='ocrx_word' id='word_1_640' title='bbox 3352 3458 3580 3511; x_wconf 88' lang='lat' dir='ltr'><strong>miseros</strong></span> 
     </span>
    </p>
   </div>
   <div class='ocr_carea' id='block_1_95' title="bbox 2001 3543 3583 3614">
    <p class='ocr_par' dir='ltr' id='par_1_95' title="bbox 2001 3543 3583 3614">
     <span class='ocr_line' id='line_1_95' title="bbox 2001 3543 3583 3614; baseline 0.004 -18"><span class='ocrx_word' id='word_1_641' title='bbox 2001 3543 2069 3597; x_wconf 88' lang='lat' dir='ltr'><strong>ab</strong></span> <span class='ocrx_word' id='word_1_642' title='bbox 2102 3544 2422 3612; x_wconf 88' lang='lat' dir='ltr'><strong>importunis</strong></span> <span class='ocrx_word' id='word_1_643' title='bbox 2454 3544 2703 3614; x_wconf 89' lang='lat' dir='ltr'><strong>luporum</strong></span> <span class='ocrx_word' id='word_1_644' title='bbox 2737 3546 2984 3600; x_wconf 82' lang='lat' dir='ltr'><strong>faucibus</strong></span> <span class='ocrx_word' id='word_1_645' title='bbox 3010 3585 3025 3611; x_wconf 95' lang='lat'><strong>,</strong></span> <span class='ocrx_word' id='word_1_646' title='bbox 3076 3547 3442 3602; x_wconf 81' lang='lat' dir='ltr'><strong>abstrahendo</strong></span> <span class='ocrx_word' id='word_1_647' title='bbox 3469 3549 3583 3602; x_wconf 85' lang='lat' dir='ltr'><strong>cri-</strong></span> 
     </span>
    </p>
   </div>
   <div class='ocr_carea' id='block_1_96' title="bbox 2001 3635 3585 3704">
    <p class='ocr_par' dir='ltr' id='par_1_96' title="bbox 2001 3635 3585 3704">
     <span class='ocr_line' id='line_1_96' title="bbox 2001 3635 3585 3704; baseline 0.004 -17"><span class='ocrx_word' id='word_1_648' title='bbox 2001 3649 2171 3703; x_wconf 86' lang='lat' dir='ltr'><strong>pere:</strong></span> <span class='ocrx_word' id='word_1_649' title='bbox 2220 3635 2519 3704; x_wconf 89' lang='lat' dir='ltr'><strong>dignamini</strong></span> <span class='ocrx_word' id='word_1_650' title='bbox 2548 3674 2562 3698; x_wconf 94' lang='lat'><strong>,</strong></span> <span class='ocrx_word' id='word_1_651' title='bbox 2613 3650 2919 3704; x_wconf 87' lang='lat' dir='ltr'><strong>precamur,</strong></span> <span class='ocrx_word' id='word_1_652' title='bbox 2967 3653 3115 3692; x_wconf 89' lang='lat' dir='ltr'><strong>arma</strong></span> <span class='ocrx_word' id='word_1_653' title='bbox 3161 3649 3350 3692; x_wconf 87' lang='lat' dir='ltr'><strong>contra</strong></span> <span class='ocrx_word' id='word_1_654' title='bbox 3403 3640 3585 3693; x_wconf 84' lang='lat' dir='ltr'><strong>hostes</strong></span> 
     </span>
    </p>
   </div>
   <div class='ocr_carea' id='block_1_97' title="bbox 2001 3729 3583 3799">
    <p class='ocr_par' dir='ltr' id='par_1_97' title="bbox 2001 3729 3583 3799">
     <span class='ocr_line' id='line_1_97' title="bbox 2001 3729 3583 3799; baseline 0.004 -17"><span class='ocrx_word' id='word_1_655' title='bbox 2001 3729 2146 3783; x_wconf 86' lang='lat' dir='ltr'><strong>Petri</strong></span> <span class='ocrx_word' id='word_1_656' title='bbox 2195 3730 2421 3799; x_wconf 87' lang='lat' dir='ltr'><strong>apostoli</strong></span> <span class='ocrx_word' id='word_1_657' title='bbox 2469 3745 2720 3793; x_wconf 86' lang='lat' dir='ltr'><strong>movere,</strong></span> <span class='ocrx_word' id='word_1_658' title='bbox 2758 3732 2903 3787; x_wconf 87' lang='lat' dir='ltr'><strong>acies</strong></span> <span class='ocrx_word' id='word_1_659' title='bbox 2938 3741 3180 3797; x_wconf 83' lang='lat' dir='ltr'><strong>struere,</strong></span> <span class='ocrx_word' id='word_1_660' title='bbox 3221 3749 3336 3787; x_wconf 72' lang='lat' dir='ltr'><strong>sant</strong></span> <span class='ocrx_word' id='word_1_661' title='bbox 3357 3743 3406 3786; x_wconf 89' lang='lat' dir='ltr'><strong>ta</strong></span> <span class='ocrx_word' id='word_1_662' title='bbox 3445 3734 3583 3788; x_wconf 87' lang='lat' dir='ltr'><strong>belia</strong></span> 
     </span>
    </p>
   </div>
   <div class='ocr_carea' id='block_1_98' title="bbox 2001 3821 3587 3889">
    <p class='ocr_par' dir='ltr' id='par_1_98' title="bbox 2001 3821 3587 3889">
     <span class='ocr_line' id='line_1_98' title="bbox 2001 3821 3587 3889; baseline 0.003 -16"><span class='ocrx_word' id='word_1_663' title='bbox 2001 3821 2366 3886; x_wconf 89' lang='lat' dir='ltr'><strong>committere,</strong></span> <span class='ocrx_word' id='word_1_664' title='bbox 2392 3830 2448 3876; x_wconf 90' lang='lat' dir='ltr'><strong>et</strong></span> <span class='ocrx_word' id='word_1_665' title='bbox 2480 3836 2578 3876; x_wconf 91' lang='lat' dir='ltr'><strong>nos</strong></span> <span class='ocrx_word' id='word_1_666' title='bbox 2606 3837 2737 3876; x_wconf 86' lang='lat' dir='ltr'><strong>oves</strong></span> <span class='ocrx_word' id='word_1_667' title='bbox 2776 3822 3014 3889; x_wconf 87' lang='lat' dir='ltr'><strong>Christi,</strong></span> <span class='ocrx_word' id='word_1_668' title='bbox 3048 3825 3207 3878; x_wconf 90' lang='lat' dir='ltr'><strong>beato</strong></span> <span class='ocrx_word' id='word_1_669' title='bbox 3245 3823 3426 3889; x_wconf 87' lang='lat' dir='ltr'><strong>Petro,</strong></span> <span class='ocrx_word' id='word_1_670' title='bbox 3461 3825 3587 3880; x_wconf 90' lang='lat' dir='ltr'><strong>tibi-</strong></span> 
     </span>
    </p>
   </div>
   <div class='ocr_carea' id='block_1_99' title="bbox 2002 3913 3587 3989">
    <p class='ocr_par' dir='ltr' id='par_1_99' title="bbox 2002 3913 3587 3989">
     <span class='ocr_line' id='line_1_99' title="bbox 2002 3913 3587 3989; baseline 0.005 -23"><span class='ocrx_word' id='word_1_671' title='bbox 2002 3928 2108 3982; x_wconf 89' lang='lat' dir='ltr'><strong>que</strong></span> <span class='ocrx_word' id='word_1_672' title='bbox 2146 3915 2262 3968; x_wconf 88' lang='lat' dir='ltr'><strong>vice</strong></span> <span class='ocrx_word' id='word_1_673' title='bbox 2302 3913 2420 3982; x_wconf 89' lang='lat' dir='ltr'><strong>ejus</strong></span> <span class='ocrx_word' id='word_1_674' title='bbox 2456 3915 2796 3980; x_wconf 82' lang='lat' dir='ltr'><strong>commissas,</strong></span> <span class='ocrx_word' id='word_1_675' title='bbox 2831 3926 3019 3971; x_wconf 88' lang='lat' dir='ltr'><strong>contra</strong></span> <span class='ocrx_word' id='word_1_676' title='bbox 3063 3917 3402 3975; x_wconf 88' lang='lat' dir='ltr'><strong>Simoniacos</strong></span> <span class='ocrx_word' id='word_1_677' title='bbox 3450 3935 3587 3989; x_wconf 73' lang='lat' dir='ltr'><strong>pra:-</strong></span> 
     </span>
    </p>
   </div>
   <div class='ocr_carea' id='block_1_100' title="bbox 2004 4004 3588 4080">
    <p class='ocr_par' dir='ltr' id='par_1_100' title="bbox 2004 4004 3588 4080">
     <span class='ocr_line' id='line_1_100' title="bbox 2004 4004 3588 4080; baseline 0.006 -22"><span class='ocrx_word' id='word_1_678' title='bbox 2004 4004 2182 4060; x_wconf 89' lang='lat' dir='ltr'><strong>liando</strong></span> <span class='ocrx_word' id='word_1_679' title='bbox 2211 4006 2278 4061; x_wconf 87' lang='lat' dir='ltr'><strong>de</strong></span> <span class='ocrx_word' id='word_1_680' title='bbox 2306 4007 2621 4075; x_wconf 89' lang='lat' dir='ltr'><strong>captivitate</strong></span> <span class='ocrx_word' id='word_1_681' title='bbox 2667 4008 2918 4063; x_wconf 88' lang='lat' dir='ltr'><strong>liberare.</strong></span> <span class='ocrx_word' id='word_1_682' title='bbox 2945 4009 3222 4080; x_wconf 89' lang='lat' dir='ltr'><strong>Plerisque</strong></span> <span class='ocrx_word' id='word_1_683' title='bbox 3252 4012 3449 4066; x_wconf 91' lang='lat' dir='ltr'><strong>etenim</strong></span> <span class='ocrx_word' id='word_1_684' title='bbox 3490 4028 3588 4067; x_wconf 57' lang='lat' dir='ltr'><strong>no-</strong></span> 
     </span>
    </p>
   </div>
   <div class='ocr_carea' id='block_1_101' title="bbox 1997 4099 3586 4170">
    <p class='ocr_par' dir='ltr' id='par_1_101' title="bbox 1997 4099 3586 4170">
     <span class='ocr_line' id='line_1_101' title="bbox 1997 4099 3586 4170; baseline 0.004 -19"><span class='ocrx_word' id='word_1_685' title='bbox 1997 4107 2178 4153; x_wconf 89' lang='lat' dir='ltr'><strong>.strum</strong></span> <span class='ocrx_word' id='word_1_686' title='bbox 2226 4099 2415 4154; x_wconf 90' lang='lat' dir='ltr'><strong>beatus</strong></span> <span class='ocrx_word' id='word_1_687' title='bbox 2454 4101 2568 4169; x_wconf 87' lang='lat' dir='ltr'><strong>ipse</strong></span> <span class='ocrx_word' id='word_1_688' title='bbox 2593 4101 2920 4170; x_wconf 83' lang='lat' dir='ltr'><strong>Apostolus,</strong></span> <span class='ocrx_word' id='word_1_689' title='bbox 2952 4101 3161 4155; x_wconf 90' lang='lat' dir='ltr'><strong>utolim</strong></span> <span class='ocrx_word' id='word_1_690' title='bbox 3205 4118 3233 4156; x_wconf 91' lang='lat' dir='ltr'><strong>a</strong></span> <span class='ocrx_word' id='word_1_691' title='bbox 3283 4101 3495 4157; x_wconf 82' lang='lat' dir='ltr'><strong>Nerone</strong></span> <span class='ocrx_word' id='word_1_692' title='bbox 3533 4104 3586 4158; x_wconf 89' lang='lat' dir='ltr'><strong>in</strong></span> 
     </span>
    </p>
   </div>
   <div class='ocr_carea' id='block_1_102' title="bbox 2005 4194 3586 4265">
    <p class='ocr_par' dir='ltr' id='par_1_102' title="bbox 2005 4194 3586 4265">
     <span class='ocr_line' id='line_1_102' title="bbox 2005 4194 3586 4265; baseline 0.005 -22"><span class='ocrx_word' id='word_1_693' title='bbox 2005 4205 2168 4246; x_wconf 87' lang='lat' dir='ltr'><strong>cruce</strong></span> <span class='ocrx_word' id='word_1_694' title='bbox 2197 4194 2464 4257; x_wconf 80' lang='lat' dir='ltr'><strong>confixus,</strong></span> <span class='ocrx_word' id='word_1_695' title='bbox 2497 4195 2550 4248; x_wconf 89' lang='lat' dir='ltr'><strong>in</strong></span> <span class='ocrx_word' id='word_1_696' title='bbox 2582 4195 2695 4249; x_wconf 92' lang='lat' dir='ltr'><strong>visu</strong></span> <span class='ocrx_word' id='word_1_697' title='bbox 2723 4196 2898 4250; x_wconf 90' lang='lat' dir='ltr'><strong>noctis</strong></span> <span class='ocrx_word' id='word_1_698' title='bbox 2921 4205 3164 4264; x_wconf 88' lang='lat' dir='ltr'><strong>apparet,</strong></span> <span class='ocrx_word' id='word_1_699' title='bbox 3193 4206 3244 4250; x_wconf 92' lang='lat' dir='ltr'><strong>et</strong></span> <span class='ocrx_word' id='word_1_700' title='bbox 3277 4197 3586 4265; x_wconf 91' lang='lat' dir='ltr'><strong>passionem</strong></span> 
     </span>
    </p>
   </div>
   <div class='ocr_carea' id='block_1_103' title="bbox 2007 4284 3589 4348">
    <p class='ocr_par' dir='ltr' id='par_1_103' title="bbox 2007 4284 3589 4348">
     <span class='ocr_line' id='line_1_103' title="bbox 2007 4284 3589 4348; baseline 0.007 -12"><span class='ocrx_word' id='word_1_701' title='bbox 2007 4298 2160 4339; x_wconf 88' lang='lat' dir='ltr'><strong>suam</strong></span> <span class='ocrx_word' id='word_1_702' title='bbox 2187 4284 2538 4348; x_wconf 86' lang='lat' dir='ltr'><strong>ostendendo,</strong></span> <span class='ocrx_word' id='word_1_703' title='bbox 2573 4293 2632 4339; x_wconf 92' lang='lat' dir='ltr'><strong>ut</strong></span> <span class='ocrx_word' id='word_1_704' title='bbox 2663 4302 2690 4338; x_wconf 87' lang='lat' dir='ltr'><strong>a</strong></span> <span class='ocrx_word' id='word_1_705' title='bbox 2717 4284 3150 4342; x_wconf 90' lang='lat' dir='ltr'><strong>Simoniacorum</strong></span> <span class='ocrx_word' id='word_1_706' title='bbox 3196 4289 3465 4344; x_wconf 85' lang='lat' dir='ltr'><strong>societate</strong></span> <span class='ocrx_word' id='word_1_707' title='bbox 3496 4292 3589 4346; x_wconf 80' lang='lat' dir='ltr'><strong>de-</strong></span> 
     </span>
    </p>
   </div>
   <div class='ocr_carea' id='block_1_104' title="bbox 2008 4376 3588 4449">
    <p class='ocr_par' dir='ltr' id='par_1_104' title="bbox 2008 4376 3588 4449">
     <span class='ocr_line' id='line_1_104' title="bbox 2008 4376 3588 4449; baseline 0.004 -18"><span class='ocrx_word' id='word_1_708' title='bbox 2008 4376 2302 4440; x_wconf 91' lang='lat' dir='ltr'><strong>clinemus,</strong></span> <span class='ocrx_word' id='word_1_709' title='bbox 2332 4377 2418 4446; x_wconf 89' lang='lat' dir='ltr'><strong>pie</strong></span> <span class='ocrx_word' id='word_1_710' title='bbox 2463 4377 2674 4432; x_wconf 89' lang='lat' dir='ltr'><strong>suadet.</strong></span> <span class='ocrx_word' id='word_1_711' title='bbox 2723 4377 2911 4444; x_wconf 90' lang='lat' dir='ltr'><strong>Sicut,</strong></span> <span class='ocrx_word' id='word_1_712' title='bbox 2959 4379 3208 4449; x_wconf 88' lang='lat' dir='ltr'><strong>inquiens</strong></span> <span class='ocrx_word' id='word_1_713' title='bbox 3257 4395 3342 4435; x_wconf 89' lang='lat' dir='ltr'><strong>me</strong></span> <span class='ocrx_word' id='word_1_714' title='bbox 3380 4381 3588 4439; x_wconf 91' lang='lat' dir='ltr'><strong>Simoni</strong></span> 
     </span>
    </p>
   </div>
   <div class='ocr_carea' id='block_1_105' title="bbox 2011 4465 3588 4542">
    <p class='ocr_par' dir='ltr' id='par_1_105' title="bbox 2011 4465 3588 4542">
     <span class='ocr_line' id='line_1_105' title="bbox 2011 4465 3588 4542; baseline 0.006 -23"><span class='ocrx_word' id='word_1_715' title='bbox 2011 4465 2164 4539; x_wconf 84' lang='lat' dir='ltr'><strong>Mago</strong></span> <span class='ocrx_word' id='word_1_716' title='bbox 2192 4483 2464 4538; x_wconf 89' lang='lat' dir='ltr'><strong>nunquam</strong></span> <span class='ocrx_word' id='word_1_717' title='bbox 2495 4468 2770 4538; x_wconf 76' lang='lat' dir='ltr'><strong>conjunxi,</strong></span> <span class='ocrx_word' id='word_1_718' title='bbox 2797 4471 2874 4525; x_wconf 87' lang='lat' dir='ltr'><strong>sic</strong></span> <span class='ocrx_word' id='word_1_719' title='bbox 2899 4485 3111 4542; x_wconf 85' lang='lat' dir='ltr'><strong>quoque</strong></span> <span class='ocrx_word' id='word_1_720' title='bbox 3139 4487 3230 4527; x_wconf 82' lang='lat' dir='ltr'><strong>vos</strong></span> <span class='ocrx_word' id='word_1_721' title='bbox 3255 4513 3270 4538; x_wconf 93' lang='lat'><strong>,</strong></span> <span class='ocrx_word' id='word_1_722' title='bbox 3315 4475 3360 4529; x_wconf 91' lang='lat' dir='ltr'><strong>si</strong></span> <span class='ocrx_word' id='word_1_723' title='bbox 3387 4474 3588 4531; x_wconf 88' lang='lat' dir='ltr'><strong>Christi</strong></span> 
     </span>
    </p>
   </div>
   <div class='ocr_carea' id='block_1_106' title="bbox 2010 4557 3593 4636">
    <p class='ocr_par' dir='ltr' id='par_1_106' title="bbox 2010 4557 3593 4636">
     <span class='ocr_line' id='line_1_106' title="bbox 2010 4557 3593 4636; baseline 0.005 -24"><span class='ocrx_word' id='word_1_724' title='bbox 2010 4573 2129 4613; x_wconf 90' lang='lat' dir='ltr'><strong>esse</strong></span> <span class='ocrx_word' id='word_1_725' title='bbox 2154 4557 2334 4622; x_wconf 87' lang='lat' dir='ltr'><strong>vultis,</strong></span> <span class='ocrx_word' id='word_1_726' title='bbox 2366 4559 2408 4612; x_wconf 91' lang='lat' dir='ltr'><strong>si</strong></span> <span class='ocrx_word' id='word_1_727' title='bbox 2439 4573 2568 4613; x_wconf 91' lang='lat' dir='ltr'><strong>oves</strong></span> <span class='ocrx_word' id='word_1_728' title='bbox 2595 4573 2807 4628; x_wconf 70' lang='lat' dir='ltr'><strong>pascum</strong></span> <span class='ocrx_word' id='word_1_729' title='bbox 2830 4559 2945 4629; x_wconf 88' lang='lat' dir='ltr'><strong>ejus</strong></span> <span class='ocrx_word' id='word_1_730' title='bbox 2972 4563 3130 4624; x_wconf 89' lang='lat' dir='ltr'><strong>estis,</strong></span> <span class='ocrx_word' id='word_1_731' title='bbox 3178 4562 3220 4616; x_wconf 91' lang='lat' dir='ltr'><strong>si</strong></span> <span class='ocrx_word' id='word_1_732' title='bbox 3250 4578 3335 4618; x_wconf 92' lang='lat' dir='ltr'><strong>me</strong></span> <span class='ocrx_word' id='word_1_733' title='bbox 3361 4563 3593 4636; x_wconf 80' lang='lat' dir='ltr'><strong>clavige-</strong></span> 
     </span>
    </p>
   </div>
   <div class='ocr_carea' id='block_1_107' title="bbox 2013 4649 3592 4724">
    <p class='ocr_par' dir='ltr' id='par_1_107' title="bbox 2013 4649 3592 4724">
     <span class='ocr_line' id='line_1_107' title="bbox 2013 4649 3592 4724; baseline 0.004 -23"><span class='ocrx_word' id='word_1_734' title='bbox 2013 4662 2132 4701; x_wconf 86' lang='lat' dir='ltr'><strong>rum</strong></span> <span class='ocrx_word' id='word_1_735' title='bbox 2160 4649 2310 4720; x_wconf 82' lang='lat' dir='ltr'><strong>regni</strong></span> <span class='ocrx_word' id='word_1_736' title='bbox 2339 4650 2578 4705; x_wconf 74' lang='lat' dir='ltr'><strong>cmlestis</strong></span> <span class='ocrx_word' id='word_1_737' title='bbox 2602 4651 2844 4712; x_wconf 85' lang='lat' dir='ltr'><strong>creditis,</strong></span> <span class='ocrx_word' id='word_1_738' title='bbox 2875 4652 2920 4706; x_wconf 91' lang='lat' dir='ltr'><strong>si</strong></span> <span class='ocrx_word' id='word_1_739' title='bbox 2951 4669 3035 4708; x_wconf 90' lang='lat' dir='ltr'><strong>me</strong></span> <span class='ocrx_word' id='word_1_740' title='bbox 3056 4653 3210 4708; x_wconf 82' lang='lat' dir='ltr'><strong>vobis</strong></span> <span class='ocrx_word' id='word_1_741' title='bbox 3232 4665 3417 4724; x_wconf 91' lang='lat' dir='ltr'><strong>portas</strong></span> <span class='ocrx_word' id='word_1_742' title='bbox 3441 4655 3592 4724; x_wconf 67' lang='lat' dir='ltr'><strong>regri</strong></span> 
     </span>
    </p>
   </div>
   <div class='ocr_carea' id='block_1_108' title="bbox 2013 4739 3592 4813">
    <p class='ocr_par' dir='ltr' id='par_1_108' title="bbox 2013 4739 3592 4813">
     <span class='ocr_line' id='line_1_108' title="bbox 2013 4739 3592 4813; baseline 0.004 -20"><span class='ocrx_word' id='word_1_743' title='bbox 2013 4739 2274 4795; x_wconf 61' lang='lat' dir='ltr'><strong>calorum</strong></span> <span class='ocrx_word' id='word_1_744' title='bbox 2309 4743 2519 4810; x_wconf 86' lang='lat' dir='ltr'><strong>aperire</strong></span> <span class='ocrx_word' id='word_1_745' title='bbox 2547 4743 2777 4813; x_wconf 89' lang='lat' dir='ltr'><strong>cupitis,</strong></span> <span class='ocrx_word' id='word_1_746' title='bbox 2810 4744 3136 4803; x_wconf 90' lang='lat' dir='ltr'><strong>Simoniacis</strong></span> <span class='ocrx_word' id='word_1_747' title='bbox 3164 4747 3327 4801; x_wconf 87' lang='lat' dir='ltr'><strong>nolite</strong></span> <span class='ocrx_word' id='word_1_748' title='bbox 3357 4748 3552 4802; x_wconf 87' lang='lat' dir='ltr'><strong>sociari</strong></span> <span class='ocrx_word' id='word_1_749' title='bbox 3577 4789 3592 4812; x_wconf 90' lang='lat'><strong>,</strong></span> 
     </span>
    </p>
   </div>
   <div class='ocr_carea' id='block_1_109' title="bbox 2005 4831 3116 4904">
    <p class='ocr_par' dir='ltr' id='par_1_109' title="bbox 2005 4831 3116 4904">
     <span class='ocr_line' id='line_1_109' title="bbox 2005 4831 3116 4904; baseline 0.006 -20"><span class='ocrx_word' id='word_1_750' title='bbox 2005 4831 2184 4886; x_wconf 90' lang='lat' dir='ltr'><strong>nolite</strong></span> <span class='ocrx_word' id='word_1_751' title='bbox 2209 4832 2484 4904; x_wconf 89' lang='lat' dir='ltr'><strong>conjungi,</strong></span> <span class='ocrx_word' id='word_1_752' title='bbox 2512 4835 2678 4892; x_wconf 90' lang='lat' dir='ltr'><strong>nolite</strong></span> <span class='ocrx_word' id='word_1_753' title='bbox 2703 4839 3116 4895; x_wconf 88' lang='lat' dir='ltr'><strong>communicari.</strong></span> 
     </span>
    </p>
   </div>
   <div class='ocr_carea' id='block_1_110' title="bbox 2089 4923 3600 4998">
    <p class='ocr_par' dir='ltr' id='par_1_110' title="bbox 2089 4923 3600 4998">
     <span class='ocr_line' id='line_1_110' title="bbox 2089 4923 3600 4998; baseline 0.001 -19"><span class='ocrx_word' id='word_1_754' title='bbox 2089 4923 2210 4980; x_wconf 82' lang='grc'><strong>106.</strong></span> <span class='ocrx_word' id='word_1_755' title='bbox 2245 4925 2397 4981; x_wconf 83' lang='lat' dir='ltr'><strong>Nunc</strong></span> <span class='ocrx_word' id='word_1_756' title='bbox 2429 4929 2642 4998; x_wconf 89' lang='lat' dir='ltr'><strong>itaque,</strong></span> <span class='ocrx_word' id='word_1_757' title='bbox 2686 4931 2916 4986; x_wconf 89' lang='lat' dir='ltr'><strong>Domine</strong></span> <span class='ocrx_word' id='word_1_758' title='bbox 2954 4940 3144 4988; x_wconf 75' lang='lat' dir='ltr'><strong>sancte</strong></span> <span class='ocrx_word' id='word_1_759' title='bbox 3169 4969 3182 4991; x_wconf 92' lang='lat'><strong>,</strong></span> <span class='ocrx_word' id='word_1_760' title='bbox 3227 4929 3352 4997; x_wconf 89' lang='lat' dir='ltr'><strong>quia</strong></span> <span class='ocrx_word' id='word_1_761' title='bbox 3407 4924 3600 4982; x_wconf 71' lang='lat' dir='ltr'><strong>ﬁdutia</strong></span> 
     </span>
    </p>
   </div>
   <div class='ocr_carea' id='block_1_111' title="bbox 2015 5015 3605 5086">
    <p class='ocr_par' dir='ltr' id='par_1_111' title="bbox 2015 5015 3605 5086">
     <span class='ocr_line' id='line_1_111' title="bbox 2015 5015 3605 5086; baseline -0.003 -15"><span class='ocrx_word' id='word_1_762' title='bbox 2015 5018 2448 5086; x_wconf 88' lang='lat' dir='ltr'><strong>recuperationis</strong></span> <span class='ocrx_word' id='word_1_763' title='bbox 2496 5029 2698 5076; x_wconf 65' lang='lat' dir='ltr'><strong>nostra:</strong></span> <span class='ocrx_word' id='word_1_764' title='bbox 2742 5025 3046 5077; x_wconf 84' lang='lat' dir='ltr'><strong>secundum</strong></span> <span class='ocrx_word' id='word_1_765' title='bbox 3110 5018 3278 5071; x_wconf 90' lang='lat' dir='ltr'><strong>Deum</strong></span> <span class='ocrx_word' id='word_1_766' title='bbox 3323 5015 3376 5068; x_wconf 89' lang='lat' dir='ltr'><strong>in</strong></span> <span class='ocrx_word' id='word_1_767' title='bbox 3420 5025 3605 5068; x_wconf 75' lang='lat' dir='ltr'><strong>saneta</strong></span> 
     </span>
    </p>
   </div>
   <div class='ocr_carea' id='block_1_112' title="bbox 2017 5104 3610 5184">
    <p class='ocr_par' dir='ltr' id='par_1_112' title="bbox 2017 5104 3610 5184">
     <span class='ocr_line' id='line_1_112' title="bbox 2017 5104 3610 5184; baseline -0.006 -17"><span class='ocrx_word' id='word_1_768' title='bbox 2017 5111 2158 5167; x_wconf 90' lang='lat' dir='ltr'><strong>Sede</strong></span> <span class='ocrx_word' id='word_1_769' title='bbox 2199 5109 2441 5167; x_wconf 77' lang='lat' dir='ltr'><strong>Romana</strong></span> <span class='ocrx_word' id='word_1_770' title='bbox 2485 5121 2563 5167; x_wconf 90' lang='lat' dir='ltr'><strong>est</strong></span> <span class='ocrx_word' id='word_1_771' title='bbox 2616 5114 2828 5182; x_wconf 85' lang='lat' dir='ltr'><strong>posita,</strong></span> <span class='ocrx_word' id='word_1_772' title='bbox 2858 5127 2988 5182; x_wconf 82' lang='lat' dir='ltr'><strong>vos,</strong></span> <span class='ocrx_word' id='word_1_773' title='bbox 3030 5109 3131 5184; x_wconf 74' lang='lat' dir='ltr'><strong>qui</strong></span> <span class='ocrx_word' id='word_1_774' title='bbox 3176 5107 3275 5175; x_wconf 90' lang='lat' dir='ltr'><strong>ipsi</strong></span> <span class='ocrx_word' id='word_1_775' title='bbox 3311 5104 3610 5174; x_wconf 65' lang='lat' dir='ltr'><strong>prmsitlctis</strong></span> 
     </span>
    </p>
   </div>
   <div class='ocr_carea' id='block_1_113' title="bbox 2015 5191 3611 5273">
    <p class='ocr_par' dir='ltr' id='par_1_113' title="bbox 2015 5191 3611 5273">
     <span class='ocr_line' id='line_1_113' title="bbox 2015 5191 3611 5273; baseline 0.001 -17"><span class='ocrx_word' id='word_1_776' title='bbox 2015 5214 2260 5264; x_wconf 90' lang='lat' dir='ltr'><strong>oramus,</strong></span> <span class='ocrx_word' id='word_1_777' title='bbox 2283 5208 2343 5253; x_wconf 93' lang='lat' dir='ltr'><strong>ut</strong></span> <span class='ocrx_word' id='word_1_778' title='bbox 2385 5203 2672 5273; x_wconf 89' lang='lat' dir='ltr'><strong>rapacibus</strong></span> <span class='ocrx_word' id='word_1_779' title='bbox 2715 5201 2856 5271; x_wconf 88' lang='lat' dir='ltr'><strong>lupis</strong></span> <span class='ocrx_word' id='word_1_780' title='bbox 2895 5217 2967 5257; x_wconf 76' lang='lat' dir='ltr'><strong>ex</strong></span> <span class='ocrx_word' id='word_1_781' title='bbox 3008 5201 3244 5257; x_wconf 71' lang='lat' dir='ltr'><strong>adverso</strong></span> <span class='ocrx_word' id='word_1_782' title='bbox 3271 5191 3611 5260; x_wconf 64' lang='grc' dir='ltr'><strong>θεοοηάθῑῖδ,</strong></span> 
     </span>
    </p>
   </div>
   <div class='ocr_carea' id='block_1_114' title="bbox 2014 5284 3618 5362">
    <p class='ocr_par' dir='ltr' id='par_1_114' title="bbox 2014 5284 3618 5362">
     <span class='ocr_line' id='line_1_114' title="bbox 2014 5284 3618 5362; baseline 0.001 -16"><span class='ocrx_word' id='word_1_783' title='bbox 2014 5306 2179 5362; x_wconf 83' lang='lat' dir='ltr'><strong>atque</strong></span> <span class='ocrx_word' id='word_1_784' title='bbox 2209 5298 2587 5352; x_wconf 87' lang='lat' dir='ltr'><strong>auctoritatem</strong></span> <span class='ocrx_word' id='word_1_785' title='bbox 2615 5293 2980 5352; x_wconf 85' lang='lat' dir='ltr'><strong>sacerdotalis</strong></span> <span class='ocrx_word' id='word_1_786' title='bbox 3003 5284 3283 5349; x_wconf 78' lang='lat' dir='ltr'><strong>culminis.</strong></span> <span class='ocrx_word' id='word_1_787' title='bbox 3308 5299 3404 5352; x_wconf 79' lang='grc' dir='ltr'><strong>ι)ΐο</strong></span> <span class='ocrx_word' id='word_1_788' title='bbox 3424 5285 3618 5339; x_wconf 64' lang='grc' dir='ltr'><strong>ονὶὶιιιδ</strong></span> 
     </span>
    </p>
   </div>
  </div>
