4110 5362
518 162 635 225 ωδε

1514 157 1573 214 s.
1611 155 1894 215 JOANNIS
1927 114 2321 213 censear:
2359 152 2644 211 ABBATIS

3652 151 3769 209 ωδ

518 282 661 354 quod
692 279 934 336 Pastoris
960 286 1043 333 est
1065 317 1081 342 ,
1121 273 1277 331 nobis
1307 268 1799 354 dilaniatis-ovibus
1825 284 1893 327 ne
1925 269 2091 341 pigri-
2117 270 2164 331 Α
2195 266 2413 323 nionem
2451 269 2519 322 ab
2559 267 2738 339 aliqua
2801 272 3105 339 sumpserat
3168 272 3402 354 persona
3428 262 3677 321 .mortali.
3718 264 3769 321 Δ

521 374 708 428 tentini
732 372 1024 427 clementer
1058 366 1385 437 impendere.
1442 362 1539 417 His
1567 362 1828 432 cognitis,
1859 372 2091 430 quanto-

517 467 636 520 cius
657 464 797 533 Papa
825 460 1033 516 curavit
1056 461 1121 514 de
1136 458 1279 512 omni
1294 455 1590 526 Episcopali
1617 452 1788 509 oﬁlcio
1809 452 2090 522 praefatum

524 557 747 612 Petrum
777 556 1067 624 deponere.

1132 638 1359 696 CAPUT
1397 638 1488 694 IX.

519 736 675 793 Zelus
718 738 832 807 ejus
867 752 960 805 pro
987 732 1254 807 Catholica
1296 732 1421 807 ﬁde_
1443 746 1506 784 ac
1538 725 2090 807 fraternqrharimle;

520 846 523 855 .
587 810 675 878 pie
704 800 842 861 trior;
867 800 931 859 ἐι
955 804 1264 878 sepulmra;
1312 802 1456 856 uaria
1505 800 1818 853 monasteria
1855 809 1971 866 post
2002 800 2092 850 ob-

588 875 719 933 itum
744 878 855 946 ejus
881 875 1164 940 wdi/‘icala.

589 993 713 1049 107.
731 992 1071 1050 Ostendimus
1085 989 1266 1058 itaque
1284 1001 1442 1057 quam
1460 982 1908 1040 ferventissimam
1925 979 2091 1036 Joan-

518 1102 615 1142 nes
644 1085 804 1141 Pater
820 1083 1069 1140 habuerit
1096 1082 1283 1144 ﬁdem,
1326 1090 1381 1134 et
1405 1094 1565 1149 quam
1614 1074 1934 1132 indefessum
1961 1089 2092 1129 con-

519 1187 601 1233 tra
650 1177 1009 1235 Simoniacam
1041 1174 1286 1229 hmresim
1313 1171 1601 1241 sumpserit
1639 1184 1890 1241 pugnam,
1928 1167 2091 1222 immo

517 1284 681 1341 quam
705 1268 1044 1329 obedientes,
1069 1273 1125 1320 et
1154 1265 1206 1318 in
1235 1264 1337 1317 ﬁde
1358 1261 1626 1316 ferventes
1649 1258 1957 1313 educaverit
1985 1257 2089 1311 dis-

517 1360 743 1431 cipulos.
799 1357 1053 1427 Reliqua;
1092 1371 1211 1423 qiue
1253 1354 1303 1408 in
1340 1361 1617 1409 senectute
1646 1350 1846 1420 gessit,
1875 1358 1929 1404 et
1952 1363 2090 1416 qua-

517 1450 643 1506 liter
667 1451 732 1509 de
763 1447 958 1504 seculo
982 1445 1250 1507 mitravit,
1282 1458 1690 1514 prosequamur.
1722 1439 1919 1494 Videas
1937 1437 2090 1493 deni-

515 1556 624 1610 que
652 1537 993 1611 supradictus
1011 1533 1207 1590 Comes
1230 1533 1445 1604 Bulgar,
1485 1533 1577 1602 qui
1609 1529 1919 1586 Calholicus
1953 1526 2093 1584 exti-

2195 357 2393 425 quibus
2416 371 2475 411 se
2508 355 2900 424 proﬁtebantur
2928 369 3048 410 esse
3084 352 3367 417 missosad
3400 354 3654 422 pietatem
3681 366 3771 410 se-

2196 448 2281 501 nis
2304 445 2496 507 Patris,
2513 457 2569 499 ut
2596 460 2693 514 pro
2720 445 3004 513 charitate,
3032 460 3136 514 qua
3163 444 3329 498 isdem
3357 445 3409 498 in
3434 442 3644 507 caeteris
3666 442 3771 499 ﬂa-

2193 536 2404 606 grabat,
2438 535 2721 589 animabus
2746 550 2933 589 eorum
2958 533 3217 588 auxilium
3248 548 3346 603 pro
3373 524 3532 602 posse
3557 535 3770 604 impen-

2192 626 2365 683 deret.
2403 627 2608 693 Quibus
2647 621 3016 681 unsericordia
3050 634 3229 679 motus
3259 626 3333 677 ait
3366 642 3379 678 :
3412 623 3480 678 Et
3498 625 3639 694 quod
3670 640 3768 681 vo-

2192 719 2275 775 bis
2318 721 2614 777 consilium
2649 735 2867 792 possum
2920 719 3273 789 impendere?
3302 719 3372 774 At
3412 720 3487 773 illi
3528 737 3543 781 ;
3583 719 3769 785 Pater,

2195 810 2466 879 inquiunt,
2496 822 2703 876 sancte,
2732 810 2776 864 si
2823 818 2900 864 tot
2958 810 3173 864 miseris
3217 809 3297 863 vis
3333 810 3644 873 Subvenire,
3685 809 3770 865 fac

2192 901 2451 967 clericos,
2487 903 2577 972 qui
2618 917 2683 956 ex
2716 909 3072 961 nostraterra
3102 915 3198 970 pro
3229 900 3449 954 vitando
3485 900 3768 955 latere-lico-

2203 1008 2320 1046 rmn
2348 992 2620 1047 consortio
2642 992 2709 1047 ad
2733 1001 2783 1047 te
2802 988 3197 1062 confugerunt,
3213 989 3476 1047 catholice
3496 991 3765 1057 ordinari;

2195 1083 2316 1138 illos
2355 1083 2480 1138 illuc
2511 1084 2744 1147 remitte,
2777 1092 2831 1138 et
2864 1081 3349 1152 Christianitatem,
3371 1081 3484 1152 jam
3514 1096 3651 1152 pene
3675 1084 3771 1136 de—

2192 1173 2373 1238 letam,
2405 1183 2656 1245 poterunt
2685 1189 2965 1229 renovare.

2268 1264 2393 1318 110.
2436 1263 2573 1331 Quid
2606 1263 2807 1319 multa?
2833 1262 2946 1318 Non
2974 1263 3143 1319 solum
3173 1263 3322 1330 illos,
3350 1262 3440 1334 qui
3470 1264 3523 1318 in
3551 1263 3770 1320 civitate

2192 1352 2566 1419 morabantur,
2609 1353 2773 1407 nimia
2821 1367 3123 1408 commotus
3168 1354 3366 1421 pietate
3407 1354 3568 1409 solito
3594 1369 3769 1420 mou,

2195 1441 2291 1496 sed
2334 1443 2496 1496 etiam
2545 1456 2681 1511 quos
2720 1440 2832 1509 jam
2875 1442 2926 1496 in
2968 1441 3226 1497 interiore
3265 1442 3397 1497 cella
3431 1438 3769 1498 Novitiornm

2197 1531 2448 1597 habebat,
2488 1542 2544 1588 et
2573 1533 2662 1602 qui
2694 1548 2792 1604 pro
2814 1533 3122 1603 accipienda
3166 1542 3312 1589 veste
3342 1537 3638 1589 monastica
3670 1549 3769 1589 ve-

510 1626 926 1696 ,Ιθνειι.³ἀὶιιιοιό
967 1625 1131 1681 ﬁliam
1183 1625 1236 1680 Ῐιι
1272 1624 1523 1679 omnibus
1568 1621 1846 1685 άθῖειιεοτν
1887 1627 2088 1674 lautam
2124 1636 2163 1694 Β
2193 1634 2415 1689 nerant,
2443 1625 2567 1680 inde
2592 1626 2878 1690 abstraxit,
2912 1635 2966 1680 et
3001 1642 3031 1678 a
3060 1625 3287 1702 Rudoll'o
3317 1625 3612 1699 Tudertin
3649 1628 3769 1696 cpi-

508 1722 701 1785 .ﬁdem,
756 1729 1068 1788 tantamque
1128 1717 1465 1789 religionem.
1513 1722 1618 1768 tam
1661 1712 1884 1768 Joannis
1911 1711 2086 1781 Patris

515 1825 678 1878 quam
706 1807 822 1877 ejus
849 1807 1254 1877 discipulorum,
1287 1803 1603 1860 deliberavit
1631 1818 1786 1857 sumu
1816 1809 2088 1856 monaste-

516 1901 655 1954 rium
685 1898 983 1953 Ficielense
1006 1895 1152 1965 (104)
1169 1896 1266 1948 sub
1288 1892 1401 1962 ejus
1423 1893 1762 1947 committere
1796 1890 2083 1961 regimine;

516 1991 659 2059 quod
708 1989 891 2043 nimiis
925 1996 979 2042 et
1021 1987 1234 2041 obnixis
1269 1986 1515 2055 precibus
1575 1986 1790 2038 tatidem
1834 1981 2085 2037 obtinuit.

523 2075 620 2130 Ubi
654 2092 818 2131 senex
852 2077 1014 2133 Pater
1038 2078 1096 2133 in
1120 2062 1395 2146 regimine
1430 2075 1654 2129 Abbatis
1697 2072 1843 2126 illum
1887 2069 2088 2124 consti-

505 2167 913 2236 .tuit‘Fratrem
958 2169 1048 2239 qui
1103 2168 1358 2224 obediens
1409 2167 1696 2222 transierat
1750 2180 1846 2236 per
1889 2164 2087 2236 ignem.

512 2310 519 2315 .
590 2262 708 2318 108.
746 2264 991 2331 Quodam
1034 2263 1120 2316 die
1156 2278 1278 2318 cum
1318 2262 1459 2332 apud
1496 2258 1777 2331 pra-fatum
1821 2267 2091 2312 incitaste-

514 2352 676 2418 rium,
704 2354 846 2424 quod
873 2364 955 2408 est
999 2354 1052 2407 in
1081 2353 1337 2421 Septimo,
1373 2362 1542 2415 esset,
1574 2359 1627 2404 et
1657 2359 1780 2404 octo
1802 2365 1865 2402 ex
1907 2361 2092 2403 mom-

513 2450 634 2504 chis
660 2465 783 2505 cum
824 2466 934 2505 uno
961 2460 1166 2506 tantum
1209 2449 1421 2504 sarculo
1449 2448 1590 2503 l'oi'as
1638 2448 1716 2502 ire
1744 2447 1969 2510 videret,
2004 2445 2088 2499 iu-

521 2542 813 2613 terrogavit
852 2558 958 2612 quo
997 2543 1299 2606 tenderent,
1335 2550 1390 2595 et
1419 2555 1515 2595 cur
1542 2537 1751 2594 nonnisi
1783 2552 1946 2591 mmm
1976 2551 2092 2590 sar-

515 2638 696 2692 culum
726 2637 1018 2693 deferrent.
1050 2636 1125 2691 Illi
1167 2652 1295 2691 vero
1335 2650 1455 2689 mox
1478 2675 1493 2700 ,
1547 2650 1654 2703 quo
1681 2633 1850 2697 ibant,
1879 2639 1933 2686 et
1962 2627 2090 2699 quid

508 2725 698 2781 facere
738 2726 1190 2795 deliberaverant,
1216 2734 1517 2795 exponunt,
1549 2738 1715 2794 seque
1744 2722 1811 2775 ad
1847 2721 1918 2784 id,
1948 2718 2091 2788 quod

521 2813 921 2885 disposuerant,
960 2814 1378 2886 perﬁciendum,
1420 2829 1527 2868 non
1566 2813 1665 2866 nisi
1704 2826 1810 2864 uno
1852 2809 2092 2879 indigere

513 2905 727 2961 sarculo
755 2904 1009 2961 afferunt.
1048 2905 1131 2961 Ad
1169 2905 1283 2960 haec
1323 2902 1409 2958 ille
1453 2921 1467 2959 τ
1501 2902 1845 2973 Ncc'ipsum,
1878 2900 2089 2970 inquit,

2189 1730 2352 1786 scopo
2391 1717 2539 1788 (105)
2572 1718 2687 1772 viro
2739 1717 3080 1773 sanctissimo
3108 1728 3163 1773 et
3213 1719 3481 1774 catholico
3527 1718 3770 1775 ordinari

2189 1808 2451 1879 gradatim
2482 1807 2628 1874 fecit,
2660 1823 2861 1879 eosque
2886 1808 3188 1865 Mediolano
3223 1810 3437 1865 direxit.
3474 1809 3626 1865 Hniic
3650 1810 3771 1881 epi-

2189 1914 2407 1967 scopum
2435 1915 2570 1969 papa
2598 1900 2663 1954 ad
2691 1901 2973 1968 tegendum
2998 1901 3362 1970 episcopatum
3400 1899 3769 1956 Florentinnm

2190 1990 2467 2070 direxerat
2510 2000 2631 2062 post
2677 1991 3065 2061 depositionem
3114 1990 3406 2046 Simouiaei
3474 1990 3642 2053 Petri,
3710 1999 3769 2045 et

2190 2080 2442 2149 quoniam
2475 2081 2648 2150 majus
2671 2082 2754 2137 bis
2783 2080 2931 2146 fecit,
2980 2081 3155 2150 majus
3201 2081 3411 2147 dicam;
3454 2081 3626 2150 ipsum
3655 2081 3770 2136 scio

2190 2170 2315 2227 licet
2358 2171 2664 2243 episcopum
2714 2180 2901 2243 postea
2947 2188 3069 2227 cum
3112 2172 3244 2227 viris
3279 2172 3505 2227 eruditis
3544 2171 3772 2242 praefato

2194 2264 2491 2320 Mediolano
2523 2264 2691 2326 misit.
2722 2275 2779 2319 ut
2807 2265 2936 2330 viris
2962 2264 3239 2319 catholicis
3262 2264 3312 2319 id
3340 2264 3653 2320 omnimodo
3671 2279 3771 2335 op-

2194 2356 2433 2410 tantibus
2465 2364 2516 2409 et
2548 2354 2876 2425 petentibus,
2905 2354 3087 2409 ofﬁcio
3107 2353 3424 2409 subveniret
3448 2354 3763 2425 episcopali,

2191 2444 2282 2514 qui
2328 2443 2562 2498 ﬁdelium
2601 2444 2971 2499 consolaretur
3006 2444 3203 2508 corda,
3239 2444 3510 2515 catholico
3546 2454 3770 2515 pastore

2192 2534 2282 2589 diu
2332 2535 2611 2590 destituta.
2658 2533 2716 2589 Si
2751 2534 2896 2589 enim
2943 2535 3162 2591 voluero
3212 2518 3404 2591 cuncta
3436 2536 3608 2591 sancti
3647 2535 3766 2593 Viri

2191 2640 2416 2681 narrare
2462 2626 2630 2691 bona,
2670 2621 2821 2696 prius
2859 2626 3113 2682 deﬁcient
3147 2627 3264 2682 dies
3291 2636 3344 2683 e’t
3379 2628 3541 2692 horas,
3585 2628 3754 2683 immo

2193 2726 2454 2789 tempora,
2479 2732 2640 2789 quam
2669 2718 2914 2773 dicenda.

2266 2807 2387 2860 111.
2427 2806 2557 2861 Post
2588 2807 2701 2861 haec
2727 2807 2888 2878 igitur
2928 2807 3074 2862 venit
3103 2807 3218 2863 dies
3243 2808 3311 2863 ab
3341 2822 3405 2864 eo
3432 2809 3519 2864 diu
3550 2808 3765 2867 desidtBe

2194 2909 2365 2965 ratus,
2402 2901 2607 2956 scilicet
2636 2909 2693 2954 nt
2721 2900 3102 2957 dissolveretur
3126 2910 3179 2957 et
3206 2912 3348 2957 esset
3381 2918 3503 2958 cum
3527 2902 3763 2971 Christo,

518 3011 681 3050 unum
720 2996 988 3051 sarculum
1028 2996 1307 3052 vobiscum
1347 2995 1651 3058 reducetis,
1687 2993 1801 3057 sed,
1839 2991 1946 3047 illic
1971 3006 2078 3061 quo
2118 2974 2164 3048 C
2194 2994 2333 3063 quod
2377 2992 2723 3064 concupierat
2763 2992 3092 3049 omnimodo.
3135 2991 3546 3064 Ingravescente
3585 2994 3767 3062 itaque

516 3087 761 3157 pergitis,
807 3087 1138 3158 relinquetis.
1213 3086 1364 3154 Quod
1409 3094 1466 3140 ut
1509 3086 1642 3141 dixit
1683 3093 1961 3153 coeperunt
1986 3082 2085 3152 ipsi

508 3176 670 3239 value
718 3177 924 3251 mirari,
963 3186 1019 3232 et
1048 3177 1227 3232 dicere
1258 3194 1270 3231 :
1312 3177 1502 3247 Magna
1540 3191 1640 3230 nos
1674 3173 1997 3245 negligentia
2032 3180 2088 3227 et

508 3266 727 3337 ,oblivio
765 3267 1050 3339 deprimet,
1078 3268 1153 3334 si,
1192 3284 1312 3322 eum
1347 3278 1469 3322 octo
1505 3268 1694 3332 simus,
1726 3265 1865 3320 istud
1896 3279 2084 3319 sarcu-

510 3357 630 3415 lum
681 3373 788 3415 non
828 3357 1220 3439 reduxerimus.
1260 3357 1652 3428 Adhortatique
1697 3364 1823 3411 sunt
1882 3355 2087 3423 seipsos

516 3458 575 3506 ut
608 3466 708 3522 pro
735 3449 951 3507 sarculo
980 3446 1306 3506 unanimiter
1335 3449 1546 3506 solliciti
1586 3448 1905 3511 existerent,
1958 3456 2015 3499 ut
2040 3446 2085 3500 si

516 3549 741 3597 sanctus
767 3539 1003 3597 Joannes
1050 3540 1175 3603 illud
1215 3539 1435 3596 verbum
1463 3538 1727 3594 veraciter
1755 3536 2083 3606 protulisset,

517 3640 925 3703 cognoscerent.
966 3631 1209 3700 Cumque
1238 3630 1306 3683 ad
1338 3630 1536 3693 locum,
1569 3642 1675 3696 quo
1702 3628 2082 3689 decreverant,

516 3729 911 3793 pervenerunt,
946 3727 1003 3773 et
1031 3718 1157 3788 quid
1184 3718 1558 3788 disposuerant
1594 3713 1966 3787 perfecerunt,
1998 3728 2085 3768 re-

517 3810 669 3879 versi
687 3809 858 3877 (sunt)
888 3808 958 3862 ad
988 3806 1401 3875 monasterium,
1430 3805 1518 3860 ubi
1550 3821 1610 3861 se
1633 3814 1916 3875 cmperunt
1945 3803 2089 3873 aspi-

502 3911 644 3959 cere
674 3896 933 3963 vicissim,
968 3906 1022 3953 et
1053 3897 1194 3967 quis,
1238 3911 1424 3973 eorum
1457 3894 1729 3951 sarculum
1764 3893 2086 3958 reduxisset,

519 3986 815 4056 inquirere.
845 3984 952 4040 Sed
987 3999 1109 4040 cum
1137 3983 1319 4038 nullus
1349 3984 1560 4039 illorum
1597 3984 1848 4038 iuventus
1901 3993 1983 4037 est
2010 3983 2089 4053 ip-

515 4091 636 4134 sum
670 4088 977 4155 reportasse
1033 4075 1346 4153 sarculum,
1409 4083 1778 4146 cognoverunt
1829 4074 2085 4129 nimirum

502 4154 763 4226 sanctum
790 4154 1051 4245 Joannem
1080 4167 1375 4245 prophetiae
1404 4168 1604 4223 habere
1633 4167 1905 4237 spiritum.

587 4260 709 4315 109.
770 4242 1039 4314 Dilexerat
1076 4242 1220 4314 cnim
1256 4274 1285 4313 a
1324 4252 1591 4335 principio
1626 4266 1796 4313 bo..os
1837 4270 2085 4321 clericos,

2189 3084 2499 3139 inﬁrmitate
2526 3124 2540 3148 ,
2576 3085 2719 3154 quod
2751 3085 2872 3138 vita:
2899 3084 3159 3140 terminus
3187 3087 3608 3155 propinquaret,
3643 3086 3763 3139 evi-

2186 3176 2374 3232 denter
2403 3177 2567 3247 cmpit
2588 3178 2787 3232 dicere.
2814 3176 2976 3242 Missa
3002 3176 3163 3245 igitur
3182 3177 3479 3249 legatione,
3503 3178 3567 3241 ad
3591 3190 3651 3233 sc
3684 3176 3769 3231 di-

2185 3267 2420 3337 scipulos
2466 3282 2603 3337 quos
2646 3267 2929 3322 Fratribus
2959 3276 3340 3337 pra'posuerat,
3392 3264 3519 3321 fecit
3558 3266 3766 3323 venire.

2186 3355 2335 3423 Quos
2361 3356 2508 3411 visos
2534 3369 2589 3411 et
2626 3357 2956 3421 benedictos,
2982 3357 3126 3434 illico
3151 3357 3376 3425 cogebat
3411 3370 3656 3411 remeare
3692 3355 3766 3411 ad

2184 3448 2459 3502 commissi
2506 3449 2807 3503 custodiam
2834 3448 3033 3519 gregis.
3064 3446 3166 3514 Qui
3195 3447 3319 3501 licet
3364 3454 3657 3502 mmrentes
3710 3454 3771 3503 et

2186 3538 2410 3592 nimium
2440 3537 2650 3601 ﬁentes,
2685 3538 2866 3593 Patris
2888 3537 3116 3614 jussioni
3143 3537 3646 3595 contradicerenou
3676 3553 3771 3591 att-

2142 3660 2155 3679 .
2186 3629 2395 3692 dentes,
2453 3628 2882 3684 revertebantur.
2928 3628 3328 3681 Remanserunt
3376 3641 3497 3682 cum
3539 3642 3607 3682 eo
3645 3637 3768 3683 tan-

2188 3719 2464 3773 tummodo
2484 3719 2711 3773 domnus
2740 3717 3010 3782 Rusticus,
3035 3726 3088 3771 et
3108 3718 3338 3772 domnus
3363 3717 3543 3774 Laetus
3568 3719 3762 3784 abbas,

2186 3815 2343 3875 pater
2362 3805 2595 3859 emnohii
2622 3804 3068 3880 Passinianensis,
3093 3805 3270 3875 inquo
3289 3806 3642 3863 decumbebat
3660 3806 3766 3862 Pa-

2190 3905 2287 3950 tcr.
2326 3895 2386 3949 lli
2422 3896 2473 3949 in
2500 3896 2711 3961 eadem,
2741 3910 2844 3966 qua
2875 3897 3008 3962 obiit
3038 3898 3140 3951 heb
3164 3900 3397 3959 tomada.
3428 3899 3496 3952 ad
3526 3912 3652 3953 eum
3678 3914 3767 3954 ac-

2187 3990 2436 4044 cedentes
2463 3989 2648 4043 bumili
2679 3989 3105 4067 ili-poposcerunt
3125 4004 3304 4057 prece,
3336 3990 3764 4060 utaliquamex-

2190 4078 2548 4133 hortaziunem
2571 4066 2852 4135 Fratribus
2877 4080 3205 4148 relinqueret
3225 4080 3293 4136 de
3309 4080 3516 4135 unitate
3530 4081 3767 4136 charita-

2191 4170 2281 4233 tis,
2312 4180 2364 4224 et
2390 4170 2458 4225 de
2501 4172 2786 4225 concordia
2814 4171 2981 4240 pacis.
3012 4170 3166 4226 Tunc
3190 4172 3331 4226 dicta
3355 4170 3467 4226 haec
3489 4170 3676 4231 dietari
3708 4178 3766 4226 et

2189 4259 2347 4313 scribi
2379 4258 2537 4328 jussit
2580 4278 2594 4314 :
2660 4282 2661 4285 η

502 4330 967 4420 quemadmodum
1003 4349 1317 4433 monachos.
1365 4348 1429 4403 Et
1461 4330 1585 4418 ipse
1615 4347 1683 4402 ab
1711 4347 1791 4402 eis
1828 4346 2086 4416 diligt-ba-
2119 4329 2166 4389 ί)
2269 4350 2390 4404 112.
2429 4349 2666 4407 Joannes
2699 4352 2879 4408 Abbas
2907 4351 3158 4410 omnibus
3211 4352 3583 4411 Fratribusjn
3615 4367 3765 4407 amo-

518 4450 626 4506 tur,
658 4455 755 4496 ceu
790 4449 935 4495 esset
953 4456 1138 4496 eorum
1163 4450 1319 4511 pater
1356 4458 1369 4494 :
1403 4455 1527 4493 nam
1566 4437 1876 4505 omnimodo
1907 4436 2089 4515 stude-

498 4530 612 4603 ~bat
641 4545 763 4586 cum
794 4531 948 4589 bouis
967 4530 1182 4585 clericis
1211 4530 1503 4586 canonicos
1528 4528 1780 4584 ordinare
1808 4528 2085 4592 ecclesias,

517 4631 658 4679 sicut
698 4637 822 4687 cum
860 4622 1135 4677 monachis
1179 4622 1527 4676 monasteria.
1566 4620 1645 4674 Ad
1676 4620 1816 4697 quod
1854 4621 2089 4695 proban-

519 4715 668 4779 dum,
721 4729 885 4768 unum
935 4713 1141 4767 saltem-
1174 4713 1240 4767 de
1295 4712 1477 4768 multis
1519 4727 1713 4782 ponam
1760 4710 2087 4781 exemplum.

521 4806 800 4862 Venerunt
823 4805 1003 4860 clerici
1033 4804 1281 4864 catholici
1314 4790 1408 4874 per
1436 4804 1833 4875 idem-tempus,
1870 4814 1924 4857 et
1950 4803 2083 4858 ﬁde-

472 4877 477 4887 ’
502 4897 601 4971 les
624 4896 747 4954 laici
777 4898 844 4953 de
864 4896 1083 4953 civitate
1096 4894 1484 4971 Mediolanensi
1516 4895 1582 4949 ad
1614 4910 1797 4950 senem
1827 4893 2046 4949 Patrem
2066 4933 2083 4959 ,

521 4989 666 5046 illius
712 5000 868 5045 terrae
896 4991 1187 5044 referentes
1216 4972 1521 5051 miseriam;
1556 4987 1762 5041 scilicet
1809 4987 1950 5056 quod
1988 5000 2087 5055 per

521 5080 719 5138 multos
745 5090 893 5136 retro
923 5095 1095 5157 annos
1121 5068 1528 5153 innumerabilis
1554 5076 1838 5135 multitudo
1873 5086 1979 5129 tam
2008 5076 2087 5130 vi-

521 5188 703 5245 roruui
753 5188 916 5244 quam
978 5169 1258 5226 mulierum
1291 5166 1434 5221 illius
1473 5167 1726 5229 civitatis,
1759 5180 1857 5235 pro
1894 5165 2087 5221 timore

521 5263 842 5321 Simoniacze
878 5260 1113 5327 haeresis,
1141 5274 1242 5314 nec
1273 5255 1674 5321 Paenitentiam,
1710 5269 1809 5309 nec
1836 5254 2093 5309 Commu-

2194 4454 2308 4494 rcm
2346 4440 2704 4497 fraternitatis
2731 4457 2915 4498 secum
2950 4443 3153 4512 junctis
3185 4444 3416 4498 salutem
3457 4453 3512 4496 et
3550 4442 3766 4497 benedic

2195 4534 2447 4588 ctionem.
2473 4533 2554 4587 Me
2576 4536 2674 4589 sub
2694 4534 2840 4604 gravi
2867 4534 3177 4589 inﬁrmitate
3198 4536 3288 4589 diu
3308 4535 3605 4597 laborante,
3623 4534 3762 4589 Deus

2196 4624 2504 4676 utauimam
2535 4625 2774 4693 recipiat,
2809 4639 3055 4694 corporis
3085 4625 3188 4678 mei
3220 4634 3362 4679 terra
3389 4634 3657 4693 quatenus
3688 4622 3759 4675 ad

2194 4714 2464 4783 pulverem
2496 4723 2818 4791 revertatur,
2848 4715 2986 4768 unde
3019 4714 3298 4768 materiam
3336 4714 3585 4783 sumpsit,
3623 4728 3759 4781 quo-

2193 4806 2322 4860 tidie
2367 4813 2612 4873 expecto.
2668 4804 2736 4859 Et
2782 4806 2883 4860 hoc
2934 4820 3128 4859 mirum
3179 4822 3284 4860 non
3324 4814 3426 4870 est,
3476 4805 3600 4873 quia
3632 4810 3764 4860 aetas

2186 4900 2348 4953 etiam
2384 4900 2586 4966 :.bsque
2627 4905 2789 4952 tantae
2817 4898 3149 4953 inﬁrmitatis
3172 4900 3518 4969 oppressione
3545 4900 3648 4952 hoc
3676 4909 3765 4955 me

2188 4990 2438 5045 admonet
2465 4990 2703 5061 quotidie
2735 5000 3069 5060 exspectem.
3102 4991 3167 5046 Et
3199 4991 3322 5045 hinc
3348 4990 3581 5045 transire
3610 5004 3763 5062 quasi

2189 5080 2289 5134 sub
2323 5080 2537 5135 silentio
2563 5079 2919 5144 :rslimabam,
2952 5082 3042 5137 sed
3074 5082 3247 5136 locum
3278 5092 3331 5134 et
3358 5097 3578 5143 nomen,
3620 5080 3760 5150 quod

2186 5169 2243 5250 in
2273 5171 2371 5226 bac
2404 5182 2545 5227 terra
2576 5172 2935 5242 corruptibili,
2965 5175 3231 5243 qnmuvis,
3257 5190 3361 5227 non
3390 5174 3531 5227 sicut
3556 5173 3760 5237 decuit,

2198 5262 2343 5315 tenui
2396 5258 2656 5332 pensans;
2687 5264 2816 5319 utile
2853 5264 3000 5330 duxi,
3024 5265 3176 5319 vobis
3206 5264 3406 5332 aliquid
3441 5266 3505 5318 de
3550 5263 3763 5319 vinculo
