4110 5362
371 234 477 292 805

1897 239 2096 295 ACTA.

3520 236 3628 297 806

370 347 648 408 cbaritatis
674 346 850 420 loqui;
882 348 934 404 in
963 349 1066 405 hoc
1089 366 1193 406 non
1219 351 1437 414 anobis,
1461 348 1559 409 nec
1581 352 1807 413 noviter,
1833 352 1948 419 sed,
1981 361 2025 416 Α
2056 351 2221 406 abbas
2248 351 2313 404 de
2364 349 2699 414 Passiniano,
2732 349 2842 406 Deo
2869 348 3159 415 revelante,
3207 349 3342 407 dixit
3380 371 3394 407 .
3441 351 3632 412 Nescis

355 454 493 510 quae
513 438 755 510 quotidie
779 439 1001 503 auditis,
1032 443 1451 496 transeurrendo
1478 442 1738 511 replicare
1768 442 1916 496 brevi
1933 471 1948 483 -

371 538 470 586 ter.
507 529 668 584 Certe
713 529 829 584 haec
868 540 952 586 est
991 529 1076 584 illa
1111 532 1303 595 virtus,
1350 549 1470 602 qua:
1497 535 1736 587 omnium
1769 549 1948 588 rerum

367 621 680 677 Creatorem
712 619 854 675 effici
887 621 1144 690 compulit
1179 632 1503 677 creaturam.
1537 623 1664 678 llaec
1690 634 1773 677 est
1821 623 1910 678 illa
1932 663 1948 690 ,

369 729 532 784 quam
569 714 682 784 ipse
741 714 795 767 in
838 714 954 769 vice
1005 729 1248 775 suorum,
1280 715 1520 769 omnium
1574 718 1948 770 mandatorum

371 804 625 874 apostolis
641 806 1026 860 commendans
1047 804 1123 859 ait
1142 822 1154 857 :
1173 805 1284 860 lloc
1307 814 1388 860 est
1405 816 1731 875 praeceptum
1746 822 1946 873 meum,

369 906 430 949 ut
459 895 697 966 diligatis
725 895 978 950 invicem.

440 1009 515 1065 De
557 1010 657 1064 ista
690 1008 924 1065 Jacobus
957 1009 1233 1080 apostolus
1291 1009 1528 1081 loquitur
1564 1011 1750 1068 dicens
1792 1030 1804 1067 :
1846 1012 1948 1080 Qui

370 1109 536 1156 totam
571 1100 745 1169 legem
786 1100 1174 1163 observaverit,
1219 1100 1458 1157 offendat
1491 1113 1672 1158 autem
1717 1103 1768 1158 in
1819 1120 1948 1169 uno,

369 1193 544 1250 factus
589 1206 675 1250 est
713 1193 956 1249 omnium
1009 1207 1154 1246 reus.
1185 1192 1290 1247 lsta
1354 1201 1460 1258 est,
1510 1193 1576 1247 de
1620 1210 1726 1264 qua
1761 1195 1950 1249 beatus

368 1285 566 1341 Paulus
599 1285 872 1356 apostolus
902 1285 1074 1340 dicit:
1109 1284 1359 1340 Charitas
1380 1285 1620 1356 cooperit
1653 1285 1949 1341 multitudi-

370 1392 492 1432 nem
521 1386 886 1447 peccatorum.

440 1480 563 1536 “3.
599 1479 737 1535 lline
763 1493 892 1534 vero
914 1477 1165 1550 colligere
1191 1493 1497 1547 possumus,
1519 1478 1748 1533 tenendo
1773 1477 1950 1532 chari-

368 1577 532 1625 tatem
557 1611 571 1637 ,
617 1570 799 1626 omnia
842 1579 1063 1640 peccata
1093 1569 1292 1637 operiri
1337 1584 1531 1638 posse;
1565 1579 1789 1624 cazteras
1820 1584 1949 1626 vero

366 1666 594 1720 virtutes
615 1661 1002 1718 testimantibus
1021 1675 1079 1715 se
1103 1659 1368 1720 obtinere,
1384 1660 1501 1713 sine
1525 1659 1624 1712 hac
1649 1659 1720 1712 nil
1749 1659 1946 1712 valere.

369 1762 478 1818 Sed
516 1761 630 1815 hare
666 1757 892 1812 audiens
926 1755 1156 1826 quisque
1195 1755 1457 1824 superbus
1500 1763 1554 1807 et
1609 1752 1944 1818 ino’bea‘iens,

369 1852 511 1908 hanc
540 1851 594 1906 in
625 1849 856 1904 veritate
879 1847 1076 1917 cogitat
1109 1845 1332 1910 habere,
1360 1845 1403 1900 si
1433 1859 1490 1898 se
1515 1844 1868 1913 corporaliter
1890 1845 1944 1900 in

367 1939 747 1998 communione
784 1937 1022 1992 fraterna
1060 1936 1249 1990 viderit
1285 1935 1602 2006 perdurare.
1645 1935 1689 1988 Α
1722 1952 1851 2004 qua,
1888 1945 1946 1989 ut

367 2035 441 2089 ita
464 2034 662 2096 dicam,
686 2030 940 2100 opinione
963 2027 1121 2092 falsa,
1144 2043 1580 2097 unumquemque
1603 2025 1794 2082 beatus
1815 2026 1950 2082 Gre-

367 2126 574 2196 gorius,
602 2138 743 2177 vera:
769 2119 1054 2176 charitatis
1086 2119 1244 2172 linem
1275 2118 1580 2182 indicando,
1609 2117 1847 2171 excludit
1867 2117 1947 2172 di-

367 2230 498 2270 cens
534 2233 546 2268 :
575 2213 665 2267 ille
691 2211 931 2281 perfecte
963 2209 1127 2263 Deum
1159 2208 1354 2279 diligit,
1392 2209 1482 2278 qui
1508 2209 1608 2264 sibi
1639 2210 1704 2264 de
1735 2224 1793 2263 se
1815 2208 1948 2263 nihil

368 2304 642 2375 relinquit.
665 2302 804 2371 Quid
836 2318 962 2357 vero
996 2303 1061 2357 de
1095 2301 1359 2357 charitate
1386 2303 1730 2373 smgumriter
1757 2303 1947 2372 loquar

367 2395 579 2465 ignoro,
622 2393 876 2463 quoniam
907 2392 1088 2446 omnia
1135 2392 1386 2449 mandata
1437 2391 1505 2445 ab
1551 2393 1650 2446 hac
1686 2391 1946 2462 pullulare

367 2486 552 2541 radice
581 2485 712 2540 seio.
739 2485 872 2551 Quia
902 2484 946 2538 si
972 2483 1124 2537 multi
1151 2491 1279 2537 sunt
1306 2479 1439 2538 rami
1467 2483 1590 2538 boni
1612 2484 1809 2552 Operis,
1843 2500 1944 2538 una

366 2586 452 2633 est
475 2586 652 2632 tamen
668 2577 819 2630 radix
843 2573 1148 2630 eharitatis.
1168 2574 1222 2628 In
1243 2572 1396 2642 cujus
1419 2573 1596 2628 calore
1619 2574 1828 2643 reprobi
1859 2589 1949 2628 ne-

365 2682 636 2739 quaquam
668 2673 891 2738 possunt
933 2665 1020 2720 diu
1055 2665 1372 2734 perdurare,
1413 2665 1639 2718 Domino
1671 2663 1948 2717 Salvatore

361 2759 580 2815 dicente
606 2776 622 2811 :
654 2756 987 2826 Refrigescet
1011 2756 1250 2810 charitas
1279 2755 1589 2810 multorum.
1626 2755 1770 2820 Quos
1800 2754 1948 2826 frigio

367 2849 464 2904 dos
495 2856 548 2904 et
583 2849 650 2903 ab
691 2847 898 2901 unitate
926 2845 1128 2900 divisos
1157 2846 1430 2914 apostolus
1470 2845 1706 2900 Joannes
1747 2847 1950 2916 plangit

364 2939 576 3003 dicens,
607 2948 659 2994 et
685 2938 853 3009 gemit
885 2955 898 2990 :
931 2937 1006 2991 Ex
1039 2937 1194 2991 nobis
1220 2937 1492 3001 exierunt,
1533 2937 1626 2992 sed
1660 2952 1764 2992 non
1792 2951 1948 2993 erant

2053 445 2178 513 quia
2208 444 2273 497 de
2297 453 2478 498 monte
2511 442 2742 507 Domini,
2771 442 3109 514 ethnigntrs
3131 443 3456 513 appellatur?
3479 446 3631 504 Tunc

2053 536 2164 599 ille,
2223 536 2426 606 Spiritu
2479 544 2668 591 sancto
2710 537 2956 599 docente,
3003 535 3250 605 angelum
3301 552 3421 592 esse
3475 527 3631 594 intel-

2052 625 2200 689 lexit,
2232 635 2284 680 et
2335 641 2462 681 vere
2505 628 2570 680 de
2619 635 2799 680 monte
2861 625 3095 691 Domini,
3151 626 3312 680 idest
3360 629 3423 681 de
3469 630 3628 690 ccelo,

2051 730 2194 779 esse,
2218 716 2418 786 talique
2443 717 2662 772 nomine
2689 717 2764 787 (id
2791 727 2862 770 est
2892 715 3178 787 Benignns)
3197 717 3342 772 illum
3371 720 3628 789 appellari

2052 805 2204 860 dixit.

2121 897 2243 953 116.
2295 899 2360 953 Et
2416 907 2560 953 recte
2605 898 2763 953 beato
2805 898 2996 954 Joanni
3045 899 3184 955 Deus
3239 900 3360 954 talis
3398 902 3631 958 nominis

2053 991 2299 1060 angelum
2328 991 2706 1060 deputaverat,
2735 990 2824 1059 qui
2855 1000 3058 1045 tantam
3100 992 3202 1046 sibi
3242 992 3630 1061 benignitatem

2054 1081 2475 1135 misericorditer
2498 1080 2616 1150 plus
2639 1097 2799 1150 quam
2826 1082 3035 1136 cmteris
3061 1082 3172 1137 fere
3201 1083 3517 1137 mortalibus
3548 1083 3629 1138 in-

2052 1171 2284 1226 fuderat.
2317 1171 2434 1240 Quo
2461 1172 2644 1226 audito
2677 1172 2874 1237 ierunt,
2904 1182 2958 1228 et
2985 1189 3143 1242 supra
3181 1191 3420 1230 mensam
3465 1175 3626 1230 unius

2053 1263 2287 1316 hominis
2318 1264 2516 1318 victum
2563 1274 2875 1332 posuerunt,
2923 1281 3083 1335 supra
3126 1268 3378 1322 victualia
3429 1268 3634 1325 consti-

2053 1361 2166 1408 tuta
2205 1353 2455 1410 fratrum.
2489 1355 2606 1422 Quo
2634 1356 2926 1427 adimpleto
2955 1358 3178 1427 quievit.
3219 1359 3462 1430 Denique
3503 1375 3628 1416 cum

2051 1446 2118 1499 ad
2167 1445 2375 1499 exitum
2453 1448 2933 1517 appropinquaret,
2998 1447 3121 1502 fecit
3172 1449 3274 1502 sibi
3324 1450 3376 1503 in
3451 1451 3624 1505 brevi-
3681 1511 3686 1515 ,

2052 1537 2172 1592 culo
2200 1536 2347 1607 (106)
2381 1539 2563 1600 scribi,
2598 1548 2652 1592 et
2682 1541 2730 1594 in
2761 1556 2918 1594 manu
2946 1540 3067 1608 poni
3093 1541 3237 1593 lucc:
3264 1539 3373 1608 Ego
3395 1539 3629 1597 Joannes

2051 1627 2214 1682 credo
2240 1637 2292 1680 et
2329 1627 2591 1682 confiteor
2618 1629 2798 1691 fidem,
2829 1645 2990 1697 quam
3018 1631 3188 1683 sancti
3226 1632 3464 1699 Apostoli
3493 1649 3628 1702 prze-

1983 1709 2024 1767 B
2053 1717 2392 1784 dicaverunt,
2452 1730 2506 1774 et
2555 1722 2726 1776 sancti
2773 1721 2960 1777 Patres
3012 1723 3062 1776 in
3109 1734 3342 1792 quatuor
3385 1726 3628 1780 conciliis

2049 1811 2538 1874 confirmaverunt;
2567 1822 2626 1866 ut
2651 1816 2964 1868 crederetur
2995 1815 3183 1868 intimo
3210 1830 3328 1869 e..m
3357 1818 3520 1871 corde
3546 1825 3626 1871 te-

2051 1901 2255 1964 nuisse,
2283 1917 2444 1970 quam
2475 1902 2758 1958 videbatur
2785 1903 2963 1958 verbis
3008 1915 3062 1958 et
3109 1905 3364 1975 operibus
3393 1907 3624 1961 viriliter

2049 1991 2375 2047 defendisse.

2122 2082 2239 2154 117.
2287 2082 2411 2136 Post
2458 2084 2570 2138 haec
2597 2083 2815 2139 Christo
2853 2086 3072 2140 tradidit
3104 2087 3350 2156 spiritum
3381 2090 3630 2159 corporis

2047 2182 2102 2230 et
2149 2174 2428 2244 sanguinis
2463 2175 2633 2244 ipsius
2682 2178 3024 2246 perceptione
3064 2179 3350 2242 munitum,
3387 2180 3438 2232 in
3466 2195 3631 2249 quem

2049 2266 2254 2337 integra
2279 2266 2382 2321 fide
2404 2267 2730 2331 crediderat,
2758 2282 2916 2338 quem
2943 2282 3074 2337 pure
3102 2269 3387 2333 dilexerat,
3415 2270 3501 2324 eui
3540 2271 3628 2341 pia

2050 2355 2348 2411 intentione
2380 2358 2684 2422 servierat;
2715 2373 2898 2412 secum
2940 2358 3188 2414 videlicet
3225 2361 3485 2414 talentum
3523 2361 3626 2418 sibi

2047 2447 2309 2501 creditum
2339 2455 2620 2516 reportans
2645 2447 3086 2516 ceutuplieatum.
3125 2450 3268 2504 Obiit
3313 2451 3364 2504 in
3415 2451 3632 2507 ferveti.

2050 2537 2262 2591 tissimo
2309 2537 2515 2590 aestatis
2546 2537 2762 2603 ardore,
2819 2548 3013 2606 quarto
3061 2538 3268 2593 scilicet
3308 2539 3430 2595 ldus
3475 2539 3628 2595 Julii.

2046 2625 2238 2682 Patres
2262 2627 2441 2696 itaque
2468 2636 2789 2697 praisentes,
2819 2628 2912 2698 qui
2943 2630 3189 2696 aderant,
3219 2645 3310 2699 spe
3339 2642 3485 2685 certa
3516 2645 3632 2686 cre-

2047 2722 2232 2777 dentes
2264 2738 2420 2792 posse
2459 2723 2624 2777 Deum
2668 2724 2786 2778 sine
2835 2723 3029 2779 foetore
3067 2725 3119 2778 in
3160 2727 3366 2782 aestatis
3409 2726 3628 2784 fervore

2047 2829 2264 2869 scrvare
2298 2816 2637 2883 magistrum,
2688 2817 2780 2884 qui
2834 2817 2886 2870 in
2936 2816 3057 2887 igne
3097 2818 3214 2873 sine
3252 2819 3640 2876 combustione'

2047 2897 2356 2962 servaverat
2380 2906 2718 2977 discipulum,
2747 2908 3180 2965 deliberaverunt
3204 2913 3433 2967 cadaver
3454 2912 3632 2970 Patris

364 3046 431 3087 ex
475 3032 628 3087 nobis
665 3049 678 3084 :
711 3044 834 3084 nam
858 3029 906 3084 si
941 3028 1170 3084 fuissent
1197 3043 1264 3083 ex
1293 3028 1448 3083 nobis
1471 3070 1486 3095 ,
1523 3030 1945 3099 permansissent

2051 2999 2374 3068 insepultum
2406 3002 2662 3068 retinere,
2695 3002 2867 3059 donec
2893 3003 3117 3060 abbates
3145 3021 3210 3061 ex
3240 3015 3470 3077 utraque
3497 3023 3631 3063 con-

366 3125 554 3194 utique
588 3123 891 3178 nobiscum.

439 3231 559 3288 114.
589 3231 650 3286 Et
682 3233 725 3287 si
759 3233 830 3286 ita
861 3241 966 3295 est,
994 3231 1158 3286 immo
1185 3231 1309 3301 quia
1342 3231 1414 3285 ita
1443 3240 1548 3297 est,
1591 3231 1750 3287 debet
1780 3247 1946 3287 unus-

365 3323 596 3394 quisque
623 3323 794 3378 fidelis
813 3337 1027 3392 semper
1047 3337 1294 3391 pensare,
1321 3321 1554 3392 qualiter
1576 3337 1634 3377 se
1661 3333 1767 3376 tam
1799 3338 1945 3376 suin-

367 3430 458 3470 mo
486 3416 629 3470 bono
682 3400 856 3485 possit
897 3413 1171 3481 copulare,
1215 3428 1525 3482 secumque,
1574 3427 1709 3482 quos
1753 3413 1948 3467 habeat

369 3503 426 3558 in
452 3503 537 3557 via
587 3503 678 3558 Dei
717 3503 916 3566 socios,
947 3518 1109 3556 anxie
1150 3517 1414 3571 quterere.
1445 3501 1510 3554 Et
1538 3501 1680 3556 sicut
1728 3501 1944 3570 reprobi

369 3595 508 3651 bane
540 3595 910 3664 relinquendo,
957 3611 986 3648 a
1017 3593 1219 3649 Christi
1273 3609 1498 3664 corpore
1528 3594 1943 3656 abscinduntur,

368 3687 449 3742 sic
473 3687 628 3741 electi
663 3701 784 3741 eam
815 3686 867 3740 in
896 3687 1126 3740 veritate
1166 3685 1561 3755 amplectendo,
1600 3685 1777 3742 eidem
1824 3699 1948 3739 eor-

368 3777 485 3848 pori
517 3776 712 3832 Christi
761 3776 1169 3832 confirmantur.
1222 3777 1300 3831 Ad
1334 3777 1475 3831 hanc
1505 3792 1633 3831 vero
1663 3776 1948 3832 inviolabi-

369 3870 496 3926 liter
520 3872 933 3927 eustodiendam
965 3871 1120 3926 valde
1167 3869 1319 3926 utilis
1362 3880 1446 3924 est
1476 3869 1714 3926 fraterna
1741 3873 1943 3938 unitas,

369 3975 490 4031 quae
521 3977 578 4016 se
612 3962 933 4032 constringit
981 3962 1081 4016 sub
1127 3961 1286 4015 unius
1322 3976 1565 4031 persona:
1611 3976 1760 4016 cura.
1804 3961 1948 4028 Quo-

349 4051 514 4130 ~niam
546 4055 689 4110 sicut
722 4053 920 4108 flumen
951 4071 978 4107 a
1011 4067 1110 4108 suo
1144 4053 1296 4109 alveo
1323 4054 1578 4112 siccatur.
1610 4054 1652 4107 si
1681 4053 1733 4106 in
1766 4052 1948 4109 multis

369 4145 560 4201 rivulis
591 4146 883 4209 dividatur,
915 4145 994 4200 sic
1025 4145 1202 4198 unitas
1234 4144 1470 4198 fraterna
1507 4145 1683 4199 minus
1708 4157 1849 4199 valet
1879 4145 1946 4200 ad

369 4235 600 4306 singula,
633 4237 676 4290 si
709 4236 870 4290 fuerit
914 4252 1102 4307 sparsa
1135 4251 1230 4306 per
1264 4236 1497 4290 diversa.
1540 4235 1767 4298 Idcirco,
1797 4245 1855 4290 ut
1893 4237 1946 4292 in

370 4325 526 4396 longo
557 4326 657 4380 ista
678 4327 916 4381 charitas
945 4327 1271 4382 inviolabilis
1300 4336 1613 4397 permaneat
1645 4327 1941 4394 vobiscum,

367 4418 577 4473 volo‘ut
601 4419 654 4473 in
687 4419 884 4482 domno
918 4419 1147 4474 Rodulfo
1179 4430 1356 4474 vestra
1405 4436 1531 4473 cura
1565 4434 1620 4475 et
1658 4422 1946 4476 consilium

367 4518 490 4581 post
518 4525 695 4565 meum
721 4511 1203 4582 obitum-pendeat,
1239 4511 1428 4566 saltem
1461 4512 1600 4565 sicut
1639 4512 1693 4566 in
1728 4527 1812 4567 me
1855 4529 1948 4584 pe-

367 4605 554 4676 pendit
591 4604 641 4658 in
677 4618 795 4658 mea
824 4605 954 4658 vita.
1001 4605 1207 4659 Valete.

439 4724 563 4780 115.
601 4723 782 4780 Tertia
826 4726 1056 4795 denique
1104 4735 1392 4796 antequam
1442 4725 1616 4782 obiret
1660 4725 1776 4794 die,
1815 4727 1947 4782 vidit

261 4873 264 4876 ,
346 4812 616 4889 juvenem
638 4813 748 4894 sibi
778 4815 1144 4880 assistentem,
1181 4831 1340 4885 quem
1365 4815 1481 4886 ejus
1503 4803 1755 4888 angelum
1782 4815 1946 4872 fuisse

308 4900 309 4903 “
368 4908 718 4964 aestimamus.
759 4907 928 4974 Quem
959 4916 1013 4962 et
1041 4924 1164 4984 cum
1194 4909 1340 4962 solus
1366 4917 1420 4964 et
1450 4909 1626 4965 nullus
1657 4911 1792 4965 alius
1829 4927 1946 4966 cer-

326 5065 328 5068 ,
369 5012 542 5068 neret,
569 5004 645 5059 ait
693 5004 994 5059 fratribus:
1027 5003 1204 5071 Quare
1249 5005 1468 5060 fratrem
1515 5005 1661 5060 illum
1700 5021 1804 5059 non
1846 5023 1943 5060 vo-

347 5095 533 5165 Icastis
563 5076 862 5159 vobiscum,
900 5110 1023 5148 eum
1060 5095 1414 5150 comedistis?
1443 5097 1539 5151 Cui
1586 5097 1820 5150 fratres:
1869 5097 1946 5150 De

365 5192 494 5251 quo,
539 5185 813 5262 inquiunt,
851 5185 1022 5240 fratre
1058 5187 1210 5248 dicis,
1241 5183 1438 5240 Pater?
1491 5186 1555 5239 Et
1587 5188 1673 5242 ille
1704 5205 1716 5240 :
1752 5185 1824 5238 De
1856 5186 1945 5241 illo

365 5271 610 5345 pulchro,
642 5277 840 5347 inquit,
862 5275 1081 5345 juvene,
1108 5279 1197 5347 qui
1236 5276 1300 5328 ad
1331 5292 1429 5330 nos
1460 5279 1624 5341 venit,
1659 5285 1713 5332 et
1761 5277 1943 5332 nobis-

2051 3104 2408 3163 gregarentnr
2436 3106 2609 3164 parte.
3306 3156 3309 3158 _

2119 3184 2240 3240 118.
2289 3184 2398 3240 llac
2427 3186 2610 3257 itaque
2647 3188 2713 3244 de
2745 3204 2904 3246 causa
2939 3190 3262 3261 insepultum
3304 3194 3501 3249 mansit
3533 3209 3631 3266 per

2052 3275 2308 3331 triduum.
2341 3276 2395 3331 In
2438 3279 2635 3347 quibus
2667 3295 2796 3335 vero
2839 3282 2904 3336 ad
2943 3283 3297 3338 celebrandas
3325 3287 3631 3342 communis

2047 3364 2228 3420 Patris
2273 3368 2554 3436 exequias,
2605 3369 2927 3424 clericorum
2962 3379 3015 3426 et
3059 3374 3450 3428 monachorum
3500 3391 3632 3431 con-

2050 3455 2203 3508 venit-
2227 3455 2513 3510 multitudo
2548 3471 2686 3526 pene
2713 3458 3144 3514 innumerabilis.
3173 3460 3276 3514 Per
3307 3463 3406 3517 hos
3430 3465 3630 3532 quippe

2049 3545 2163 3600 dies
2204 3554 2258 3600 et
2312 3556 2500 3601 noctes
2542 3548 2758 3603 Christo
2813 3549 3080 3604 indefesse
3128 3553 3333 3620 gratias
3385 3567 3628 3624 agentes,

2050 3636 2286 3690 debitum
2319 3637 2576 3691 honorem
2599 3637 2745 3692 Patri
2776 3639 3164 3709 impendentes,
3200 3642 3488 3711 sepulturae
3511 3653 3633 3712 post

2052 3723 2166 3778 htcc
2199 3725 2373 3779 sancti
2405 3725 2516 3781 Viri
2549 3741 2747 3798 corpus
2777 3729 3136 3785 tradiderunt.
3179 3730 3256 3785 Ita
3287 3731 3525 3787 immune
3561 3735 3630 3790 ab

2049 3816 2194 3870 omni
2228 3815 2442 3882 faetore,
2471 3819 2923 3887 quemadmodum
2949 3819 3108 3874 fidem
3151 3821 3220 3876 ab
3244 3823 3391 3877 omni
3421 3825 3628 3879 erroris

2048 3909 2375 3977 contagione
2427 3909 3104 3984 servaverat.immunem,
3153 3923 3206 3967 et
3243 3927 3338 3968 ceu
3385 3913 3632 3983 discipuli

2051 4001 2385 4056 transeuntis
2417 4015 2516 4070 per
2543 4001 2716 4072 ignem
2751 4001 2998 4057 Christus
3045 4003 3414 4059 incombustas
3455 4016 3633 4061 vestes

2050 4101 2364 4145 εει-νανοτεη
2396 4100 2450 4145 ει
2480 4107 2720 4147 carnem.

2122 4182 2241 4237 119.
2275 4183 2392 4249 Quo
2417 4183 2646 4252 sepulto,
2677 4185 2904 4253 sumpsit
2929 4183 3160 4240 domnus
3199 4184 3458 4240 Rodulfus
3481 4186 3628 4258 (107)

2050 4272 2416 4327 obedientiam
2467 4275 2568 4328 sibi
2618 4291 2648 4327 a
2709 4273 2871 4330 Patre
2924 4275 3262 4344 injuuclam;
3317 4291 3478 4346 quam
3533 4293 3633 4348 per

2054 4363 2364 4427 triennium,
2393 4379 2502 4433 prae
2531 4364 2701 4420 oculis
2729 4365 2932 4420 habens
2958 4366 3274 4421 memoriam
3303 4376 3358 4422 et
3381 4367 3629 4426 timorem

2055 4452 2253 4520 Patris,
2296 4463 2481 4508 sancte
2524 4463 2575 4508 et
2622 4455 2940 4525 regulariter
2965 4457 3123 4510 rexit.
3158 4457 3271 4512 Sub
3307 4459 3459 4528 cujus
3489 4460 3631 4532 regi-

2055 4544 2200 4598 mine
2241 4560 2299 4599 se
2335 4545 2546 4600 ueteris
2569 4545 2914 4600 adhaeserunt
2961 4546 3268 4601 coenobium
3316 4548 3632 4618 Vagiannm,

2053 4644 2104 4690 et
2132 4635 2330 4690 Toanis
2354 4635 2619 4702 Fontana,
2648 4652 2747 4690 nec
2777 4651 2881 4691 non
2915 4644 2969 4692 et
3005 4635 3264 4692 Coneum.
3317 4637 3444 4693 Post
3473 4640 3630 4706 cujus

2053 4725 2486 4789 obitum,-totius
2513 4724 2959 4797 Congregationis
3007 4727 3247 4798 regimen
3275 4731 3506 4804 sumpsit
3532 4728 3634 4783 Pa-

2056 4826 2140 4872 ter
2164 4816 2436 4882 Rusticus,
2465 4826 2520 4872 et
2559 4834 2678 4873 eam
2707 4834 2806 4888 per
2828 4834 3000 4874 annos
3021 4821 3256 4876 sedecim
3287 4821 3426 4877 rexit
3457 4821 3633 4877 fideli-

2053 4914 2154 4966 ter,
2190 4914 2415 4976 paterno
2443 4917 2499 4962 et
2554 4908 2811 4963 discrele.
2837 4910 2950 4964 Sub
2977 4926 3083 4978 quo
3115 4912 3422 4986 emnobium
3461 4911 3635 4964 sancti

2049 4996 2414 5067 Angelijuxta
2450 4999 2736 5054 Pistoriam
2775 5011 2856 5055 est
2907 4987 3117 5057 noviter
3155 5001 3502 5056 a-difiCatum.
3547 5001 3641 5054 Al-

2051 5097 2226 5142 terum
2265 5089 2332 5142 ad
2364 5090 2622 5145 honorem
2662 5090 2899 5155 Christi,
2936 5093 3160 5161 ejusque
3193 5090 3494 5164 ‘Gt'ttilricis
3524 5088 3640 5157 bla-

2053 5181 2220 5234 rizcin
2250 5179 2480 5236 Nerana.
2519 5182 2691 5238 Porro
2741 5183 2889 5246 illud,
2928 5185 3070 5252 quod
3111 5190 3192 5235 est
3227 5182 3278 5234 in
3307 5179 3535 5244 Sofcna,
3568 5179 3636 5232 ad

2055 5274 2311 5327 honorem
2353 5276 2525 5328 sancti
2583 5274 2908 5330 aedificatum
2939 5285 3023 5327 est
3059 5268 3379 5326 Salvatoris.
3415 5279 3472 5325 et
3511 5271 3643 5324 alte-
