  <div class='ocr_page' id='page_1' title='image "/cluster/home/n/w/nwhite01/storage/ocr_20150623/146/hvd.32044015471832/419.png"; bbox 0 0 4110 5362; ppageno 0'>
   <div class='ocr_carea' id='block_1_1' title="bbox 552 288 655 350">
    <p class='ocr_par' dir='ltr' id='par_1_1' title="bbox 552 288 655 350">
     <span class='ocr_line' id='line_1_1' title="bbox 552 288 655 350; baseline 0.029 -4"><span class='ocrx_word' id='word_1_1' title='bbox 552 288 655 350; x_wconf 71' lang='lat'><strong>807</strong></span> 
     </span>
    </p>
   </div>
   <div class='ocr_carea' id='block_1_2' title="bbox 1607 266 2745 337">
    <p class='ocr_par' dir='ltr' id='par_1_2' title="bbox 1607 266 2745 337">
     <span class='ocr_line' id='line_1_2' title="bbox 1607 266 2745 337; baseline -0.01 0"><span class='ocrx_word' id='word_1_2' title='bbox 1607 280 1667 337; x_wconf 81' lang='lat' dir='ltr'><strong>S.</strong></span> <span class='ocrx_word' id='word_1_3' title='bbox 1707 274 1990 335; x_wconf 79' lang='lat' dir='ltr'><strong>JOANNIS</strong></span> <span class='ocrx_word' id='word_1_4' title='bbox 2024 267 2419 332; x_wconf 75' lang='lat' dir='ltr'><strong>GUALBERTI</strong></span> <span class='ocrx_word' id='word_1_5' title='bbox 2454 266 2745 326; x_wconf 79' lang='lat' dir='ltr'><strong>ABBATIS</strong></span> 
     </span>
    </p>
   </div>
   <div class='ocr_carea' id='block_1_3' title="bbox 3712 267 3815 329">
    <p class='ocr_par' dir='ltr' id='par_1_3' title="bbox 3712 267 3815 329">
     <span class='ocr_line' id='line_1_3' title="bbox 3712 267 3815 329; baseline 0.019 -2"><span class='ocrx_word' id='word_1_6' title='bbox 3712 267 3815 329; x_wconf 70' lang='lat'><strong>808</strong></span> 
     </span>
    </p>
   </div>
   <div class='ocr_carea' id='block_1_4' title="bbox 555 382 3815 473">
    <p class='ocr_par' dir='ltr' id='par_1_4' title="bbox 555 382 3815 473">
     <span class='ocr_line' id='line_1_4' title="bbox 555 382 3815 473; baseline -0.006 -11"><span class='ocrx_word' id='word_1_7' title='bbox 555 404 623 462; x_wconf 88' lang='lat' dir='ltr'><strong>ad</strong></span> <span class='ocrx_word' id='word_1_8' title='bbox 651 410 910 462; x_wconf 78' lang='lat' dir='ltr'><strong>honorem</strong></span> <span class='ocrx_word' id='word_1_9' title='bbox 967 401 1083 469; x_wconf 87' lang='lat' dir='ltr'><strong>Dei,</strong></span> <span class='ocrx_word' id='word_1_10' title='bbox 1136 397 1578 469; x_wconf 74' lang='lat' dir='ltr'><strong>saucttsstmique</strong></span> <span class='ocrx_word' id='word_1_11' title='bbox 1625 394 1801 462; x_wconf 82' lang='lat' dir='ltr'><strong>Pauli,</strong></span> <span class='ocrx_word' id='word_1_12' title='bbox 1842 393 1943 450; x_wconf 88' lang='lat' dir='ltr'><strong>sub</strong></span> <span class='ocrx_word' id='word_1_13' title='bbox 1977 392 2136 463; x_wconf 86' lang='lat' dir='ltr'><strong>hujus</strong></span> <span class='ocrx_word' id='word_1_14' title='bbox 2164 411 2215 473; x_wconf 65' lang='grc' dir='ltr'><strong>Α</strong></span> <span class='ocrx_word' id='word_1_15' title='bbox 2243 388 2496 446; x_wconf 90' lang='lat' dir='ltr'><strong>banensis</strong></span> <span class='ocrx_word' id='word_1_16' title='bbox 2532 388 2822 458; x_wconf 90' lang='lat' dir='ltr'><strong>episcopus</strong></span> <span class='ocrx_word' id='word_1_17' title='bbox 2852 383 3030 457; x_wconf 82' lang='lat' dir='ltr'><strong>ipsius</strong></span> <span class='ocrx_word' id='word_1_18' title='bbox 3049 391 3223 441; x_wconf 78' lang='lat' dir='ltr'><strong>orese</strong></span> <span class='ocrx_word' id='word_1_19' title='bbox 3250 382 3554 441; x_wconf 77' lang='lat' dir='ltr'><strong>testabatur</strong></span> <span class='ocrx_word' id='word_1_20' title='bbox 3577 384 3815 443; x_wconf 78' lang='lat' dir='ltr'><strong>audisse.</strong></span> 
     </span>
    </p>
   </div>
   <div class='ocr_carea' id='block_1_5' title="bbox 553 492 2135 572">
    <p class='ocr_par' dir='ltr' id='par_1_5' title="bbox 553 492 2135 572">
     <span class='ocr_line' id='line_1_5' title="bbox 553 492 2135 572; baseline -0.009 -17"><span class='ocrx_word' id='word_1_21' title='bbox 553 498 817 572; x_wconf 82' lang='lat' dir='ltr'><strong>regimine</strong></span> <span class='ocrx_word' id='word_1_22' title='bbox 876 495 1055 552; x_wconf 83' lang='lat' dir='ltr'><strong>Patris</strong></span> <span class='ocrx_word' id='word_1_23' title='bbox 1120 492 1369 564; x_wconf 82' lang='lat' dir='ltr'><strong>adjuncta</strong></span> <span class='ocrx_word' id='word_1_24' title='bbox 1429 497 1485 546; x_wconf 93' lang='lat' dir='ltr'><strong>et</strong></span> <span class='ocrx_word' id='word_1_25' title='bbox 1548 495 1940 559; x_wconf 88' lang='lat' dir='ltr'><strong>coneorporata</strong></span> <span class='ocrx_word' id='word_1_26' title='bbox 2007 494 2135 542; x_wconf 90' lang='lat' dir='ltr'><strong>sunt</strong></span> 
     </span>
    </p>
   </div>
   <div class='ocr_carea' id='block_1_6' title="bbox 550 575 2138 649">
    <p class='ocr_par' dir='ltr' id='par_1_6' title="bbox 550 575 2138 649">
     <span class='ocr_line' id='line_1_6' title="bbox 550 575 2138 649; baseline -0.008 -8"><span class='ocrx_word' id='word_1_27' title='bbox 550 587 725 643; x_wconf 69' lang='lat' dir='ltr'><strong>Vallis</strong></span> <span class='ocrx_word' id='word_1_28' title='bbox 752 585 1010 641; x_wconf 77' lang='lat' dir='ltr'><strong>Imbroste</strong></span> <span class='ocrx_word' id='word_1_29' title='bbox 1048 580 1424 639; x_wconf 84' lang='lat' dir='ltr'><strong>consuetudini</strong></span> <span class='ocrx_word' id='word_1_30' title='bbox 1461 587 1516 635; x_wconf 93' lang='lat' dir='ltr'><strong>et</strong></span> <span class='ocrx_word' id='word_1_31' title='bbox 1562 577 2003 649; x_wconf 82' lang='lat' dir='ltr'><strong>Congrcgationi.</strong></span> <span class='ocrx_word' id='word_1_32' title='bbox 2050 575 2138 630; x_wconf 87' lang='lat' dir='ltr'><strong>Si-</strong></span> 
     </span>
    </p>
   </div>
   <div class='ocr_carea' id='block_1_7' title="bbox 550 667 2133 750">
    <p class='ocr_par' dir='ltr' id='par_1_7' title="bbox 550 667 2133 750">
     <span class='ocr_line' id='line_1_7' title="bbox 550 667 2133 750; baseline -0.009 -12"><span class='ocrx_word' id='word_1_33' title='bbox 550 681 757 738; x_wconf 85' lang='lat' dir='ltr'><strong>militer</strong></span> <span class='ocrx_word' id='word_1_34' title='bbox 786 681 837 736; x_wconf 88' lang='lat' dir='ltr'><strong>id</strong></span> <span class='ocrx_word' id='word_1_35' title='bbox 864 679 1008 750; x_wconf 90' lang='lat' dir='ltr'><strong>quod</strong></span> <span class='ocrx_word' id='word_1_36' title='bbox 1056 679 1110 733; x_wconf 92' lang='lat' dir='ltr'><strong>iu</strong></span> <span class='ocrx_word' id='word_1_37' title='bbox 1143 686 1323 733; x_wconf 91' lang='lat' dir='ltr'><strong>monte</strong></span> <span class='ocrx_word' id='word_1_38' title='bbox 1354 676 1599 739; x_wconf 84' lang='lat' dir='ltr'><strong>Armate,</strong></span> <span class='ocrx_word' id='word_1_39' title='bbox 1630 683 1684 728; x_wconf 92' lang='lat' dir='ltr'><strong>et</strong></span> <span class='ocrx_word' id='word_1_40' title='bbox 1713 672 1962 734; x_wconf 89' lang='lat' dir='ltr'><strong>alterum,</strong></span> <span class='ocrx_word' id='word_1_41' title='bbox 1990 667 2133 739; x_wconf 86' lang='lat' dir='ltr'><strong>quod</strong></span> 
     </span>
    </p>
   </div>
   <div class='ocr_carea' id='block_1_8' title="bbox 555 757 2131 838">
    <p class='ocr_par' dir='ltr' id='par_1_8' title="bbox 555 757 2131 838">
     <span class='ocr_line' id='line_1_8' title="bbox 555 757 2131 838; baseline -0.011 -8"><span class='ocrx_word' id='word_1_42' title='bbox 555 775 610 830; x_wconf 88' lang='lat' dir='ltr'><strong>in</strong></span> <span class='ocrx_word' id='word_1_43' title='bbox 638 772 828 830; x_wconf 77' lang='lat' dir='ltr'><strong>Osella:</strong></span> <span class='ocrx_word' id='word_1_44' title='bbox 856 770 1179 828; x_wconf 90' lang='lat' dir='ltr'><strong>Castellanis</strong></span> <span class='ocrx_word' id='word_1_45' title='bbox 1210 771 1263 824; x_wconf 92' lang='lat' dir='ltr'><strong>iu</strong></span> <span class='ocrx_word' id='word_1_46' title='bbox 1316 767 1585 838; x_wconf 84' lang='lat' dir='ltr'><strong>partibus,</strong></span> <span class='ocrx_word' id='word_1_47' title='bbox 1617 764 1831 819; x_wconf 88' lang='lat' dir='ltr'><strong>noviter</strong></span> <span class='ocrx_word' id='word_1_48' title='bbox 1857 757 2131 817; x_wconf 56' lang='lat' dir='ltr'><strong>suntsedis</strong></span> 
     </span>
    </p>
   </div>
   <div class='ocr_carea' id='block_1_9' title="bbox 555 850 1813 930">
    <p class='ocr_par' dir='ltr' id='par_1_9' title="bbox 555 850 1813 930">
     <span class='ocr_line' id='line_1_9' title="bbox 555 850 1813 930; baseline -0.008 -10"><span class='ocrx_word' id='word_1_49' title='bbox 555 850 738 930; x_wconf 74' lang='lat' dir='ltr'><strong>licata,</strong></span> <span class='ocrx_word' id='word_1_50' title='bbox 765 864 867 919; x_wconf 85' lang='lat' dir='ltr'><strong>sub</strong></span> <span class='ocrx_word' id='word_1_51' title='bbox 896 864 1000 917; x_wconf 92' lang='lat' dir='ltr'><strong>hoc</strong></span> <span class='ocrx_word' id='word_1_52' title='bbox 1031 871 1156 917; x_wconf 93' lang='lat' dir='ltr'><strong>sunt</strong></span> <span class='ocrx_word' id='word_1_53' title='bbox 1186 860 1432 915; x_wconf 80' lang='lat' dir='ltr'><strong>instituta</strong></span> <span class='ocrx_word' id='word_1_54' title='bbox 1456 856 1615 911; x_wconf 83' lang='lat' dir='ltr'><strong>Patre</strong></span> <span class='ocrx_word' id='word_1_55' title='bbox 1643 854 1813 926; x_wconf 85' lang='grc'>(108).</span> 
     </span>
    </p>
   </div>
   <div class='ocr_carea' id='block_1_10' title="bbox 626 940 2130 1022">
    <p class='ocr_par' dir='ltr' id='par_1_10' title="bbox 626 940 2130 1022">
     <span class='ocr_line' id='line_1_10' title="bbox 626 940 2130 1022; baseline -0.011 -14"><span class='ocrx_word' id='word_1_56' title='bbox 626 954 752 1010; x_wconf 86' lang='grc'>120.</span> <span class='ocrx_word' id='word_1_57' title='bbox 777 951 979 1007; x_wconf 81' lang='lat' dir='ltr'><strong>Horum</strong></span> <span class='ocrx_word' id='word_1_58' title='bbox 993 952 1194 1022; x_wconf 83' lang='lat' dir='ltr'><strong>quippe</strong></span> <span class='ocrx_word' id='word_1_59' title='bbox 1226 957 1465 1004; x_wconf 86' lang='lat' dir='ltr'><strong>rectores</strong></span> <span class='ocrx_word' id='word_1_60' title='bbox 1478 942 1757 1001; x_wconf 87' lang='lat' dir='ltr'><strong>annuatim</strong></span> <span class='ocrx_word' id='word_1_61' title='bbox 1773 940 2130 1002; x_wconf 85' lang='lat' dir='ltr'><strong>conveniunt,</strong></span> 
     </span>
    </p>
   </div>
   <div class='ocr_carea' id='block_1_11' title="bbox 553 1035 2136 1100">
    <p class='ocr_par' dir='ltr' id='par_1_11' title="bbox 553 1035 2136 1100">
     <span class='ocr_line' id='line_1_11' title="bbox 553 1035 2136 1100; baseline -0.009 0"><span class='ocrx_word' id='word_1_62' title='bbox 553 1044 814 1100; x_wconf 87' lang='lat' dir='ltr'><strong>memoria</strong></span> <span class='ocrx_word' id='word_1_63' title='bbox 871 1044 1167 1099; x_wconf 86' lang='lat' dir='ltr'><strong>retinentes</strong></span> <span class='ocrx_word' id='word_1_64' title='bbox 1211 1041 1508 1096; x_wconf 86' lang='lat' dir='ltr'><strong>bonitatem</strong></span> <span class='ocrx_word' id='word_1_65' title='bbox 1541 1045 1596 1093; x_wconf 93' lang='lat' dir='ltr'><strong>et</strong></span> <span class='ocrx_word' id='word_1_66' title='bbox 1625 1035 1993 1098; x_wconf 83' lang='lat' dir='ltr'><strong>sanctitatem,</strong></span> <span class='ocrx_word' id='word_1_67' title='bbox 2033 1047 2136 1087; x_wconf 90' lang='lat' dir='ltr'><strong>uec</strong></span> 
     </span>
    </p>
   </div>
   <div class='ocr_carea' id='block_1_12' title="bbox 548 1122 2136 1205">
    <p class='ocr_par' dir='ltr' id='par_1_12' title="bbox 548 1122 2136 1205">
     <span class='ocr_line' id='line_1_12' title="bbox 548 1122 2136 1205; baseline -0.009 -13"><span class='ocrx_word' id='word_1_68' title='bbox 548 1132 661 1192; x_wconf 80' lang='lat' dir='ltr'><strong>non</strong></span> <span class='ocrx_word' id='word_1_69' title='bbox 685 1136 931 1191; x_wconf 90' lang='lat' dir='ltr'><strong>instituta</strong></span> <span class='ocrx_word' id='word_1_70' title='bbox 958 1134 1083 1191; x_wconf 86' lang='lat' dir='ltr'><strong>boui</strong></span> <span class='ocrx_word' id='word_1_71' title='bbox 1111 1146 1165 1189; x_wconf 93' lang='lat' dir='ltr'><strong>et</strong></span> <span class='ocrx_word' id='word_1_72' title='bbox 1199 1132 1361 1205; x_wconf 86' lang='lat' dir='ltr'><strong>primi</strong></span> <span class='ocrx_word' id='word_1_73' title='bbox 1416 1131 1619 1196; x_wconf 83' lang='lat' dir='ltr'><strong>Patris,</strong></span> <span class='ocrx_word' id='word_1_74' title='bbox 1664 1122 1766 1185; x_wconf 79' lang='lat' dir='ltr'><strong>Sibi</strong></span> <span class='ocrx_word' id='word_1_75' title='bbox 1799 1126 2034 1183; x_wconf 77' lang='lat' dir='ltr'><strong>offerunt</strong></span> <span class='ocrx_word' id='word_1_76' title='bbox 2055 1124 2136 1179; x_wconf 85' lang='lat' dir='ltr'><strong>al-</strong></span> 
     </span>
    </p>
   </div>
   <div class='ocr_carea' id='block_1_13' title="bbox 550 1221 2133 1298">
    <p class='ocr_par' dir='ltr' id='par_1_13' title="bbox 550 1221 2133 1298">
     <span class='ocr_line' id='line_1_13' title="bbox 550 1221 2133 1298; baseline -0.011 -11"><span class='ocrx_word' id='word_1_77' title='bbox 550 1228 659 1287; x_wconf 85' lang='lat' dir='ltr'><strong>teri</strong></span> <span class='ocrx_word' id='word_1_78' title='bbox 696 1229 976 1286; x_wconf 87' lang='lat' dir='ltr'><strong>alterutris</strong></span> <span class='ocrx_word' id='word_1_79' title='bbox 1027 1240 1381 1298; x_wconf 67' lang='lat' dir='ltr'><strong>quascumque</strong></span> <span class='ocrx_word' id='word_1_80' title='bbox 1433 1224 1534 1280; x_wconf 86' lang='lat' dir='ltr'><strong>sub</strong></span> <span class='ocrx_word' id='word_1_81' title='bbox 1590 1237 1686 1278; x_wconf 88' lang='lat' dir='ltr'><strong>sua</strong></span> <span class='ocrx_word' id='word_1_82' title='bbox 1741 1221 1944 1276; x_wconf 87' lang='lat' dir='ltr'><strong>habent</strong></span> <span class='ocrx_word' id='word_1_83' title='bbox 1981 1232 2133 1282; x_wconf 90' lang='lat' dir='ltr'><strong>cura,</strong></span> 
     </span>
    </p>
   </div>
   <div class='ocr_carea' id='block_1_14' title="bbox 555 1310 2134 1392">
    <p class='ocr_par' dir='ltr' id='par_1_14' title="bbox 555 1310 2134 1392">
     <span class='ocr_line' id='line_1_14' title="bbox 555 1310 2134 1392; baseline -0.01 -14"><span class='ocrx_word' id='word_1_84' title='bbox 555 1337 820 1392; x_wconf 81' lang='lat' dir='ltr'><strong>personas</strong></span> <span class='ocrx_word' id='word_1_85' title='bbox 878 1318 1130 1375; x_wconf 86' lang='lat' dir='ltr'><strong>videlicet</strong></span> <span class='ocrx_word' id='word_1_86' title='bbox 1180 1325 1236 1371; x_wconf 93' lang='lat' dir='ltr'><strong>et</strong></span> <span class='ocrx_word' id='word_1_87' title='bbox 1262 1313 1596 1371; x_wconf 75' lang='lat' dir='ltr'><strong>substantias</strong></span> <span class='ocrx_word' id='word_1_88' title='bbox 1633 1312 1925 1368; x_wconf 88' lang='lat' dir='ltr'><strong>secundum</strong></span> <span class='ocrx_word' id='word_1_89' title='bbox 1961 1310 2134 1379; x_wconf 80' lang='lat' dir='ltr'><strong>impe-</strong></span> 
     </span>
    </p>
   </div>
   <div class='ocr_carea' id='block_1_15' title="bbox 554 1397 2134 1474">
    <p class='ocr_par' dir='ltr' id='par_1_15' title="bbox 554 1397 2134 1474">
     <span class='ocr_line' id='line_1_15' title="bbox 554 1397 2134 1474; baseline -0.009 -6"><span class='ocrx_word' id='word_1_90' title='bbox 554 1414 698 1468; x_wconf 83' lang='lat' dir='ltr'><strong>rium</strong></span> <span class='ocrx_word' id='word_1_91' title='bbox 733 1410 900 1469; x_wconf 83' lang='lat' dir='ltr'><strong>Vallis</strong></span> <span class='ocrx_word' id='word_1_92' title='bbox 935 1410 1191 1464; x_wconf 78' lang='lat' dir='ltr'><strong>lmbrosa:</strong></span> <span class='ocrx_word' id='word_1_93' title='bbox 1244 1397 1478 1471; x_wconf 80' lang='lat' dir='ltr'><strong>abbatis,</strong></span> <span class='ocrx_word' id='word_1_94' title='bbox 1519 1419 1677 1474; x_wconf 91' lang='lat' dir='ltr'><strong>quem</strong></span> <span class='ocrx_word' id='word_1_95' title='bbox 1725 1417 1886 1474; x_wconf 85' lang='lat' dir='ltr'><strong>super</strong></span> <span class='ocrx_word' id='word_1_96' title='bbox 1929 1416 1989 1456; x_wconf 91' lang='lat' dir='ltr'><strong>se</strong></span> <span class='ocrx_word' id='word_1_97' title='bbox 2021 1400 2134 1456; x_wconf 84' lang='lat' dir='ltr'><strong>ele-</strong></span> 
     </span>
    </p>
   </div>
   <div class='ocr_carea' id='block_1_16' title="bbox 560 1492 2138 1566">
    <p class='ocr_par' dir='ltr' id='par_1_16' title="bbox 560 1492 2138 1566">
     <span class='ocr_line' id='line_1_16' title="bbox 560 1492 2138 1566; baseline -0.008 -7"><span class='ocrx_word' id='word_1_98' title='bbox 560 1514 711 1559; x_wconf 88' lang='lat' dir='ltr'><strong>ctum</strong></span> <span class='ocrx_word' id='word_1_99' title='bbox 747 1503 948 1559; x_wconf 85' lang='lat' dir='ltr'><strong>habent</strong></span> <span class='ocrx_word' id='word_1_100' title='bbox 977 1500 1029 1555; x_wconf 92' lang='lat' dir='ltr'><strong>in</strong></span> <span class='ocrx_word' id='word_1_101' title='bbox 1052 1500 1169 1554; x_wconf 87' lang='lat' dir='ltr'><strong>vice</strong></span> <span class='ocrx_word' id='word_1_102' title='bbox 1198 1497 1422 1553; x_wconf 89' lang='lat' dir='ltr'><strong>Joannis</strong></span> <span class='ocrx_word' id='word_1_103' title='bbox 1451 1495 1609 1566; x_wconf 85' lang='lat' dir='ltr'><strong>primi</strong></span> <span class='ocrx_word' id='word_1_104' title='bbox 1651 1494 1878 1549; x_wconf 77' lang='lat' dir='ltr'><strong>abbatis.</strong></span> <span class='ocrx_word' id='word_1_105' title='bbox 1912 1492 1980 1547; x_wconf 84' lang='lat' dir='ltr'><strong>Et</strong></span> <span class='ocrx_word' id='word_1_106' title='bbox 2012 1499 2138 1546; x_wconf 91' lang='lat' dir='ltr'><strong>sunt</strong></span> 
     </span>
    </p>
   </div>
   <div class='ocr_carea' id='block_1_17' title="bbox 546 1582 2137 1660">
    <p class='ocr_par' dir='ltr' id='par_1_17' title="bbox 546 1582 2137 1660">
     <span class='ocr_line' id='line_1_17' title="bbox 546 1582 2137 1660; baseline -0.011 -6"><span class='ocrx_word' id='word_1_107' title='bbox 546 1598 612 1654; x_wconf 58' lang='lat' dir='ltr'><strong>‘iu</strong></span> <span class='ocrx_word' id='word_1_108' title='bbox 642 1598 743 1652; x_wconf 77' lang='lat' dir='ltr'><strong>(ide</strong></span> <span class='ocrx_word' id='word_1_109' title='bbox 791 1611 919 1660; x_wconf 89' lang='lat' dir='ltr'><strong>una,</strong></span> <span class='ocrx_word' id='word_1_110' title='bbox 960 1609 1122 1649; x_wconf 90' lang='lat' dir='ltr'><strong>unum</strong></span> <span class='ocrx_word' id='word_1_111' title='bbox 1156 1607 1252 1647; x_wconf 91' lang='lat' dir='ltr'><strong>cor</strong></span> <span class='ocrx_word' id='word_1_112' title='bbox 1283 1599 1339 1646; x_wconf 92' lang='lat' dir='ltr'><strong>et</strong></span> <span class='ocrx_word' id='word_1_113' title='bbox 1365 1588 1603 1643; x_wconf 90' lang='lat' dir='ltr'><strong>animam</strong></span> <span class='ocrx_word' id='word_1_114' title='bbox 1652 1588 1933 1648; x_wconf 51' lang='lat' dir='ltr'><strong>habentes,</strong></span> <span class='ocrx_word' id='word_1_115' title='bbox 1958 1582 2137 1654; x_wconf 82' lang='lat' dir='ltr'><strong>potius</strong></span> 
     </span>
    </p>
   </div>
   <div class='ocr_carea' id='block_1_18' title="bbox 555 1674 2136 1759">
    <p class='ocr_par' dir='ltr' id='par_1_18' title="bbox 555 1674 2136 1759">
     <span class='ocr_line' id='line_1_18' title="bbox 555 1674 2136 1759; baseline -0.009 -17"><span class='ocrx_word' id='word_1_116' title='bbox 555 1687 731 1759; x_wconf 82' lang='lat' dir='ltr'><strong>parati</strong></span> <span class='ocrx_word' id='word_1_117' title='bbox 762 1685 919 1748; x_wconf 87' lang='lat' dir='ltr'><strong>mori,</strong></span> <span class='ocrx_word' id='word_1_118' title='bbox 947 1699 1107 1754; x_wconf 86' lang='lat' dir='ltr'><strong>quam</strong></span> <span class='ocrx_word' id='word_1_119' title='bbox 1136 1681 1204 1736; x_wconf 87' lang='lat' dir='ltr'><strong>ab</strong></span> <span class='ocrx_word' id='word_1_120' title='bbox 1229 1680 1485 1735; x_wconf 85' lang='lat' dir='ltr'><strong>alterutro</strong></span> <span class='ocrx_word' id='word_1_121' title='bbox 1506 1676 1690 1732; x_wconf 89' lang='lat' dir='ltr'><strong>dividi.</strong></span> <span class='ocrx_word' id='word_1_122' title='bbox 1721 1676 1776 1758; x_wconf 83' lang='lat' dir='ltr'><strong>lu</strong></span> <span class='ocrx_word' id='word_1_123' title='bbox 1802 1690 1908 1745; x_wconf 89' lang='lat' dir='ltr'><strong>qua</strong></span> <span class='ocrx_word' id='word_1_124' title='bbox 1933 1674 2136 1728; x_wconf 80' lang='lat' dir='ltr'><strong>unitate</strong></span> 
     </span>
    </p>
   </div>
   <div class='ocr_carea' id='block_1_19' title="bbox 2309 472 3818 545">
    <p class='ocr_par' dir='ltr' id='par_1_19' title="bbox 2309 472 3818 545">
     <span class='ocr_line' id='line_1_19' title="bbox 2309 472 3818 545; baseline -0.001 -10"><span class='ocrx_word' id='word_1_125' title='bbox 2309 480 2430 536; x_wconf 74' lang='lat' dir='ltr'><strong>i25.</strong></span> <span class='ocrx_word' id='word_1_126' title='bbox 2464 480 2539 534; x_wconf 88' lang='lat' dir='ltr'><strong>De</strong></span> <span class='ocrx_word' id='word_1_127' title='bbox 2557 477 2757 533; x_wconf 90' lang='lat' dir='ltr'><strong>domno</strong></span> <span class='ocrx_word' id='word_1_128' title='bbox 2786 475 2974 531; x_wconf 85' lang='lat' dir='ltr'><strong>Teuzo</strong></span> <span class='ocrx_word' id='word_1_129' title='bbox 3000 472 3287 530; x_wconf 77' lang='lat' dir='ltr'><strong>Razolensi</strong></span> <span class='ocrx_word' id='word_1_130' title='bbox 3314 474 3511 531; x_wconf 87' lang='lat' dir='ltr'><strong>abbate</strong></span> <span class='ocrx_word' id='word_1_131' title='bbox 3541 477 3606 531; x_wconf 89' lang='lat' dir='ltr'><strong>de</strong></span> <span class='ocrx_word' id='word_1_132' title='bbox 3625 478 3818 545; x_wconf 81' lang='lat' dir='ltr'><strong>primis</strong></span> 
     </span>
    </p>
   </div>
   <div class='ocr_carea' id='block_1_20' title="bbox 2234 565 3817 641">
    <p class='ocr_par' dir='ltr' id='par_1_20' title="bbox 2234 565 3817 641">
     <span class='ocr_line' id='line_1_20' title="bbox 2234 565 3817 641; baseline -0.004 -15"><span class='ocrx_word' id='word_1_133' title='bbox 2234 571 2601 641; x_wconf 84' lang='lat' dir='ltr'><strong>maximisque</strong></span> <span class='ocrx_word' id='word_1_134' title='bbox 2622 568 2743 639; x_wconf 87' lang='lat' dir='ltr'><strong>ejus</strong></span> <span class='ocrx_word' id='word_1_135' title='bbox 2764 566 3071 635; x_wconf 72' lang='lat' dir='ltr'><strong>discipulis,</strong></span> <span class='ocrx_word' id='word_1_136' title='bbox 3123 565 3267 636; x_wconf 90' lang='lat' dir='ltr'><strong>quod</strong></span> <span class='ocrx_word' id='word_1_137' title='bbox 3318 566 3367 621; x_wconf 93' lang='lat' dir='ltr'><strong>ei</strong></span> <span class='ocrx_word' id='word_1_138' title='bbox 3420 567 3670 637; x_wconf 85' lang='lat' dir='ltr'><strong>contigit,</strong></span> <span class='ocrx_word' id='word_1_139' title='bbox 3701 572 3817 638; x_wconf 62' lang='lat' dir='ltr'><strong>ipsa</strong></span> 
     </span>
    </p>
   </div>
   <div class='ocr_carea' id='block_1_21' title="bbox 2234 656 3817 732">
    <p class='ocr_par' dir='ltr' id='par_1_21' title="bbox 2234 656 3817 732">
     <span class='ocr_line' id='line_1_21' title="bbox 2234 656 3817 732; baseline -0.003 -13"><span class='ocrx_word' id='word_1_140' title='bbox 2234 662 2534 732; x_wconf 77' lang='lat' dir='ltr'><strong>strpissime</strong></span> <span class='ocrx_word' id='word_1_141' title='bbox 2575 659 2919 715; x_wconf 76' lang='lat' dir='ltr'><strong>testiﬁcante.</strong></span> <span class='ocrx_word' id='word_1_142' title='bbox 2952 656 3062 723; x_wconf 74' lang='lat' dir='ltr'><strong>Qui</strong></span> <span class='ocrx_word' id='word_1_143' title='bbox 3102 656 3231 712; x_wconf 92' lang='lat' dir='ltr'><strong>dum</strong></span> <span class='ocrx_word' id='word_1_144' title='bbox 3272 657 3507 727; x_wconf 84' lang='lat' dir='ltr'><strong>quadam</strong></span> <span class='ocrx_word' id='word_1_145' title='bbox 3560 658 3648 713; x_wconf 89' lang='lat' dir='ltr'><strong>die</strong></span> <span class='ocrx_word' id='word_1_146' title='bbox 3692 673 3817 715; x_wconf 89' lang='lat' dir='ltr'><strong>cum</strong></span> 
     </span>
    </p>
   </div>
   <div class='ocr_carea' id='block_1_22' title="bbox 2235 750 3842 822">
    <p class='ocr_par' dir='ltr' id='par_1_22' title="bbox 2235 750 3842 822">
     <span class='ocr_line' id='line_1_22' title="bbox 2235 750 3842 822; baseline -0.003 -11"><span class='ocrx_word' id='word_1_147' title='bbox 2235 755 2473 812; x_wconf 89' lang='lat' dir='ltr'><strong>Plebauo</strong></span> <span class='ocrx_word' id='word_1_148' title='bbox 2505 755 2678 811; x_wconf 86' lang='lat' dir='ltr'><strong>sancti</strong></span> <span class='ocrx_word' id='word_1_149' title='bbox 2709 754 2934 810; x_wconf 88' lang='lat' dir='ltr'><strong>Joannis</strong></span> <span class='ocrx_word' id='word_1_150' title='bbox 2963 750 3211 822; x_wconf 70' lang='lat' dir='ltr'><strong>Maioris,</strong></span> <span class='ocrx_word' id='word_1_151' title='bbox 3239 752 3459 807; x_wconf 87' lang='lat' dir='ltr'><strong>nomine</strong></span> <span class='ocrx_word' id='word_1_152' title='bbox 3501 751 3637 822; x_wconf 83' lang='lat' dir='ltr'><strong>Ugo,</strong></span> <span class='ocrx_word' id='word_1_153' title='bbox 3690 751 3842 813; x_wconf 59' lang='lat' dir='ltr'><strong>Val-.</strong></span> 
     </span>
    </p>
   </div>
   <div class='ocr_carea' id='block_1_23' title="bbox 2237 830 3823 918">
    <p class='ocr_par' dir='ltr' id='par_1_23' title="bbox 2237 830 3823 918">
     <span class='ocr_line' id='line_1_23' title="bbox 2237 830 3823 918; baseline -0.001 -15"><span class='ocrx_word' id='word_1_154' title='bbox 2237 848 2547 903; x_wconf 88' lang='lat' dir='ltr'><strong>limbresam</strong></span> <span class='ocrx_word' id='word_1_155' title='bbox 2578 848 2682 903; x_wconf 87' lang='lat' dir='ltr'><strong>iter</strong></span> <span class='ocrx_word' id='word_1_156' title='bbox 2732 853 2936 918; x_wconf 83' lang='lat' dir='ltr'><strong>ageret,</strong></span> <span class='ocrx_word' id='word_1_157' title='bbox 2990 830 3318 915; x_wconf 72' lang='lat' dir='ltr'><strong>gravissimo</strong></span> <span class='ocrx_word' id='word_1_158' title='bbox 3375 844 3587 899; x_wconf 83' lang='lat' dir='ltr'><strong>illomm</strong></span> <span class='ocrx_word' id='word_1_159' title='bbox 3633 843 3823 901; x_wconf 82' lang='lat' dir='ltr'><strong>dolore</strong></span> 
     </span>
    </p>
   </div>
   <div class='ocr_carea' id='block_1_24' title="bbox 2236 934 3822 1007">
    <p class='ocr_par' dir='ltr' id='par_1_24' title="bbox 2236 934 3822 1007">
     <span class='ocr_line' id='line_1_24' title="bbox 2236 934 3822 1007; baseline -0.001 -12"><span class='ocrx_word' id='word_1_160' title='bbox 2236 939 2646 995; x_wconf 86' lang='lat' dir='ltr'><strong>intolerabiliter</strong></span> <span class='ocrx_word' id='word_1_161' title='bbox 2668 953 2731 992; x_wconf 91' lang='lat' dir='ltr'><strong>ac</strong></span> <span class='ocrx_word' id='word_1_162' title='bbox 2756 938 2955 1007; x_wconf 67' lang='lat' dir='ltr'><strong>saepius</strong></span> <span class='ocrx_word' id='word_1_163' title='bbox 2986 935 3236 1001; x_wconf 80' lang='lat' dir='ltr'><strong>pulsatus</strong></span> <span class='ocrx_word' id='word_1_164' title='bbox 3264 943 3366 990; x_wconf 91' lang='lat' dir='ltr'><strong>est.</strong></span> <span class='ocrx_word' id='word_1_165' title='bbox 3393 934 3636 1006; x_wconf 86' lang='lat' dir='ltr'><strong>Cumque</strong></span> <span class='ocrx_word' id='word_1_166' title='bbox 3676 935 3822 994; x_wconf 73' lang='lat' dir='ltr'><strong>inter</strong></span> 
     </span>
    </p>
   </div>
   <div class='ocr_carea' id='block_1_25' title="bbox 2229 1026 3819 1101">
    <p class='ocr_par' dir='ltr' id='par_1_25' title="bbox 2229 1026 3819 1101">
     <span class='ocr_line' id='line_1_25' title="bbox 2229 1026 3819 1101; baseline -0.001 -15"><span class='ocrx_word' id='word_1_167' title='bbox 2229 1031 2336 1087; x_wconf 86' lang='lat' dir='ltr'><strong>has</strong></span> <span class='ocrx_word' id='word_1_168' title='bbox 2363 1030 2563 1087; x_wconf 87' lang='lat' dir='ltr'><strong>doloris</strong></span> <span class='ocrx_word' id='word_1_169' title='bbox 2584 1028 3200 1101; x_wconf 75' lang='lat' dir='ltr'><strong>angustias‘tlueruaret,</strong></span> <span class='ocrx_word' id='word_1_170' title='bbox 3231 1026 3554 1096; x_wconf 76' lang='lat' dir='ltr'><strong>prmdictum</strong></span> <span class='ocrx_word' id='word_1_171' title='bbox 3598 1026 3819 1087; x_wconf 83' lang='lat' dir='ltr'><strong>Patrem</strong></span> 
     </span>
    </p>
   </div>
   <div class='ocr_carea' id='block_1_26' title="bbox 2234 1118 3817 1189">
    <p class='ocr_par' dir='ltr' id='par_1_26' title="bbox 2234 1118 3817 1189">
     <span class='ocr_line' id='line_1_26' title="bbox 2234 1118 3817 1189; baseline -0.001 -12"><span class='ocrx_word' id='word_1_172' title='bbox 2234 1123 2496 1179; x_wconf 88' lang='lat' dir='ltr'><strong>Joannem</strong></span> <span class='ocrx_word' id='word_1_173' title='bbox 2524 1122 2788 1177; x_wconf 88' lang='lat' dir='ltr'><strong>attentius</strong></span> <span class='ocrx_word' id='word_1_174' title='bbox 2809 1120 2973 1189; x_wconf 62' lang='lat' dir='ltr'><strong>coepit</strong></span> <span class='ocrx_word' id='word_1_175' title='bbox 3002 1131 3220 1189; x_wconf 68' lang='lat' dir='ltr'><strong>rogare,</strong></span> <span class='ocrx_word' id='word_1_176' title='bbox 3261 1126 3529 1187; x_wconf 88' lang='lat' dir='ltr'><strong>quatenus</strong></span> <span class='ocrx_word' id='word_1_177' title='bbox 3549 1118 3661 1173; x_wconf 90' lang='lat' dir='ltr'><strong>suis</strong></span> <span class='ocrx_word' id='word_1_178' title='bbox 3694 1131 3817 1175; x_wconf 85' lang='lat' dir='ltr'><strong>tne-</strong></span> 
     </span>
    </p>
   </div>
   <div class='ocr_carea' id='block_1_27' title="bbox 2238 1206 3812 1284">
    <p class='ocr_par' dir='ltr' id='par_1_27' title="bbox 2238 1206 3812 1284">
     <span class='ocr_line' id='line_1_27' title="bbox 2238 1206 3812 1284; baseline -0.003 -16"><span class='ocrx_word' id='word_1_179' title='bbox 2238 1214 2380 1278; x_wconf 85' lang='lat' dir='ltr'><strong>ritis,</strong></span> <span class='ocrx_word' id='word_1_180' title='bbox 2412 1213 2775 1284; x_wconf 87' lang='lat' dir='ltr'><strong>precibusque</strong></span> <span class='ocrx_word' id='word_1_181' title='bbox 2801 1210 2850 1265; x_wconf 91' lang='lat' dir='ltr'><strong>ei</strong></span> <span class='ocrx_word' id='word_1_182' title='bbox 2871 1211 3170 1266; x_wconf 84' lang='lat' dir='ltr'><strong>clementer</strong></span> <span class='ocrx_word' id='word_1_183' title='bbox 3200 1217 3562 1265; x_wconf 84' lang='lat' dir='ltr'><strong>succurreret.</strong></span> <span class='ocrx_word' id='word_1_184' title='bbox 3585 1206 3812 1264; x_wconf 84' lang='lat' dir='ltr'><strong>Statim-</strong></span> 
     </span>
    </p>
   </div>
   <div class='ocr_carea' id='block_1_28' title="bbox 2232 1300 3811 1377">
    <p class='ocr_par' dir='ltr' id='par_1_28' title="bbox 2232 1300 3811 1377">
     <span class='ocr_line' id='line_1_28' title="bbox 2232 1300 3811 1377; baseline -0.001 -19"><span class='ocrx_word' id='word_1_185' title='bbox 2232 1319 2340 1374; x_wconf 88' lang='lat' dir='ltr'><strong>que</strong></span> <span class='ocrx_word' id='word_1_186' title='bbox 2376 1305 2619 1376; x_wconf 83' lang='lat' dir='ltr'><strong>languor.</strong></span> <span class='ocrx_word' id='word_1_187' title='bbox 2644 1304 2736 1377; x_wconf 75' lang='lat' dir='ltr'><strong>qui</strong></span> <span class='ocrx_word' id='word_1_188' title='bbox 2760 1319 2883 1360; x_wconf 89' lang='lat' dir='ltr'><strong>eum</strong></span> <span class='ocrx_word' id='word_1_189' title='bbox 2906 1301 3214 1365; x_wconf 84' lang='lat' dir='ltr'><strong>cruciabat,</strong></span> <span class='ocrx_word' id='word_1_190' title='bbox 3236 1315 3462 1371; x_wconf 84' lang='lat' dir='ltr'><strong>prorsus</strong></span> <span class='ocrx_word' id='word_1_191' title='bbox 3475 1300 3685 1357; x_wconf 86' lang='lat' dir='ltr'><strong>deletus</strong></span> <span class='ocrx_word' id='word_1_192' title='bbox 3705 1309 3811 1363; x_wconf 74' lang='lat' dir='ltr'><strong>est,</strong></span> 
     </span>
    </p>
   </div>
   <div class='ocr_carea' id='block_1_29' title="bbox 2235 1390 3817 1465">
    <p class='ocr_par' dir='ltr' id='par_1_29' title="bbox 2235 1390 3817 1465">
     <span class='ocr_line' id='line_1_29' title="bbox 2235 1390 3817 1465; baseline 0.001 -17"><span class='ocrx_word' id='word_1_193' title='bbox 2235 1393 2368 1449; x_wconf 82' lang='lat' dir='ltr'><strong>item</strong></span> <span class='ocrx_word' id='word_1_194' title='bbox 2391 1395 2457 1449; x_wconf 88' lang='lat' dir='ltr'><strong>de</strong></span> <span class='ocrx_word' id='word_1_195' title='bbox 2494 1394 2752 1465; x_wconf 64' lang='lat' dir='ltr'><strong>prmdiclo</strong></span> <span class='ocrx_word' id='word_1_196' title='bbox 2798 1394 2998 1449; x_wconf 91' lang='lat' dir='ltr'><strong>domno</strong></span> <span class='ocrx_word' id='word_1_197' title='bbox 3052 1390 3256 1457; x_wconf 72' lang='lat' dir='ltr'><strong>Teuzo,</strong></span> <span class='ocrx_word' id='word_1_198' title='bbox 3312 1391 3399 1445; x_wconf 88' lang='lat' dir='ltr'><strong>cui</strong></span> <span class='ocrx_word' id='word_1_199' title='bbox 3457 1407 3582 1447; x_wconf 91' lang='lat' dir='ltr'><strong>cum</strong></span> <span class='ocrx_word' id='word_1_200' title='bbox 3632 1390 3817 1450; x_wconf 82' lang='lat' dir='ltr'><strong>obitus</strong></span> 
     </span>
    </p>
   </div>
   <div class='ocr_carea' id='block_1_30' title="bbox 2236 1480 3815 1555">
    <p class='ocr_par' dir='ltr' id='par_1_30' title="bbox 2236 1480 3815 1555">
     <span class='ocr_line' id='line_1_30' title="bbox 2236 1480 3815 1555; baseline -0.002 -15"><span class='ocrx_word' id='word_1_201' title='bbox 2236 1485 2418 1540; x_wconf 91' lang='lat' dir='ltr'><strong>domui</strong></span> <span class='ocrx_word' id='word_1_202' title='bbox 2447 1484 2652 1540; x_wconf 78' lang='lat' dir='ltr'><strong>Rustici</strong></span> <span class='ocrx_word' id='word_1_203' title='bbox 2684 1484 2864 1555; x_wconf 86' lang='lat' dir='ltr'><strong>magni</strong></span> <span class='ocrx_word' id='word_1_204' title='bbox 2917 1483 3130 1538; x_wconf 83' lang='lat' dir='ltr'><strong>Prioris</strong></span> <span class='ocrx_word' id='word_1_205' title='bbox 3180 1481 3466 1537; x_wconf 88' lang='lat' dir='ltr'><strong>nuntiatus</strong></span> <span class='ocrx_word' id='word_1_206' title='bbox 3512 1480 3729 1547; x_wconf 77' lang='lat' dir='ltr'><strong>fuisset,</strong></span> <span class='ocrx_word' id='word_1_207' title='bbox 3753 1493 3815 1537; x_wconf 87' lang='lat' dir='ltr'><strong>et</strong></span> 
     </span>
    </p>
   </div>
   <div class='ocr_carea' id='block_1_31' title="bbox 2216 1575 3815 1647">
    <p class='ocr_par' dir='ltr' id='par_1_31' title="bbox 2216 1575 3815 1647">
     <span class='ocr_line' id='line_1_31' title="bbox 2216 1575 3815 1647; baseline 0.002 -19"><span class='ocrx_word' id='word_1_208' title='bbox 2216 1576 2358 1646; x_wconf 87' lang='lat' dir='ltr'><strong>.ipse</strong></span> <span class='ocrx_word' id='word_1_209' title='bbox 2388 1585 2541 1632; x_wconf 65' lang='lat' dir='ltr'><strong>tanto</strong></span> <span class='ocrx_word' id='word_1_210' title='bbox 2568 1584 3040 1647; x_wconf 83' lang='lat' dir='ltr'><strong>cousmugeretur</strong></span> <span class='ocrx_word' id='word_1_211' title='bbox 3080 1575 3360 1646; x_wconf 87' lang='lat' dir='ltr'><strong>languore,</strong></span> <span class='ocrx_word' id='word_1_212' title='bbox 3394 1589 3452 1628; x_wconf 90' lang='lat' dir='ltr'><strong>ut</strong></span> <span class='ocrx_word' id='word_1_213' title='bbox 3498 1590 3559 1630; x_wconf 92' lang='lat' dir='ltr'><strong>se</strong></span> <span class='ocrx_word' id='word_1_214' title='bbox 3596 1590 3815 1631; x_wconf 77' lang='lat' dir='ltr'><strong>movere</strong></span> 
     </span>
    </p>
   </div>
   <div class='ocr_carea' id='block_1_32' title="bbox 2240 1662 3817 1739">
    <p class='ocr_par' dir='ltr' id='par_1_32' title="bbox 2240 1662 3817 1739">
     <span class='ocr_line' id='line_1_32' title="bbox 2240 1662 3817 1739; baseline 0 -18"><span class='ocrx_word' id='word_1_215' title='bbox 2240 1683 2346 1722; x_wconf 91' lang='lat' dir='ltr'><strong>non</strong></span> <span class='ocrx_word' id='word_1_216' title='bbox 2377 1675 2579 1738; x_wconf 89' lang='lat' dir='ltr'><strong>posset,</strong></span> <span class='ocrx_word' id='word_1_217' title='bbox 2600 1666 2905 1724; x_wconf 89' lang='lat' dir='ltr'><strong>calliculam</strong></span> <span class='ocrx_word' id='word_1_218' title='bbox 2927 1665 3075 1739; x_wconf 79' lang='lat' dir='ltr'><strong>(l09)</strong></span> <span class='ocrx_word' id='word_1_219' title='bbox 3103 1665 3236 1721; x_wconf 89' lang='lat' dir='ltr'><strong>tanti</strong></span> <span class='ocrx_word' id='word_1_220' title='bbox 3262 1664 3385 1738; x_wconf 82' lang='grc' dir='ltr'><strong>[αι.,</strong></span> <span class='ocrx_word' id='word_1_221' title='bbox 3408 1662 3602 1737; x_wconf 84' lang='lat' dir='ltr'><strong>sancti]</strong></span> <span class='ocrx_word' id='word_1_222' title='bbox 3621 1664 3817 1734; x_wconf 78' lang='lat' dir='ltr'><strong>praedi-</strong></span> 
     </span>
    </p>
   </div>
   <div class='ocr_carea' id='block_1_33' title="bbox 555 1753 3814 1844">
    <p class='ocr_par' dir='ltr' id='par_1_33' title="bbox 555 1753 3814 1844">
     <span class='ocr_line' id='line_1_33' title="bbox 555 1753 3814 1844; baseline -0.007 -11"><span class='ocrx_word' id='word_1_223' title='bbox 555 1753 827 1843; x_wconf 77' lang='lat' dir='ltr'><strong>Christus,</strong></span> <span class='ocrx_word' id='word_1_224' title='bbox 854 1753 1199 1844; x_wconf 84' lang='lat' dir='ltr'><strong>omnipotens</strong></span> <span class='ocrx_word' id='word_1_225' title='bbox 1230 1780 1435 1841; x_wconf 90' lang='lat' dir='ltr'><strong>pastor,</strong></span> <span class='ocrx_word' id='word_1_226' title='bbox 1473 1784 1567 1823; x_wconf 92' lang='lat' dir='ltr'><strong>eos</strong></span> <span class='ocrx_word' id='word_1_227' title='bbox 1597 1769 1648 1822; x_wconf 90' lang='lat' dir='ltr'><strong>in</strong></span> <span class='ocrx_word' id='word_1_228' title='bbox 1690 1753 2008 1836; x_wconf 79' lang='lat' dir='ltr'><strong>perpetuum</strong></span> <span class='ocrx_word' id='word_1_229' title='bbox 2049 1764 2124 1818; x_wconf 87' lang='lat' dir='ltr'><strong>di-</strong></span> <span class='ocrx_word' id='word_1_230' title='bbox 2163 1763 2205 1822; x_wconf 82' lang='grc' dir='ltr'><strong>Β</strong></span> <span class='ocrx_word' id='word_1_231' title='bbox 2234 1759 2303 1814; x_wconf 86' lang='lat' dir='ltr'><strong>eti</strong></span> <span class='ocrx_word' id='word_1_232' title='bbox 2342 1758 2521 1813; x_wconf 84' lang='lat' dir='ltr'><strong>Patris</strong></span> <span class='ocrx_word' id='word_1_233' title='bbox 2552 1757 2876 1813; x_wconf 82' lang='lat' dir='ltr'><strong>fiducialiter</strong></span> <span class='ocrx_word' id='word_1_234' title='bbox 2905 1757 3104 1829; x_wconf 79' lang='lat' dir='ltr'><strong>tetigit,</strong></span> <span class='ocrx_word' id='word_1_235' title='bbox 3138 1772 3263 1812; x_wconf 80' lang='lat' dir='ltr'><strong>mox</strong></span> <span class='ocrx_word' id='word_1_236' title='bbox 3304 1755 3624 1812; x_wconf 87' lang='lat' dir='ltr'><strong>sanissimus</strong></span> <span class='ocrx_word' id='word_1_237' title='bbox 3677 1753 3814 1812; x_wconf 75' lang='lat' dir='ltr'><strong>effe-</strong></span> 
     </span>
    </p>
   </div>
   <div class='ocr_carea' id='block_1_34' title="bbox 557 1855 2132 1941">
    <p class='ocr_par' dir='ltr' id='par_1_34' title="bbox 557 1855 2132 1941">
     <span class='ocr_line' id='line_1_34' title="bbox 557 1855 2132 1941; baseline -0.011 -13"><span class='ocrx_word' id='word_1_238' title='bbox 557 1881 752 1941; x_wconf 76' lang='lat' dir='ltr'><strong>guelur</strong></span> <span class='ocrx_word' id='word_1_239' title='bbox 791 1882 1153 1934; x_wconf 88' lang='lat' dir='ltr'><strong>conservare,</strong></span> <span class='ocrx_word' id='word_1_240' title='bbox 1210 1865 1302 1936; x_wconf 90' lang='lat' dir='ltr'><strong>qui</strong></span> <span class='ocrx_word' id='word_1_241' title='bbox 1350 1878 1477 1919; x_wconf 92' lang='lat' dir='ltr'><strong>suos</strong></span> <span class='ocrx_word' id='word_1_242' title='bbox 1522 1862 1722 1917; x_wconf 87' lang='lat' dir='ltr'><strong>electos</strong></span> <span class='ocrx_word' id='word_1_243' title='bbox 1779 1866 1904 1913; x_wconf 89' lang='lat' dir='ltr'><strong>ante</strong></span> <span class='ocrx_word' id='word_1_244' title='bbox 1949 1855 2132 1912; x_wconf 89' lang='lat' dir='ltr'><strong>mundi</strong></span> 
     </span>
    </p>
   </div>
   <div class='ocr_carea' id='block_1_35' title="bbox 556 1946 2135 2028">
    <p class='ocr_par' dir='ltr' id='par_1_35' title="bbox 556 1946 2135 2028">
     <span class='ocr_line' id='line_1_35' title="bbox 556 1946 2135 2028; baseline -0.013 -9"><span class='ocrx_word' id='word_1_245' title='bbox 556 1960 1003 2019; x_wconf 88' lang='lat' dir='ltr'><strong>constitutionem</strong></span> <span class='ocrx_word' id='word_1_246' title='bbox 1053 1959 1306 2028; x_wconf 87' lang='lat' dir='ltr'><strong>dignatus</strong></span> <span class='ocrx_word' id='word_1_247' title='bbox 1346 1963 1430 2009; x_wconf 88' lang='lat' dir='ltr'><strong>est</strong></span> <span class='ocrx_word' id='word_1_248' title='bbox 1473 1953 1694 2022; x_wconf 79' lang='lat' dir='ltr'><strong>eligere.</strong></span> <span class='ocrx_word' id='word_1_249' title='bbox 1724 1949 1826 2016; x_wconf 92' lang='lat' dir='ltr'><strong>Qui</strong></span> <span class='ocrx_word' id='word_1_250' title='bbox 1869 1963 1991 2003; x_wconf 90' lang='lat' dir='ltr'><strong>cum</strong></span> <span class='ocrx_word' id='word_1_251' title='bbox 2022 1946 2135 2001; x_wconf 89' lang='lat' dir='ltr'><strong>Deo</strong></span> 
     </span>
    </p>
   </div>
   <div class='ocr_carea' id='block_1_36' title="bbox 560 2038 2135 2119">
    <p class='ocr_par' dir='ltr' id='par_1_36' title="bbox 560 2038 2135 2119">
     <span class='ocr_line' id='line_1_36' title="bbox 560 2038 2135 2119; baseline -0.012 -10"><span class='ocrx_word' id='word_1_252' title='bbox 560 2052 754 2118; x_wconf 83' lang='lat' dir='ltr'><strong>Patre,</strong></span> <span class='ocrx_word' id='word_1_253' title='bbox 800 2060 1097 2119; x_wconf 86' lang='lat' dir='ltr'><strong>sanctoque</strong></span> <span class='ocrx_word' id='word_1_254' title='bbox 1146 2047 1351 2119; x_wconf 84' lang='lat' dir='ltr'><strong>Spiritu</strong></span> <span class='ocrx_word' id='word_1_255' title='bbox 1400 2061 1467 2100; x_wconf 73' lang='lat' dir='ltr'><strong>ex</strong></span> <span class='ocrx_word' id='word_1_256' title='bbox 1512 2051 1746 2111; x_wconf 87' lang='lat' dir='ltr'><strong>utroque</strong></span> <span class='ocrx_word' id='word_1_257' title='bbox 1808 2038 2135 2119; x_wconf 86' lang='lat' dir='ltr'><strong>procedente</strong></span> 
     </span>
    </p>
   </div>
   <div class='ocr_carea' id='block_1_37' title="bbox 557 2128 2131 2213">
    <p class='ocr_par' dir='ltr' id='par_1_37' title="bbox 557 2128 2131 2213">
     <span class='ocr_line' id='line_1_37' title="bbox 557 2128 2131 2213; baseline -0.01 -17"><span class='ocrx_word' id='word_1_258' title='bbox 557 2144 690 2199; x_wconf 81' lang='lat' dir='ltr'><strong>vivit</strong></span> <span class='ocrx_word' id='word_1_259' title='bbox 712 2152 766 2200; x_wconf 92' lang='lat' dir='ltr'><strong>et</strong></span> <span class='ocrx_word' id='word_1_260' title='bbox 794 2149 981 2213; x_wconf 85' lang='lat' dir='ltr'><strong>regnat</strong></span> <span class='ocrx_word' id='word_1_261' title='bbox 1012 2139 1152 2194; x_wconf 89' lang='lat' dir='ltr'><strong>Deus</strong></span> <span class='ocrx_word' id='word_1_262' title='bbox 1196 2152 1294 2207; x_wconf 86' lang='lat' dir='ltr'><strong>per</strong></span> <span class='ocrx_word' id='word_1_263' title='bbox 1317 2134 1501 2191; x_wconf 86' lang='lat' dir='ltr'><strong>omnia</strong></span> <span class='ocrx_word' id='word_1_264' title='bbox 1546 2130 1743 2189; x_wconf 74' lang='lat' dir='ltr'><strong>saeCula</strong></span> <span class='ocrx_word' id='word_1_265' title='bbox 1790 2128 2131 2185; x_wconf 69' lang='lat' dir='ltr'><strong>saeculorum.</strong></span> 
     </span>
    </p>
   </div>
   <div class='ocr_carea' id='block_1_38' title="bbox 555 2239 750 2292">
    <p class='ocr_par' dir='ltr' id='par_1_38' title="bbox 555 2239 750 2292">
     <span class='ocr_line' id='line_1_38' title="bbox 555 2239 750 2292; baseline 0.005 -1"><span class='ocrx_word' id='word_1_266' title='bbox 555 2239 750 2292; x_wconf 84' lang='lat' dir='ltr'><strong>Amen.</strong></span> 
     </span>
    </p>
   </div>
   <div class='ocr_carea' id='block_1_39' title="bbox 1173 2316 1508 2376">
    <p class='ocr_par' dir='ltr' id='par_1_39' title="bbox 1173 2316 1508 2376">
     <span class='ocr_line' id='line_1_39' title="bbox 1173 2316 1508 2376; baseline -0.015 0"><span class='ocrx_word' id='word_1_267' title='bbox 1173 2318 1399 2376; x_wconf 73' lang='lat' dir='ltr'><strong>CAPUT</strong></span> <span class='ocrx_word' id='word_1_268' title='bbox 1440 2316 1508 2371; x_wconf 79' lang='grc' dir='ltr'><strong>Χ.</strong></span> 
     </span>
    </p>
   </div>
   <div class='ocr_carea' id='block_1_40' title="bbox 621 2403 2074 2479">
    <p class='ocr_par' dir='ltr' id='par_1_40' title="bbox 621 2403 2074 2479">
     <span class='ocr_line' id='line_1_40' title="bbox 621 2403 2074 2479; baseline -0.012 -8"><span class='ocrx_word' id='word_1_269' title='bbox 621 2413 783 2471; x_wconf 78' lang='lat' dir='ltr'><strong>Varia</strong></span> <span class='ocrx_word' id='word_1_270' title='bbox 813 2411 1068 2468; x_wconf 82' lang='lat' dir='ltr'><strong>miracula</strong></span> <span class='ocrx_word' id='word_1_271' title='bbox 1090 2412 1314 2466; x_wconf 71' lang='lat' dir='ltr'><strong>maxime</strong></span> <span class='ocrx_word' id='word_1_272' title='bbox 1341 2419 1454 2479; x_wconf 85' lang='lat' dir='ltr'><strong>post</strong></span> <span class='ocrx_word' id='word_1_273' title='bbox 1478 2406 1674 2462; x_wconf 84' lang='lat' dir='ltr'><strong>obitum</strong></span> <span class='ocrx_word' id='word_1_274' title='bbox 1708 2403 1820 2474; x_wconf 78' lang='lat' dir='ltr'><strong>ejus</strong></span> <span class='ocrx_word' id='word_1_275' title='bbox 1844 2409 2074 2474; x_wconf 79' lang='lat' dir='ltr'><strong>patrata.</strong></span> 
     </span>
    </p>
   </div>
   <div class='ocr_carea' id='block_1_41' title="bbox 632 2490 2136 2571">
    <p class='ocr_par' dir='ltr' id='par_1_41' title="bbox 632 2490 2136 2571">
     <span class='ocr_line' id='line_1_41' title="bbox 632 2490 2136 2571; baseline -0.011 -11"><span class='ocrx_word' id='word_1_276' title='bbox 632 2504 756 2560; x_wconf 85' lang='grc'>121.</span> <span class='ocrx_word' id='word_1_277' title='bbox 772 2504 928 2571; x_wconf 84' lang='lat' dir='ltr'><strong>Quod</strong></span> <span class='ocrx_word' id='word_1_278' title='bbox 953 2502 1241 2557; x_wconf 86' lang='lat' dir='ltr'><strong>scribimus</strong></span> <span class='ocrx_word' id='word_1_279' title='bbox 1262 2515 1292 2552; x_wconf 90' lang='lat' dir='ltr'><strong>a</strong></span> <span class='ocrx_word' id='word_1_280' title='bbox 1314 2494 1610 2552; x_wconf 88' lang='lat' dir='ltr'><strong>venerabili</strong></span> <span class='ocrx_word' id='word_1_281' title='bbox 1633 2493 1825 2550; x_wconf 82' lang='lat' dir='ltr'><strong>Fratre</strong></span> <span class='ocrx_word' id='word_1_282' title='bbox 1850 2490 2136 2547; x_wconf 86' lang='lat' dir='ltr'><strong>didicimus</strong></span> 
     </span>
    </p>
   </div>
   <div class='ocr_carea' id='block_1_42' title="bbox 544 2581 2136 2666">
    <p class='ocr_par' dir='ltr' id='par_1_42' title="bbox 544 2581 2136 2666">
     <span class='ocr_line' id='line_1_42' title="bbox 544 2581 2136 2666; baseline -0.011 -13"><span class='ocrx_word' id='word_1_283' title='bbox 544 2595 789 2662; x_wconf 67' lang='lat' dir='ltr'><strong>Joanne,</strong></span> <span class='ocrx_word' id='word_1_284' title='bbox 834 2595 925 2666; x_wconf 91' lang='lat' dir='ltr'><strong>qui</strong></span> <span class='ocrx_word' id='word_1_285' title='bbox 954 2594 1006 2648; x_wconf 90' lang='lat' dir='ltr'><strong>in</strong></span> <span class='ocrx_word' id='word_1_286' title='bbox 1049 2593 1237 2649; x_wconf 90' lang='lat' dir='ltr'><strong>eodem</strong></span> <span class='ocrx_word' id='word_1_287' title='bbox 1278 2586 1679 2646; x_wconf 89' lang='lat' dir='ltr'><strong>Passiniauensi</strong></span> <span class='ocrx_word' id='word_1_288' title='bbox 1720 2583 2007 2649; x_wconf 77' lang='lat' dir='ltr'><strong>ctenohio,</strong></span> <span class='ocrx_word' id='word_1_289' title='bbox 2043 2581 2136 2637; x_wconf 90' lang='lat' dir='ltr'><strong>ubi</strong></span> 
     </span>
    </p>
   </div>
   <div class='ocr_carea' id='block_1_43' title="bbox 542 2673 2135 2744">
    <p class='ocr_par' dir='ltr' id='par_1_43' title="bbox 542 2673 2135 2744">
     <span class='ocr_line' id='line_1_43' title="bbox 542 2673 2135 2744; baseline -0.01 -2"><span class='ocrx_word' id='word_1_290' title='bbox 542 2680 791 2742; x_wconf 47' lang='lat' dir='ltr'><strong>&#39;domuus</strong></span> <span class='ocrx_word' id='word_1_291' title='bbox 837 2682 1264 2738; x_wconf 86' lang='lat' dir='ltr'><strong>archimandrita</strong></span> <span class='ocrx_word' id='word_1_292' title='bbox 1299 2678 1536 2735; x_wconf 86' lang='lat' dir='ltr'><strong>Joannes</strong></span> <span class='ocrx_word' id='word_1_293' title='bbox 1559 2677 1625 2732; x_wconf 90' lang='lat' dir='ltr'><strong>ad</strong></span> <span class='ocrx_word' id='word_1_294' title='bbox 1657 2674 1904 2731; x_wconf 76' lang='lat' dir='ltr'><strong>ctelestia</strong></span> <span class='ocrx_word' id='word_1_295' title='bbox 1933 2673 2135 2744; x_wconf 85' lang='lat' dir='ltr'><strong>migra-</strong></span> 
     </span>
    </p>
   </div>
   <div class='ocr_carea' id='block_1_44' title="bbox 558 2761 2135 2845">
    <p class='ocr_par' dir='ltr' id='par_1_44' title="bbox 558 2761 2135 2845">
     <span class='ocr_line' id='line_1_44' title="bbox 558 2761 2135 2845; baseline -0.008 -16"><span class='ocrx_word' id='word_1_296' title='bbox 558 2774 668 2840; x_wconf 90' lang='lat' dir='ltr'><strong>vit,</strong></span> <span class='ocrx_word' id='word_1_297' title='bbox 695 2788 792 2845; x_wconf 91' lang='lat' dir='ltr'><strong>per</strong></span> <span class='ocrx_word' id='word_1_298' title='bbox 813 2772 1011 2828; x_wconf 88' lang='lat' dir='ltr'><strong>multos</strong></span> <span class='ocrx_word' id='word_1_299' title='bbox 1044 2785 1217 2826; x_wconf 90' lang='lat' dir='ltr'><strong>annos</strong></span> <span class='ocrx_word' id='word_1_300' title='bbox 1245 2768 1392 2825; x_wconf 74' lang='lat' dir='ltr'><strong>cella:</strong></span> <span class='ocrx_word' id='word_1_301' title='bbox 1414 2765 1776 2823; x_wconf 89' lang='lat' dir='ltr'><strong>ministerium</strong></span> <span class='ocrx_word' id='word_1_302' title='bbox 1807 2771 1862 2819; x_wconf 94' lang='lat' dir='ltr'><strong>et</strong></span> <span class='ocrx_word' id='word_1_303' title='bbox 1892 2761 2135 2818; x_wconf 90' lang='lat' dir='ltr'><strong>vestiarii</strong></span> 
     </span>
    </p>
   </div>
   <div class='ocr_carea' id='block_1_45' title="bbox 559 2855 2134 2932">
    <p class='ocr_par' dir='ltr' id='par_1_45' title="bbox 559 2855 2134 2932">
     <span class='ocr_line' id='line_1_45' title="bbox 559 2855 2134 2932; baseline -0.006 -12"><span class='ocrx_word' id='word_1_304' title='bbox 559 2861 796 2920; x_wconf 81' lang='lat' dir='ltr'><strong>cilicium</strong></span> <span class='ocrx_word' id='word_1_305' title='bbox 821 2861 1074 2918; x_wconf 88' lang='lat' dir='ltr'><strong>nobiliter</strong></span> <span class='ocrx_word' id='word_1_306' title='bbox 1102 2861 1287 2932; x_wconf 88' lang='lat' dir='ltr'><strong>gessit.</strong></span> <span class='ocrx_word' id='word_1_307' title='bbox 1317 2858 1419 2927; x_wconf 85' lang='lat' dir='ltr'><strong>Qui</strong></span> <span class='ocrx_word' id='word_1_308' title='bbox 1460 2858 1640 2913; x_wconf 88' lang='lat' dir='ltr'><strong>adhuc</strong></span> <span class='ocrx_word' id='word_1_309' title='bbox 1676 2871 1742 2912; x_wconf 91' lang='lat' dir='ltr'><strong>eo</strong></span> <span class='ocrx_word' id='word_1_310' title='bbox 1784 2864 2027 2927; x_wconf 89' lang='lat' dir='ltr'><strong>tempore</strong></span> <span class='ocrx_word' id='word_1_311' title='bbox 2079 2855 2134 2910; x_wconf 93' lang='lat' dir='ltr'><strong>in</strong></span> 
     </span>
    </p>
   </div>
   <div class='ocr_carea' id='block_1_46' title="bbox 558 2946 2134 3028">
    <p class='ocr_par' dir='ltr' id='par_1_46' title="bbox 558 2946 2134 3028">
     <span class='ocr_line' id='line_1_46' title="bbox 558 2946 2134 3028; baseline -0.004 -20"><span class='ocrx_word' id='word_1_312' title='bbox 558 2953 740 3009; x_wconf 85' lang='lat' dir='ltr'><strong>laicali</strong></span> <span class='ocrx_word' id='word_1_313' title='bbox 785 2952 970 3028; x_wconf 87' lang='lat' dir='ltr'><strong>habitu</strong></span> <span class='ocrx_word' id='word_1_314' title='bbox 1002 2950 1349 3015; x_wconf 90' lang='lat' dir='ltr'><strong>constitutus,</strong></span> <span class='ocrx_word' id='word_1_315' title='bbox 1399 2949 1527 3005; x_wconf 88' lang='lat' dir='ltr'><strong>dum</strong></span> <span class='ocrx_word' id='word_1_316' title='bbox 1567 2946 1930 3019; x_wconf 89' lang='lat' dir='ltr'><strong>persensisset</strong></span> <span class='ocrx_word' id='word_1_317' title='bbox 1975 2960 2134 3001; x_wconf 84' lang='lat' dir='ltr'><strong>vene-</strong></span> 
     </span>
    </p>
   </div>
   <div class='ocr_carea' id='block_1_47' title="bbox 560 3037 2130 3110">
    <p class='ocr_par' dir='ltr' id='par_1_47' title="bbox 560 3037 2130 3110">
     <span class='ocr_line' id='line_1_47' title="bbox 560 3037 2130 3110; baseline -0.004 -12"><span class='ocrx_word' id='word_1_318' title='bbox 560 3043 788 3098; x_wconf 85' lang='lat' dir='ltr'><strong>randum</strong></span> <span class='ocrx_word' id='word_1_319' title='bbox 835 3040 1053 3097; x_wconf 84' lang='lat' dir='ltr'><strong>Patrem</strong></span> <span class='ocrx_word' id='word_1_320' title='bbox 1099 3040 1259 3096; x_wconf 89' lang='lat' dir='ltr'><strong>morti</strong></span> <span class='ocrx_word' id='word_1_321' title='bbox 1301 3039 1642 3110; x_wconf 79' lang='lat' dir='ltr'><strong>proximare,</strong></span> <span class='ocrx_word' id='word_1_322' title='bbox 1673 3046 1905 3093; x_wconf 74' lang='lat' dir='ltr'><strong>testuare</strong></span> <span class='ocrx_word' id='word_1_323' title='bbox 1948 3037 2130 3108; x_wconf 70' lang='lat' dir='ltr'><strong>cmpit,</strong></span> 
     </span>
    </p>
   </div>
   <div class='ocr_carea' id='block_1_48' title="bbox 2235 1847 3373 1920">
    <p class='ocr_par' dir='ltr' id='par_1_48' title="bbox 2235 1847 3373 1920">
     <span class='ocr_line' id='line_1_48' title="bbox 2235 1847 3373 1920; baseline -0.003 -15"><span class='ocrx_word' id='word_1_324' title='bbox 2235 1849 2648 1917; x_wconf 86' lang='lat' dir='ltr'><strong>ctus,eeleriter</strong></span> <span class='ocrx_word' id='word_1_325' title='bbox 2673 1849 2739 1904; x_wconf 90' lang='lat' dir='ltr'><strong>ad</strong></span> <span class='ocrx_word' id='word_1_326' title='bbox 2768 1848 3082 1905; x_wconf 88' lang='lat' dir='ltr'><strong>defunctum</strong></span> <span class='ocrx_word' id='word_1_327' title='bbox 3115 1847 3373 1920; x_wconf 75' lang='lat' dir='ltr'><strong>perrexit.</strong></span> 
     </span>
    </p>
   </div>
   <div class='ocr_carea' id='block_1_49' title="bbox 2307 1937 3814 2010">
    <p class='ocr_par' dir='ltr' id='par_1_49' title="bbox 2307 1937 3814 2010">
     <span class='ocr_line' id='line_1_49' title="bbox 2307 1937 3814 2010; baseline 0.001 -16"><span class='ocrx_word' id='word_1_328' title='bbox 2307 1940 2432 1994; x_wconf 72' lang='grc'>121.</span> <span class='ocrx_word' id='word_1_329' title='bbox 2464 1941 2539 1995; x_wconf 89' lang='lat' dir='ltr'><strong>De</strong></span> <span class='ocrx_word' id='word_1_330' title='bbox 2568 1939 3005 1997; x_wconf 86' lang='lat' dir='ltr'><strong>FratreGirardo</strong></span> <span class='ocrx_word' id='word_1_331' title='bbox 3032 1940 3226 2010; x_wconf 65' lang='lat' dir='ltr'><strong>saepius</strong></span> <span class='ocrx_word' id='word_1_332' title='bbox 3254 1940 3308 1994; x_wconf 90' lang='lat' dir='ltr'><strong>in</strong></span> <span class='ocrx_word' id='word_1_333' title='bbox 3336 1938 3445 1993; x_wconf 87' lang='lat' dir='ltr'><strong>vita</strong></span> <span class='ocrx_word' id='word_1_334' title='bbox 3464 1937 3583 2007; x_wconf 83' lang='lat' dir='ltr'><strong>ejus</strong></span> <span class='ocrx_word' id='word_1_335' title='bbox 3605 1952 3814 1996; x_wconf 83' lang='lat' dir='ltr'><strong>memo-</strong></span> 
     </span>
    </p>
   </div>
   <div class='ocr_carea' id='block_1_50' title="bbox 2222 2029 3815 2108">
    <p class='ocr_par' dir='ltr' id='par_1_50' title="bbox 2222 2029 3815 2108">
     <span class='ocr_line' id='line_1_50' title="bbox 2222 2029 3815 2108; baseline 0.003 -21"><span class='ocrx_word' id='word_1_336' title='bbox 2222 2039 2376 2087; x_wconf 78' lang='lat' dir='ltr'><strong>rato.</strong></span> <span class='ocrx_word' id='word_1_337' title='bbox 2399 2029 2501 2099; x_wconf 81' lang='lat' dir='ltr'><strong>Qui</strong></span> <span class='ocrx_word' id='word_1_338' title='bbox 2528 2032 2654 2086; x_wconf 89' lang='lat' dir='ltr'><strong>dum</strong></span> <span class='ocrx_word' id='word_1_339' title='bbox 2674 2033 2905 2102; x_wconf 87' lang='lat' dir='ltr'><strong>quadam</strong></span> <span class='ocrx_word' id='word_1_340' title='bbox 2952 2033 3038 2088; x_wconf 90' lang='lat' dir='ltr'><strong>die</strong></span> <span class='ocrx_word' id='word_1_341' title='bbox 3068 2049 3208 2104; x_wconf 73' lang='lat' dir='ltr'><strong>equo</strong></span> <span class='ocrx_word' id='word_1_342' title='bbox 3237 2035 3432 2090; x_wconf 86' lang='lat' dir='ltr'><strong>sedens</strong></span> <span class='ocrx_word' id='word_1_343' title='bbox 3458 2034 3565 2089; x_wconf 90' lang='lat' dir='ltr'><strong>iter</strong></span> <span class='ocrx_word' id='word_1_344' title='bbox 3603 2043 3815 2108; x_wconf 84' lang='lat' dir='ltr'><strong>ageret,</strong></span> 
     </span>
    </p>
   </div>
   <div class='ocr_carea' id='block_1_51' title="bbox 2235 2121 3897 2197">
    <p class='ocr_par' dir='ltr' id='par_1_51' title="bbox 2235 2121 3897 2197">
     <span class='ocr_line' id='line_1_51' title="bbox 2235 2121 3897 2197; baseline 0.004 -20"><span class='ocrx_word' id='word_1_345' title='bbox 2235 2122 2476 2191; x_wconf 70' lang='lat' dir='ltr'><strong>prtedicti</strong></span> <span class='ocrx_word' id='word_1_346' title='bbox 2511 2121 2690 2178; x_wconf 87' lang='lat' dir='ltr'><strong>Patris</strong></span> <span class='ocrx_word' id='word_1_347' title='bbox 2721 2122 2968 2195; x_wconf 80' lang='lat' dir='ltr'><strong>pedalem</strong></span> <span class='ocrx_word' id='word_1_348' title='bbox 3006 2125 3155 2197; x_wconf 86' lang='grc'>(110)</span> <span class='ocrx_word' id='word_1_349' title='bbox 3183 2127 3430 2197; x_wconf 78' lang='lat' dir='ltr'><strong>gestabat</strong></span> <span class='ocrx_word' id='word_1_350' title='bbox 3458 2126 3512 2181; x_wconf 90' lang='lat' dir='ltr'><strong>in</strong></span> <span class='ocrx_word' id='word_1_351' title='bbox 3539 2127 3683 2183; x_wconf 90' lang='lat' dir='ltr'><strong>sinu.</strong></span> <span class='ocrx_word' id='word_1_352' title='bbox 3707 2125 3816 2197; x_wconf 85' lang='lat' dir='ltr'><strong>Qui</strong></span> <span class='ocrx_word' id='word_1_353' title='bbox 3890 2127 3897 2133; x_wconf 82' lang='grc'><em>’</em></span> 
     </span>
    </p>
   </div>
   <div class='ocr_carea' id='block_1_52' title="bbox 2237 2214 3810 2285">
    <p class='ocr_par' dir='ltr' id='par_1_52' title="bbox 2237 2214 3810 2285">
     <span class='ocr_line' id='line_1_52' title="bbox 2237 2214 3810 2285; baseline 0.003 -17"><span class='ocrx_word' id='word_1_354' title='bbox 2237 2229 2364 2268; x_wconf 84' lang='lat' dir='ltr'><strong>casu</strong></span> <span class='ocrx_word' id='word_1_355' title='bbox 2419 2215 2486 2270; x_wconf 89' lang='lat' dir='ltr'><strong>de</strong></span> <span class='ocrx_word' id='word_1_356' title='bbox 2533 2230 2673 2285; x_wconf 89' lang='lat' dir='ltr'><strong>equo</strong></span> <span class='ocrx_word' id='word_1_357' title='bbox 2726 2214 3079 2281; x_wconf 89' lang='lat' dir='ltr'><strong>descendens,</strong></span> <span class='ocrx_word' id='word_1_358' title='bbox 3130 2233 3291 2272; x_wconf 90' lang='lat' dir='ltr'><strong>manu</strong></span> <span class='ocrx_word' id='word_1_359' title='bbox 3345 2216 3573 2275; x_wconf 71' lang='lat' dir='ltr'><strong>frtenurn</strong></span> <span class='ocrx_word' id='word_1_360' title='bbox 3605 2220 3810 2276; x_wconf 89' lang='lat' dir='ltr'><strong>amisit.</strong></span> 
     </span>
    </p>
   </div>
   <div class='ocr_carea' id='block_1_53' title="bbox 2236 2309 3812 2384">
    <p class='ocr_par' dir='ltr' id='par_1_53' title="bbox 2236 2309 3812 2384">
     <span class='ocr_line' id='line_1_53' title="bbox 2236 2309 3812 2384; baseline 0.003 -20"><span class='ocrx_word' id='word_1_361' title='bbox 2236 2309 2417 2380; x_wconf 84' lang='lat' dir='ltr'><strong>Equus</strong></span> <span class='ocrx_word' id='word_1_362' title='bbox 2443 2324 2572 2366; x_wconf 83' lang='lat' dir='ltr'><strong>vero</strong></span> <span class='ocrx_word' id='word_1_363' title='bbox 2597 2320 2724 2365; x_wconf 91' lang='lat' dir='ltr'><strong>ante</strong></span> <span class='ocrx_word' id='word_1_364' title='bbox 2754 2309 2905 2366; x_wconf 91' lang='lat' dir='ltr'><strong>illum</strong></span> <span class='ocrx_word' id='word_1_365' title='bbox 2936 2309 3169 2383; x_wconf 76' lang='lat' dir='ltr'><strong>fugiens,</strong></span> <span class='ocrx_word' id='word_1_366' title='bbox 3216 2328 3315 2383; x_wconf 91' lang='lat' dir='ltr'><strong>per</strong></span> <span class='ocrx_word' id='word_1_367' title='bbox 3353 2311 3512 2384; x_wconf 85' lang='lat' dir='ltr'><strong>longa</strong></span> <span class='ocrx_word' id='word_1_368' title='bbox 3541 2321 3812 2368; x_wconf 84' lang='lat' dir='ltr'><strong>terrarum</strong></span> 
     </span>
    </p>
   </div>
   <div class='ocr_carea' id='block_1_54' title="bbox 2235 2401 3814 2473">
    <p class='ocr_par' dir='ltr' id='par_1_54' title="bbox 2235 2401 3814 2473">
     <span class='ocr_line' id='line_1_54' title="bbox 2235 2401 3814 2473; baseline 0.004 -18"><span class='ocrx_word' id='word_1_369' title='bbox 2235 2401 2430 2470; x_wconf 87' lang='lat' dir='ltr'><strong>spatia,</strong></span> <span class='ocrx_word' id='word_1_370' title='bbox 2459 2417 2525 2458; x_wconf 91' lang='lat' dir='ltr'><strong>eo</strong></span> <span class='ocrx_word' id='word_1_371' title='bbox 2546 2402 2762 2458; x_wconf 90' lang='lat' dir='ltr'><strong>uolente</strong></span> <span class='ocrx_word' id='word_1_372' title='bbox 2790 2411 2955 2473; x_wconf 87' lang='lat' dir='ltr'><strong>atque</strong></span> <span class='ocrx_word' id='word_1_373' title='bbox 2984 2404 3368 2470; x_wconf 83' lang='lat' dir='ltr'><strong>eontristante,</strong></span> <span class='ocrx_word' id='word_1_374' title='bbox 3402 2406 3666 2460; x_wconf 89' lang='lat' dir='ltr'><strong>cucurrit.</strong></span> <span class='ocrx_word' id='word_1_375' title='bbox 3705 2406 3814 2473; x_wconf 87' lang='lat' dir='ltr'><strong>Qui</strong></span> 
     </span>
    </p>
   </div>
   <div class='ocr_carea' id='block_1_55' title="bbox 2232 2492 3816 2563">
    <p class='ocr_par' dir='ltr' id='par_1_55' title="bbox 2232 2492 3816 2563">
     <span class='ocr_line' id='line_1_55' title="bbox 2232 2492 3816 2563; baseline 0.004 -16"><span class='ocrx_word' id='word_1_376' title='bbox 2232 2507 2359 2548; x_wconf 90' lang='lat' dir='ltr'><strong>eum</strong></span> <span class='ocrx_word' id='word_1_377' title='bbox 2392 2507 2589 2563; x_wconf 90' lang='lat' dir='ltr'><strong>equum</strong></span> <span class='ocrx_word' id='word_1_378' title='bbox 2647 2492 2955 2549; x_wconf 82' lang='lat' dir='ltr'><strong>nullatenus</strong></span> <span class='ocrx_word' id='word_1_379' title='bbox 3000 2502 3145 2550; x_wconf 90' lang='lat' dir='ltr'><strong>stare</strong></span> <span class='ocrx_word' id='word_1_380' title='bbox 3200 2504 3468 2560; x_wconf 85' lang='lat' dir='ltr'><strong>cerneret,</strong></span> <span class='ocrx_word' id='word_1_381' title='bbox 3530 2511 3632 2552; x_wconf 86' lang='lat' dir='ltr'><strong>nec</strong></span> <span class='ocrx_word' id='word_1_382' title='bbox 3686 2512 3816 2554; x_wconf 81' lang='lat' dir='ltr'><strong>eum</strong></span> 
     </span>
    </p>
   </div>
   <div class='ocr_carea' id='block_1_56' title="bbox 2234 2582 3812 2657">
    <p class='ocr_par' dir='ltr' id='par_1_56' title="bbox 2234 2582 3812 2657">
     <span class='ocr_line' id='line_1_56' title="bbox 2234 2582 3812 2657; baseline 0.004 -21"><span class='ocrx_word' id='word_1_383' title='bbox 2234 2591 2418 2652; x_wconf 87' lang='lat' dir='ltr'><strong>posset</strong></span> <span class='ocrx_word' id='word_1_384' title='bbox 2443 2582 2764 2650; x_wconf 85' lang='lat' dir='ltr'><strong>ascendere,</strong></span> <span class='ocrx_word' id='word_1_385' title='bbox 2817 2583 3091 2655; x_wconf 88' lang='lat' dir='ltr'><strong>pedulem,</strong></span> <span class='ocrx_word' id='word_1_386' title='bbox 3136 2600 3296 2656; x_wconf 86' lang='lat' dir='ltr'><strong>quem</strong></span> <span class='ocrx_word' id='word_1_387' title='bbox 3339 2586 3608 2657; x_wconf 75' lang='lat' dir='ltr'><strong>gestabat,</strong></span> <span class='ocrx_word' id='word_1_388' title='bbox 3659 2586 3812 2643; x_wconf 81' lang='lat' dir='ltr'><strong>foras</strong></span> 
     </span>
    </p>
   </div>
   <div class='ocr_carea' id='block_1_57' title="bbox 2239 2674 3819 2744">
    <p class='ocr_par' dir='ltr' id='par_1_57' title="bbox 2239 2674 3819 2744">
     <span class='ocr_line' id='line_1_57' title="bbox 2239 2674 3819 2744; baseline 0.003 -16"><span class='ocrx_word' id='word_1_389' title='bbox 2239 2674 2404 2728; x_wconf 78' lang='lat' dir='ltr'><strong>traxit</strong></span> <span class='ocrx_word' id='word_1_390' title='bbox 2452 2674 2518 2729; x_wconf 92' lang='lat' dir='ltr'><strong>de</strong></span> <span class='ocrx_word' id='word_1_391' title='bbox 2563 2674 2706 2741; x_wconf 91' lang='lat' dir='ltr'><strong>sinu,</strong></span> <span class='ocrx_word' id='word_1_392' title='bbox 2754 2675 3163 2744; x_wconf 89' lang='lat' dir='ltr'><strong>orationemque</strong></span> <span class='ocrx_word' id='word_1_393' title='bbox 3208 2674 3511 2743; x_wconf 72' lang='lat' dir='ltr'><strong>huiusmodi</strong></span> <span class='ocrx_word' id='word_1_394' title='bbox 3569 2675 3709 2731; x_wconf 90' lang='lat' dir='ltr'><strong>fudit</strong></span> <span class='ocrx_word' id='word_1_395' title='bbox 3741 2676 3819 2733; x_wconf 80' lang='lat' dir='ltr'><strong>ad</strong></span> 
     </span>
    </p>
   </div>
   <div class='ocr_carea' id='block_1_58' title="bbox 2236 2764 3814 2832">
    <p class='ocr_par' dir='ltr' id='par_1_58' title="bbox 2236 2764 3814 2832">
     <span class='ocr_line' id='line_1_58' title="bbox 2236 2764 3814 2832; baseline -0.001 -12"><span class='ocrx_word' id='word_1_396' title='bbox 2236 2765 2548 2831; x_wconf 90' lang='lat' dir='ltr'><strong>Dominum,</strong></span> <span class='ocrx_word' id='word_1_397' title='bbox 2574 2774 2633 2820; x_wconf 89' lang='lat' dir='ltr'><strong>ut</strong></span> <span class='ocrx_word' id='word_1_398' title='bbox 2664 2766 2710 2821; x_wconf 88' lang='lat' dir='ltr'><strong>si</strong></span> <span class='ocrx_word' id='word_1_399' title='bbox 2739 2765 3078 2821; x_wconf 88' lang='lat' dir='ltr'><strong>venerandus</strong></span> <span class='ocrx_word' id='word_1_400' title='bbox 3101 2764 3265 2821; x_wconf 87' lang='lat' dir='ltr'><strong>Pater</strong></span> <span class='ocrx_word' id='word_1_401' title='bbox 3290 2765 3528 2821; x_wconf 89' lang='lat' dir='ltr'><strong>Joannes</strong></span> <span class='ocrx_word' id='word_1_402' title='bbox 3552 2765 3656 2822; x_wconf 87' lang='lat' dir='ltr'><strong>hoc</strong></span> <span class='ocrx_word' id='word_1_403' title='bbox 3669 2776 3814 2832; x_wconf 77' lang='lat' dir='ltr'><strong>erat,</strong></span> 
     </span>
    </p>
   </div>
   <div class='ocr_carea' id='block_1_59' title="bbox 2235 2856 3817 2927">
    <p class='ocr_par' dir='ltr' id='par_1_59' title="bbox 2235 2856 3817 2927">
     <span class='ocr_line' id='line_1_59' title="bbox 2235 2856 3817 2927; baseline 0.001 -17"><span class='ocrx_word' id='word_1_404' title='bbox 2235 2856 2377 2927; x_wconf 89' lang='lat' dir='ltr'><strong>quod</strong></span> <span class='ocrx_word' id='word_1_405' title='bbox 2404 2857 2704 2920; x_wconf 88' lang='lat' dir='ltr'><strong>dicebatur,</strong></span> <span class='ocrx_word' id='word_1_406' title='bbox 2754 2866 2811 2911; x_wconf 90' lang='lat' dir='ltr'><strong>et</strong></span> <span class='ocrx_word' id='word_1_407' title='bbox 2835 2856 2951 2926; x_wconf 88' lang='lat' dir='ltr'><strong>ipse</strong></span> <span class='ocrx_word' id='word_1_408' title='bbox 2974 2856 3249 2922; x_wconf 88' lang='lat' dir='ltr'><strong>credebat,</strong></span> <span class='ocrx_word' id='word_1_409' title='bbox 3277 2857 3488 2913; x_wconf 90' lang='lat' dir='ltr'><strong>meritis</strong></span> <span class='ocrx_word' id='word_1_410' title='bbox 3514 2856 3634 2927; x_wconf 81' lang='lat' dir='ltr'><strong>ejus</strong></span> <span class='ocrx_word' id='word_1_411' title='bbox 3677 2857 3817 2927; x_wconf 80' lang='lat' dir='ltr'><strong>tige-</strong></span> 
     </span>
    </p>
   </div>
   <div class='ocr_carea' id='block_1_60' title="bbox 2236 2942 3813 3020">
    <p class='ocr_par' dir='ltr' id='par_1_60' title="bbox 2236 2942 3813 3020">
     <span class='ocr_line' id='line_1_60' title="bbox 2236 2942 3813 3020; baseline -0.001 -15"><span class='ocrx_word' id='word_1_412' title='bbox 2236 2942 2570 3019; x_wconf 24' lang='lat' dir='ltr'><strong>ret‘equum.</strong></span> <span class='ocrx_word' id='word_1_413' title='bbox 2598 2949 2721 3005; x_wconf 77' lang='lat' dir='ltr'><strong>llaec</strong></span> <span class='ocrx_word' id='word_1_414' title='bbox 2740 2964 2805 3004; x_wconf 92' lang='lat' dir='ltr'><strong>eo</strong></span> <span class='ocrx_word' id='word_1_415' title='bbox 2832 2958 3048 3015; x_wconf 90' lang='lat' dir='ltr'><strong>orante,</strong></span> <span class='ocrx_word' id='word_1_416' title='bbox 3075 2964 3249 3020; x_wconf 90' lang='lat' dir='ltr'><strong>equus</strong></span> <span class='ocrx_word' id='word_1_417' title='bbox 3270 2949 3429 3018; x_wconf 86' lang='lat' dir='ltr'><strong>quasi</strong></span> <span class='ocrx_word' id='word_1_418' title='bbox 3460 2948 3813 3005; x_wconf 83' lang='lat' dir='ltr'><strong>simulacrum</strong></span> 
     </span>
    </p>
   </div>
   <div class='ocr_carea' id='block_1_61' title="bbox 2239 3041 3814 3112">
    <p class='ocr_par' dir='ltr' id='par_1_61' title="bbox 2239 3041 3814 3112">
     <span class='ocr_line' id='line_1_61' title="bbox 2239 3041 3814 3112; baseline -0.001 -15"><span class='ocrx_word' id='word_1_419' title='bbox 2239 3042 2413 3097; x_wconf 88' lang='lat' dir='ltr'><strong>stetit.</strong></span> <span class='ocrx_word' id='word_1_420' title='bbox 2436 3041 2518 3095; x_wconf 82' lang='lat' dir='ltr'><strong>Ad</strong></span> <span class='ocrx_word' id='word_1_421' title='bbox 2551 3056 2711 3112; x_wconf 85' lang='lat' dir='ltr'><strong>quem</strong></span> <span class='ocrx_word' id='word_1_422' title='bbox 2745 3042 2858 3112; x_wconf 92' lang='lat' dir='ltr'><strong>ipse</strong></span> <span class='ocrx_word' id='word_1_423' title='bbox 2909 3041 3185 3105; x_wconf 78' lang='lat' dir='ltr'><strong>accedens,</strong></span> <span class='ocrx_word' id='word_1_424' title='bbox 3244 3048 3497 3096; x_wconf 73' lang='lat' dir='ltr'><strong>tenuitet</strong></span> <span class='ocrx_word' id='word_1_425' title='bbox 3545 3041 3814 3107; x_wconf 76' lang='lat' dir='ltr'><strong>ascendit.</strong></span> 
     </span>
    </p>
   </div>
   <div class='ocr_carea' id='block_1_62' title="bbox 561 3106 3495 3219">
    <p class='ocr_par' dir='ltr' id='par_1_62' title="bbox 561 3106 3495 3219">
     <span class='ocr_line' id='line_1_62' title="bbox 561 3106 3495 3219; baseline 0 -32"><span class='ocrx_word' id='word_1_426' title='bbox 561 3133 693 3204; x_wconf 90' lang='lat' dir='ltr'><strong>quid</strong></span> <span class='ocrx_word' id='word_1_427' title='bbox 715 3135 767 3189; x_wconf 92' lang='lat' dir='ltr'><strong>in</strong></span> <span class='ocrx_word' id='word_1_428' title='bbox 798 3143 943 3188; x_wconf 89' lang='lat' dir='ltr'><strong>tanta</strong></span> <span class='ocrx_word' id='word_1_429' title='bbox 972 3132 1197 3219; x_wconf 84' lang='lat' dir='ltr'><strong>parandi</strong></span> <span class='ocrx_word' id='word_1_430' title='bbox 1219 3132 1372 3203; x_wconf 90' lang='lat' dir='ltr'><strong>copia</strong></span> <span class='ocrx_word' id='word_1_431' title='bbox 1400 3132 1644 3189; x_wconf 91' lang='lat' dir='ltr'><strong>ciborum</strong></span> <span class='ocrx_word' id='word_1_432' title='bbox 1670 3138 1873 3203; x_wconf 88' lang='lat' dir='ltr'><strong>ageret,</strong></span> <span class='ocrx_word' id='word_1_433' title='bbox 1903 3106 2134 3200; x_wconf 42' lang='lat' dir='ltr'><strong>praes—:r-</strong></span> <span class='ocrx_word' id='word_1_434' title='bbox 2161 3106 2207 3170; x_wconf 63' lang='grc' dir='ltr'><strong>(ἶ</strong></span> <span class='ocrx_word' id='word_1_435' title='bbox 2238 3144 2294 3190; x_wconf 94' lang='lat' dir='ltr'><strong>et</strong></span> <span class='ocrx_word' id='word_1_436' title='bbox 2322 3134 2426 3200; x_wconf 86' lang='lat' dir='ltr'><strong>via,</strong></span> <span class='ocrx_word' id='word_1_437' title='bbox 2474 3106 2585 3205; x_wconf 74' lang='lat' dir='ltr'><strong>qua</strong></span> <span class='ocrx_word' id='word_1_438' title='bbox 2613 3106 2875 3204; x_wconf 64' lang='lat' dir='ltr'><strong>coeperat,</strong></span> <span class='ocrx_word' id='word_1_439' title='bbox 2907 3132 3062 3189; x_wconf 77' lang='lat' dir='ltr'><strong>hctus</strong></span> <span class='ocrx_word' id='word_1_440' title='bbox 3088 3148 3211 3189; x_wconf 88' lang='lat' dir='ltr'><strong>cum</strong></span> <span class='ocrx_word' id='word_1_441' title='bbox 3242 3147 3309 3188; x_wconf 91' lang='lat' dir='ltr'><strong>eo</strong></span> <span class='ocrx_word' id='word_1_442' title='bbox 3338 3132 3495 3188; x_wconf 88' lang='lat' dir='ltr'><strong>abiit.</strong></span> 
     </span>
    </p>
   </div>
   <div class='ocr_carea' id='block_1_63' title="bbox 539 3224 2140 3289">
    <p class='ocr_par' dir='ltr' id='par_1_63' title="bbox 539 3224 2140 3289">
     <span class='ocr_line' id='line_1_63' title="bbox 539 3224 2140 3289; baseline -0.002 -8"><span class='ocrx_word' id='word_1_443' title='bbox 539 3226 661 3281; x_wconf 89' lang='lat' dir='ltr'><strong>&#39;tim</strong></span> <span class='ocrx_word' id='word_1_444' title='bbox 691 3241 814 3282; x_wconf 91' lang='lat' dir='ltr'><strong>cum</strong></span> <span class='ocrx_word' id='word_1_445' title='bbox 840 3232 1090 3282; x_wconf 89' lang='lat' dir='ltr'><strong>cerneret</strong></span> <span class='ocrx_word' id='word_1_446' title='bbox 1140 3232 1342 3281; x_wconf 89' lang='lat' dir='ltr'><strong>tantam</strong></span> <span class='ocrx_word' id='word_1_447' title='bbox 1372 3225 1589 3282; x_wconf 82' lang='lat' dir='ltr'><strong>turbam</strong></span> <span class='ocrx_word' id='word_1_448' title='bbox 1634 3224 2022 3280; x_wconf 88' lang='lat' dir='ltr'><strong>monachorum</strong></span> <span class='ocrx_word' id='word_1_449' title='bbox 2041 3263 2057 3289; x_wconf 95' lang='lat'><strong>,</strong></span> <span class='ocrx_word' id='word_1_450' title='bbox 2084 3230 2140 3278; x_wconf 92' lang='lat' dir='ltr'><strong>et</strong></span> 
     </span>
    </p>
   </div>
   <div class='ocr_carea' id='block_1_64' title="bbox 561 3314 2139 3385">
    <p class='ocr_par' dir='ltr' id='par_1_64' title="bbox 561 3314 2139 3385">
     <span class='ocr_line' id='line_1_64' title="bbox 561 3314 2139 3385; baseline -0.001 -14"><span class='ocrx_word' id='word_1_451' title='bbox 561 3314 908 3382; x_wconf 82' lang='lat' dir='ltr'><strong>clericorum,</strong></span> <span class='ocrx_word' id='word_1_452' title='bbox 957 3332 1058 3375; x_wconf 92' lang='lat' dir='ltr'><strong>nec</strong></span> <span class='ocrx_word' id='word_1_453' title='bbox 1105 3332 1210 3372; x_wconf 90' lang='lat' dir='ltr'><strong>non</strong></span> <span class='ocrx_word' id='word_1_454' title='bbox 1261 3325 1316 3372; x_wconf 88' lang='lat' dir='ltr'><strong>et</strong></span> <span class='ocrx_word' id='word_1_455' title='bbox 1359 3316 1625 3373; x_wconf 87' lang='lat' dir='ltr'><strong>laicorum</strong></span> <span class='ocrx_word' id='word_1_456' title='bbox 1662 3330 1730 3372; x_wconf 76' lang='lat' dir='ltr'><strong>ex</strong></span> <span class='ocrx_word' id='word_1_457' title='bbox 1757 3314 1990 3371; x_wconf 86' lang='lat' dir='ltr'><strong>diversis</strong></span> <span class='ocrx_word' id='word_1_458' title='bbox 2015 3329 2139 3385; x_wconf 81' lang='lat' dir='ltr'><strong>par-</strong></span> 
     </span>
    </p>
   </div>
   <div class='ocr_carea' id='block_1_65' title="bbox 561 3406 2139 3476">
    <p class='ocr_par' dir='ltr' id='par_1_65' title="bbox 561 3406 2139 3476">
     <span class='ocr_line' id='line_1_65' title="bbox 561 3406 2139 3476; baseline -0.003 -12"><span class='ocrx_word' id='word_1_459' title='bbox 561 3409 705 3465; x_wconf 90' lang='lat' dir='ltr'><strong>tibus</strong></span> <span class='ocrx_word' id='word_1_460' title='bbox 738 3411 807 3466; x_wconf 88' lang='lat' dir='ltr'><strong>ad</strong></span> <span class='ocrx_word' id='word_1_461' title='bbox 868 3409 1028 3465; x_wconf 89' lang='lat' dir='ltr'><strong>funus</strong></span> <span class='ocrx_word' id='word_1_462' title='bbox 1060 3411 1193 3466; x_wconf 89' lang='lat' dir='ltr'><strong>tanti</strong></span> <span class='ocrx_word' id='word_1_463' title='bbox 1235 3410 1414 3466; x_wconf 88' lang='lat' dir='ltr'><strong>Patris</strong></span> <span class='ocrx_word' id='word_1_464' title='bbox 1444 3409 1724 3465; x_wconf 87' lang='lat' dir='ltr'><strong>advenire.</strong></span> <span class='ocrx_word' id='word_1_465' title='bbox 1757 3407 1895 3476; x_wconf 87' lang='lat' dir='ltr'><strong>Quid</strong></span> <span class='ocrx_word' id='word_1_466' title='bbox 1938 3406 2139 3462; x_wconf 83' lang='lat' dir='ltr'><strong>multa?</strong></span> 
     </span>
    </p>
   </div>
   <div class='ocr_carea' id='block_1_66' title="bbox 561 3498 2135 3573">
    <p class='ocr_par' dir='ltr' id='par_1_66' title="bbox 561 3498 2135 3573">
     <span class='ocr_line' id='line_1_66' title="bbox 561 3498 2135 3573; baseline -0.004 -16"><span class='ocrx_word' id='word_1_467' title='bbox 561 3500 800 3557; x_wconf 83' lang='lat' dir='ltr'><strong>Tandem</strong></span> <span class='ocrx_word' id='word_1_468' title='bbox 844 3501 912 3556; x_wconf 89' lang='lat' dir='ltr'><strong>ad</strong></span> <span class='ocrx_word' id='word_1_469' title='bbox 940 3501 1289 3573; x_wconf 85' lang='lat' dir='ltr'><strong>semetipsum</strong></span> <span class='ocrx_word' id='word_1_470' title='bbox 1334 3516 1607 3566; x_wconf 88' lang='lat' dir='ltr'><strong>reversus,</strong></span> <span class='ocrx_word' id='word_1_471' title='bbox 1640 3501 1693 3555; x_wconf 91' lang='lat' dir='ltr'><strong>in</strong></span> <span class='ocrx_word' id='word_1_472' title='bbox 1724 3499 1833 3555; x_wconf 87' lang='lat' dir='ltr'><strong>Deo</strong></span> <span class='ocrx_word' id='word_1_473' title='bbox 1874 3498 2135 3562; x_wconf 83' lang='lat' dir='ltr'><strong>conlisus,</strong></span> 
     </span>
    </p>
   </div>
   <div class='ocr_carea' id='block_1_67' title="bbox 542 3587 2139 3664">
    <p class='ocr_par' dir='ltr' id='par_1_67' title="bbox 542 3587 2139 3664">
     <span class='ocr_line' id='line_1_67' title="bbox 542 3587 2139 3664; baseline -0.004 -17"><span class='ocrx_word' id='word_1_474' title='bbox 542 3592 879 3664; x_wconf 76' lang='lat' dir='ltr'><strong>neritisque</strong></span> <span class='ocrx_word' id='word_1_475' title='bbox 935 3593 1071 3648; x_wconf 92' lang='lat' dir='ltr'><strong>tanti</strong></span> <span class='ocrx_word' id='word_1_476' title='bbox 1112 3592 1290 3649; x_wconf 89' lang='lat' dir='ltr'><strong>Patris</strong></span> <span class='ocrx_word' id='word_1_477' title='bbox 1339 3606 1695 3663; x_wconf 78' lang='lat' dir='ltr'><strong>praesumens,</strong></span> <span class='ocrx_word' id='word_1_478' title='bbox 1724 3590 1892 3647; x_wconf 79' lang='lat' dir='ltr'><strong>dixit:</strong></span> <span class='ocrx_word' id='word_1_479' title='bbox 1939 3587 2039 3654; x_wconf 85' lang='lat' dir='ltr'><strong>Qui</strong></span> <span class='ocrx_word' id='word_1_480' title='bbox 2069 3601 2139 3642; x_wconf 80' lang='lat' dir='ltr'><strong>ex</strong></span> 
     </span>
    </p>
   </div>
   <div class='ocr_carea' id='block_1_68' title="bbox 560 3677 2140 3757">
    <p class='ocr_par' dir='ltr' id='par_1_68' title="bbox 560 3677 2140 3757">
     <span class='ocr_line' id='line_1_68' title="bbox 560 3677 2140 3757; baseline -0.005 -19"><span class='ocrx_word' id='word_1_481' title='bbox 560 3683 802 3757; x_wconf 85' lang='lat' dir='ltr'><strong>quinque</strong></span> <span class='ocrx_word' id='word_1_482' title='bbox 832 3684 1061 3753; x_wconf 88' lang='lat' dir='ltr'><strong>panthus</strong></span> <span class='ocrx_word' id='word_1_483' title='bbox 1091 3683 1331 3752; x_wconf 88' lang='lat' dir='ltr'><strong>quinque</strong></span> <span class='ocrx_word' id='word_1_484' title='bbox 1355 3681 1520 3736; x_wconf 91' lang='lat' dir='ltr'><strong>millia</strong></span> <span class='ocrx_word' id='word_1_485' title='bbox 1569 3679 1816 3734; x_wconf 87' lang='lat' dir='ltr'><strong>homines</strong></span> <span class='ocrx_word' id='word_1_486' title='bbox 1849 3677 2018 3748; x_wconf 87' lang='lat' dir='ltr'><strong>pavit,</strong></span> <span class='ocrx_word' id='word_1_487' title='bbox 2043 3690 2140 3745; x_wconf 89' lang='lat' dir='ltr'><strong>po-</strong></span> 
     </span>
    </p>
   </div>
   <div class='ocr_carea' id='block_1_69' title="bbox 563 3768 2139 3844">
    <p class='ocr_par' dir='ltr' id='par_1_69' title="bbox 563 3768 2139 3844">
     <span class='ocr_line' id='line_1_69' title="bbox 563 3768 2139 3844; baseline -0.007 -10"><span class='ocrx_word' id='word_1_488' title='bbox 563 3783 674 3834; x_wconf 82' lang='lat' dir='ltr'><strong>test</strong></span> <span class='ocrx_word' id='word_1_489' title='bbox 720 3775 879 3831; x_wconf 88' lang='lat' dir='ltr'><strong>hodie</strong></span> <span class='ocrx_word' id='word_1_490' title='bbox 934 3774 1293 3844; x_wconf 63' lang='lat' dir='ltr'><strong>multiplicare</strong></span> <span class='ocrx_word' id='word_1_491' title='bbox 1332 3782 1516 3829; x_wconf 87' lang='lat' dir='ltr'><strong>nostra</strong></span> <span class='ocrx_word' id='word_1_492' title='bbox 1556 3772 1726 3836; x_wconf 91' lang='lat' dir='ltr'><strong>olera,</strong></span> <span class='ocrx_word' id='word_1_493' title='bbox 1777 3768 2044 3839; x_wconf 85' lang='lat' dir='ltr'><strong>simulque</strong></span> <span class='ocrx_word' id='word_1_494' title='bbox 2083 3777 2139 3824; x_wconf 85' lang='lat' dir='ltr'><strong>et</strong></span> 
     </span>
    </p>
   </div>
   <div class='ocr_carea' id='block_1_70' title="bbox 570 3857 2138 3937">
    <p class='ocr_par' dir='ltr' id='par_1_70' title="bbox 570 3857 2138 3937">
     <span class='ocr_line' id='line_1_70' title="bbox 570 3857 2138 3937; baseline -0.006 -17"><span class='ocrx_word' id='word_1_495' title='bbox 570 3866 863 3937; x_wconf 87' lang='lat' dir='ltr'><strong>legumina.</strong></span> <span class='ocrx_word' id='word_1_496' title='bbox 893 3864 1046 3919; x_wconf 84' lang='lat' dir='ltr'><strong>Tunc</strong></span> <span class='ocrx_word' id='word_1_497' title='bbox 1074 3862 1312 3927; x_wconf 89' lang='lat' dir='ltr'><strong>vascula,</strong></span> <span class='ocrx_word' id='word_1_498' title='bbox 1345 3875 1465 3931; x_wconf 78' lang='lat' dir='ltr'><strong>qua:</strong></span> <span class='ocrx_word' id='word_1_499' title='bbox 1497 3874 1647 3915; x_wconf 89' lang='lat' dir='ltr'><strong>more</strong></span> <span class='ocrx_word' id='word_1_500' title='bbox 1675 3858 1834 3914; x_wconf 78' lang='lat' dir='ltr'><strong>solito</strong></span> <span class='ocrx_word' id='word_1_501' title='bbox 1858 3857 2138 3912; x_wconf 85' lang='lat' dir='ltr'><strong>Fratribus</strong></span> 
     </span>
    </p>
   </div>
   <div class='ocr_carea' id='block_1_71' title="bbox 566 3943 2139 4020">
    <p class='ocr_par' dir='ltr' id='par_1_71' title="bbox 566 3943 2139 4020">
     <span class='ocr_line' id='line_1_71' title="bbox 566 3943 2139 4020; baseline -0.006 -10"><span class='ocrx_word' id='word_1_502' title='bbox 566 3954 937 4017; x_wconf 78' lang='lat' dir='ltr'><strong>suﬂ&#39;eceraut,</strong></span> <span class='ocrx_word' id='word_1_503' title='bbox 990 3951 1304 4020; x_wconf 88' lang='lat' dir='ltr'><strong>assumpsit,</strong></span> <span class='ocrx_word' id='word_1_504' title='bbox 1358 3958 1413 4003; x_wconf 87' lang='lat' dir='ltr'><strong>et</strong></span> <span class='ocrx_word' id='word_1_505' title='bbox 1476 3947 1648 4002; x_wconf 90' lang='lat' dir='ltr'><strong>sancti</strong></span> <span class='ocrx_word' id='word_1_506' title='bbox 1695 3945 1872 4001; x_wconf 87' lang='lat' dir='ltr'><strong>Patris</strong></span> <span class='ocrx_word' id='word_1_507' title='bbox 1914 3943 2139 4000; x_wconf 87' lang='lat' dir='ltr'><strong>Joannis</strong></span> 
     </span>
    </p>
   </div>
   <div class='ocr_carea' id='block_1_72' title="bbox 536 4037 2139 4108">
    <p class='ocr_par' dir='ltr' id='par_1_72' title="bbox 536 4037 2139 4108">
     <span class='ocr_line' id='line_1_72' title="bbox 536 4037 2139 4108; baseline -0.006 -9"><span class='ocrx_word' id='word_1_508' title='bbox 536 4046 815 4099; x_wconf 79' lang='lat' dir='ltr'><strong>invocato</strong></span> <span class='ocrx_word' id='word_1_509' title='bbox 853 4041 1095 4104; x_wconf 90' lang='lat' dir='ltr'><strong>nomine,</strong></span> <span class='ocrx_word' id='word_1_510' title='bbox 1146 4039 1211 4092; x_wconf 90' lang='lat' dir='ltr'><strong>ad</strong></span> <span class='ocrx_word' id='word_1_511' title='bbox 1249 4051 1451 4108; x_wconf 86' lang='lat' dir='ltr'><strong>prunas</strong></span> <span class='ocrx_word' id='word_1_512' title='bbox 1487 4037 1814 4107; x_wconf 87' lang='lat' dir='ltr'><strong>composuit,</strong></span> <span class='ocrx_word' id='word_1_513' title='bbox 1847 4044 1903 4091; x_wconf 90' lang='lat' dir='ltr'><strong>et</strong></span> <span class='ocrx_word' id='word_1_514' title='bbox 1950 4039 2022 4090; x_wconf 87' lang='lat' dir='ltr'><strong>ad</strong></span> <span class='ocrx_word' id='word_1_515' title='bbox 2047 4049 2139 4090; x_wconf 91' lang='lat' dir='ltr'><strong>co-</strong></span> 
     </span>
    </p>
   </div>
   <div class='ocr_carea' id='block_1_73' title="bbox 563 4125 2139 4205">
    <p class='ocr_par' dir='ltr' id='par_1_73' title="bbox 563 4125 2139 4205">
     <span class='ocr_line' id='line_1_73' title="bbox 563 4125 2139 4205; baseline -0.006 -16"><span class='ocrx_word' id='word_1_516' title='bbox 563 4135 836 4205; x_wconf 87' lang='lat' dir='ltr'><strong>quendum</strong></span> <span class='ocrx_word' id='word_1_517' title='bbox 890 4130 1092 4186; x_wconf 88' lang='lat' dir='ltr'><strong>cibaria</strong></span> <span class='ocrx_word' id='word_1_518' title='bbox 1149 4144 1244 4201; x_wconf 86' lang='lat' dir='ltr'><strong>per</strong></span> <span class='ocrx_word' id='word_1_519' title='bbox 1278 4145 1372 4185; x_wconf 86' lang='lat' dir='ltr'><strong>cas</strong></span> <span class='ocrx_word' id='word_1_520' title='bbox 1417 4129 1710 4184; x_wconf 88' lang='lat' dir='ltr'><strong>ordinavit.</strong></span> <span class='ocrx_word' id='word_1_521' title='bbox 1761 4127 1894 4182; x_wconf 84' lang='lat' dir='ltr'><strong>Mira</strong></span> <span class='ocrx_word' id='word_1_522' title='bbox 1924 4125 2139 4181; x_wconf 76' lang='lat' dir='ltr'><strong>reside</strong></span> 
     </span>
    </p>
   </div>
   <div class='ocr_carea' id='block_1_74' title="bbox 538 4218 2134 4296">
    <p class='ocr_par' dir='ltr' id='par_1_74' title="bbox 538 4218 2134 4296">
     <span class='ocr_line' id='line_1_74' title="bbox 538 4218 2134 4296; baseline -0.004 -18"><span class='ocrx_word' id='word_1_523' title='bbox 538 4224 761 4296; x_wconf 76' lang='lat' dir='ltr'><strong>quibus</strong></span> <span class='ocrx_word' id='word_1_524' title='bbox 787 4220 1017 4277; x_wconf 89' lang='lat' dir='ltr'><strong>vasculis</strong></span> <span class='ocrx_word' id='word_1_525' title='bbox 1046 4220 1259 4276; x_wconf 89' lang='lat' dir='ltr'><strong>solitam</strong></span> <span class='ocrx_word' id='word_1_526' title='bbox 1311 4235 1582 4276; x_wconf 89' lang='lat' dir='ltr'><strong>annonam</strong></span> <span class='ocrx_word' id='word_1_527' title='bbox 1624 4218 1905 4274; x_wconf 83' lang='lat' dir='ltr'><strong>Fratribus</strong></span> <span class='ocrx_word' id='word_1_528' title='bbox 1928 4218 2134 4283; x_wconf 88' lang='lat' dir='ltr'><strong>tribuit,</strong></span> 
     </span>
    </p>
   </div>
   <div class='ocr_carea' id='block_1_75' title="bbox 561 4311 2140 4385">
    <p class='ocr_par' dir='ltr' id='par_1_75' title="bbox 561 4311 2140 4385">
     <span class='ocr_line' id='line_1_75' title="bbox 561 4311 2140 4385; baseline -0.006 -13"><span class='ocrx_word' id='word_1_529' title='bbox 561 4325 621 4373; x_wconf 90' lang='lat' dir='ltr'><strong>et</strong></span> <span class='ocrx_word' id='word_1_530' title='bbox 645 4331 675 4371; x_wconf 89' lang='lat' dir='ltr'><strong>a</strong></span> <span class='ocrx_word' id='word_1_531' title='bbox 699 4329 856 4370; x_wconf 89' lang='lat' dir='ltr'><strong>mane</strong></span> <span class='ocrx_word' id='word_1_532' title='bbox 884 4328 1054 4385; x_wconf 89' lang='lat' dir='ltr'><strong>usque</strong></span> <span class='ocrx_word' id='word_1_533' title='bbox 1083 4314 1152 4369; x_wconf 90' lang='lat' dir='ltr'><strong>ad</strong></span> <span class='ocrx_word' id='word_1_534' title='bbox 1180 4312 1454 4384; x_wconf 76' lang='lat' dir='ltr'><strong>expletum</strong></span> <span class='ocrx_word' id='word_1_535' title='bbox 1483 4312 1624 4367; x_wconf 87' lang='lat' dir='ltr'><strong>diem</strong></span> <span class='ocrx_word' id='word_1_536' title='bbox 1678 4311 1929 4366; x_wconf 90' lang='lat' dir='ltr'><strong>omnibus</strong></span> <span class='ocrx_word' id='word_1_537' title='bbox 1951 4323 2140 4380; x_wconf 83' lang='lat' dir='ltr'><strong>super-</strong></span> 
     </span>
    </p>
   </div>
   <div class='ocr_carea' id='block_1_76' title="bbox 538 4398 2139 4472">
    <p class='ocr_par' dir='ltr' id='par_1_76' title="bbox 538 4398 2139 4472">
     <span class='ocr_line' id='line_1_76' title="bbox 538 4398 2139 4472; baseline -0.003 -13"><span class='ocrx_word' id='word_1_538' title='bbox 538 4405 909 4461; x_wconf 78' lang='lat' dir='ltr'><strong>venientibus</strong></span> <span class='ocrx_word' id='word_1_539' title='bbox 937 4402 1136 4459; x_wconf 89' lang='lat' dir='ltr'><strong>ibidem</strong></span> <span class='ocrx_word' id='word_1_540' title='bbox 1180 4403 1485 4472; x_wconf 87' lang='lat' dir='ltr'><strong>hospitibus</strong></span> <span class='ocrx_word' id='word_1_541' title='bbox 1533 4401 1862 4457; x_wconf 84' lang='lat' dir='ltr'><strong>sut‘ticienter</strong></span> <span class='ocrx_word' id='word_1_542' title='bbox 1908 4398 2139 4456; x_wconf 87' lang='lat' dir='ltr'><strong>admini-</strong></span> 
     </span>
    </p>
   </div>
   <div class='ocr_carea' id='block_1_77' title="bbox 564 4497 776 4552">
    <p class='ocr_par' dir='ltr' id='par_1_77' title="bbox 564 4497 776 4552">
     <span class='ocr_line' id='line_1_77' title="bbox 564 4497 776 4552; baseline -0.005 -1"><span class='ocrx_word' id='word_1_543' title='bbox 564 4497 776 4552; x_wconf 84' lang='lat' dir='ltr'><strong>stravit.</strong></span> 
     </span>
    </p>
   </div>
   <div class='ocr_carea' id='block_1_78' title="bbox 536 4584 2138 4660">
    <p class='ocr_par' dir='ltr' id='par_1_78' title="bbox 536 4584 2138 4660">
     <span class='ocr_line' id='line_1_78' title="bbox 536 4584 2138 4660; baseline -0.006 -13"><span class='ocrx_word' id='word_1_544' title='bbox 536 4610 541 4616; x_wconf 92' lang='grc'><strong>·</strong></span> <span class='ocrx_word' id='word_1_545' title='bbox 636 4589 760 4647; x_wconf 86' lang='grc'>122.</span> <span class='ocrx_word' id='word_1_546' title='bbox 792 4591 868 4648; x_wconf 89' lang='lat' dir='ltr'><strong>De</strong></span> <span class='ocrx_word' id='word_1_547' title='bbox 909 4591 1106 4647; x_wconf 91' lang='lat' dir='ltr'><strong>domno</strong></span> <span class='ocrx_word' id='word_1_548' title='bbox 1140 4589 1254 4646; x_wconf 85' lang='lat' dir='ltr'><strong>CG.</strong></span> <span class='ocrx_word' id='word_1_549' title='bbox 1296 4587 1388 4644; x_wconf 75' lang='lat' dir='ltr'><strong>V11</strong></span> <span class='ocrx_word' id='word_1_550' title='bbox 1438 4586 1744 4660; x_wconf 70' lang='lat' dir='ltr'><strong>apostolicae</strong></span> <span class='ocrx_word' id='word_1_551' title='bbox 1789 4584 1946 4641; x_wconf 89' lang='lat' dir='ltr'><strong>Sedis</strong></span> <span class='ocrx_word' id='word_1_552' title='bbox 1978 4594 2138 4656; x_wconf 85' lang='lat' dir='ltr'><strong>papa,</strong></span> 
     </span>
    </p>
   </div>
   <div class='ocr_carea' id='block_1_79' title="bbox 565 4675 2140 4753">
    <p class='ocr_par' dir='ltr' id='par_1_79' title="bbox 565 4675 2140 4753">
     <span class='ocr_line' id='line_1_79' title="bbox 565 4675 2140 4753; baseline -0.004 -16"><span class='ocrx_word' id='word_1_553' title='bbox 565 4679 659 4753; x_wconf 86' lang='lat' dir='ltr'><strong>qui</strong></span> <span class='ocrx_word' id='word_1_554' title='bbox 689 4682 757 4735; x_wconf 87' lang='lat' dir='ltr'><strong>ad</strong></span> <span class='ocrx_word' id='word_1_555' title='bbox 781 4690 1127 4737; x_wconf 89' lang='lat' dir='ltr'><strong>sacrosancta</strong></span> <span class='ocrx_word' id='word_1_556' title='bbox 1172 4680 1454 4735; x_wconf 82' lang='lat' dir='ltr'><strong>Missarum</strong></span> <span class='ocrx_word' id='word_1_557' title='bbox 1478 4679 1734 4736; x_wconf 85' lang='lat' dir='ltr'><strong>solemnia</strong></span> <span class='ocrx_word' id='word_1_558' title='bbox 1762 4675 2140 4747; x_wconf 79' lang='lat' dir='ltr'><strong>compunctive</strong></span> 
     </span>
    </p>
   </div>
   <div class='ocr_carea' id='block_1_80' title="bbox 570 4766 2140 4827">
    <p class='ocr_par' dir='ltr' id='par_1_80' title="bbox 570 4766 2140 4827">
     <span class='ocr_line' id='line_1_80' title="bbox 570 4766 2140 4827; baseline -0.004 -1"><span class='ocrx_word' id='word_1_559' title='bbox 570 4768 781 4826; x_wconf 82' lang='lat' dir='ltr'><strong>solebat</strong></span> <span class='ocrx_word' id='word_1_560' title='bbox 806 4770 1083 4827; x_wconf 88' lang='lat' dir='ltr'><strong>accedere.</strong></span> <span class='ocrx_word' id='word_1_561' title='bbox 1124 4768 1224 4825; x_wconf 86' lang='lat' dir='ltr'><strong>Cui</strong></span> <span class='ocrx_word' id='word_1_562' title='bbox 1258 4784 1381 4824; x_wconf 90' lang='lat' dir='ltr'><strong>eum</strong></span> <span class='ocrx_word' id='word_1_563' title='bbox 1411 4768 1684 4825; x_wconf 89' lang='lat' dir='ltr'><strong>continuis</strong></span> <span class='ocrx_word' id='word_1_564' title='bbox 1734 4767 1906 4822; x_wconf 88' lang='lat' dir='ltr'><strong>tribus</strong></span> <span class='ocrx_word' id='word_1_565' title='bbox 1951 4766 2140 4821; x_wconf 90' lang='lat' dir='ltr'><strong>diebus</strong></span> 
     </span>
    </p>
   </div>
   <div class='ocr_carea' id='block_1_81' title="bbox 566 4857 2140 4933">
    <p class='ocr_par' dir='ltr' id='par_1_81' title="bbox 566 4857 2140 4933">
     <span class='ocr_line' id='line_1_81' title="bbox 566 4857 2140 4933; baseline -0.005 -14"><span class='ocrx_word' id='word_1_566' title='bbox 566 4873 826 4919; x_wconf 89' lang='lat' dir='ltr'><strong>consueta</strong></span> <span class='ocrx_word' id='word_1_567' title='bbox 862 4864 1074 4919; x_wconf 90' lang='lat' dir='ltr'><strong>deesset</strong></span> <span class='ocrx_word' id='word_1_568' title='bbox 1115 4871 1483 4933; x_wconf 85' lang='lat' dir='ltr'><strong>compunctto,</strong></span> <span class='ocrx_word' id='word_1_569' title='bbox 1534 4875 1729 4916; x_wconf 92' lang='lat' dir='ltr'><strong>nomen</strong></span> <span class='ocrx_word' id='word_1_570' title='bbox 1778 4869 1836 4914; x_wconf 88' lang='lat' dir='ltr'><strong>et</strong></span> <span class='ocrx_word' id='word_1_571' title='bbox 1879 4857 2140 4913; x_wconf 83' lang='lat' dir='ltr'><strong>sanctitas</strong></span> 
     </span>
    </p>
   </div>
   <div class='ocr_carea' id='block_1_82' title="bbox 569 4950 2139 5006">
    <p class='ocr_par' dir='ltr' id='par_1_82' title="bbox 569 4950 2139 5006">
     <span class='ocr_line' id='line_1_82' title="bbox 569 4950 2139 5006; baseline -0.003 0"><span class='ocrx_word' id='word_1_572' title='bbox 569 4952 810 5006; x_wconf 65' lang='lat' dir='ltr'><strong>nmédicti</strong></span> <span class='ocrx_word' id='word_1_573' title='bbox 851 4956 1029 5006; x_wconf 81' lang='lat' dir='ltr'><strong>Patris</strong></span> <span class='ocrx_word' id='word_1_574' title='bbox 1064 4955 1289 5006; x_wconf 80' lang='lat' dir='ltr'><strong>Joannis</strong></span> <span class='ocrx_word' id='word_1_575' title='bbox 1335 4955 1386 5006; x_wconf 92' lang='lat' dir='ltr'><strong>in</strong></span> <span class='ocrx_word' id='word_1_576' title='bbox 1420 4954 1734 5006; x_wconf 89' lang='lat' dir='ltr'><strong>memoriam</strong></span> <span class='ocrx_word' id='word_1_577' title='bbox 1787 4950 1958 5006; x_wconf 84' lang='lat' dir='ltr'><strong>venit.</strong></span> <span class='ocrx_word' id='word_1_578' title='bbox 1987 4964 2139 5004; x_wconf 91' lang='lat' dir='ltr'><strong>eum-</strong></span> 
     </span>
    </p>
   </div>
   <div class='ocr_carea' id='block_1_83' title="bbox 2312 3225 3818 3296">
    <p class='ocr_par' dir='ltr' id='par_1_83' title="bbox 2312 3225 3818 3296">
     <span class='ocr_line' id='line_1_83' title="bbox 2312 3225 3818 3296; baseline 0 -14"><span class='ocrx_word' id='word_1_579' title='bbox 2312 3227 2434 3282; x_wconf 81' lang='grc'>125.</span> <span class='ocrx_word' id='word_1_580' title='bbox 2467 3226 2525 3282; x_wconf 93' lang='lat' dir='ltr'><strong>In</strong></span> <span class='ocrx_word' id='word_1_581' title='bbox 2549 3227 2749 3281; x_wconf 91' lang='lat' dir='ltr'><strong>virtute</strong></span> <span class='ocrx_word' id='word_1_582' title='bbox 2783 3225 2976 3282; x_wconf 90' lang='lat' dir='ltr'><strong>similis</strong></span> <span class='ocrx_word' id='word_1_583' title='bbox 3008 3225 3278 3293; x_wconf 89' lang='lat' dir='ltr'><strong>miraculi,</strong></span> <span class='ocrx_word' id='word_1_584' title='bbox 3309 3225 3428 3296; x_wconf 83' lang='lat' dir='ltr'><strong>ejus</strong></span> <span class='ocrx_word' id='word_1_585' title='bbox 3457 3225 3818 3282; x_wconf 84' lang='lat' dir='ltr'><strong>nihilominus</strong></span> 
     </span>
    </p>
   </div>
   <div class='ocr_carea' id='block_1_84' title="bbox 2243 3316 3818 3389">
    <p class='ocr_par' dir='ltr' id='par_1_84' title="bbox 2243 3316 3818 3389">
     <span class='ocr_line' id='line_1_84' title="bbox 2243 3316 3818 3389; baseline -0.002 -13"><span class='ocrx_word' id='word_1_586' title='bbox 2243 3321 2512 3376; x_wconf 87' lang='lat' dir='ltr'><strong>sanctitas</strong></span> <span class='ocrx_word' id='word_1_587' title='bbox 2537 3318 2753 3375; x_wconf 89' lang='lat' dir='ltr'><strong>claruit.</strong></span> <span class='ocrx_word' id='word_1_588' title='bbox 2781 3316 2914 3374; x_wconf 88' lang='lat' dir='ltr'><strong>Nam</strong></span> <span class='ocrx_word' id='word_1_589' title='bbox 2953 3333 3076 3373; x_wconf 92' lang='lat' dir='ltr'><strong>cum</strong></span> <span class='ocrx_word' id='word_1_590' title='bbox 3107 3318 3452 3389; x_wconf 89' lang='lat' dir='ltr'><strong>supradictus</strong></span> <span class='ocrx_word' id='word_1_591' title='bbox 3489 3319 3818 3375; x_wconf 73' lang='lat' dir='ltr'><strong>venerabilis</strong></span> 
     </span>
    </p>
   </div>
   <div class='ocr_carea' id='block_1_85' title="bbox 2239 3407 3817 3480">
    <p class='ocr_par' dir='ltr' id='par_1_85' title="bbox 2239 3407 3817 3480">
     <span class='ocr_line' id='line_1_85' title="bbox 2239 3407 3817 3480; baseline -0.001 -15"><span class='ocrx_word' id='word_1_592' title='bbox 2239 3410 2496 3468; x_wconf 80' lang='lat' dir='ltr'><strong>Rusticus</strong></span> <span class='ocrx_word' id='word_1_593' title='bbox 2535 3410 2620 3467; x_wconf 90' lang='lat' dir='ltr'><strong>die</strong></span> <span class='ocrx_word' id='word_1_594' title='bbox 2675 3410 2907 3480; x_wconf 87' lang='lat' dir='ltr'><strong>quadam</strong></span> <span class='ocrx_word' id='word_1_595' title='bbox 2934 3425 2964 3464; x_wconf 72' lang='grc' dir='ltr'><strong>ει</strong></span> <span class='ocrx_word' id='word_1_596' title='bbox 2997 3407 3355 3464; x_wconf 83' lang='lat' dir='ltr'><strong>Vallimbrosa</strong></span> <span class='ocrx_word' id='word_1_597' title='bbox 3386 3409 3619 3475; x_wconf 89' lang='lat' dir='ltr'><strong>veniret,</strong></span> <span class='ocrx_word' id='word_1_598' title='bbox 3665 3418 3722 3464; x_wconf 90' lang='lat' dir='ltr'><strong>et</strong></span> <span class='ocrx_word' id='word_1_599' title='bbox 3746 3410 3817 3466; x_wconf 87' lang='lat' dir='ltr'><strong>ad</strong></span> 
     </span>
    </p>
   </div>
   <div class='ocr_carea' id='block_1_86' title="bbox 2226 3497 3818 3575">
    <p class='ocr_par' dir='ltr' id='par_1_86' title="bbox 2226 3497 3818 3575">
     <span class='ocr_line' id='line_1_86' title="bbox 2226 3497 3818 3575; baseline -0.003 -20"><span class='ocrx_word' id='word_1_600' title='bbox 2226 3499 2498 3575; x_wconf 80' lang='lat' dir='ltr'><strong>Sanctum</strong></span> <span class='ocrx_word' id='word_1_601' title='bbox 2529 3499 2770 3554; x_wconf 87' lang='lat' dir='ltr'><strong>Salvium</strong></span> <span class='ocrx_word' id='word_1_602' title='bbox 2816 3515 2939 3554; x_wconf 92' lang='lat' dir='ltr'><strong>eum</strong></span> <span class='ocrx_word' id='word_1_603' title='bbox 2996 3498 3229 3569; x_wconf 90' lang='lat' dir='ltr'><strong>quodam</strong></span> <span class='ocrx_word' id='word_1_604' title='bbox 3260 3497 3554 3553; x_wconf 87' lang='lat' dir='ltr'><strong>venerabili</strong></span> <span class='ocrx_word' id='word_1_605' title='bbox 3587 3498 3818 3570; x_wconf 86' lang='lat' dir='ltr'><strong>presby-</strong></span> 
     </span>
    </p>
   </div>
   <div class='ocr_carea' id='block_1_87' title="bbox 2242 3588 3819 3660">
    <p class='ocr_par' dir='ltr' id='par_1_87' title="bbox 2242 3588 3819 3660">
     <span class='ocr_line' id='line_1_87' title="bbox 2242 3588 3819 3660; baseline -0.001 -16"><span class='ocrx_word' id='word_1_606' title='bbox 2242 3600 2358 3646; x_wconf 90' lang='lat' dir='ltr'><strong>tero</strong></span> <span class='ocrx_word' id='word_1_607' title='bbox 2382 3592 2505 3657; x_wconf 87' lang='lat' dir='ltr'><strong>iret,</strong></span> <span class='ocrx_word' id='word_1_608' title='bbox 2535 3606 2658 3645; x_wconf 92' lang='lat' dir='ltr'><strong>cum</strong></span> <span class='ocrx_word' id='word_1_609' title='bbox 2694 3590 2761 3645; x_wconf 88' lang='lat' dir='ltr'><strong>ad</strong></span> <span class='ocrx_word' id='word_1_610' title='bbox 2792 3589 3061 3660; x_wconf 87' lang='lat' dir='ltr'><strong>quoddam</strong></span> <span class='ocrx_word' id='word_1_611' title='bbox 3115 3588 3472 3643; x_wconf 88' lang='lat' dir='ltr'><strong>diversorium</strong></span> <span class='ocrx_word' id='word_1_612' title='bbox 3524 3600 3819 3653; x_wconf 85' lang='lat' dir='ltr'><strong>venerunt,</strong></span> 
     </span>
    </p>
   </div>
   <div class='ocr_carea' id='block_1_88' title="bbox 2239 3674 3819 3747">
    <p class='ocr_par' dir='ltr' id='par_1_88' title="bbox 2239 3674 3819 3747">
     <span class='ocr_line' id='line_1_88' title="bbox 2239 3674 3819 3747; baseline -0.002 -12"><span class='ocrx_word' id='word_1_613' title='bbox 2239 3680 2306 3735; x_wconf 89' lang='lat' dir='ltr'><strong>de</strong></span> <span class='ocrx_word' id='word_1_614' title='bbox 2333 3679 2516 3745; x_wconf 80' lang='lat' dir='ltr'><strong>mults,</strong></span> <span class='ocrx_word' id='word_1_615' title='bbox 2539 3679 2734 3747; x_wconf 89' lang='lat' dir='ltr'><strong>quibus</strong></span> <span class='ocrx_word' id='word_1_616' title='bbox 2788 3677 3122 3738; x_wconf 88' lang='lat' dir='ltr'><strong>insedebaut,</strong></span> <span class='ocrx_word' id='word_1_617' title='bbox 3166 3674 3235 3730; x_wconf 91' lang='lat' dir='ltr'><strong>ob</strong></span> <span class='ocrx_word' id='word_1_618' title='bbox 3287 3675 3662 3730; x_wconf 86' lang='lat' dir='ltr'><strong>necessitatem</strong></span> <span class='ocrx_word' id='word_1_619' title='bbox 3694 3691 3736 3731; x_wconf 88' lang='lat' dir='ltr'><strong>e-</strong></span> <span class='ocrx_word' id='word_1_620' title='bbox 3764 3693 3819 3732; x_wconf 88' lang='lat' dir='ltr'><strong>r-</strong></span> 
     </span>
    </p>
   </div>
   <div class='ocr_carea' id='block_1_89' title="bbox 2227 3764 3818 3838">
    <p class='ocr_par' dir='ltr' id='par_1_89' title="bbox 2227 3764 3818 3838">
     <span class='ocr_line' id='line_1_89' title="bbox 2227 3764 3818 3838; baseline 0 -16"><span class='ocrx_word' id='word_1_621' title='bbox 2227 3769 2388 3838; x_wconf 78' lang='lat' dir='ltr'><strong>poris</strong></span> <span class='ocrx_word' id='word_1_622' title='bbox 2425 3768 2841 3823; x_wconf 86' lang='lat' dir='ltr'><strong>descenderunt.</strong></span> <span class='ocrx_word' id='word_1_623' title='bbox 2894 3766 3103 3821; x_wconf 81' lang='lat' dir='ltr'><strong>Interea</strong></span> <span class='ocrx_word' id='word_1_624' title='bbox 3154 3764 3333 3820; x_wconf 90' lang='lat' dir='ltr'><strong>mulus</strong></span> <span class='ocrx_word' id='word_1_625' title='bbox 3388 3766 3692 3837; x_wconf 85' lang='lat' dir='ltr'><strong>presbyteri</strong></span> <span class='ocrx_word' id='word_1_626' title='bbox 3723 3783 3818 3822; x_wconf 87' lang='lat' dir='ltr'><strong>re—</strong></span> 
     </span>
    </p>
   </div>
   <div class='ocr_carea' id='block_1_90' title="bbox 2238 3855 3817 3929">
    <p class='ocr_par' dir='ltr' id='par_1_90' title="bbox 2238 3855 3817 3929">
     <span class='ocr_line' id='line_1_90' title="bbox 2238 3855 3817 3929; baseline 0.001 -16"><span class='ocrx_word' id='word_1_627' title='bbox 2238 3868 2399 3929; x_wconf 88' lang='lat' dir='ltr'><strong>pente</strong></span> <span class='ocrx_word' id='word_1_628' title='bbox 2454 3855 2719 3928; x_wconf 81' lang='lat' dir='ltr'><strong>diﬂ‘ugiit,</strong></span> <span class='ocrx_word' id='word_1_629' title='bbox 2764 3857 3086 3926; x_wconf 86' lang='lat' dir='ltr'><strong>concitoque</strong></span> <span class='ocrx_word' id='word_1_630' title='bbox 3130 3856 3302 3927; x_wconf 86' lang='lat' dir='ltr'><strong>gradu</strong></span> <span class='ocrx_word' id='word_1_631' title='bbox 3349 3872 3446 3926; x_wconf 88' lang='lat' dir='ltr'><strong>per</strong></span> <span class='ocrx_word' id='word_1_632' title='bbox 3493 3856 3708 3913; x_wconf 89' lang='lat' dir='ltr'><strong>diversa</strong></span> <span class='ocrx_word' id='word_1_633' title='bbox 3750 3873 3817 3915; x_wconf 87' lang='lat' dir='ltr'><strong>se</strong></span> 
     </span>
    </p>
   </div>
   <div class='ocr_carea' id='block_1_91' title="bbox 2217 3946 3815 4022">
    <p class='ocr_par' dir='ltr' id='par_1_91' title="bbox 2217 3946 3815 4022">
     <span class='ocr_line' id='line_1_91' title="bbox 2217 3946 3815 4022; baseline 0.002 -18"><span class='ocrx_word' id='word_1_634' title='bbox 2217 3948 2485 4022; x_wconf 72' lang='lat' dir='ltr'><strong>contulit.</strong></span> <span class='ocrx_word' id='word_1_635' title='bbox 2526 3946 2632 4002; x_wconf 88' lang='lat' dir='ltr'><strong>Sed</strong></span> <span class='ocrx_word' id='word_1_636' title='bbox 2670 3964 2793 4003; x_wconf 91' lang='lat' dir='ltr'><strong>cum</strong></span> <span class='ocrx_word' id='word_1_637' title='bbox 2843 3947 3097 4003; x_wconf 73' lang='lat' dir='ltr'><strong>saee.dos</strong></span> <span class='ocrx_word' id='word_1_638' title='bbox 3131 3956 3255 4020; x_wconf 90' lang='lat' dir='ltr'><strong>post</strong></span> <span class='ocrx_word' id='word_1_639' title='bbox 3302 3948 3504 4003; x_wconf 89' lang='lat' dir='ltr'><strong>mulum</strong></span> <span class='ocrx_word' id='word_1_640' title='bbox 3556 3959 3815 4021; x_wconf 86' lang='lat' dir='ltr'><strong>pergeret</strong></span> 
     </span>
    </p>
   </div>
   <div class='ocr_carea' id='block_1_92' title="bbox 2239 4039 3814 4114">
    <p class='ocr_par' dir='ltr' id='par_1_92' title="bbox 2239 4039 3814 4114">
     <span class='ocr_line' id='line_1_92' title="bbox 2239 4039 3814 4114; baseline 0.001 -19"><span class='ocrx_word' id='word_1_641' title='bbox 2239 4040 2467 4104; x_wconf 89' lang='lat' dir='ltr'><strong>cursim,</strong></span> <span class='ocrx_word' id='word_1_642' title='bbox 2496 4048 2720 4104; x_wconf 91' lang='lat' dir='ltr'><strong>uteum,</strong></span> <span class='ocrx_word' id='word_1_643' title='bbox 2761 4039 2950 4114; x_wconf 5' lang='lat' dir='ltr'><strong>siplieri</strong></span> <span class='ocrx_word' id='word_1_644' title='bbox 2980 4049 3185 4109; x_wconf 88' lang='lat' dir='ltr'><strong>posset,</strong></span> <span class='ocrx_word' id='word_1_645' title='bbox 3244 4040 3690 4110; x_wconf 86' lang='lat' dir='ltr'><strong>apprchenderet,</strong></span> <span class='ocrx_word' id='word_1_646' title='bbox 3730 4056 3814 4097; x_wconf 86' lang='lat' dir='ltr'><strong>se-</strong></span> 
     </span>
    </p>
   </div>
   <div class='ocr_carea' id='block_1_93' title="bbox 2238 4129 3809 4199">
    <p class='ocr_par' dir='ltr' id='par_1_93' title="bbox 2238 4129 3809 4199">
     <span class='ocr_line' id='line_1_93' title="bbox 2238 4129 3809 4199; baseline 0 -14"><span class='ocrx_word' id='word_1_647' title='bbox 2238 4145 2472 4199; x_wconf 89' lang='lat' dir='ltr'><strong>cumque</strong></span> <span class='ocrx_word' id='word_1_648' title='bbox 2516 4130 2814 4195; x_wconf 90' lang='lat' dir='ltr'><strong>reduceret,</strong></span> <span class='ocrx_word' id='word_1_649' title='bbox 2848 4130 2982 4184; x_wconf 80' lang='lat' dir='ltr'><strong>dixit</strong></span> <span class='ocrx_word' id='word_1_650' title='bbox 3030 4130 3079 4185; x_wconf 91' lang='lat' dir='ltr'><strong>ei</strong></span> <span class='ocrx_word' id='word_1_651' title='bbox 3134 4129 3427 4185; x_wconf 82' lang='lat' dir='ltr'><strong>Rusticus:</strong></span> <span class='ocrx_word' id='word_1_652' title='bbox 3464 4130 3574 4186; x_wconf 85' lang='lat' dir='ltr'><strong>Cur</strong></span> <span class='ocrx_word' id='word_1_653' title='bbox 3608 4129 3809 4185; x_wconf 84' lang='lat' dir='ltr'><strong>frustra</strong></span> 
     </span>
    </p>
   </div>
   <div class='ocr_carea' id='block_1_94' title="bbox 2239 4220 3810 4290">
    <p class='ocr_par' dir='ltr' id='par_1_94' title="bbox 2239 4220 3810 4290">
     <span class='ocr_line' id='line_1_94' title="bbox 2239 4220 3810 4290; baseline -0.003 -14"><span class='ocrx_word' id='word_1_654' title='bbox 2239 4221 2473 4290; x_wconf 88' lang='lat' dir='ltr'><strong>laboras,</strong></span> <span class='ocrx_word' id='word_1_655' title='bbox 2498 4237 2618 4276; x_wconf 92' lang='lat' dir='ltr'><strong>cum</strong></span> <span class='ocrx_word' id='word_1_656' title='bbox 2672 4221 2818 4276; x_wconf 90' lang='lat' dir='ltr'><strong>illum</strong></span> <span class='ocrx_word' id='word_1_657' title='bbox 2866 4221 3103 4277; x_wconf 82' lang='lat' dir='ltr'><strong>velocius</strong></span> <span class='ocrx_word' id='word_1_658' title='bbox 3165 4231 3216 4276; x_wconf 92' lang='lat' dir='ltr'><strong>te</strong></span> <span class='ocrx_word' id='word_1_659' title='bbox 3258 4236 3478 4275; x_wconf 88' lang='lat' dir='ltr'><strong>currere</strong></span> <span class='ocrx_word' id='word_1_660' title='bbox 3506 4220 3686 4275; x_wconf 89' lang='lat' dir='ltr'><strong>videas</strong></span> <span class='ocrx_word' id='word_1_661' title='bbox 3729 4220 3810 4290; x_wconf 89' lang='lat' dir='ltr'><strong>ip-</strong></span> 
     </span>
    </p>
   </div>
   <div class='ocr_carea' id='block_1_95' title="bbox 2239 4310 3809 4382">
    <p class='ocr_par' dir='ltr' id='par_1_95' title="bbox 2239 4310 3809 4382">
     <span class='ocr_line' id='line_1_95' title="bbox 2239 4310 3809 4382; baseline 0 -16"><span class='ocrx_word' id='word_1_662' title='bbox 2239 4326 2467 4381; x_wconf 89' lang='lat' dir='ltr'><strong>smuque</strong></span> <span class='ocrx_word' id='word_1_663' title='bbox 2526 4311 2707 4367; x_wconf 89' lang='lat' dir='ltr'><strong>taliter</strong></span> <span class='ocrx_word' id='word_1_664' title='bbox 2759 4311 3169 4382; x_wconf 86' lang='lat' dir='ltr'><strong>apprehendere</strong></span> <span class='ocrx_word' id='word_1_665' title='bbox 3209 4310 3480 4380; x_wconf 85' lang='lat' dir='ltr'><strong>nequeas?</strong></span> <span class='ocrx_word' id='word_1_666' title='bbox 3510 4311 3639 4365; x_wconf 87' lang='lat' dir='ltr'><strong>chi</strong></span> <span class='ocrx_word' id='word_1_667' title='bbox 3680 4324 3809 4382; x_wconf 86' lang='lat' dir='ltr'><strong>ergo</strong></span> 
     </span>
    </p>
   </div>
   <div class='ocr_carea' id='block_1_96' title="bbox 2168 4395 3808 4501">
    <p class='ocr_par' dir='ltr' id='par_1_96' title="bbox 2168 4395 3808 4501">
     <span class='ocr_line' id='line_1_96' title="bbox 2168 4395 3808 4501; baseline -0.003 -44"><span class='ocrx_word' id='word_1_668' title='bbox 2168 4440 2221 4501; x_wconf 64' lang='grc' dir='ltr'><strong>Β</strong></span> <span class='ocrx_word' id='word_1_669' title='bbox 2240 4395 2297 4457; x_wconf 82' lang='lat' dir='ltr'><strong>et</strong></span> <span class='ocrx_word' id='word_1_670' title='bbox 2317 4402 2571 4457; x_wconf 91' lang='lat' dir='ltr'><strong>domuum</strong></span> <span class='ocrx_word' id='word_1_671' title='bbox 2590 4401 2849 4456; x_wconf 87' lang='lat' dir='ltr'><strong>Joannem</strong></span> <span class='ocrx_word' id='word_1_672' title='bbox 2875 4400 3258 4471; x_wconf 88' lang='lat' dir='ltr'><strong>deprecemur,</strong></span> <span class='ocrx_word' id='word_1_673' title='bbox 3282 4411 3340 4456; x_wconf 91' lang='lat' dir='ltr'><strong>ut</strong></span> <span class='ocrx_word' id='word_1_674' title='bbox 3369 4401 3483 4471; x_wconf 87' lang='lat' dir='ltr'><strong>ipse</strong></span> <span class='ocrx_word' id='word_1_675' title='bbox 3508 4400 3663 4456; x_wconf 90' lang='lat' dir='ltr'><strong>nobis</strong></span> <span class='ocrx_word' id='word_1_676' title='bbox 3686 4415 3808 4455; x_wconf 87' lang='lat' dir='ltr'><strong>mu-</strong></span> 
     </span>
    </p>
   </div>
   <div class='ocr_carea' id='block_1_97' title="bbox 2242 4492 3809 4566">
    <p class='ocr_par' dir='ltr' id='par_1_97' title="bbox 2242 4492 3809 4566">
     <span class='ocr_line' id='line_1_97' title="bbox 2242 4492 3809 4566; baseline 0.001 -17"><span class='ocrx_word' id='word_1_677' title='bbox 2242 4493 2350 4549; x_wconf 92' lang='lat' dir='ltr'><strong>lum</strong></span> <span class='ocrx_word' id='word_1_678' title='bbox 2406 4495 2665 4550; x_wconf 87' lang='lat' dir='ltr'><strong>reducere</strong></span> <span class='ocrx_word' id='word_1_679' title='bbox 2694 4495 2964 4566; x_wconf 82' lang='lat' dir='ltr'><strong>dignetur.</strong></span> <span class='ocrx_word' id='word_1_680' title='bbox 2995 4492 3097 4562; x_wconf 86' lang='lat' dir='ltr'><strong>Qui</strong></span> <span class='ocrx_word' id='word_1_681' title='bbox 3138 4510 3262 4549; x_wconf 90' lang='lat' dir='ltr'><strong>eum</strong></span> <span class='ocrx_word' id='word_1_682' title='bbox 3310 4494 3558 4565; x_wconf 79' lang='lat' dir='ltr'><strong>dixisset,</strong></span> <span class='ocrx_word' id='word_1_683' title='bbox 3587 4501 3643 4549; x_wconf 86' lang='lat' dir='ltr'><strong>et</strong></span> <span class='ocrx_word' id='word_1_684' title='bbox 3687 4508 3809 4563; x_wconf 84' lang='lat' dir='ltr'><strong>prc-</strong></span> 
     </span>
    </p>
   </div>
   <div class='ocr_carea' id='block_1_98' title="bbox 2242 4584 3811 4658">
    <p class='ocr_par' dir='ltr' id='par_1_98' title="bbox 2242 4584 3811 4658">
     <span class='ocr_line' id='line_1_98' title="bbox 2242 4584 3811 4658; baseline -0.001 -17"><span class='ocrx_word' id='word_1_685' title='bbox 2242 4588 2427 4658; x_wconf 78' lang='lat' dir='ltr'><strong>sbyter</strong></span> <span class='ocrx_word' id='word_1_686' title='bbox 2463 4587 2718 4654; x_wconf 88' lang='lat' dir='ltr'><strong>redisset,</strong></span> <span class='ocrx_word' id='word_1_687' title='bbox 2747 4602 2922 4658; x_wconf 88' lang='lat' dir='ltr'><strong>genua</strong></span> <span class='ocrx_word' id='word_1_688' title='bbox 2975 4588 3236 4652; x_wconf 88' lang='lat' dir='ltr'><strong>curvavit,</strong></span> <span class='ocrx_word' id='word_1_689' title='bbox 3291 4603 3357 4644; x_wconf 91' lang='lat' dir='ltr'><strong>ac</strong></span> <span class='ocrx_word' id='word_1_690' title='bbox 3405 4589 3624 4644; x_wconf 84' lang='lat' dir='ltr'><strong>beatum</strong></span> <span class='ocrx_word' id='word_1_691' title='bbox 3651 4584 3811 4641; x_wconf 77' lang='lat' dir='ltr'><strong>Joam</strong></span> 
     </span>
    </p>
   </div>
   <div class='ocr_carea' id='block_1_99' title="bbox 2240 4677 3806 4751">
    <p class='ocr_par' dir='ltr' id='par_1_99' title="bbox 2240 4677 3806 4751">
     <span class='ocr_line' id='line_1_99' title="bbox 2240 4677 3806 4751; baseline 0.001 -19"><span class='ocrx_word' id='word_1_692' title='bbox 2240 4694 2386 4745; x_wconf 89' lang='lat' dir='ltr'><strong>nem,</strong></span> <span class='ocrx_word' id='word_1_693' title='bbox 2419 4689 2478 4733; x_wconf 90' lang='lat' dir='ltr'><strong>ut</strong></span> <span class='ocrx_word' id='word_1_694' title='bbox 2499 4678 2702 4734; x_wconf 90' lang='lat' dir='ltr'><strong>mulum</strong></span> <span class='ocrx_word' id='word_1_695' title='bbox 2743 4677 3048 4746; x_wconf 87' lang='lat' dir='ltr'><strong>reduceret,</strong></span> <span class='ocrx_word' id='word_1_696' title='bbox 3086 4681 3310 4751; x_wconf 86' lang='lat' dir='ltr'><strong>rogavit.</strong></span> <span class='ocrx_word' id='word_1_697' title='bbox 3346 4679 3466 4735; x_wconf 80' lang='lat' dir='ltr'><strong>Mox</strong></span> <span class='ocrx_word' id='word_1_698' title='bbox 3519 4680 3587 4735; x_wconf 88' lang='lat' dir='ltr'><strong>ad</strong></span> <span class='ocrx_word' id='word_1_699' title='bbox 3632 4680 3806 4750; x_wconf 87' lang='lat' dir='ltr'><strong>prima</strong></span> 
     </span>
    </p>
   </div>
   <div class='ocr_carea' id='block_1_100' title="bbox 2240 4773 3805 4842">
    <p class='ocr_par' dir='ltr' id='par_1_100' title="bbox 2240 4773 3805 4842">
     <span class='ocr_line' id='line_1_100' title="bbox 2240 4773 3805 4842; baseline -0.002 -13"><span class='ocrx_word' id='word_1_700' title='bbox 2240 4776 2444 4830; x_wconf 89' lang='lat' dir='ltr'><strong>orantis</strong></span> <span class='ocrx_word' id='word_1_701' title='bbox 2470 4773 2660 4842; x_wconf 90' lang='lat' dir='ltr'><strong>verba,</strong></span> <span class='ocrx_word' id='word_1_702' title='bbox 2693 4783 2838 4829; x_wconf 90' lang='lat' dir='ltr'><strong>tanta</strong></span> <span class='ocrx_word' id='word_1_703' title='bbox 2866 4773 3152 4830; x_wconf 87' lang='lat' dir='ltr'><strong>velocitate</strong></span> <span class='ocrx_word' id='word_1_704' title='bbox 3182 4774 3356 4829; x_wconf 91' lang='lat' dir='ltr'><strong>mulus</strong></span> <span class='ocrx_word' id='word_1_705' title='bbox 3382 4774 3564 4838; x_wconf 87' lang='lat' dir='ltr'><strong>rediit,</strong></span> <span class='ocrx_word' id='word_1_706' title='bbox 3603 4780 3805 4842; x_wconf 79' lang='lat' dir='ltr'><strong>quanta</strong></span> 
     </span>
    </p>
   </div>
   <div class='ocr_carea' id='block_1_101' title="bbox 2240 4860 3804 4935">
    <p class='ocr_par' dir='ltr' id='par_1_101' title="bbox 2240 4860 3804 4935">
     <span class='ocr_line' id='line_1_101' title="bbox 2240 4860 3804 4935; baseline -0.004 -11"><span class='ocrx_word' id='word_1_707' title='bbox 2240 4884 2343 4924; x_wconf 91' lang='lat' dir='ltr'><strong>nec</strong></span> <span class='ocrx_word' id='word_1_708' title='bbox 2373 4877 2502 4923; x_wconf 91' lang='lat' dir='ltr'><strong>ante</strong></span> <span class='ocrx_word' id='word_1_709' title='bbox 2524 4866 2799 4932; x_wconf 90' lang='lat' dir='ltr'><strong>discessit,</strong></span> <span class='ocrx_word' id='word_1_710' title='bbox 2825 4881 2993 4935; x_wconf 88' lang='lat' dir='ltr'><strong>seque</strong></span> <span class='ocrx_word' id='word_1_711' title='bbox 3010 4865 3080 4921; x_wconf 87' lang='lat' dir='ltr'><strong>ad</strong></span> <span class='ocrx_word' id='word_1_712' title='bbox 3107 4866 3396 4921; x_wconf 88' lang='lat' dir='ltr'><strong>tenendum</strong></span> <span class='ocrx_word' id='word_1_713' title='bbox 3409 4873 3465 4920; x_wconf 93' lang='lat' dir='ltr'><strong>et</strong></span> <span class='ocrx_word' id='word_1_714' title='bbox 3483 4860 3804 4930; x_wconf 82' lang='lat' dir='ltr'><strong>sedendum,</strong></span> 
     </span>
    </p>
   </div>
   <div class='ocr_carea' id='block_1_102' title="bbox 2240 4958 3030 5006">
    <p class='ocr_par' dir='ltr' id='par_1_102' title="bbox 2240 4958 3030 5006">
     <span class='ocr_line' id='line_1_102' title="bbox 2240 4958 3030 5006; baseline 0 0"><span class='ocrx_word' id='word_1_715' title='bbox 2240 4958 2738 5006; x_wconf 81' lang='lat' dir='ltr'><strong>mansuetissimum</strong></span> <span class='ocrx_word' id='word_1_716' title='bbox 2769 4958 3030 5006; x_wconf 82' lang='lat' dir='ltr'><strong>reddidit-</strong></span> 
     </span>
    </p>
   </div>
  </div>
