  <div class='ocr_page' id='page_1' title='image "/cluster/home/n/w/nwhite01/storage/ocr_20150623/146/hvd.32044015471832/420.png"; bbox 0 0 4110 5362; ppageno 0'>
   <div class='ocr_carea' id='block_1_1' title="bbox 342 270 453 331">
    <p class='ocr_par' dir='ltr' id='par_1_1' title="bbox 342 270 453 331">
     <span class='ocr_line' id='line_1_1' title="bbox 342 270 453 331; baseline 0 -5"><span class='ocrx_word' id='word_1_1' title='bbox 342 270 453 331; x_wconf 79' lang='lat' dir='ltr'><strong>suo</strong></span> 
     </span>
    </p>
   </div>
   <div class='ocr_carea' id='block_1_2' title="bbox 1859 244 2062 304">
    <p class='ocr_par' dir='ltr' id='par_1_2' title="bbox 1859 244 2062 304">
     <span class='ocr_line' id='line_1_2' title="bbox 1859 244 2062 304; baseline -0.01 -1"><span class='ocrx_word' id='word_1_2' title='bbox 1859 244 2062 304; x_wconf 69' lang='lat' dir='ltr'><strong>ACTA.</strong></span> 
     </span>
    </p>
   </div>
   <div class='ocr_carea' id='block_1_3' title="bbox 3478 243 3586 302">
    <p class='ocr_par' dir='ltr' id='par_1_3' title="bbox 3478 243 3586 302">
     <span class='ocr_line' id='line_1_3' title="bbox 3478 243 3586 302; baseline -0.019 0"><span class='ocrx_word' id='word_1_3' title='bbox 3478 243 3586 302; x_wconf 72' lang='lat' dir='ltr'><strong>8N</strong></span> 
     </span>
    </p>
   </div>
   <div class='ocr_carea' id='block_1_4' title="bbox 240 352 3619 460">
    <p class='ocr_par' dir='ltr' id='par_1_4' title="bbox 240 352 3619 460">
     <span class='ocr_line' id='line_1_4' title="bbox 240 352 3619 460; baseline -0.005 -16"><span class='ocrx_word' id='word_1_4' title='bbox 240 405 260 448; x_wconf 85' lang='grc'><em>·,</em></span> <span class='ocrx_word' id='word_1_5' title='bbox 337 387 541 460; x_wconf 70' lang='lat' dir='ltr'><strong>iacuit;</strong></span> <span class='ocrx_word' id='word_1_6' title='bbox 574 378 718 439; x_wconf 83' lang='lat' dir='ltr'><strong>illico</strong></span> <span class='ocrx_word' id='word_1_7' title='bbox 749 378 982 436; x_wconf 87' lang='lat' dir='ltr'><strong>sanitate</strong></span> <span class='ocrx_word' id='word_1_8' title='bbox 1029 381 1268 444; x_wconf 85' lang='lat' dir='ltr'><strong>recepta,</strong></span> <span class='ocrx_word' id='word_1_9' title='bbox 1324 368 1608 426; x_wconf 77' lang='lat' dir='ltr'><strong>incnlumis</strong></span> <span class='ocrx_word' id='word_1_10' title='bbox 1653 361 1988 420; x_wconf 80' lang='lat' dir='ltr'><strong>remeavitA</strong></span> <span class='ocrx_word' id='word_1_11' title='bbox 2020 353 2490 460; x_wconf 35' lang='grc' dir='ltr'><strong>ίξξςμηιιυξιῖιρυξ</strong></span> <span class='ocrx_word' id='word_1_12' title='bbox 2524 352 3163 460; x_wconf 43' lang='grc' dir='ltr'><strong>ηιρκῇνοοιξιιξεειρξγςηξξο</strong></span> <span class='ocrx_word' id='word_1_13' title='bbox 3194 352 3354 423; x_wconf 78' lang='lat' dir='ltr'><strong>Quid.</strong></span> <span class='ocrx_word' id='word_1_14' title='bbox 3385 355 3619 460; x_wconf 46' lang='lat' dir='ltr'><strong>inquit»</strong></span> 
     </span>
    </p>
   </div>
   <div class='ocr_carea' id='block_1_5' title="bbox 340 456 1909 552">
    <p class='ocr_par' dir='ltr' id='par_1_5' title="bbox 340 456 1909 552">
     <span class='ocr_line' id='line_1_5' title="bbox 340 456 1909 552; baseline -0.018 -15"><span class='ocrx_word' id='word_1_15' title='bbox 340 456 409 537; x_wconf 73' lang='lat' dir='ltr'><strong>ad</strong></span> <span class='ocrx_word' id='word_1_16' title='bbox 434 480 672 552; x_wconf 87' lang='lat' dir='ltr'><strong>propria.</strong></span> <span class='ocrx_word' id='word_1_17' title='bbox 700 477 836 531; x_wconf 82' lang='lat' dir='ltr'><strong>Vere</strong></span> <span class='ocrx_word' id='word_1_18' title='bbox 870 487 974 527; x_wconf 90' lang='lat' dir='ltr'><strong>non</strong></span> <span class='ocrx_word' id='word_1_19' title='bbox 1011 469 1181 526; x_wconf 72' lang='lat' dir='ltr'><strong>solum</strong></span> <span class='ocrx_word' id='word_1_20' title='bbox 1208 469 1320 537; x_wconf 87' lang='lat' dir='ltr'><strong>ipse</strong></span> <span class='ocrx_word' id='word_1_21' title='bbox 1347 456 1538 534; x_wconf 74' lang='lat' dir='ltr'><strong>magna</strong></span> <span class='ocrx_word' id='word_1_22' title='bbox 1564 469 1621 515; x_wconf 90' lang='lat' dir='ltr'><strong>et</strong></span> <span class='ocrx_word' id='word_1_23' title='bbox 1644 458 1909 552; x_wconf 82' lang='lat' dir='ltr'><strong>innume-</strong></span> 
     </span>
    </p>
   </div>
   <div class='ocr_carea' id='block_1_6' title="bbox 343 548 1910 633">
    <p class='ocr_par' dir='ltr' id='par_1_6' title="bbox 343 548 1910 633">
     <span class='ocr_line' id='line_1_6' title="bbox 343 548 1910 633; baseline -0.017 -5"><span class='ocrx_word' id='word_1_24' title='bbox 343 548 545 629; x_wconf 65' lang='lat' dir='ltr'><strong>rabilis</strong></span> <span class='ocrx_word' id='word_1_25' title='bbox 563 569 693 623; x_wconf 87' lang='lat' dir='ltr'><strong>fecit</strong></span> <span class='ocrx_word' id='word_1_26' title='bbox 720 563 1000 633; x_wconf 87' lang='lat' dir='ltr'><strong>miracula,</strong></span> <span class='ocrx_word' id='word_1_27' title='bbox 1034 574 1218 615; x_wconf 90' lang='lat' dir='ltr'><strong>verum</strong></span> <span class='ocrx_word' id='word_1_28' title='bbox 1246 557 1410 613; x_wconf 87' lang='lat' dir='ltr'><strong>etiam</strong></span> <span class='ocrx_word' id='word_1_29' title='bbox 1441 549 1822 622; x_wconf 87' lang='lat' dir='ltr'><strong>quamplurimi</strong></span> <span class='ocrx_word' id='word_1_30' title='bbox 1857 548 1910 602; x_wconf 91' lang='lat' dir='ltr'><strong>in</strong></span> 
     </span>
    </p>
   </div>
   <div class='ocr_carea' id='block_1_7' title="bbox 344 648 1915 733">
    <p class='ocr_par' dir='ltr' id='par_1_7' title="bbox 344 648 1915 733">
     <span class='ocr_line' id='line_1_7' title="bbox 344 648 1915 733; baseline -0.015 -15"><span class='ocrx_word' id='word_1_31' title='bbox 344 664 513 733; x_wconf 85' lang='lat' dir='ltr'><strong>ipsius</strong></span> <span class='ocrx_word' id='word_1_32' title='bbox 542 660 760 716; x_wconf 75' lang='lat' dir='ltr'><strong>nomine</strong></span> <span class='ocrx_word' id='word_1_33' title='bbox 797 658 932 711; x_wconf 90' lang='lat' dir='ltr'><strong>mira</strong></span> <span class='ocrx_word' id='word_1_34' title='bbox 963 653 1116 708; x_wconf 98' lang='lat' dir='ltr'><strong>valde</strong></span> <span class='ocrx_word' id='word_1_35' title='bbox 1159 650 1421 707; x_wconf 87' lang='lat' dir='ltr'><strong>fecerunt.</strong></span> <span class='ocrx_word' id='word_1_36' title='bbox 1469 648 1597 700; x_wconf 79' lang='lat' dir='ltr'><strong>Erat</strong></span> <span class='ocrx_word' id='word_1_37' title='bbox 1626 654 1752 699; x_wconf 92' lang='lat' dir='ltr'><strong>tunc</strong></span> <span class='ocrx_word' id='word_1_38' title='bbox 1781 652 1915 697; x_wconf 82' lang='lat' dir='ltr'><strong>tem-</strong></span> 
     </span>
    </p>
   </div>
   <div class='ocr_carea' id='block_1_8' title="bbox 344 735 1911 827">
    <p class='ocr_par' dir='ltr' id='par_1_8' title="bbox 344 735 1911 827">
     <span class='ocr_line' id='line_1_8' title="bbox 344 735 1911 827; baseline -0.014 -17"><span class='ocrx_word' id='word_1_39' title='bbox 344 755 491 827; x_wconf 86' lang='lat' dir='ltr'><strong>poris</strong></span> <span class='ocrx_word' id='word_1_40' title='bbox 537 750 818 822; x_wconf 76' lang='lat' dir='ltr'><strong>presbyter</strong></span> <span class='ocrx_word' id='word_1_41' title='bbox 853 745 1093 816; x_wconf 80' lang='lat' dir='ltr'><strong>quidam,</strong></span> <span class='ocrx_word' id='word_1_42' title='bbox 1123 742 1391 797; x_wconf 80' lang='lat' dir='ltr'><strong>Zenobins</strong></span> <span class='ocrx_word' id='word_1_43' title='bbox 1418 738 1626 792; x_wconf 78' lang='lat' dir='ltr'><strong>scilicet</strong></span> <span class='ocrx_word' id='word_1_44' title='bbox 1672 735 1911 797; x_wconf 84' lang='lat' dir='ltr'><strong>nomine,</strong></span> 
     </span>
    </p>
   </div>
   <div class='ocr_carea' id='block_1_9' title="bbox 342 831 1914 919">
    <p class='ocr_par' dir='ltr' id='par_1_9' title="bbox 342 831 1914 919">
     <span class='ocr_line' id='line_1_9' title="bbox 342 831 1914 919; baseline -0.013 -18"><span class='ocrx_word' id='word_1_45' title='bbox 342 848 434 919; x_wconf 89' lang='lat' dir='ltr'><strong>qui</strong></span> <span class='ocrx_word' id='word_1_46' title='bbox 465 847 784 899; x_wconf 81' lang='lat' dir='ltr'><strong>Brozenseut</strong></span> <span class='ocrx_word' id='word_1_47' title='bbox 840 838 1044 910; x_wconf 92' lang='lat' dir='ltr'><strong>plebem</strong></span> <span class='ocrx_word' id='word_1_48' title='bbox 1089 834 1235 908; x_wconf 86' lang='lat' dir='ltr'><strong>(ill)</strong></span> <span class='ocrx_word' id='word_1_49' title='bbox 1287 847 1383 902; x_wconf 87' lang='lat' dir='ltr'><strong>per</strong></span> <span class='ocrx_word' id='word_1_50' title='bbox 1418 831 1488 884; x_wconf 68' lang='lat'>40</span> <span class='ocrx_word' id='word_1_51' title='bbox 1527 844 1698 884; x_wconf 88' lang='lat' dir='ltr'><strong>annos</strong></span> <span class='ocrx_word' id='word_1_52' title='bbox 1751 837 1807 882; x_wconf 88' lang='lat' dir='ltr'><strong>et</strong></span> <span class='ocrx_word' id='word_1_53' title='bbox 1846 842 1914 881; x_wconf 87' lang='lat' dir='ltr'><strong>eo</strong></span> 
     </span>
    </p>
   </div>
   <div class='ocr_carea' id='block_1_10' title="bbox 344 921 1912 1007">
    <p class='ocr_par' dir='ltr' id='par_1_10' title="bbox 344 921 1912 1007">
     <span class='ocr_line' id='line_1_10' title="bbox 344 921 1912 1007; baseline -0.012 -14"><span class='ocrx_word' id='word_1_54' title='bbox 344 936 574 1007; x_wconf 79' lang='lat' dir='ltr'><strong>amplius</strong></span> <span class='ocrx_word' id='word_1_55' title='bbox 606 935 764 990; x_wconf 79' lang='lat' dir='ltr'><strong>rexit.</strong></span> <span class='ocrx_word' id='word_1_56' title='bbox 794 931 1038 999; x_wconf 89' lang='lat' dir='ltr'><strong>Quicum</strong></span> <span class='ocrx_word' id='word_1_57' title='bbox 1066 928 1299 999; x_wconf 81' lang='lat' dir='ltr'><strong>quadam</strong></span> <span class='ocrx_word' id='word_1_58' title='bbox 1320 925 1406 978; x_wconf 85' lang='lat' dir='ltr'><strong>die</strong></span> <span class='ocrx_word' id='word_1_59' title='bbox 1431 922 1545 976; x_wconf 88' lang='lat' dir='ltr'><strong>sole</strong></span> <span class='ocrx_word' id='word_1_60' title='bbox 1566 921 1634 976; x_wconf 90' lang='lat' dir='ltr'><strong>ad</strong></span> <span class='ocrx_word' id='word_1_61' title='bbox 1658 934 1912 974; x_wconf 78' lang='lat' dir='ltr'><strong>occasum</strong></span> 
     </span>
    </p>
   </div>
   <div class='ocr_carea' id='block_1_11' title="bbox 343 1013 1915 1099">
    <p class='ocr_par' dir='ltr' id='par_1_11' title="bbox 343 1013 1915 1099">
     <span class='ocr_line' id='line_1_11' title="bbox 343 1013 1915 1099; baseline -0.01 -18"><span class='ocrx_word' id='word_1_62' title='bbox 343 1038 622 1099; x_wconf 82' lang='lat' dir='ltr'><strong>vergente,</strong></span> <span class='ocrx_word' id='word_1_63' title='bbox 682 1024 1015 1080; x_wconf 87' lang='lat' dir='ltr'><strong>acceleraret</strong></span> <span class='ocrx_word' id='word_1_64' title='bbox 1070 1035 1131 1076; x_wconf 85' lang='lat' dir='ltr'><strong>se</strong></span> <span class='ocrx_word' id='word_1_65' title='bbox 1182 1033 1280 1087; x_wconf 84' lang='lat' dir='ltr'><strong>per</strong></span> <span class='ocrx_word' id='word_1_66' title='bbox 1308 1015 1585 1070; x_wconf 86' lang='lat' dir='ltr'><strong>celebrare</strong></span> <span class='ocrx_word' id='word_1_67' title='bbox 1613 1013 1762 1084; x_wconf 66' lang='lat' dir='ltr'><strong>(lli)</strong></span> <span class='ocrx_word' id='word_1_68' title='bbox 1797 1026 1915 1066; x_wconf 85' lang='lat' dir='ltr'><strong>ves-</strong></span> 
     </span>
    </p>
   </div>
   <div class='ocr_carea' id='block_1_12' title="bbox 342 1110 1909 1191">
    <p class='ocr_par' dir='ltr' id='par_1_12' title="bbox 342 1110 1909 1191">
     <span class='ocr_line' id='line_1_12' title="bbox 342 1110 1909 1191; baseline -0.011 -16"><span class='ocrx_word' id='word_1_69' title='bbox 342 1122 610 1191; x_wconf 85' lang='lat' dir='ltr'><strong>pertinam</strong></span> <span class='ocrx_word' id='word_1_70' title='bbox 633 1122 903 1187; x_wconf 78' lang='lat' dir='ltr'><strong>synaxim,</strong></span> <span class='ocrx_word' id='word_1_71' title='bbox 934 1121 993 1166; x_wconf 93' lang='lat' dir='ltr'><strong>ut</strong></span> <span class='ocrx_word' id='word_1_72' title='bbox 1037 1125 1157 1166; x_wconf 88' lang='lat' dir='ltr'><strong>mos</strong></span> <span class='ocrx_word' id='word_1_73' title='bbox 1184 1119 1267 1165; x_wconf 87' lang='lat' dir='ltr'><strong>est</strong></span> <span class='ocrx_word' id='word_1_74' title='bbox 1290 1110 1645 1171; x_wconf 84' lang='lat' dir='ltr'><strong>rusticorum,</strong></span> <span class='ocrx_word' id='word_1_75' title='bbox 1685 1118 1909 1159; x_wconf 82' lang='lat' dir='ltr'><strong>accensa</strong></span> 
     </span>
    </p>
   </div>
   <div class='ocr_carea' id='block_1_13' title="bbox 342 1197 1913 1273">
    <p class='ocr_par' dir='ltr' id='par_1_13' title="bbox 342 1197 1913 1273">
     <span class='ocr_line' id='line_1_13' title="bbox 342 1197 1913 1273; baseline -0.011 -5"><span class='ocrx_word' id='word_1_76' title='bbox 342 1211 564 1268; x_wconf 76' lang='lat' dir='ltr'><strong>candela</strong></span> <span class='ocrx_word' id='word_1_77' title='bbox 607 1208 849 1263; x_wconf 63' lang='lat' dir='ltr'><strong>ecclesias</strong></span> <span class='ocrx_word' id='word_1_78' title='bbox 911 1204 1212 1273; x_wconf 89' lang='lat' dir='ltr'><strong>lampadem</strong></span> <span class='ocrx_word' id='word_1_79' title='bbox 1264 1200 1557 1256; x_wconf 68' lang='lat' dir='ltr'><strong>festinabat</strong></span> <span class='ocrx_word' id='word_1_80' title='bbox 1601 1198 1794 1267; x_wconf 85' lang='lat' dir='ltr'><strong>ignirc.</strong></span> <span class='ocrx_word' id='word_1_81' title='bbox 1845 1197 1913 1252; x_wconf 83' lang='lat' dir='ltr'><strong>Et</strong></span> 
     </span>
    </p>
   </div>
   <div class='ocr_carea' id='block_1_14' title="bbox 344 1287 1927 1367">
    <p class='ocr_par' dir='ltr' id='par_1_14' title="bbox 344 1287 1927 1367">
     <span class='ocr_line' id='line_1_14' title="bbox 344 1287 1927 1367; baseline -0.009 -10"><span class='ocrx_word' id='word_1_82' title='bbox 344 1314 467 1357; x_wconf 85' lang='lat' dir='ltr'><strong>cum</strong></span> <span class='ocrx_word' id='word_1_83' title='bbox 494 1300 595 1354; x_wconf 91' lang='lat' dir='ltr'><strong>olei</strong></span> <span class='ocrx_word' id='word_1_84' title='bbox 626 1300 889 1367; x_wconf 84' lang='lat' dir='ltr'><strong>liquorem</strong></span> <span class='ocrx_word' id='word_1_85' title='bbox 922 1296 976 1348; x_wconf 92' lang='lat' dir='ltr'><strong>in</strong></span> <span class='ocrx_word' id='word_1_86' title='bbox 1007 1309 1069 1348; x_wconf 91' lang='lat' dir='ltr'><strong>ea</strong></span> <span class='ocrx_word' id='word_1_87' title='bbox 1112 1293 1336 1347; x_wconf 89' lang='lat' dir='ltr'><strong>minime</strong></span> <span class='ocrx_word' id='word_1_88' title='bbox 1364 1290 1682 1356; x_wconf 69' lang='lat' dir='ltr'><strong>invenisset,</strong></span> <span class='ocrx_word' id='word_1_89' title='bbox 1713 1300 1767 1343; x_wconf 89' lang='lat' dir='ltr'><strong>et</strong></span> <span class='ocrx_word' id='word_1_90' title='bbox 1806 1287 1927 1342; x_wconf 84' lang='lat' dir='ltr'><strong>alio</strong></span> 
     </span>
    </p>
   </div>
   <div class='ocr_carea' id='block_1_15' title="bbox 343 1384 1908 1458">
    <p class='ocr_par' dir='ltr' id='par_1_15' title="bbox 343 1384 1908 1458">
     <span class='ocr_line' id='line_1_15' title="bbox 343 1384 1908 1458; baseline -0.008 -10"><span class='ocrx_word' id='word_1_91' title='bbox 343 1411 411 1458; x_wconf 73' lang='lat' dir='ltr'><strong>est</strong></span> <span class='ocrx_word' id='word_1_92' title='bbox 435 1410 503 1449; x_wconf 91' lang='lat' dir='ltr'><strong>eo</strong></span> <span class='ocrx_word' id='word_1_93' title='bbox 530 1392 749 1446; x_wconf 90' lang='lat' dir='ltr'><strong>minime</strong></span> <span class='ocrx_word' id='word_1_94' title='bbox 774 1389 1028 1449; x_wconf 76' lang='lat' dir='ltr'><strong>haberet.</strong></span> <span class='ocrx_word' id='word_1_95' title='bbox 1066 1388 1208 1440; x_wconf 88' lang='lat' dir='ltr'><strong>umie</strong></span> <span class='ocrx_word' id='word_1_96' title='bbox 1248 1401 1373 1440; x_wconf 81' lang='lat' dir='ltr'><strong>eam</strong></span> <span class='ocrx_word' id='word_1_97' title='bbox 1422 1384 1646 1441; x_wconf 85' lang='lat' dir='ltr'><strong>reticere</strong></span> <span class='ocrx_word' id='word_1_98' title='bbox 1696 1390 1908 1452; x_wconf 83' lang='lat' dir='ltr'><strong>posset,</strong></span> 
     </span>
    </p>
   </div>
   <div class='ocr_carea' id='block_1_16' title="bbox 342 1475 1909 1555">
    <p class='ocr_par' dir='ltr' id='par_1_16' title="bbox 342 1475 1909 1555">
     <span class='ocr_line' id='line_1_16' title="bbox 342 1475 1909 1555; baseline -0.007 -15"><span class='ocrx_word' id='word_1_99' title='bbox 342 1487 537 1555; x_wconf 62' lang='lat' dir='ltr'><strong>sapius</strong></span> <span class='ocrx_word' id='word_1_100' title='bbox 562 1483 870 1554; x_wconf 78' lang='lat' dir='ltr'><strong>replicando</strong></span> <span class='ocrx_word' id='word_1_101' title='bbox 895 1496 1015 1536; x_wconf 88' lang='lat' dir='ltr'><strong>eam</strong></span> <span class='ocrx_word' id='word_1_102' title='bbox 1057 1479 1266 1551; x_wconf 78' lang='lat' dir='ltr'><strong>iguivit,</strong></span> <span class='ocrx_word' id='word_1_103' title='bbox 1293 1493 1454 1548; x_wconf 87' lang='lat' dir='ltr'><strong>quam</strong></span> <span class='ocrx_word' id='word_1_104' title='bbox 1504 1490 1670 1546; x_wconf 90' lang='lat' dir='ltr'><strong>aqua,</strong></span> <span class='ocrx_word' id='word_1_105' title='bbox 1702 1489 1823 1544; x_wconf 64' lang='lat' dir='ltr'><strong>qua:</strong></span> <span class='ocrx_word' id='word_1_106' title='bbox 1855 1475 1909 1529; x_wconf 90' lang='lat' dir='ltr'><strong>in</strong></span> 
     </span>
    </p>
   </div>
   <div class='ocr_carea' id='block_1_17' title="bbox 342 1568 1623 1636">
    <p class='ocr_par' dir='ltr' id='par_1_17' title="bbox 342 1568 1623 1636">
     <span class='ocr_line' id='line_1_17' title="bbox 342 1568 1623 1636; baseline -0.009 -5"><span class='ocrx_word' id='word_1_107' title='bbox 342 1591 404 1631; x_wconf 88' lang='lat' dir='ltr'><strong>ca</strong></span> <span class='ocrx_word' id='word_1_108' title='bbox 434 1577 549 1632; x_wconf 88' lang='lat' dir='ltr'><strong>sola</strong></span> <span class='ocrx_word' id='word_1_109' title='bbox 584 1573 855 1636; x_wconf 88' lang='lat' dir='ltr'><strong>manebat,</strong></span> <span class='ocrx_word' id='word_1_110' title='bbox 881 1573 998 1626; x_wconf 91' lang='lat' dir='ltr'><strong>sine</strong></span> <span class='ocrx_word' id='word_1_111' title='bbox 1024 1585 1173 1625; x_wconf 87' lang='lat' dir='ltr'><strong>mora</strong></span> <span class='ocrx_word' id='word_1_112' title='bbox 1222 1568 1623 1636; x_wconf 77' lang='lat' dir='ltr'><strong>exstinguebat.</strong></span> 
     </span>
    </p>
   </div>
   <div class='ocr_carea' id='block_1_18' title="bbox 414 1657 1986 1756">
    <p class='ocr_par' dir='ltr' id='par_1_18' title="bbox 414 1657 1986 1756">
     <span class='ocr_line' id='line_1_18' title="bbox 414 1657 1986 1756; baseline -0.008 -32"><span class='ocrx_word' id='word_1_113' title='bbox 414 1671 533 1724; x_wconf 66' lang='lat'><strong>£27.</strong></span> <span class='ocrx_word' id='word_1_114' title='bbox 555 1669 704 1723; x_wconf 88' lang='lat' dir='ltr'><strong>Tunc</strong></span> <span class='ocrx_word' id='word_1_115' title='bbox 731 1665 1053 1756; x_wconf 84' lang='lat' dir='ltr'><strong>furibundus</strong></span> <span class='ocrx_word' id='word_1_116' title='bbox 1074 1663 1256 1756; x_wconf 83' lang='lat' dir='ltr'><strong>animo</strong></span> <span class='ocrx_word' id='word_1_117' title='bbox 1306 1660 1397 1716; x_wconf 86' lang='lat' dir='ltr'><strong>ille</strong></span> <span class='ocrx_word' id='word_1_118' title='bbox 1427 1669 1484 1715; x_wconf 89' lang='lat' dir='ltr'><strong>ut</strong></span> <span class='ocrx_word' id='word_1_119' title='bbox 1503 1667 1621 1715; x_wconf 87' lang='lat' dir='ltr'><strong>erat</strong></span> <span class='ocrx_word' id='word_1_120' title='bbox 1646 1658 1823 1756; x_wconf 77' lang='lat' dir='ltr'><strong>dixit:</strong></span> <span class='ocrx_word' id='word_1_121' title='bbox 1943 1697 1986 1756; x_wconf 73' lang='grc' dir='ltr'><strong>Β</strong></span> 
     </span>
    </p>
   </div>
   <div class='ocr_carea' id='block_1_19' title="bbox 342 1749 1914 1828">
    <p class='ocr_par' dir='ltr' id='par_1_19' title="bbox 342 1749 1914 1828">
     <span class='ocr_line' id='line_1_19' title="bbox 342 1749 1914 1828; baseline -0.007 -13"><span class='ocrx_word' id='word_1_122' title='bbox 342 1776 468 1816; x_wconf 88' lang='lat' dir='ltr'><strong>vera</strong></span> <span class='ocrx_word' id='word_1_123' title='bbox 512 1771 637 1817; x_wconf 81' lang='lat' dir='ltr'><strong>sunt</strong></span> <span class='ocrx_word' id='word_1_124' title='bbox 660 1774 779 1828; x_wconf 78' lang='lat' dir='ltr'><strong>quae</strong></span> <span class='ocrx_word' id='word_1_125' title='bbox 802 1759 868 1811; x_wconf 90' lang='lat' dir='ltr'><strong>de</strong></span> <span class='ocrx_word' id='word_1_126' title='bbox 896 1754 1172 1811; x_wconf 80' lang='lat' dir='ltr'><strong>Walberte</strong></span> <span class='ocrx_word' id='word_1_127' title='bbox 1213 1753 1420 1809; x_wconf 84' lang='lat' dir='ltr'><strong>Joanne</strong></span> <span class='ocrx_word' id='word_1_128' title='bbox 1474 1753 1704 1823; x_wconf 84' lang='lat' dir='ltr'><strong>prepriis</strong></span> <span class='ocrx_word' id='word_1_129' title='bbox 1742 1749 1914 1807; x_wconf 90' lang='lat' dir='ltr'><strong>oculis</strong></span> 
     </span>
    </p>
   </div>
   <div class='ocr_carea' id='block_1_20' title="bbox 342 1842 1911 1917">
    <p class='ocr_par' dir='ltr' id='par_1_20' title="bbox 342 1842 1911 1917">
     <span class='ocr_line' id='line_1_20' title="bbox 342 1842 1911 1917; baseline -0.006 -12"><span class='ocrx_word' id='word_1_130' title='bbox 342 1853 449 1906; x_wconf 86' lang='lat' dir='ltr'><strong>vidi</strong></span> <span class='ocrx_word' id='word_1_131' title='bbox 494 1857 548 1905; x_wconf 86' lang='lat' dir='ltr'><strong>et</strong></span> <span class='ocrx_word' id='word_1_132' title='bbox 586 1850 787 1913; x_wconf 92' lang='lat' dir='ltr'><strong>audivi,</strong></span> <span class='ocrx_word' id='word_1_133' title='bbox 812 1848 866 1902; x_wconf 92' lang='lat' dir='ltr'><strong>in</strong></span> <span class='ocrx_word' id='word_1_134' title='bbox 903 1846 1073 1917; x_wconf 86' lang='lat' dir='ltr'><strong>ipsius</strong></span> <span class='ocrx_word' id='word_1_135' title='bbox 1124 1846 1344 1900; x_wconf 83' lang='lat' dir='ltr'><strong>nomine</strong></span> <span class='ocrx_word' id='word_1_136' title='bbox 1387 1844 1642 1915; x_wconf 64' lang='lat' dir='ltr'><strong>pracipio</strong></span> <span class='ocrx_word' id='word_1_137' title='bbox 1680 1842 1775 1898; x_wconf 88' lang='lat' dir='ltr'><strong>tibi</strong></span> <span class='ocrx_word' id='word_1_138' title='bbox 1832 1852 1911 1909; x_wconf 91' lang='lat' dir='ltr'><strong>ut,</strong></span> 
     </span>
    </p>
   </div>
   <div class='ocr_carea' id='block_1_21' title="bbox 341 1936 1913 2008">
    <p class='ocr_par' dir='ltr' id='par_1_21' title="bbox 341 1936 1913 2008">
     <span class='ocr_line' id='line_1_21' title="bbox 341 1936 1913 2008; baseline -0.006 -9"><span class='ocrx_word' id='word_1_139' title='bbox 341 1944 592 1999; x_wconf 68' lang='lat' dir='ltr'><strong>celeriter</strong></span> <span class='ocrx_word' id='word_1_140' title='bbox 612 1955 860 2007; x_wconf 64' lang='lat' dir='ltr'><strong>aceensa,</strong></span> <span class='ocrx_word' id='word_1_141' title='bbox 894 1940 1185 1994; x_wconf 80' lang='lat' dir='ltr'><strong>inextincta</strong></span> <span class='ocrx_word' id='word_1_142' title='bbox 1229 1952 1566 2008; x_wconf 80' lang='lat' dir='ltr'><strong>permaneas.</strong></span> <span class='ocrx_word' id='word_1_143' title='bbox 1618 1936 1750 2004; x_wconf 68' lang='lat' dir='ltr'><strong>Quae</strong></span> <span class='ocrx_word' id='word_1_144' title='bbox 1790 1950 1913 1991; x_wconf 88' lang='lat' dir='ltr'><strong>eum</strong></span> 
     </span>
    </p>
   </div>
   <div class='ocr_carea' id='block_1_22' title="bbox 345 2031 1913 2102">
    <p class='ocr_par' dir='ltr' id='par_1_22' title="bbox 345 2031 1913 2102">
     <span class='ocr_line' id='line_1_22' title="bbox 345 2031 1913 2102; baseline -0.003 -12"><span class='ocrx_word' id='word_1_145' title='bbox 345 2046 491 2090; x_wconf 80' lang='lat' dir='ltr'><strong>tanta</strong></span> <span class='ocrx_word' id='word_1_146' title='bbox 521 2035 805 2090; x_wconf 81' lang='lat' dir='ltr'><strong>velocitate</strong></span> <span class='ocrx_word' id='word_1_147' title='bbox 832 2043 916 2089; x_wconf 89' lang='lat' dir='ltr'><strong>est</strong></span> <span class='ocrx_word' id='word_1_148' title='bbox 946 2047 1170 2089; x_wconf 89' lang='lat' dir='ltr'><strong>accensa</strong></span> <span class='ocrx_word' id='word_1_149' title='bbox 1196 2048 1258 2088; x_wconf 89' lang='lat' dir='ltr'><strong>ac</strong></span> <span class='ocrx_word' id='word_1_150' title='bbox 1285 2033 1328 2086; x_wconf 89' lang='lat' dir='ltr'><strong>si</strong></span> <span class='ocrx_word' id='word_1_151' title='bbox 1370 2032 1626 2086; x_wconf 90' lang='lat' dir='ltr'><strong>divinitus</strong></span> <span class='ocrx_word' id='word_1_152' title='bbox 1654 2032 1703 2087; x_wconf 88' lang='lat' dir='ltr'><strong>ei</strong></span> <span class='ocrx_word' id='word_1_153' title='bbox 1752 2031 1913 2102; x_wconf 88' lang='lat' dir='ltr'><strong>impc-</strong></span> 
     </span>
    </p>
   </div>
   <div class='ocr_carea' id='block_1_23' title="bbox 344 2122 1912 2194">
    <p class='ocr_par' dir='ltr' id='par_1_23' title="bbox 344 2122 1912 2194">
     <span class='ocr_line' id='line_1_23' title="bbox 344 2122 1912 2194; baseline -0.004 -13"><span class='ocrx_word' id='word_1_154' title='bbox 344 2139 519 2182; x_wconf 85' lang='lat' dir='ltr'><strong>ratum</strong></span> <span class='ocrx_word' id='word_1_155' title='bbox 566 2125 774 2182; x_wconf 76' lang='lat' dir='ltr'><strong>fuisset.</strong></span> <span class='ocrx_word' id='word_1_156' title='bbox 818 2122 885 2182; x_wconf 81' lang='lat' dir='ltr'><strong>Et</strong></span> <span class='ocrx_word' id='word_1_157' title='bbox 940 2123 1319 2180; x_wconf 79' lang='lat' dir='ltr'><strong>tuuedeulum</strong></span> <span class='ocrx_word' id='word_1_158' title='bbox 1373 2130 1541 2194; x_wconf 80' lang='lat' dir='ltr'><strong>usque</strong></span> <span class='ocrx_word' id='word_1_159' title='bbox 1592 2137 1750 2177; x_wconf 89' lang='lat' dir='ltr'><strong>mane</strong></span> <span class='ocrx_word' id='word_1_160' title='bbox 1804 2130 1912 2175; x_wconf 89' lang='lat' dir='ltr'><strong>tam</strong></span> 
     </span>
    </p>
   </div>
   <div class='ocr_carea' id='block_1_24' title="bbox 341 2214 1908 2289">
    <p class='ocr_par' dir='ltr' id='par_1_24' title="bbox 341 2214 1908 2289">
     <span class='ocr_line' id='line_1_24' title="bbox 341 2214 1908 2289; baseline -0.005 -15"><span class='ocrx_word' id='word_1_161' title='bbox 341 2222 488 2275; x_wconf 89' lang='lat' dir='ltr'><strong>clare</strong></span> <span class='ocrx_word' id='word_1_162' title='bbox 517 2220 673 2284; x_wconf 84' lang='lat' dir='ltr'><strong>arsit,</strong></span> <span class='ocrx_word' id='word_1_163' title='bbox 702 2218 846 2274; x_wconf 86' lang='lat' dir='ltr'><strong>velut</strong></span> <span class='ocrx_word' id='word_1_164' title='bbox 869 2218 934 2272; x_wconf 82' lang='lat' dir='ltr'><strong>ex</strong></span> <span class='ocrx_word' id='word_1_165' title='bbox 982 2218 1268 2289; x_wconf 85' lang='lat' dir='ltr'><strong>purissimo</strong></span> <span class='ocrx_word' id='word_1_166' title='bbox 1297 2216 1416 2270; x_wconf 86' lang='lat' dir='ltr'><strong>oleo</strong></span> <span class='ocrx_word' id='word_1_167' title='bbox 1447 2215 1649 2285; x_wconf 89' lang='lat' dir='ltr'><strong>repleta</strong></span> <span class='ocrx_word' id='word_1_168' title='bbox 1698 2214 1908 2268; x_wconf 86' lang='lat' dir='ltr'><strong>fuisset.</strong></span> 
     </span>
    </p>
   </div>
   <div class='ocr_carea' id='block_1_25' title="bbox 339 2307 1909 2383">
    <p class='ocr_par' dir='ltr' id='par_1_25' title="bbox 339 2307 1909 2383">
     <span class='ocr_line' id='line_1_25' title="bbox 339 2307 1909 2383; baseline -0.003 -19"><span class='ocrx_word' id='word_1_169' title='bbox 339 2310 435 2366; x_wconf 81' lang='lat' dir='ltr'><strong>ille</strong></span> <span class='ocrx_word' id='word_1_170' title='bbox 459 2312 548 2382; x_wconf 90' lang='lat' dir='ltr'><strong>qui</strong></span> <span class='ocrx_word' id='word_1_171' title='bbox 573 2313 758 2383; x_wconf 89' lang='lat' dir='ltr'><strong>gessit,</strong></span> <span class='ocrx_word' id='word_1_172' title='bbox 793 2312 950 2366; x_wconf 91' lang='lat' dir='ltr'><strong>nobis</strong></span> <span class='ocrx_word' id='word_1_173' title='bbox 980 2311 1243 2376; x_wconf 87' lang='lat' dir='ltr'><strong>scribens,</strong></span> <span class='ocrx_word' id='word_1_174' title='bbox 1300 2311 1414 2365; x_wconf 66' lang='lat' dir='ltr'><strong>hinc</strong></span> <span class='ocrx_word' id='word_1_175' title='bbox 1452 2307 1705 2363; x_wconf 77' lang='lat' dir='ltr'><strong>dictando</strong></span> <span class='ocrx_word' id='word_1_176' title='bbox 1754 2324 1909 2361; x_wconf 84' lang='lat' dir='ltr'><strong>man-</strong></span> 
     </span>
    </p>
   </div>
   <div class='ocr_carea' id='block_1_26' title="bbox 343 2398 1910 2473">
    <p class='ocr_par' dir='ltr' id='par_1_26' title="bbox 343 2398 1910 2473">
     <span class='ocr_line' id='line_1_26' title="bbox 343 2398 1910 2473; baseline -0.004 -15"><span class='ocrx_word' id='word_1_177' title='bbox 343 2404 512 2459; x_wconf 84' lang='lat' dir='ltr'><strong>davit.</strong></span> <span class='ocrx_word' id='word_1_178' title='bbox 576 2404 715 2458; x_wconf 81' lang='lat' dir='ltr'><strong>Ante</strong></span> <span class='ocrx_word' id='word_1_179' title='bbox 759 2402 1102 2473; x_wconf 81' lang='lat' dir='ltr'><strong>sepulchrum</strong></span> <span class='ocrx_word' id='word_1_180' title='bbox 1141 2402 1338 2472; x_wconf 85' lang='lat' dir='ltr'><strong>quippe</strong></span> <span class='ocrx_word' id='word_1_181' title='bbox 1401 2399 1519 2469; x_wconf 87' lang='lat' dir='ltr'><strong>ejus</strong></span> <span class='ocrx_word' id='word_1_182' title='bbox 1569 2412 1695 2455; x_wconf 91' lang='lat' dir='ltr'><strong>tunc</strong></span> <span class='ocrx_word' id='word_1_183' title='bbox 1746 2398 1910 2468; x_wconf 85' lang='lat' dir='ltr'><strong>priori</strong></span> 
     </span>
    </p>
   </div>
   <div class='ocr_carea' id='block_1_27' title="bbox 342 2491 1911 2565">
    <p class='ocr_par' dir='ltr' id='par_1_27' title="bbox 342 2491 1911 2565">
     <span class='ocr_line' id='line_1_27' title="bbox 342 2491 1911 2565; baseline -0.003 -18"><span class='ocrx_word' id='word_1_184' title='bbox 342 2502 587 2565; x_wconf 87' lang='lat' dir='ltr'><strong>tempore</strong></span> <span class='ocrx_word' id='word_1_185' title='bbox 641 2494 845 2565; x_wconf 85' lang='lat' dir='ltr'><strong>lampas</strong></span> <span class='ocrx_word' id='word_1_186' title='bbox 892 2510 997 2548; x_wconf 88' lang='lat' dir='ltr'><strong>una</strong></span> <span class='ocrx_word' id='word_1_187' title='bbox 1059 2493 1370 2554; x_wconf 86' lang='lat' dir='ltr'><strong>constituta,</strong></span> <span class='ocrx_word' id='word_1_188' title='bbox 1423 2501 1478 2547; x_wconf 91' lang='lat' dir='ltr'><strong>ct</strong></span> <span class='ocrx_word' id='word_1_189' title='bbox 1539 2491 1591 2545; x_wconf 89' lang='lat' dir='ltr'><strong>in</strong></span> <span class='ocrx_word' id='word_1_190' title='bbox 1635 2491 1911 2545; x_wconf 87' lang='lat' dir='ltr'><strong>nocturnis</strong></span> 
     </span>
    </p>
   </div>
   <div class='ocr_carea' id='block_1_28' title="bbox 341 2583 1906 2656">
    <p class='ocr_par' dir='ltr' id='par_1_28' title="bbox 341 2583 1906 2656">
     <span class='ocr_line' id='line_1_28' title="bbox 341 2583 1906 2656; baseline -0.001 -17"><span class='ocrx_word' id='word_1_191' title='bbox 341 2586 675 2656; x_wconf 83' lang='lat' dir='ltr'><strong>temporibus</strong></span> <span class='ocrx_word' id='word_1_192' title='bbox 696 2587 1033 2642; x_wconf 87' lang='lat' dir='ltr'><strong>accendenda</strong></span> <span class='ocrx_word' id='word_1_193' title='bbox 1056 2601 1152 2655; x_wconf 88' lang='lat' dir='ltr'><strong>per</strong></span> <span class='ocrx_word' id='word_1_194' title='bbox 1174 2586 1367 2641; x_wconf 88' lang='lat' dir='ltr'><strong>multos</strong></span> <span class='ocrx_word' id='word_1_195' title='bbox 1389 2596 1559 2640; x_wconf 84' lang='lat' dir='ltr'><strong>annos</strong></span> <span class='ocrx_word' id='word_1_196' title='bbox 1583 2583 1906 2654; x_wconf 84' lang='lat' dir='ltr'><strong>permansit;</strong></span> 
     </span>
    </p>
   </div>
   <div class='ocr_carea' id='block_1_29' title="bbox 339 2674 1910 2749">
    <p class='ocr_par' dir='ltr' id='par_1_29' title="bbox 339 2674 1910 2749">
     <span class='ocr_line' id='line_1_29' title="bbox 339 2674 1910 2749; baseline -0.003 -18"><span class='ocrx_word' id='word_1_197' title='bbox 339 2694 503 2748; x_wconf 85' lang='lat' dir='ltr'><strong>quam</strong></span> <span class='ocrx_word' id='word_1_198' title='bbox 525 2693 669 2749; x_wconf 81' lang='lat' dir='ltr'><strong>sa-pe</strong></span> <span class='ocrx_word' id='word_1_199' title='bbox 713 2679 766 2733; x_wconf 91' lang='lat' dir='ltr'><strong>in</strong></span> <span class='ocrx_word' id='word_1_200' title='bbox 809 2689 1008 2734; x_wconf 85' lang='lat' dir='ltr'><strong>terram</strong></span> <span class='ocrx_word' id='word_1_201' title='bbox 1040 2679 1331 2742; x_wconf 88' lang='lat' dir='ltr'><strong>corruisse,</strong></span> <span class='ocrx_word' id='word_1_202' title='bbox 1356 2686 1409 2732; x_wconf 87' lang='lat' dir='ltr'><strong>et</strong></span> <span class='ocrx_word' id='word_1_203' title='bbox 1457 2691 1669 2746; x_wconf 85' lang='lat' dir='ltr'><strong>semper</strong></span> <span class='ocrx_word' id='word_1_204' title='bbox 1694 2674 1910 2729; x_wconf 70' lang='lat' dir='ltr'><strong>illresam</strong></span> 
     </span>
    </p>
   </div>
   <div class='ocr_carea' id='block_1_30' title="bbox 342 2767 1765 2840">
    <p class='ocr_par' dir='ltr' id='par_1_30' title="bbox 342 2767 1765 2840">
     <span class='ocr_line' id='line_1_30' title="bbox 342 2767 1765 2840; baseline -0.003 -16"><span class='ocrx_word' id='word_1_205' title='bbox 342 2770 724 2839; x_wconf 80' lang='lat' dir='ltr'><strong>permansisse,</strong></span> <span class='ocrx_word' id='word_1_206' title='bbox 748 2786 853 2837; x_wconf 91' lang='lat' dir='ltr'><strong>me,</strong></span> <span class='ocrx_word' id='word_1_207' title='bbox 890 2770 982 2840; x_wconf 87' lang='lat' dir='ltr'><strong>qui</strong></span> <span class='ocrx_word' id='word_1_208' title='bbox 1018 2769 1216 2834; x_wconf 90' lang='lat' dir='ltr'><strong>scribo,</strong></span> <span class='ocrx_word' id='word_1_209' title='bbox 1268 2770 1465 2824; x_wconf 87' lang='lat' dir='ltr'><strong>vidisse</strong></span> <span class='ocrx_word' id='word_1_210' title='bbox 1492 2767 1765 2837; x_wconf 83' lang='lat' dir='ltr'><strong>profiteor.</strong></span> 
     </span>
    </p>
   </div>
   <div class='ocr_carea' id='block_1_31' title="bbox 412 2857 1912 2932">
    <p class='ocr_par' dir='ltr' id='par_1_31' title="bbox 412 2857 1912 2932">
     <span class='ocr_line' id='line_1_31' title="bbox 412 2857 1912 2932; baseline -0.003 -15"><span class='ocrx_word' id='word_1_211' title='bbox 412 2859 537 2917; x_wconf 67' lang='lat'><strong>1.28.</strong></span> <span class='ocrx_word' id='word_1_212' title='bbox 563 2861 792 2927; x_wconf 87' lang='lat' dir='ltr'><strong>Quidam</strong></span> <span class='ocrx_word' id='word_1_213' title='bbox 841 2876 1050 2932; x_wconf 77' lang='lat' dir='ltr'><strong>magna:</strong></span> <span class='ocrx_word' id='word_1_214' title='bbox 1098 2861 1461 2931; x_wconf 84' lang='lat' dir='ltr'><strong>simplicitatis</strong></span> <span class='ocrx_word' id='word_1_215' title='bbox 1510 2869 1571 2915; x_wconf 76' lang='lat' dir='ltr'><strong>et</strong></span> <span class='ocrx_word' id='word_1_216' title='bbox 1595 2857 1912 2914; x_wconf 71' lang='lat' dir='ltr'><strong>obedientize</strong></span> 
     </span>
    </p>
   </div>
   <div class='ocr_carea' id='block_1_32' title="bbox 342 2951 1912 3024">
    <p class='ocr_par' dir='ltr' id='par_1_32' title="bbox 342 2951 1912 3024">
     <span class='ocr_line' id='line_1_32' title="bbox 342 2951 1912 3024; baseline 0.002 -21"><span class='ocrx_word' id='word_1_217' title='bbox 342 2951 428 3013; x_wconf 86' lang='lat' dir='ltr'><strong>vir</strong></span> <span class='ocrx_word' id='word_1_218' title='bbox 459 2952 526 3007; x_wconf 90' lang='lat' dir='ltr'><strong>ad</strong></span> <span class='ocrx_word' id='word_1_219' title='bbox 548 2955 838 3022; x_wconf 79' lang='lat' dir='ltr'><strong>quamdam</strong></span> <span class='ocrx_word' id='word_1_220' title='bbox 887 2954 1344 3009; x_wconf 85' lang='lat' dir='ltr'><strong>obeditiunculatn</strong></span> <span class='ocrx_word' id='word_1_221' title='bbox 1390 2954 1537 3024; x_wconf 76' lang='lat'><strong>(1-13)</strong></span> <span class='ocrx_word' id='word_1_222' title='bbox 1570 2955 1634 3008; x_wconf 85' lang='lat' dir='ltr'><strong>de</strong></span> <span class='ocrx_word' id='word_1_223' title='bbox 1687 2952 1912 3020; x_wconf 66' lang='lat' dir='ltr'><strong>prmfato</strong></span> 
     </span>
    </p>
   </div>
   <div class='ocr_carea' id='block_1_33' title="bbox 2018 445 3587 517">
    <p class='ocr_par' dir='ltr' id='par_1_33' title="bbox 2018 445 3587 517">
     <span class='ocr_line' id='line_1_33' title="bbox 2018 445 3587 517; baseline 0.001 -17"><span class='ocrx_word' id='word_1_224' title='bbox 2018 448 2110 503; x_wconf 89' lang='lat' dir='ltr'><strong>tibi</strong></span> <span class='ocrx_word' id='word_1_225' title='bbox 2136 455 2191 501; x_wconf 87' lang='lat' dir='ltr'><strong>ct</strong></span> <span class='ocrx_word' id='word_1_226' title='bbox 2218 447 2303 503; x_wconf 86' lang='lat' dir='ltr'><strong>ovi</strong></span> <span class='ocrx_word' id='word_1_227' title='bbox 2332 446 2590 517; x_wconf 83' lang='lat' dir='ltr'><strong>alterius?</strong></span> <span class='ocrx_word' id='word_1_228' title='bbox 2641 445 2902 516; x_wconf 75' lang='lat' dir='ltr'><strong>Prtccipio</strong></span> <span class='ocrx_word' id='word_1_229' title='bbox 2952 445 3046 500; x_wconf 90' lang='lat' dir='ltr'><strong>tibi</strong></span> <span class='ocrx_word' id='word_1_230' title='bbox 3098 446 3281 515; x_wconf 85' lang='lat' dir='ltr'><strong>itaque</strong></span> <span class='ocrx_word' id='word_1_231' title='bbox 3329 462 3399 502; x_wconf 73' lang='lat' dir='ltr'><strong>ex</strong></span> <span class='ocrx_word' id='word_1_232' title='bbox 3435 456 3587 517; x_wconf 78' lang='lat' dir='ltr'><strong>parte</strong></span> 
     </span>
    </p>
   </div>
   <div class='ocr_carea' id='block_1_34' title="bbox 2014 534 3582 613">
    <p class='ocr_par' dir='ltr' id='par_1_34' title="bbox 2014 534 3582 613">
     <span class='ocr_line' id='line_1_34' title="bbox 2014 534 3582 613; baseline 0.001 -22"><span class='ocrx_word' id='word_1_233' title='bbox 2014 537 2194 591; x_wconf 61' lang='lat' dir='ltr'><strong>damni</strong></span> <span class='ocrx_word' id='word_1_234' title='bbox 2220 534 2443 590; x_wconf 78' lang='lat' dir='ltr'><strong>Joannis</strong></span> <span class='ocrx_word' id='word_1_235' title='bbox 2482 535 2696 591; x_wconf 82' lang='lat' dir='ltr'><strong>abbatis</strong></span> <span class='ocrx_word' id='word_1_236' title='bbox 2722 534 2967 605; x_wconf 81' lang='lat' dir='ltr'><strong>majoris,</strong></span> <span class='ocrx_word' id='word_1_237' title='bbox 2988 546 3047 590; x_wconf 87' lang='lat' dir='ltr'><strong>ut</strong></span> <span class='ocrx_word' id='word_1_238' title='bbox 3092 536 3278 613; x_wconf 85' lang='lat' dir='ltr'><strong>statim</strong></span> <span class='ocrx_word' id='word_1_239' title='bbox 3310 536 3582 592; x_wconf 82' lang='lat' dir='ltr'><strong>abstracta</strong></span> 
     </span>
    </p>
   </div>
   <div class='ocr_carea' id='block_1_35' title="bbox 2012 628 3588 701">
    <p class='ocr_par' dir='ltr' id='par_1_35' title="bbox 2012 628 3588 701">
     <span class='ocr_line' id='line_1_35' title="bbox 2012 628 3588 701; baseline 0.003 -18"><span class='ocrx_word' id='word_1_240' title='bbox 2012 631 2081 683; x_wconf 83' lang='lat' dir='ltr'><strong>ab</strong></span> <span class='ocrx_word' id='word_1_241' title='bbox 2111 645 2173 682; x_wconf 85' lang='lat' dir='ltr'><strong>ea</strong></span> <span class='ocrx_word' id='word_1_242' title='bbox 2214 628 2376 699; x_wconf 86' lang='lat' dir='ltr'><strong>pelle,</strong></span> <span class='ocrx_word' id='word_1_243' title='bbox 2414 636 2470 681; x_wconf 89' lang='lat' dir='ltr'><strong>et</strong></span> <span class='ocrx_word' id='word_1_244' title='bbox 2518 628 2614 682; x_wconf 89' lang='lat' dir='ltr'><strong>tibi</strong></span> <span class='ocrx_word' id='word_1_245' title='bbox 2665 644 2733 683; x_wconf 81' lang='lat' dir='ltr'><strong>ex</strong></span> <span class='ocrx_word' id='word_1_246' title='bbox 2768 629 2984 701; x_wconf 82' lang='lat' dir='ltr'><strong>integro</strong></span> <span class='ocrx_word' id='word_1_247' title='bbox 3035 638 3347 700; x_wconf 81' lang='lat' dir='ltr'><strong>legumento</strong></span> <span class='ocrx_word' id='word_1_248' title='bbox 3388 632 3588 689; x_wconf 83' lang='lat' dir='ltr'><strong>cervici</strong></span> 
     </span>
    </p>
   </div>
   <div class='ocr_carea' id='block_1_36' title="bbox 2014 720 3586 794">
    <p class='ocr_par' dir='ltr' id='par_1_36' title="bbox 2014 720 3586 794">
     <span class='ocr_line' id='line_1_36' title="bbox 2014 720 3586 794; baseline 0.003 -17"><span class='ocrx_word' id='word_1_249' title='bbox 2014 723 2368 791; x_wconf 65' lang='grc' dir='ltr'><strong>θυμω-βοείη,</strong></span> <span class='ocrx_word' id='word_1_250' title='bbox 2408 720 2476 777; x_wconf 87' lang='lat' dir='ltr'><strong>ad</strong></span> <span class='ocrx_word' id='word_1_251' title='bbox 2524 720 2700 777; x_wconf 89' lang='lat' dir='ltr'><strong>locum</strong></span> <span class='ocrx_word' id='word_1_252' title='bbox 2731 723 2873 778; x_wconf 86' lang='lat' dir='ltr'><strong>unde</strong></span> <span class='ocrx_word' id='word_1_253' title='bbox 2904 722 3104 781; x_wconf 88' lang='lat' dir='ltr'><strong>tulistis</strong></span> <span class='ocrx_word' id='word_1_254' title='bbox 3140 726 3461 794; x_wconf 76' lang='lat' dir='ltr'><strong>quantocius</strong></span> <span class='ocrx_word' id='word_1_255' title='bbox 3487 727 3586 782; x_wconf 78' lang='lat' dir='ltr'><strong>dc-</strong></span> 
     </span>
    </p>
   </div>
   <div class='ocr_carea' id='block_1_37' title="bbox 2012 812 2177 870">
    <p class='ocr_par' dir='ltr' id='par_1_37' title="bbox 2012 812 2177 870">
     <span class='ocr_line' id='line_1_37' title="bbox 2012 812 2177 870; baseline -0.012 -2"><span class='ocrx_word' id='word_1_256' title='bbox 2012 812 2177 870; x_wconf 79' lang='lat' dir='ltr'><strong>feras.</strong></span> 
     </span>
    </p>
   </div>
   <div class='ocr_carea' id='block_1_38' title="bbox 2084 928 3617 1009">
    <p class='ocr_par' dir='ltr' id='par_1_38' title="bbox 2084 928 3617 1009">
     <span class='ocr_line' id='line_1_38' title="bbox 2084 928 3617 1009; baseline 0.002 -26"><span class='ocrx_word' id='word_1_257' title='bbox 2084 928 2205 983; x_wconf 70' lang='grc'><strong>150.</strong></span> <span class='ocrx_word' id='word_1_258' title='bbox 2229 928 2299 982; x_wconf 83' lang='lat' dir='ltr'><strong>At</strong></span> <span class='ocrx_word' id='word_1_259' title='bbox 2330 928 2419 983; x_wconf 86' lang='lat' dir='ltr'><strong>ille</strong></span> <span class='ocrx_word' id='word_1_260' title='bbox 2442 928 2560 996; x_wconf 80' lang='lat' dir='ltr'><strong>sine</strong></span> <span class='ocrx_word' id='word_1_261' title='bbox 2599 931 2947 985; x_wconf 69' lang='lat' dir='ltr'><strong>crmctatione</strong></span> <span class='ocrx_word' id='word_1_262' title='bbox 2972 946 3097 987; x_wconf 78' lang='lat' dir='ltr'><strong>mox</strong></span> <span class='ocrx_word' id='word_1_263' title='bbox 3121 934 3303 989; x_wconf 88' lang='lat' dir='ltr'><strong>omnia</strong></span> <span class='ocrx_word' id='word_1_264' title='bbox 3344 936 3583 1009; x_wconf 70' lang='lat' dir='ltr'><strong>peregit;</strong></span> <span class='ocrx_word' id='word_1_265' title='bbox 3612 954 3617 961; x_wconf 83' lang='lat'><strong><em>-</em></strong></span> 
     </span>
    </p>
   </div>
   <div class='ocr_carea' id='block_1_39' title="bbox 2012 1019 3615 1090">
    <p class='ocr_par' dir='ltr' id='par_1_39' title="bbox 2012 1019 3615 1090">
     <span class='ocr_line' id='line_1_39' title="bbox 2012 1019 3615 1090; baseline 0.007 -19"><span class='ocrx_word' id='word_1_266' title='bbox 2012 1026 2066 1071; x_wconf 91' lang='lat' dir='ltr'><strong>ct</strong></span> <span class='ocrx_word' id='word_1_267' title='bbox 2089 1019 2193 1075; x_wconf 88' lang='lat' dir='ltr'><strong>iter</strong></span> <span class='ocrx_word' id='word_1_268' title='bbox 2212 1034 2528 1089; x_wconf 71' lang='lat' dir='ltr'><strong>aggressus;</strong></span> <span class='ocrx_word' id='word_1_269' title='bbox 2569 1019 2866 1090; x_wconf 79' lang='lat' dir='ltr'><strong>EpiscOpus</strong></span> <span class='ocrx_word' id='word_1_270' title='bbox 2892 1021 3130 1078; x_wconf 69' lang='lat' dir='ltr'><strong>Aretinm</strong></span> <span class='ocrx_word' id='word_1_271' title='bbox 3184 1026 3422 1080; x_wconf 84' lang='lat' dir='ltr'><strong>civitatis</strong></span> <span class='ocrx_word' id='word_1_272' title='bbox 3461 1041 3615 1082; x_wconf 74' lang='lat' dir='ltr'><strong>enitr</strong></span> 
     </span>
    </p>
   </div>
   <div class='ocr_carea' id='block_1_40' title="bbox 2014 1111 3615 1182">
    <p class='ocr_par' dir='ltr' id='par_1_40' title="bbox 2014 1111 3615 1182">
     <span class='ocr_line' id='line_1_40' title="bbox 2014 1111 3615 1182; baseline 0.007 -18"><span class='ocrx_word' id='word_1_273' title='bbox 2014 1111 2182 1165; x_wconf 89' lang='lat' dir='ltr'><strong>multo</strong></span> <span class='ocrx_word' id='word_1_274' title='bbox 2210 1111 2312 1165; x_wconf 88' lang='lat' dir='ltr'><strong>sibi</strong></span> <span class='ocrx_word' id='word_1_275' title='bbox 2352 1112 2652 1167; x_wconf 85' lang='lat' dir='ltr'><strong>comitante</strong></span> <span class='ocrx_word' id='word_1_276' title='bbox 2708 1114 2976 1182; x_wconf 84' lang='lat' dir='ltr'><strong>equitatu,</strong></span> <span class='ocrx_word' id='word_1_277' title='bbox 3042 1114 3096 1169; x_wconf 89' lang='lat' dir='ltr'><strong>in</strong></span> <span class='ocrx_word' id='word_1_278' title='bbox 3175 1116 3372 1174; x_wconf 87' lang='lat' dir='ltr'><strong>itinere</strong></span> <span class='ocrx_word' id='word_1_279' title='bbox 3404 1119 3615 1174; x_wconf 57' lang='lat' dir='ltr'><strong>incurv</strong></span> 
     </span>
    </p>
   </div>
   <div class='ocr_carea' id='block_1_41' title="bbox 2013 1200 3588 1271">
    <p class='ocr_par' dir='ltr' id='par_1_41' title="bbox 2013 1200 3588 1271">
     <span class='ocr_line' id='line_1_41' title="bbox 2013 1200 3588 1271; baseline 0.008 -17"><span class='ocrx_word' id='word_1_280' title='bbox 2013 1202 2103 1254; x_wconf 89' lang='lat' dir='ltr'><strong>rit.</strong></span> <span class='ocrx_word' id='word_1_281' title='bbox 2134 1200 2233 1267; x_wconf 90' lang='lat' dir='ltr'><strong>Qui</strong></span> <span class='ocrx_word' id='word_1_282' title='bbox 2259 1217 2449 1257; x_wconf 87' lang='lat' dir='ltr'><strong>omnes</strong></span> <span class='ocrx_word' id='word_1_283' title='bbox 2476 1203 2529 1256; x_wconf 89' lang='lat' dir='ltr'><strong>in</strong></span> <span class='ocrx_word' id='word_1_284' title='bbox 2556 1218 2750 1271; x_wconf 85' lang='lat' dir='ltr'><strong>magna</strong></span> <span class='ocrx_word' id='word_1_285' title='bbox 2780 1204 2942 1258; x_wconf 91' lang='lat' dir='ltr'><strong>nimis</strong></span> <span class='ocrx_word' id='word_1_286' title='bbox 2965 1205 3325 1271; x_wconf 78' lang='lat' dir='ltr'><strong>admiratione</strong></span> <span class='ocrx_word' id='word_1_287' title='bbox 3354 1223 3588 1266; x_wconf 84' lang='lat' dir='ltr'><strong>conver-</strong></span> 
     </span>
    </p>
   </div>
   <div class='ocr_carea' id='block_1_42' title="bbox 2012 1292 3590 1368">
    <p class='ocr_par' dir='ltr' id='par_1_42' title="bbox 2012 1292 3590 1368">
     <span class='ocr_line' id='line_1_42' title="bbox 2012 1292 3590 1368; baseline 0.008 -23"><span class='ocrx_word' id='word_1_288' title='bbox 2012 1292 2078 1355; x_wconf 90' lang='lat' dir='ltr'><strong>si,</strong></span> <span class='ocrx_word' id='word_1_289' title='bbox 2110 1293 2443 1364; x_wconf 86' lang='lat' dir='ltr'><strong>iuterrogare</strong></span> <span class='ocrx_word' id='word_1_290' title='bbox 2489 1310 2611 1348; x_wconf 88' lang='lat' dir='ltr'><strong>eum</strong></span> <span class='ocrx_word' id='word_1_291' title='bbox 2664 1305 2945 1366; x_wconf 68' lang='lat' dir='ltr'><strong>coeperunt</strong></span> <span class='ocrx_word' id='word_1_292' title='bbox 2975 1298 3265 1354; x_wconf 86' lang='lat' dir='ltr'><strong>dicentes:</strong></span> <span class='ocrx_word' id='word_1_293' title='bbox 3318 1301 3455 1368; x_wconf 87' lang='lat' dir='ltr'><strong>QuiJ</strong></span> <span class='ocrx_word' id='word_1_294' title='bbox 3503 1314 3590 1360; x_wconf 89' lang='lat' dir='ltr'><strong>est</strong></span> 
     </span>
    </p>
   </div>
   <div class='ocr_carea' id='block_1_43' title="bbox 2012 1383 3587 1456">
    <p class='ocr_par' dir='ltr' id='par_1_43' title="bbox 2012 1383 3587 1456">
     <span class='ocr_line' id='line_1_43' title="bbox 2012 1383 3587 1456; baseline 0.011 -19"><span class='ocrx_word' id='word_1_295' title='bbox 2012 1383 2149 1438; x_wconf 82' lang='lat' dir='ltr'><strong>hoc?</strong></span> <span class='ocrx_word' id='word_1_296' title='bbox 2176 1383 2285 1438; x_wconf 86' lang='lat' dir='ltr'><strong>Cur</strong></span> <span class='ocrx_word' id='word_1_297' title='bbox 2308 1385 2411 1440; x_wconf 88' lang='lat' dir='ltr'><strong>hoc</strong></span> <span class='ocrx_word' id='word_1_298' title='bbox 2446 1387 2602 1456; x_wconf 84' lang='lat' dir='ltr'><strong>agis?</strong></span> <span class='ocrx_word' id='word_1_299' title='bbox 2638 1387 2841 1443; x_wconf 83' lang='lat' dir='ltr'><strong>Tamen</strong></span> <span class='ocrx_word' id='word_1_300' title='bbox 2873 1386 3281 1447; x_wconf 65' lang='lat' dir='ltr'><strong>aestimaverunt</strong></span> <span class='ocrx_word' id='word_1_301' title='bbox 3310 1411 3431 1450; x_wconf 90' lang='lat' dir='ltr'><strong>eum</strong></span> <span class='ocrx_word' id='word_1_302' title='bbox 3462 1412 3587 1453; x_wconf 82' lang='lat' dir='ltr'><strong>esse</strong></span> 
     </span>
    </p>
   </div>
   <div class='ocr_carea' id='block_1_44' title="bbox 2012 1475 3582 1558">
    <p class='ocr_par' dir='ltr' id='par_1_44' title="bbox 2012 1475 3582 1558">
     <span class='ocr_line' id='line_1_44' title="bbox 2012 1475 3582 1558; baseline 0.013 -33"><span class='ocrx_word' id='word_1_303' title='bbox 2012 1484 2299 1529; x_wconf 87' lang='lat' dir='ltr'><strong>amentem.</strong></span> <span class='ocrx_word' id='word_1_304' title='bbox 2329 1475 2596 1531; x_wconf 84' lang='lat' dir='ltr'><strong>Nimirum</strong></span> <span class='ocrx_word' id='word_1_305' title='bbox 2647 1478 2763 1548; x_wconf 85' lang='lat' dir='ltr'><strong>ipse</strong></span> <span class='ocrx_word' id='word_1_306' title='bbox 2807 1480 3123 1549; x_wconf 79' lang='lat' dir='ltr'><strong>nihildixit,</strong></span> <span class='ocrx_word' id='word_1_307' title='bbox 3151 1485 3324 1541; x_wconf 88' lang='lat' dir='ltr'><strong>donec</strong></span> <span class='ocrx_word' id='word_1_308' title='bbox 3355 1487 3421 1541; x_wconf 83' lang='lat' dir='ltr'><strong>ad</strong></span> <span class='ocrx_word' id='word_1_309' title='bbox 3461 1488 3582 1558; x_wconf 81' lang='lat' dir='ltr'><strong>Epi-</strong></span> 
     </span>
    </p>
   </div>
   <div class='ocr_carea' id='block_1_45' title="bbox 2012 1572 3589 1647">
    <p class='ocr_par' dir='ltr' id='par_1_45' title="bbox 2012 1572 3589 1647">
     <span class='ocr_line' id='line_1_45' title="bbox 2012 1572 3589 1647; baseline 0.012 -29"><span class='ocrx_word' id='word_1_310' title='bbox 2012 1579 2236 1635; x_wconf 83' lang='lat' dir='ltr'><strong>scopum</strong></span> <span class='ocrx_word' id='word_1_311' title='bbox 2263 1575 2481 1624; x_wconf 85' lang='lat' dir='ltr'><strong>ventum</strong></span> <span class='ocrx_word' id='word_1_312' title='bbox 2534 1578 2637 1625; x_wconf 89' lang='lat' dir='ltr'><strong>est.</strong></span> <span class='ocrx_word' id='word_1_313' title='bbox 2678 1572 2759 1625; x_wconf 83' lang='lat' dir='ltr'><strong>Ad</strong></span> <span class='ocrx_word' id='word_1_314' title='bbox 2814 1587 2976 1643; x_wconf 85' lang='lat' dir='ltr'><strong>quem</strong></span> <span class='ocrx_word' id='word_1_315' title='bbox 3029 1576 3327 1647; x_wconf 83' lang='lat' dir='ltr'><strong>Episcopus</strong></span> <span class='ocrx_word' id='word_1_316' title='bbox 3363 1598 3373 1632; x_wconf 91' lang='lat'><strong>:</strong></span> <span class='ocrx_word' id='word_1_317' title='bbox 3409 1582 3589 1647; x_wconf 73' lang='lat' dir='ltr'><strong>Quare</strong></span> 
     </span>
    </p>
   </div>
   <div class='ocr_carea' id='block_1_46' title="bbox 2012 1657 3619 1742">
    <p class='ocr_par' dir='ltr' id='par_1_46' title="bbox 2012 1657 3619 1742">
     <span class='ocr_line' id='line_1_46' title="bbox 2012 1657 3619 1742; baseline 0.013 -32"><span class='ocrx_word' id='word_1_318' title='bbox 2012 1657 2117 1714; x_wconf 91' lang='lat' dir='ltr'><strong>hoc</strong></span> <span class='ocrx_word' id='word_1_319' title='bbox 2139 1658 2287 1729; x_wconf 86' lang='lat' dir='ltr'><strong>agis?</strong></span> <span class='ocrx_word' id='word_1_320' title='bbox 2311 1660 2385 1733; x_wconf 85' lang='lat' dir='ltr'><strong>At</strong></span> <span class='ocrx_word' id='word_1_321' title='bbox 2406 1660 2493 1716; x_wconf 89' lang='lat' dir='ltr'><strong>ille</strong></span> <span class='ocrx_word' id='word_1_322' title='bbox 2515 1662 2758 1717; x_wconf 89' lang='lat' dir='ltr'><strong>seriatim</strong></span> <span class='ocrx_word' id='word_1_323' title='bbox 2790 1665 2836 1719; x_wconf 92' lang='lat' dir='ltr'><strong>ei</strong></span> <span class='ocrx_word' id='word_1_324' title='bbox 2867 1681 2963 1736; x_wconf 91' lang='lat' dir='ltr'><strong>per</strong></span> <span class='ocrx_word' id='word_1_325' title='bbox 2999 1669 3243 1725; x_wconf 86' lang='lat' dir='ltr'><strong>ordinem</strong></span> <span class='ocrx_word' id='word_1_326' title='bbox 3276 1673 3482 1742; x_wconf 80' lang='lat' dir='ltr'><strong>pandit.</strong></span> <span class='ocrx_word' id='word_1_327' title='bbox 3523 1668 3619 1730; x_wconf 58' lang='lat' dir='ltr'><strong>Et‘</strong></span> 
     </span>
    </p>
   </div>
   <div class='ocr_carea' id='block_1_47' title="bbox 2015 1748 3584 1830">
    <p class='ocr_par' dir='ltr' id='par_1_47' title="bbox 2015 1748 3584 1830">
     <span class='ocr_line' id='line_1_47' title="bbox 2015 1748 3584 1830; baseline 0.01 -28"><span class='ocrx_word' id='word_1_328' title='bbox 2015 1748 2310 1820; x_wconf 88' lang='lat' dir='ltr'><strong>Episcopus</strong></span> <span class='ocrx_word' id='word_1_329' title='bbox 2342 1766 2358 1805; x_wconf 87' lang='lat'><strong>:</strong></span> <span class='ocrx_word' id='word_1_330' title='bbox 2388 1752 2500 1821; x_wconf 73' lang='lat' dir='ltr'><strong>Ego</strong></span> <span class='ocrx_word' id='word_1_331' title='bbox 2550 1763 2600 1807; x_wconf 90' lang='lat' dir='ltr'><strong>te</strong></span> <span class='ocrx_word' id='word_1_332' title='bbox 2645 1755 2887 1822; x_wconf 86' lang='lat' dir='ltr'><strong>absolvo,</strong></span> <span class='ocrx_word' id='word_1_333' title='bbox 2921 1758 3119 1830; x_wconf 87' lang='lat' dir='ltr'><strong>inquit,</strong></span> <span class='ocrx_word' id='word_1_334' title='bbox 3164 1762 3231 1816; x_wconf 88' lang='lat' dir='ltr'><strong>ab</strong></span> <span class='ocrx_word' id='word_1_335' title='bbox 3264 1763 3367 1819; x_wconf 88' lang='lat' dir='ltr'><strong>hoc</strong></span> <span class='ocrx_word' id='word_1_336' title='bbox 3410 1774 3584 1822; x_wconf 86' lang='lat' dir='ltr'><strong>reatu.</strong></span> 
     </span>
    </p>
   </div>
   <div class='ocr_carea' id='block_1_48' title="bbox 2014 1839 3587 1914">
    <p class='ocr_par' dir='ltr' id='par_1_48' title="bbox 2014 1839 3587 1914">
     <span class='ocr_line' id='line_1_48' title="bbox 2014 1839 3587 1914; baseline 0.012 -20"><span class='ocrx_word' id='word_1_337' title='bbox 2014 1839 2082 1894; x_wconf 83' lang='lat' dir='ltr'><strong>Et</strong></span> <span class='ocrx_word' id='word_1_338' title='bbox 2110 1840 2200 1895; x_wconf 89' lang='lat' dir='ltr'><strong>ille</strong></span> <span class='ocrx_word' id='word_1_339' title='bbox 2234 1858 2248 1894; x_wconf 92' lang='lat'>:</span> <span class='ocrx_word' id='word_1_340' title='bbox 2284 1842 2385 1907; x_wconf 90' lang='lat' dir='ltr'><strong>Tn,</strong></span> <span class='ocrx_word' id='word_1_341' title='bbox 2439 1843 2634 1914; x_wconf 86' lang='lat' dir='ltr'><strong>inquit,</strong></span> <span class='ocrx_word' id='word_1_342' title='bbox 2669 1862 2776 1901; x_wconf 91' lang='lat' dir='ltr'><strong>non</strong></span> <span class='ocrx_word' id='word_1_343' title='bbox 2827 1864 2888 1904; x_wconf 90' lang='lat' dir='ltr'><strong>es</strong></span> <span class='ocrx_word' id='word_1_344' title='bbox 2943 1865 3095 1907; x_wconf 86' lang='lat' dir='ltr'><strong>meus</strong></span> <span class='ocrx_word' id='word_1_345' title='bbox 3128 1853 3311 1909; x_wconf 82' lang='lat' dir='ltr'><strong>Abbas</strong></span> <span class='ocrx_word' id='word_1_346' title='bbox 3341 1856 3587 1913; x_wconf 86' lang='lat' dir='ltr'><strong>abdictus</strong></span> 
     </span>
    </p>
   </div>
   <div class='ocr_carea' id='block_1_49' title="bbox 2015 1932 3585 2017">
    <p class='ocr_par' dir='ltr' id='par_1_49' title="bbox 2015 1932 3585 2017">
     <span class='ocr_line' id='line_1_49' title="bbox 2015 1932 3585 2017; baseline 0.013 -32"><span class='ocrx_word' id='word_1_347' title='bbox 2015 1932 2063 2004; x_wconf 87' lang='lat' dir='ltr'><strong>(l</strong></span> <span class='ocrx_word' id='word_1_348' title='bbox 2078 1933 2182 2001; x_wconf 74' lang='grc' dir='ltr'><strong>ιθ),</strong></span> <span class='ocrx_word' id='word_1_349' title='bbox 2214 1934 2307 1990; x_wconf 86' lang='lat' dir='ltr'><strong>sed</strong></span> <span class='ocrx_word' id='word_1_350' title='bbox 2336 1938 2711 1992; x_wconf 77' lang='lat' dir='ltr'><strong>tantummodo</strong></span> <span class='ocrx_word' id='word_1_351' title='bbox 2740 1947 2843 1995; x_wconf 70' lang='lat' dir='ltr'><strong>tua:</strong></span> <span class='ocrx_word' id='word_1_352' title='bbox 2864 1941 3104 2000; x_wconf 85' lang='lat' dir='ltr'><strong>civitatis</strong></span> <span class='ocrx_word' id='word_1_353' title='bbox 3149 1945 3464 2017; x_wconf 82' lang='lat' dir='ltr'><strong>Episcopus.</strong></span> <span class='ocrx_word' id='word_1_354' title='bbox 3505 1950 3585 2005; x_wconf 77' lang='lat' dir='ltr'><strong>Ex</strong></span> 
     </span>
    </p>
   </div>
   <div class='ocr_carea' id='block_1_50' title="bbox 2014 2024 3582 2108">
    <p class='ocr_par' dir='ltr' id='par_1_50' title="bbox 2014 2024 3582 2108">
     <span class='ocr_line' id='line_1_50' title="bbox 2014 2024 3582 2108; baseline 0.012 -31"><span class='ocrx_word' id='word_1_355' title='bbox 2014 2024 2169 2093; x_wconf 85' lang='lat' dir='ltr'><strong>cujus</strong></span> <span class='ocrx_word' id='word_1_356' title='bbox 2220 2025 2561 2082; x_wconf 81' lang='lat' dir='ltr'><strong>absolutione</strong></span> <span class='ocrx_word' id='word_1_357' title='bbox 2610 2030 2743 2083; x_wconf 85' lang='lat' dir='ltr'><strong>nihil</strong></span> <span class='ocrx_word' id='word_1_358' title='bbox 2785 2048 3008 2099; x_wconf 82' lang='lat' dir='ltr'><strong>curans,</strong></span> <span class='ocrx_word' id='word_1_359' title='bbox 3041 2044 3102 2089; x_wconf 89' lang='lat' dir='ltr'><strong>ut</strong></span> <span class='ocrx_word' id='word_1_360' title='bbox 3150 2049 3391 2108; x_wconf 69' lang='lat' dir='ltr'><strong>cmperat</strong></span> <span class='ocrx_word' id='word_1_361' title='bbox 3428 2056 3582 2095; x_wconf 87' lang='lat' dir='ltr'><strong>suam</strong></span> 
     </span>
    </p>
   </div>
   <div class='ocr_carea' id='block_1_51' title="bbox 2011 2115 3651 2198">
    <p class='ocr_par' dir='ltr' id='par_1_51' title="bbox 2011 2115 3651 2198">
     <span class='ocr_line' id='line_1_51' title="bbox 2011 2115 3651 2198; baseline 0.013 -30"><span class='ocrx_word' id='word_1_362' title='bbox 2011 2115 2375 2170; x_wconf 87' lang='lat' dir='ltr'><strong>obedientiam</strong></span> <span class='ocrx_word' id='word_1_363' title='bbox 2418 2117 2647 2173; x_wconf 87' lang='lat' dir='ltr'><strong>festinus</strong></span> <span class='ocrx_word' id='word_1_364' title='bbox 2698 2122 2993 2194; x_wconf 87' lang='lat' dir='ltr'><strong>adimplere</strong></span> <span class='ocrx_word' id='word_1_365' title='bbox 3032 2137 3364 2198; x_wconf 84' lang='lat' dir='ltr'><strong>pertontans,</strong></span> <span class='ocrx_word' id='word_1_366' title='bbox 3412 2142 3581 2197; x_wconf 84' lang='lat' dir='ltr'><strong>eteo,</strong></span> <span class='ocrx_word' id='word_1_367' title='bbox 3638 2131 3651 2137; x_wconf 81' lang='grc'><strong>’</strong></span> 
     </span>
    </p>
   </div>
   <div class='ocr_carea' id='block_1_52' title="bbox 2014 2209 3588 2293">
    <p class='ocr_par' dir='ltr' id='par_1_52' title="bbox 2014 2209 3588 2293">
     <span class='ocr_line' id='line_1_52' title="bbox 2014 2209 3588 2293; baseline 0.013 -32"><span class='ocrx_word' id='word_1_368' title='bbox 2014 2210 2155 2265; x_wconf 91' lang='lat' dir='ltr'><strong>unde</strong></span> <span class='ocrx_word' id='word_1_369' title='bbox 2180 2209 2269 2264; x_wconf 86' lang='lat' dir='ltr'><strong>alii</strong></span> <span class='ocrx_word' id='word_1_370' title='bbox 2296 2211 2654 2279; x_wconf 88' lang='lat' dir='ltr'><strong>abstulerant,</strong></span> <span class='ocrx_word' id='word_1_371' title='bbox 2706 2213 2823 2273; x_wconf 88' lang='lat' dir='ltr'><strong>loco</strong></span> <span class='ocrx_word' id='word_1_372' title='bbox 2867 2235 2988 2274; x_wconf 88' lang='lat' dir='ltr'><strong>cam</strong></span> <span class='ocrx_word' id='word_1_373' title='bbox 3017 2221 3210 2276; x_wconf 86' lang='lat' dir='ltr'><strong>devote</strong></span> <span class='ocrx_word' id='word_1_374' title='bbox 3246 2226 3506 2293; x_wconf 82' lang='lat' dir='ltr'><strong>reposuit,</strong></span> <span class='ocrx_word' id='word_1_375' title='bbox 3529 2240 3588 2283; x_wconf 83' lang='lat' dir='ltr'><strong>et</strong></span> 
     </span>
    </p>
   </div>
   <div class='ocr_carea' id='block_1_53' title="bbox 2013 2305 3584 2386">
    <p class='ocr_par' dir='ltr' id='par_1_53' title="bbox 2013 2305 3584 2386">
     <span class='ocr_line' id='line_1_53' title="bbox 2013 2305 3584 2386; baseline 0.008 -27"><span class='ocrx_word' id='word_1_376' title='bbox 2013 2305 2270 2360; x_wconf 88' lang='lat' dir='ltr'><strong>continuo</strong></span> <span class='ocrx_word' id='word_1_377' title='bbox 2295 2306 2512 2361; x_wconf 86' lang='lat' dir='ltr'><strong>domum</strong></span> <span class='ocrx_word' id='word_1_378' title='bbox 2535 2306 2690 2364; x_wconf 82' lang='lat' dir='ltr'><strong>lactus</strong></span> <span class='ocrx_word' id='word_1_379' title='bbox 2728 2313 3006 2366; x_wconf 79' lang='lat' dir='ltr'><strong>remeavit.</strong></span> <span class='ocrx_word' id='word_1_380' title='bbox 3035 2314 3157 2370; x_wconf 72' lang='lat' dir='ltr'><strong>&quot;ire</strong></span> <span class='ocrx_word' id='word_1_381' title='bbox 3198 2331 3433 2386; x_wconf 87' lang='lat' dir='ltr'><strong>namque</strong></span> <span class='ocrx_word' id='word_1_382' title='bbox 3465 2319 3584 2374; x_wconf 88' lang='lat' dir='ltr'><strong>ideo</strong></span> 
     </span>
    </p>
   </div>
   <div class='ocr_carea' id='block_1_54' title="bbox 2013 2394 3586 2479">
    <p class='ocr_par' dir='ltr' id='par_1_54' title="bbox 2013 2394 3586 2479">
     <span class='ocr_line' id='line_1_54' title="bbox 2013 2394 3586 2479; baseline 0.009 -32"><span class='ocrx_word' id='word_1_383' title='bbox 2013 2394 2312 2463; x_wconf 88' lang='lat' dir='ltr'><strong>posuimus,</strong></span> <span class='ocrx_word' id='word_1_384' title='bbox 2368 2404 2427 2449; x_wconf 92' lang='lat' dir='ltr'><strong>ut</strong></span> <span class='ocrx_word' id='word_1_385' title='bbox 2477 2396 2802 2479; x_wconf 62' lang='lat' dir='ltr'><strong>obedientize</strong></span> <span class='ocrx_word' id='word_1_386' title='bbox 2857 2400 3080 2467; x_wconf 88' lang='lat' dir='ltr'><strong>bonum,</strong></span> <span class='ocrx_word' id='word_1_387' title='bbox 3142 2419 3303 2473; x_wconf 90' lang='lat' dir='ltr'><strong>quam</strong></span> <span class='ocrx_word' id='word_1_388' title='bbox 3345 2406 3586 2475; x_wconf 78' lang='lat' dir='ltr'><strong>perfecte</strong></span> 
     </span>
    </p>
   </div>
   <div class='ocr_carea' id='block_1_55' title="bbox 2014 2484 3583 2560">
    <p class='ocr_par' dir='ltr' id='par_1_55' title="bbox 2014 2484 3583 2560">
     <span class='ocr_line' id='line_1_55' title="bbox 2014 2484 3583 2560; baseline 0.012 -24"><span class='ocrx_word' id='word_1_389' title='bbox 2014 2484 2184 2538; x_wconf 89' lang='lat' dir='ltr'><strong>etiam</strong></span> <span class='ocrx_word' id='word_1_390' title='bbox 2216 2485 2267 2538; x_wconf 93' lang='lat' dir='ltr'><strong>in</strong></span> <span class='ocrx_word' id='word_1_391' title='bbox 2292 2486 2717 2556; x_wconf 88' lang='lat' dir='ltr'><strong>simplicioribus</strong></span> <span class='ocrx_word' id='word_1_392' title='bbox 2746 2506 2847 2560; x_wconf 89' lang='lat' dir='ltr'><strong>pro</strong></span> <span class='ocrx_word' id='word_1_393' title='bbox 2886 2496 3193 2549; x_wconf 84' lang='lat' dir='ltr'><strong>reverentia</strong></span> <span class='ocrx_word' id='word_1_394' title='bbox 3228 2500 3363 2553; x_wconf 87' lang='lat' dir='ltr'><strong>lauti</strong></span> <span class='ocrx_word' id='word_1_395' title='bbox 3400 2498 3583 2555; x_wconf 74' lang='lat' dir='ltr'><strong>Patris</strong></span> 
     </span>
    </p>
   </div>
   <div class='ocr_carea' id='block_1_56' title="bbox 2012 2578 2921 2648">
    <p class='ocr_par' dir='ltr' id='par_1_56' title="bbox 2012 2578 2921 2648">
     <span class='ocr_line' id='line_1_56' title="bbox 2012 2578 2921 2648; baseline 0.01 -18"><span class='ocrx_word' id='word_1_396' title='bbox 2012 2578 2384 2643; x_wconf 76' lang='lat' dir='ltr'><strong>exercebatur,</strong></span> <span class='ocrx_word' id='word_1_397' title='bbox 2418 2580 2868 2648; x_wconf 76' lang='lat' dir='ltr'><strong>significaremus.</strong></span> <span class='ocrx_word' id='word_1_398' title='bbox 2918 2622 2921 2625; x_wconf 91' lang='lat'><strong><em>-</em></strong></span> 
     </span>
    </p>
   </div>
   <div class='ocr_carea' id='block_1_57' title="bbox 2083 2670 3576 2744">
    <p class='ocr_par' dir='ltr' id='par_1_57' title="bbox 2083 2670 3576 2744">
     <span class='ocr_line' id='line_1_57' title="bbox 2083 2670 3576 2744; baseline 0.009 -20"><span class='ocrx_word' id='word_1_399' title='bbox 2083 2671 2204 2724; x_wconf 75' lang='grc'><strong>151.</strong></span> <span class='ocrx_word' id='word_1_400' title='bbox 2252 2670 2357 2727; x_wconf 81' lang='lat' dir='ltr'><strong>Sed</strong></span> <span class='ocrx_word' id='word_1_401' title='bbox 2420 2683 2477 2727; x_wconf 90' lang='lat' dir='ltr'><strong>et</strong></span> <span class='ocrx_word' id='word_1_402' title='bbox 2531 2674 2633 2730; x_wconf 88' lang='lat' dir='ltr'><strong>hoc</strong></span> <span class='ocrx_word' id='word_1_403' title='bbox 2685 2678 2825 2744; x_wconf 89' lang='lat' dir='ltr'><strong>quod</strong></span> <span class='ocrx_word' id='word_1_404' title='bbox 2874 2679 3149 2736; x_wconf 89' lang='lat' dir='ltr'><strong>subinfero</strong></span> <span class='ocrx_word' id='word_1_405' title='bbox 3197 2698 3225 2736; x_wconf 91' lang='lat' dir='ltr'><strong>a</strong></span> <span class='ocrx_word' id='word_1_406' title='bbox 3283 2685 3576 2740; x_wconf 84' lang='lat' dir='ltr'><strong>venerabili</strong></span> 
     </span>
    </p>
   </div>
   <div class='ocr_carea' id='block_1_58' title="bbox 2013 2761 3579 2836">
    <p class='ocr_par' dir='ltr' id='par_1_58' title="bbox 2013 2761 3579 2836">
     <span class='ocr_line' id='line_1_58' title="bbox 2013 2761 3579 2836; baseline 0.01 -20"><span class='ocrx_word' id='word_1_407' title='bbox 2013 2761 2204 2818; x_wconf 83' lang='lat' dir='ltr'><strong>Fratre</strong></span> <span class='ocrx_word' id='word_1_408' title='bbox 2235 2761 2489 2830; x_wconf 87' lang='lat' dir='ltr'><strong>Teberto,</strong></span> <span class='ocrx_word' id='word_1_409' title='bbox 2521 2766 2611 2836; x_wconf 90' lang='lat' dir='ltr'><strong>qui</strong></span> <span class='ocrx_word' id='word_1_410' title='bbox 2642 2766 2695 2821; x_wconf 90' lang='lat' dir='ltr'><strong>in</strong></span> <span class='ocrx_word' id='word_1_411' title='bbox 2740 2769 2930 2824; x_wconf 86' lang='lat' dir='ltr'><strong>eodem</strong></span> <span class='ocrx_word' id='word_1_412' title='bbox 2963 2770 3362 2831; x_wconf 83' lang='lat' dir='ltr'><strong>l’assinianensi</strong></span> <span class='ocrx_word' id='word_1_413' title='bbox 3394 2790 3579 2832; x_wconf 72' lang='lat' dir='ltr'><strong>emno-</strong></span> 
     </span>
    </p>
   </div>
   <div class='ocr_carea' id='block_1_59' title="bbox 2011 2853 3582 2934">
    <p class='ocr_par' dir='ltr' id='par_1_59' title="bbox 2011 2853 3582 2934">
     <span class='ocr_line' id='line_1_59' title="bbox 2011 2853 3582 2934; baseline 0.01 -25"><span class='ocrx_word' id='word_1_414' title='bbox 2011 2853 2102 2909; x_wconf 86' lang='lat' dir='ltr'><strong>bio</strong></span> <span class='ocrx_word' id='word_1_415' title='bbox 2157 2856 2467 2913; x_wconf 60' lang='lat' dir='ltr'><strong>monasticae</strong></span> <span class='ocrx_word' id='word_1_416' title='bbox 2521 2858 2795 2929; x_wconf 77' lang='lat' dir='ltr'><strong>religionis</strong></span> <span class='ocrx_word' id='word_1_417' title='bbox 2842 2862 3008 2917; x_wconf 86' lang='lat' dir='ltr'><strong>vitam</strong></span> <span class='ocrx_word' id='word_1_418' title='bbox 3057 2866 3263 2934; x_wconf 87' lang='lat' dir='ltr'><strong>optime</strong></span> <span class='ocrx_word' id='word_1_419' title='bbox 3299 2871 3582 2934; x_wconf 77' lang='lat' dir='ltr'><strong>conduxit,</strong></span> 
     </span>
    </p>
   </div>
   <div class='ocr_carea' id='block_1_60' title="bbox 2013 2949 3581 3028">
    <p class='ocr_par' dir='ltr' id='par_1_60' title="bbox 2013 2949 3581 3028">
     <span class='ocr_line' id='line_1_60' title="bbox 2013 2949 3581 3028; baseline 0.011 -30"><span class='ocrx_word' id='word_1_420' title='bbox 2013 2961 2112 3015; x_wconf 86' lang='lat' dir='ltr'><strong>pro</strong></span> <span class='ocrx_word' id='word_1_421' title='bbox 2155 2956 2304 3002; x_wconf 76' lang='lat' dir='ltr'><strong>certo</strong></span> <span class='ocrx_word' id='word_1_422' title='bbox 2335 2949 2558 3005; x_wconf 88' lang='lat' dir='ltr'><strong>scimus.</strong></span> <span class='ocrx_word' id='word_1_423' title='bbox 2609 2949 2735 3016; x_wconf 90' lang='lat' dir='ltr'><strong>Qui,</strong></span> <span class='ocrx_word' id='word_1_424' title='bbox 2788 2968 2853 3007; x_wconf 84' lang='lat' dir='ltr'><strong>ex</strong></span> <span class='ocrx_word' id='word_1_425' title='bbox 2901 2955 3066 3009; x_wconf 85' lang='lat' dir='ltr'><strong>nobili</strong></span> <span class='ocrx_word' id='word_1_426' title='bbox 3116 2960 3370 3028; x_wconf 85' lang='lat' dir='ltr'><strong>prosapia</strong></span> <span class='ocrx_word' id='word_1_427' title='bbox 3409 2970 3581 3025; x_wconf 87' lang='lat' dir='ltr'><strong>ortus,</strong></span> 
     </span>
    </p>
   </div>
   <div class='ocr_carea' id='block_1_61' title="bbox 343 3035 1911 3116">
    <p class='ocr_par' dir='ltr' id='par_1_61' title="bbox 343 3041 1903 3116">
     <span class='ocr_line' id='line_1_61' title="bbox 343 3041 1903 3116; baseline 0 -20"><span class='ocrx_word' id='word_1_428' title='bbox 343 3041 743 3099; x_wconf 75' lang='lat' dir='ltr'><strong>l’assiniancnsi</strong></span> <span class='ocrx_word' id='word_1_429' title='bbox 769 3046 1018 3099; x_wconf 65' lang='lat' dir='ltr'><strong>coenobio</strong></span> <span class='ocrx_word' id='word_1_430' title='bbox 1037 3047 1101 3099; x_wconf 79' lang='lat' dir='ltr'><strong>ad</strong></span> <span class='ocrx_word' id='word_1_431' title='bbox 1133 3046 1540 3101; x_wconf 87' lang='lat' dir='ltr'><strong>conversionem</strong></span> <span class='ocrx_word' id='word_1_432' title='bbox 1563 3045 1611 3116; x_wconf 88' lang='grc' dir='ltr'>(ι</span> <span class='ocrx_word' id='word_1_433' title='bbox 1630 3044 1709 3114; x_wconf 75' lang='grc' dir='ltr'><strong>Η)</strong></span> <span class='ocrx_word' id='word_1_434' title='bbox 1739 3045 1903 3098; x_wconf 87' lang='lat' dir='ltr'><strong>venit.</strong></span> 
     </span>
    </p>
   </div>
   <div class='ocr_carea' id='block_1_62' title="bbox 2012 3035 3584 3116">
    <p class='ocr_par' dir='ltr' id='par_1_62' title="bbox 2012 3036 3584 3115">
     <span class='ocr_line' id='line_1_62' title="bbox 2012 3036 3584 3115; baseline 0.01 -27"><span class='ocrx_word' id='word_1_435' title='bbox 2012 3036 2296 3105; x_wconf 81' lang='lat' dir='ltr'><strong>quemdam</strong></span> <span class='ocrx_word' id='word_1_436' title='bbox 2343 3049 2592 3112; x_wconf 80' lang='lat' dir='ltr'><strong>nepotem</strong></span> <span class='ocrx_word' id='word_1_437' title='bbox 2631 3042 2841 3109; x_wconf 87' lang='lat' dir='ltr'><strong>habuit,</strong></span> <span class='ocrx_word' id='word_1_438' title='bbox 2875 3046 3089 3100; x_wconf 88' lang='lat' dir='ltr'><strong>nomine</strong></span> <span class='ocrx_word' id='word_1_439' title='bbox 3129 3046 3458 3115; x_wconf 87' lang='lat' dir='ltr'><strong>Benzonem,</strong></span> <span class='ocrx_word' id='word_1_440' title='bbox 3503 3052 3584 3104; x_wconf 91' lang='lat' dir='ltr'><strong>vi-</strong></span> 
     </span>
    </p>
   </div>
   <div class='ocr_carea' id='block_1_63' title="bbox 340 3134 1905 3207">
    <p class='ocr_par' dir='ltr' id='par_1_63' title="bbox 340 3134 1905 3207">
     <span class='ocr_line' id='line_1_63' title="bbox 340 3134 1905 3207; baseline 0.001 -18"><span class='ocrx_word' id='word_1_441' title='bbox 340 3134 441 3200; x_wconf 87' lang='lat' dir='ltr'><strong>Qui</strong></span> <span class='ocrx_word' id='word_1_442' title='bbox 493 3153 615 3191; x_wconf 89' lang='lat' dir='ltr'><strong>cum</strong></span> <span class='ocrx_word' id='word_1_443' title='bbox 665 3138 902 3206; x_wconf 84' lang='lat' dir='ltr'><strong>quadam</strong></span> <span class='ocrx_word' id='word_1_444' title='bbox 948 3137 1036 3193; x_wconf 85' lang='lat' dir='ltr'><strong>die</strong></span> <span class='ocrx_word' id='word_1_445' title='bbox 1072 3138 1379 3207; x_wconf 87' lang='lat' dir='ltr'><strong>aliquantos</strong></span> <span class='ocrx_word' id='word_1_446' title='bbox 1421 3139 1785 3193; x_wconf 85' lang='lat' dir='ltr'><strong>mercenarios</strong></span> <span class='ocrx_word' id='word_1_447' title='bbox 1838 3150 1905 3191; x_wconf 80' lang='lat' dir='ltr'><strong>ex</strong></span> 
     </span>
    </p>
   </div>
   <div class='ocr_carea' id='block_1_64' title="bbox 342 3228 1904 3296">
    <p class='ocr_par' dir='ltr' id='par_1_64' title="bbox 342 3228 1904 3296">
     <span class='ocr_line' id='line_1_64' title="bbox 342 3228 1904 3296; baseline 0.002 -17"><span class='ocrx_word' id='word_1_448' title='bbox 342 3237 612 3296; x_wconf 66' lang='lat' dir='ltr'><strong>praecepto</strong></span> <span class='ocrx_word' id='word_1_449' title='bbox 637 3228 872 3295; x_wconf 85' lang='lat' dir='ltr'><strong>ejusdem</strong></span> <span class='ocrx_word' id='word_1_450' title='bbox 896 3230 1216 3284; x_wconf 72' lang='lat' dir='ltr'><strong>obedientia:</strong></span> <span class='ocrx_word' id='word_1_451' title='bbox 1240 3229 1441 3285; x_wconf 76' lang='lat' dir='ltr'><strong>l’rioris</strong></span> <span class='ocrx_word' id='word_1_452' title='bbox 1462 3230 1528 3283; x_wconf 90' lang='lat' dir='ltr'><strong>ad</strong></span> <span class='ocrx_word' id='word_1_453' title='bbox 1556 3229 1904 3284; x_wconf 78' lang='lat' dir='ltr'><strong>excolendam</strong></span> 
     </span>
    </p>
   </div>
   <div class='ocr_carea' id='block_1_65' title="bbox 341 3318 1919 3389">
    <p class='ocr_par' dir='ltr' id='par_1_65' title="bbox 341 3318 1919 3389">
     <span class='ocr_line' id='line_1_65' title="bbox 341 3318 1919 3389; baseline 0.001 -19"><span class='ocrx_word' id='word_1_454' title='bbox 341 3318 727 3388; x_wconf 69' lang='lat' dir='ltr'><strong>agriculturam</strong></span> <span class='ocrx_word' id='word_1_455' title='bbox 760 3321 1129 3386; x_wconf 76' lang='lat' dir='ltr'><strong>conduxisset,</strong></span> <span class='ocrx_word' id='word_1_456' title='bbox 1181 3336 1305 3376; x_wconf 87' lang='lat' dir='ltr'><strong>cum</strong></span> <span class='ocrx_word' id='word_1_457' title='bbox 1335 3321 1415 3375; x_wconf 89' lang='lat' dir='ltr'><strong>eis</strong></span> <span class='ocrx_word' id='word_1_458' title='bbox 1438 3335 1532 3389; x_wconf 89' lang='lat' dir='ltr'><strong>per</strong></span> <span class='ocrx_word' id='word_1_459' title='bbox 1571 3328 1735 3376; x_wconf 87' lang='lat' dir='ltr'><strong>totam</strong></span> <span class='ocrx_word' id='word_1_460' title='bbox 1766 3321 1919 3376; x_wconf 79' lang='lat' dir='ltr'><strong>diem&#39;</strong></span> 
     </span>
    </p>
   </div>
   <div class='ocr_carea' id='block_1_66' title="bbox 341 3410 1909 3483">
    <p class='ocr_par' dir='ltr' id='par_1_66' title="bbox 341 3410 1909 3483">
     <span class='ocr_line' id='line_1_66' title="bbox 341 3410 1909 3483; baseline 0.001 -19"><span class='ocrx_word' id='word_1_461' title='bbox 341 3410 397 3464; x_wconf 91' lang='lat' dir='ltr'><strong>in</strong></span> <span class='ocrx_word' id='word_1_462' title='bbox 427 3412 568 3465; x_wconf 87' lang='lat' dir='ltr'><strong>ruris</strong></span> <span class='ocrx_word' id='word_1_463' title='bbox 588 3412 852 3467; x_wconf 84' lang='lat' dir='ltr'><strong>exercitio</strong></span> <span class='ocrx_word' id='word_1_464' title='bbox 881 3413 1107 3468; x_wconf 81' lang='lat' dir='ltr'><strong>devotus</strong></span> <span class='ocrx_word' id='word_1_465' title='bbox 1130 3412 1460 3483; x_wconf 88' lang='lat' dir='ltr'><strong>permansit;</strong></span> <span class='ocrx_word' id='word_1_466' title='bbox 1493 3421 1548 3467; x_wconf 90' lang='lat' dir='ltr'><strong>et</strong></span> <span class='ocrx_word' id='word_1_467' title='bbox 1579 3427 1700 3468; x_wconf 90' lang='lat' dir='ltr'><strong>cum</strong></span> <span class='ocrx_word' id='word_1_468' title='bbox 1731 3410 1810 3466; x_wconf 89' lang='lat' dir='ltr'><strong>sol</strong></span> <span class='ocrx_word' id='word_1_469' title='bbox 1841 3411 1909 3465; x_wconf 89' lang='lat' dir='ltr'><strong>ad</strong></span> 
     </span>
    </p>
   </div>
   <div class='ocr_carea' id='block_1_67' title="bbox 338 3502 1904 3573">
    <p class='ocr_par' dir='ltr' id='par_1_67' title="bbox 338 3502 1904 3573">
     <span class='ocr_line' id='line_1_67' title="bbox 338 3502 1904 3573; baseline 0.001 -20"><span class='ocrx_word' id='word_1_470' title='bbox 338 3515 593 3556; x_wconf 87' lang='lat' dir='ltr'><strong>occasum</strong></span> <span class='ocrx_word' id='word_1_471' title='bbox 611 3504 926 3567; x_wconf 77' lang='lat' dir='ltr'><strong>tliverteret,</strong></span> <span class='ocrx_word' id='word_1_472' title='bbox 960 3512 1017 3558; x_wconf 90' lang='lat' dir='ltr'><strong>et</strong></span> <span class='ocrx_word' id='word_1_473' title='bbox 1042 3519 1231 3557; x_wconf 90' lang='lat' dir='ltr'><strong>omnes</strong></span> <span class='ocrx_word' id='word_1_474' title='bbox 1261 3504 1349 3573; x_wconf 86' lang='lat' dir='ltr'><strong>qui</strong></span> <span class='ocrx_word' id='word_1_475' title='bbox 1390 3503 1442 3556; x_wconf 91' lang='lat' dir='ltr'><strong>in</strong></span> <span class='ocrx_word' id='word_1_476' title='bbox 1481 3503 1655 3556; x_wconf 89' lang='lat' dir='ltr'><strong>vicino</strong></span> <span class='ocrx_word' id='word_1_477' title='bbox 1689 3502 1904 3555; x_wconf 85' lang='lat' dir='ltr'><strong>labora-</strong></span> 
     </span>
    </p>
   </div>
   <div class='ocr_carea' id='block_1_68' title="bbox 340 3591 1907 3663">
    <p class='ocr_par' dir='ltr' id='par_1_68' title="bbox 340 3591 1907 3663">
     <span class='ocr_line' id='line_1_68' title="bbox 340 3591 1907 3663; baseline 0.001 -19"><span class='ocrx_word' id='word_1_478' title='bbox 340 3591 471 3646; x_wconf 88' lang='lat' dir='ltr'><strong>bant</strong></span> <span class='ocrx_word' id='word_1_479' title='bbox 515 3594 789 3663; x_wconf 87' lang='lat' dir='ltr'><strong>pr0priam</strong></span> <span class='ocrx_word' id='word_1_480' title='bbox 847 3596 1168 3663; x_wconf 86' lang='lat' dir='ltr'><strong>repedareut</strong></span> <span class='ocrx_word' id='word_1_481' title='bbox 1220 3595 1460 3660; x_wconf 88' lang='lat' dir='ltr'><strong>domum,</strong></span> <span class='ocrx_word' id='word_1_482' title='bbox 1515 3597 1592 3650; x_wconf 90' lang='lat' dir='ltr'><strong>ait</strong></span> <span class='ocrx_word' id='word_1_483' title='bbox 1631 3595 1699 3650; x_wconf 87' lang='lat' dir='ltr'><strong>ad</strong></span> <span class='ocrx_word' id='word_1_484' title='bbox 1736 3607 1907 3649; x_wconf 87' lang='lat' dir='ltr'><strong>suos:</strong></span> 
     </span>
    </p>
   </div>
   <div class='ocr_carea' id='block_1_69' title="bbox 340 3682 1905 3758">
    <p class='ocr_par' dir='ltr' id='par_1_69' title="bbox 340 3682 1905 3758">
     <span class='ocr_line' id='line_1_69' title="bbox 340 3682 1905 3758; baseline 0.002 -22"><span class='ocrx_word' id='word_1_485' title='bbox 340 3682 542 3739; x_wconf 77' lang='lat' dir='ltr'><strong>Eamus</strong></span> <span class='ocrx_word' id='word_1_486' title='bbox 581 3693 634 3739; x_wconf 89' lang='lat' dir='ltr'><strong>et</strong></span> <span class='ocrx_word' id='word_1_487' title='bbox 662 3700 762 3740; x_wconf 90' lang='lat' dir='ltr'><strong>nos</strong></span> <span class='ocrx_word' id='word_1_488' title='bbox 800 3686 1049 3741; x_wconf 81' lang='lat' dir='ltr'><strong>similiter</strong></span> <span class='ocrx_word' id='word_1_489' title='bbox 1081 3687 1147 3741; x_wconf 89' lang='lat' dir='ltr'><strong>ad</strong></span> <span class='ocrx_word' id='word_1_490' title='bbox 1171 3694 1413 3742; x_wconf 90' lang='lat' dir='ltr'><strong>nostrum</strong></span> <span class='ocrx_word' id='word_1_491' title='bbox 1445 3696 1702 3742; x_wconf 89' lang='lat' dir='ltr'><strong>metatmn</strong></span> <span class='ocrx_word' id='word_1_492' title='bbox 1737 3686 1905 3758; x_wconf 78' lang='lat'><strong>(“5).</strong></span> 
     </span>
    </p>
   </div>
   <div class='ocr_carea' id='block_1_70' title="bbox 342 3774 1906 3847">
    <p class='ocr_par' dir='ltr' id='par_1_70' title="bbox 342 3774 1906 3847">
     <span class='ocr_line' id='line_1_70' title="bbox 342 3774 1906 3847; baseline 0.003 -19"><span class='ocrx_word' id='word_1_493' title='bbox 342 3774 493 3830; x_wconf 86' lang='lat' dir='ltr'><strong>Tunc</strong></span> <span class='ocrx_word' id='word_1_494' title='bbox 516 3777 749 3846; x_wconf 89' lang='lat' dir='ltr'><strong>propriis</strong></span> <span class='ocrx_word' id='word_1_495' title='bbox 778 3777 1131 3847; x_wconf 88' lang='lat' dir='ltr'><strong>superpositis</strong></span> <span class='ocrx_word' id='word_1_496' title='bbox 1161 3776 1390 3833; x_wconf 87' lang='lat' dir='ltr'><strong>sarculis</strong></span> <span class='ocrx_word' id='word_1_497' title='bbox 1432 3787 1594 3847; x_wconf 84' lang='lat' dir='ltr'><strong>atque</strong></span> <span class='ocrx_word' id='word_1_498' title='bbox 1626 3778 1906 3842; x_wconf 85' lang='lat' dir='ltr'><strong>abeuntes,</strong></span> 
     </span>
    </p>
   </div>
   <div class='ocr_carea' id='block_1_71' title="bbox 339 3866 1908 3939">
    <p class='ocr_par' dir='ltr' id='par_1_71' title="bbox 339 3866 1908 3939">
     <span class='ocr_line' id='line_1_71' title="bbox 339 3866 1908 3939; baseline 0.002 -19"><span class='ocrx_word' id='word_1_499' title='bbox 339 3866 664 3933; x_wconf 76' lang='lat' dir='ltr'><strong>invenerunt</strong></span> <span class='ocrx_word' id='word_1_500' title='bbox 693 3868 975 3927; x_wconf 22' lang='lat' dir='ltr'><strong>oviculam,</strong></span> <span class='ocrx_word' id='word_1_501' title='bbox 1008 3880 1293 3939; x_wconf 77' lang='lat' dir='ltr'><strong>vagantem</strong></span> <span class='ocrx_word' id='word_1_502' title='bbox 1334 3885 1429 3938; x_wconf 89' lang='lat' dir='ltr'><strong>per</strong></span> <span class='ocrx_word' id='word_1_503' title='bbox 1480 3886 1626 3923; x_wconf 88' lang='lat' dir='ltr'><strong>rura.</strong></span> <span class='ocrx_word' id='word_1_504' title='bbox 1657 3869 1794 3935; x_wconf 89' lang='lat' dir='ltr'><strong>Quid</strong></span> <span class='ocrx_word' id='word_1_505' title='bbox 1824 3870 1908 3923; x_wconf 92' lang='lat' dir='ltr'><strong>hic</strong></span> 
     </span>
    </p>
   </div>
   <div class='ocr_carea' id='block_1_72' title="bbox 342 3958 1907 4032">
    <p class='ocr_par' dir='ltr' id='par_1_72' title="bbox 342 3958 1907 4032">
     <span class='ocr_line' id='line_1_72' title="bbox 342 3958 1907 4032; baseline 0.003 -21"><span class='ocrx_word' id='word_1_506' title='bbox 342 3958 474 4027; x_wconf 86' lang='lat' dir='ltr'><strong>agis,</strong></span> <span class='ocrx_word' id='word_1_507' title='bbox 502 3960 790 4030; x_wconf 89' lang='lat' dir='ltr'><strong>inquiunt?</strong></span> <span class='ocrx_word' id='word_1_508' title='bbox 824 3961 985 4015; x_wconf 88' lang='lat' dir='ltr'><strong>Tetra</strong></span> <span class='ocrx_word' id='word_1_509' title='bbox 1034 3976 1140 4015; x_wconf 83' lang='lat' dir='ltr'><strong>nox</strong></span> <span class='ocrx_word' id='word_1_510' title='bbox 1169 3961 1280 4031; x_wconf 88' lang='lat' dir='ltr'><strong>jam</strong></span> <span class='ocrx_word' id='word_1_511' title='bbox 1325 3962 1742 4032; x_wconf 77' lang='lat' dir='ltr'><strong>appropinquat,</strong></span> <span class='ocrx_word' id='word_1_512' title='bbox 1779 3971 1833 4016; x_wconf 91' lang='lat' dir='ltr'><strong>et</strong></span> <span class='ocrx_word' id='word_1_513' title='bbox 1878 3977 1907 4015; x_wconf 90' lang='lat' dir='ltr'><strong>a</strong></span> 
     </span>
    </p>
   </div>
   <div class='ocr_carea' id='block_1_73' title="bbox 342 4049 1909 4122">
    <p class='ocr_par' dir='ltr' id='par_1_73' title="bbox 342 4049 1909 4122">
     <span class='ocr_line' id='line_1_73' title="bbox 342 4049 1909 4122; baseline 0.002 -20"><span class='ocrx_word' id='word_1_514' title='bbox 342 4049 591 4119; x_wconf 89' lang='lat' dir='ltr'><strong>luporum</strong></span> <span class='ocrx_word' id='word_1_515' title='bbox 643 4052 915 4108; x_wconf 88' lang='lat' dir='ltr'><strong>morsibus</strong></span> <span class='ocrx_word' id='word_1_516' title='bbox 960 4052 1070 4107; x_wconf 88' lang='lat' dir='ltr'><strong>eris</strong></span> <span class='ocrx_word' id='word_1_517' title='bbox 1106 4053 1432 4108; x_wconf 88' lang='lat' dir='ltr'><strong>devoranda.</strong></span> <span class='ocrx_word' id='word_1_518' title='bbox 1462 4054 1634 4116; x_wconf 82' lang='lat' dir='ltr'><strong>Tunc,</strong></span> <span class='ocrx_word' id='word_1_519' title='bbox 1678 4056 1767 4122; x_wconf 91' lang='lat' dir='ltr'><strong>qui</strong></span> <span class='ocrx_word' id='word_1_520' title='bbox 1821 4069 1909 4107; x_wconf 89' lang='lat' dir='ltr'><strong>su-</strong></span> 
     </span>
    </p>
   </div>
   <div class='ocr_carea' id='block_1_74' title="bbox 341 4144 1906 4217">
    <p class='ocr_par' dir='ltr' id='par_1_74' title="bbox 341 4144 1906 4217">
     <span class='ocr_line' id='line_1_74' title="bbox 341 4144 1906 4217; baseline 0.003 -22"><span class='ocrx_word' id='word_1_521' title='bbox 341 4144 650 4209; x_wconf 85' lang='lat' dir='ltr'><strong>perstabat,</strong></span> <span class='ocrx_word' id='word_1_522' title='bbox 698 4145 774 4197; x_wconf 88' lang='lat' dir='ltr'><strong>ait</strong></span> <span class='ocrx_word' id='word_1_523' title='bbox 814 4144 919 4199; x_wconf 91' lang='lat' dir='ltr'><strong>illis</strong></span> <span class='ocrx_word' id='word_1_524' title='bbox 954 4162 967 4198; x_wconf 92' lang='lat'><strong>:</strong></span> <span class='ocrx_word' id='word_1_525' title='bbox 1002 4144 1287 4201; x_wconf 83' lang='lat' dir='ltr'><strong>Nobiscum</strong></span> <span class='ocrx_word' id='word_1_526' title='bbox 1329 4163 1448 4200; x_wconf 87' lang='lat' dir='ltr'><strong>eam</strong></span> <span class='ocrx_word' id='word_1_527' title='bbox 1487 4147 1722 4210; x_wconf 81' lang='lat' dir='ltr'><strong>deferte,</strong></span> <span class='ocrx_word' id='word_1_528' title='bbox 1761 4155 1818 4217; x_wconf 90' lang='lat' dir='ltr'><strong>ut</strong></span> <span class='ocrx_word' id='word_1_529' title='bbox 1857 4148 1906 4201; x_wconf 91' lang='lat' dir='ltr'><strong>ei</strong></span> 
     </span>
    </p>
   </div>
   <div class='ocr_carea' id='block_1_75' title="bbox 330 4234 1905 4311">
    <p class='ocr_par' dir='ltr' id='par_1_75' title="bbox 330 4234 1905 4311">
     <span class='ocr_line' id='line_1_75' title="bbox 330 4234 1905 4311; baseline 0.003 -24"><span class='ocrx_word' id='word_1_530' title='bbox 330 4234 494 4303; x_wconf 82' lang='lat' dir='ltr'><strong>cujus</strong></span> <span class='ocrx_word' id='word_1_531' title='bbox 521 4243 605 4288; x_wconf 88' lang='lat' dir='ltr'><strong>est</strong></span> <span class='ocrx_word' id='word_1_532' title='bbox 655 4235 875 4290; x_wconf 70' lang='lat' dir='ltr'><strong>illaesam</strong></span> <span class='ocrx_word' id='word_1_533' title='bbox 904 4236 1181 4291; x_wconf 82' lang='lat' dir='ltr'><strong>valeamus</strong></span> <span class='ocrx_word' id='word_1_534' title='bbox 1213 4237 1457 4292; x_wconf 89' lang='lat' dir='ltr'><strong>reddere.</strong></span> <span class='ocrx_word' id='word_1_535' title='bbox 1498 4238 1562 4311; x_wconf 77' lang='lat' dir='ltr'><strong>Et</strong></span> <span class='ocrx_word' id='word_1_536' title='bbox 1600 4239 1905 4308; x_wconf 56' lang='lat' dir='ltr'><strong>apprehenu</strong></span> 
     </span>
    </p>
   </div>
   <div class='ocr_carea' id='block_1_76' title="bbox 340 4327 1334 4383">
    <p class='ocr_par' dir='ltr' id='par_1_76' title="bbox 340 4327 1334 4383">
     <span class='ocr_line' id='line_1_76' title="bbox 340 4327 1334 4383; baseline 0.003 -4"><span class='ocrx_word' id='word_1_537' title='bbox 340 4339 454 4379; x_wconf 88' lang='lat' dir='ltr'><strong>sam</strong></span> <span class='ocrx_word' id='word_1_538' title='bbox 481 4342 602 4381; x_wconf 86' lang='lat' dir='ltr'><strong>eam</strong></span> <span class='ocrx_word' id='word_1_539' title='bbox 635 4327 777 4381; x_wconf 89' lang='lat' dir='ltr'><strong>domi</strong></span> <span class='ocrx_word' id='word_1_540' title='bbox 803 4343 984 4382; x_wconf 88' lang='lat' dir='ltr'><strong>secum</strong></span> <span class='ocrx_word' id='word_1_541' title='bbox 1006 4328 1334 4383; x_wconf 84' lang='lat' dir='ltr'><strong>detulerunt.</strong></span> 
     </span>
    </p>
   </div>
   <div class='ocr_carea' id='block_1_77' title="bbox 412 4418 1908 4490">
    <p class='ocr_par' dir='ltr' id='par_1_77' title="bbox 412 4418 1908 4490">
     <span class='ocr_line' id='line_1_77' title="bbox 412 4418 1908 4490; baseline 0.001 -19"><span class='ocrx_word' id='word_1_542' title='bbox 412 4418 532 4474; x_wconf 65' lang='lat' dir='ltr'><strong>H9.</strong></span> <span class='ocrx_word' id='word_1_543' title='bbox 573 4419 840 4474; x_wconf 64' lang='lat' dir='ltr'><strong>Praeterea</strong></span> <span class='ocrx_word' id='word_1_544' title='bbox 890 4421 1227 4474; x_wconf 85' lang='lat' dir='ltr'><strong>invenientes</strong></span> <span class='ocrx_word' id='word_1_545' title='bbox 1268 4421 1463 4475; x_wconf 88' lang='lat' dir='ltr'><strong>ibidem</strong></span> <span class='ocrx_word' id='word_1_546' title='bbox 1509 4419 1576 4474; x_wconf 87' lang='lat' dir='ltr'><strong>de</strong></span> <span class='ocrx_word' id='word_1_547' title='bbox 1616 4419 1727 4490; x_wconf 85' lang='lat' dir='ltr'><strong>jam</strong></span> <span class='ocrx_word' id='word_1_548' title='bbox 1764 4420 1908 4474; x_wconf 88' lang='lat' dir='ltr'><strong>dicto</strong></span> 
     </span>
    </p>
   </div>
   <div class='ocr_carea' id='block_1_78' title="bbox 338 4510 1906 4580">
    <p class='ocr_par' dir='ltr' id='par_1_78' title="bbox 338 4510 1906 4580">
     <span class='ocr_line' id='line_1_78' title="bbox 338 4510 1906 4580; baseline 0 -13"><span class='ocrx_word' id='word_1_549' title='bbox 338 4511 587 4567; x_wconf 73' lang='lat' dir='ltr'><strong>ccenobio</strong></span> <span class='ocrx_word' id='word_1_550' title='bbox 635 4512 922 4580; x_wconf 89' lang='lat' dir='ltr'><strong>quemdam</strong></span> <span class='ocrx_word' id='word_1_551' title='bbox 960 4510 1259 4575; x_wconf 80' lang='lat' dir='ltr'><strong>Vicarium,</strong></span> <span class='ocrx_word' id='word_1_552' title='bbox 1304 4520 1513 4566; x_wconf 85' lang='lat' dir='ltr'><strong>retenta</strong></span> <span class='ocrx_word' id='word_1_553' title='bbox 1563 4527 1742 4566; x_wconf 87' lang='lat' dir='ltr'><strong>sccmn</strong></span> <span class='ocrx_word' id='word_1_554' title='bbox 1788 4527 1906 4577; x_wconf 88' lang='lat' dir='ltr'><strong>ove,</strong></span> 
     </span>
    </p>
   </div>
   <div class='ocr_carea' id='block_1_79' title="bbox 337 4602 1908 4672">
    <p class='ocr_par' dir='ltr' id='par_1_79' title="bbox 337 4602 1908 4672">
     <span class='ocr_line' id='line_1_79' title="bbox 337 4602 1908 4672; baseline -0.001 -15"><span class='ocrx_word' id='word_1_555' title='bbox 337 4618 529 4657; x_wconf 88' lang='lat' dir='ltr'><strong>onmes</strong></span> <span class='ocrx_word' id='word_1_556' title='bbox 549 4602 819 4657; x_wconf 88' lang='lat' dir='ltr'><strong>salutamli</strong></span> <span class='ocrx_word' id='word_1_557' title='bbox 853 4603 1024 4671; x_wconf 87' lang='lat' dir='ltr'><strong>gratia</strong></span> <span class='ocrx_word' id='word_1_558' title='bbox 1054 4610 1368 4657; x_wconf 89' lang='lat' dir='ltr'><strong>occurrunt.</strong></span> <span class='ocrx_word' id='word_1_559' title='bbox 1407 4603 1454 4657; x_wconf 82' lang='lat' dir='ltr'><strong>A</strong></span> <span class='ocrx_word' id='word_1_560' title='bbox 1495 4616 1601 4672; x_wconf 86' lang='lat' dir='ltr'><strong>quo</strong></span> <span class='ocrx_word' id='word_1_561' title='bbox 1629 4602 1908 4657; x_wconf 87' lang='lat' dir='ltr'><strong>resalutati</strong></span> 
     </span>
    </p>
   </div>
   <div class='ocr_carea' id='block_1_80' title="bbox 337 4690 1911 4758">
    <p class='ocr_par' dir='ltr' id='par_1_80' title="bbox 337 4690 1911 4758">
     <span class='ocr_line' id='line_1_80' title="bbox 337 4690 1911 4758; baseline 0.001 -13"><span class='ocrx_word' id='word_1_562' title='bbox 337 4706 460 4745; x_wconf 91' lang='lat' dir='ltr'><strong>cum</strong></span> <span class='ocrx_word' id='word_1_563' title='bbox 495 4706 686 4747; x_wconf 84' lang='lat' dir='ltr'><strong>omnes</strong></span> <span class='ocrx_word' id='word_1_564' title='bbox 727 4701 932 4757; x_wconf 86' lang='lat' dir='ltr'><strong>essent,</strong></span> <span class='ocrx_word' id='word_1_565' title='bbox 986 4693 1060 4745; x_wconf 90' lang='lat' dir='ltr'><strong>ait</strong></span> <span class='ocrx_word' id='word_1_566' title='bbox 1111 4691 1218 4745; x_wconf 90' lang='lat' dir='ltr'><strong>illis</strong></span> <span class='ocrx_word' id='word_1_567' title='bbox 1252 4709 1265 4745; x_wconf 92' lang='lat'><strong>:</strong></span> <span class='ocrx_word' id='word_1_568' title='bbox 1297 4690 1434 4758; x_wconf 89' lang='lat' dir='ltr'><strong>Quid</strong></span> <span class='ocrx_word' id='word_1_569' title='bbox 1491 4692 1592 4746; x_wconf 90' lang='lat' dir='ltr'><strong>sibi</strong></span> <span class='ocrx_word' id='word_1_570' title='bbox 1632 4692 1745 4746; x_wconf 88' lang='lat' dir='ltr'><strong>vult</strong></span> <span class='ocrx_word' id='word_1_571' title='bbox 1793 4692 1911 4747; x_wconf 90' lang='lat' dir='ltr'><strong>ovis</strong></span> 
     </span>
    </p>
   </div>
   <div class='ocr_carea' id='block_1_81' title="bbox 339 4772 1911 4851">
    <p class='ocr_par' dir='ltr' id='par_1_81' title="bbox 339 4772 1911 4851">
     <span class='ocr_line' id='line_1_81' title="bbox 339 4772 1911 4851; baseline 0.001 -16"><span class='ocrx_word' id='word_1_572' title='bbox 339 4772 501 4851; x_wconf 78' lang='lat' dir='ltr'><strong>quam</strong></span> <span class='ocrx_word' id='word_1_573' title='bbox 535 4784 815 4838; x_wconf 87' lang='lat' dir='ltr'><strong>vobiscum</strong></span> <span class='ocrx_word' id='word_1_574' title='bbox 845 4779 1104 4837; x_wconf 76' lang='lat' dir='ltr'><strong>defertis?</strong></span> <span class='ocrx_word' id='word_1_575' title='bbox 1141 4782 1241 4849; x_wconf 90' lang='lat' dir='ltr'><strong>Qui</strong></span> <span class='ocrx_word' id='word_1_576' title='bbox 1277 4782 1570 4836; x_wconf 82' lang='lat' dir='ltr'><strong>dixerunt:</strong></span> <span class='ocrx_word' id='word_1_577' title='bbox 1604 4782 1911 4837; x_wconf 85' lang='lat' dir='ltr'><strong>Invenimus</strong></span> 
     </span>
    </p>
   </div>
   <div class='ocr_carea' id='block_1_82' title="bbox 338 4871 1911 4943">
    <p class='ocr_par' dir='ltr' id='par_1_82' title="bbox 338 4871 1911 4943">
     <span class='ocr_line' id='line_1_82' title="bbox 338 4871 1911 4943; baseline 0.003 -20"><span class='ocrx_word' id='word_1_578' title='bbox 338 4885 492 4926; x_wconf 86' lang='lat' dir='ltr'><strong>ovem</strong></span> <span class='ocrx_word' id='word_1_579' title='bbox 549 4871 828 4941; x_wconf 85' lang='lat' dir='ltr'><strong>cujusdam</strong></span> <span class='ocrx_word' id='word_1_580' title='bbox 875 4880 1169 4934; x_wconf 88' lang='lat' dir='ltr'><strong>errantem,</strong></span> <span class='ocrx_word' id='word_1_581' title='bbox 1216 4880 1269 4925; x_wconf 88' lang='lat' dir='ltr'><strong>et</strong></span> <span class='ocrx_word' id='word_1_582' title='bbox 1320 4873 1412 4940; x_wconf 89' lang='lat' dir='ltr'><strong>qui</strong></span> <span class='ocrx_word' id='word_1_583' title='bbox 1468 4873 1624 4927; x_wconf 89' lang='lat' dir='ltr'><strong>nobis</strong></span> <span class='ocrx_word' id='word_1_584' title='bbox 1670 4872 1911 4943; x_wconf 64' lang='lat' dir='ltr'><strong>&#39;przeerat</strong></span> 
     </span>
    </p>
   </div>
   <div class='ocr_carea' id='block_1_83' title="bbox 338 4948 1912 5033">
    <p class='ocr_par' dir='ltr' id='par_1_83' title="bbox 338 4948 1912 5033">
     <span class='ocr_line' id='line_1_83' title="bbox 338 4948 1912 5033; baseline 0.003 -18"><span class='ocrx_word' id='word_1_585' title='bbox 338 4948 591 5033; x_wconf 70' lang='lat' dir='ltr'><strong>praecepit</strong></span> <span class='ocrx_word' id='word_1_586' title='bbox 629 4973 688 5018; x_wconf 88' lang='lat' dir='ltr'><strong>ut</strong></span> <span class='ocrx_word' id='word_1_587' title='bbox 729 4961 1008 5017; x_wconf 89' lang='lat' dir='ltr'><strong>nobiscum</strong></span> <span class='ocrx_word' id='word_1_588' title='bbox 1046 4977 1164 5017; x_wconf 90' lang='lat' dir='ltr'><strong>eam</strong></span> <span class='ocrx_word' id='word_1_589' title='bbox 1209 4962 1654 5019; x_wconf 76' lang='lat' dir='ltr'><strong>conduceremus.</strong></span> <span class='ocrx_word' id='word_1_590' title='bbox 1697 4962 1797 5020; x_wconf 89' lang='lat' dir='ltr'><strong>Ubi</strong></span> <span class='ocrx_word' id='word_1_591' title='bbox 1827 4973 1912 5019; x_wconf 84' lang='lat' dir='ltr'><strong>est</strong></span> 
     </span>
    </p>
   </div>
   <div class='ocr_carea' id='block_1_84' title="bbox 409 5120 1906 5193">
    <p class='ocr_par' dir='ltr' id='par_1_84' title="bbox 409 5120 1906 5193">
     <span class='ocr_line' id='line_1_84' title="bbox 409 5120 1906 5193; baseline 0.003 -18"><span class='ocrx_word' id='word_1_592' title='bbox 409 5121 455 5189; x_wconf 79' lang='lat' dir='ltr'><strong>(l</strong></span> <span class='ocrx_word' id='word_1_593' title='bbox 470 5123 488 5176; x_wconf 88' lang='lat' dir='ltr'><strong>i</strong></span> <span class='ocrx_word' id='word_1_594' title='bbox 503 5122 551 5191; x_wconf 89' lang='lat' dir='ltr'><strong>l)</strong></span> <span class='ocrx_word' id='word_1_595' title='bbox 577 5121 730 5178; x_wconf 81' lang='lat' dir='ltr'><strong>Plebs</strong></span> <span class='ocrx_word' id='word_1_596' title='bbox 749 5123 1024 5193; x_wconf 68' lang='lat' dir='ltr'><strong>Brozensis</strong></span> <span class='ocrx_word' id='word_1_597' title='bbox 1038 5122 1220 5178; x_wconf 86' lang='lat' dir='ltr'><strong>ltalice</strong></span> <span class='ocrx_word' id='word_1_598' title='bbox 1238 5120 1434 5177; x_wconf 86' lang='lat' dir='ltr'><strong>dicitur</strong></span> <span class='ocrx_word' id='word_1_599' title='bbox 1450 5122 1602 5179; x_wconf 76' lang='lat' dir='ltr'><strong>Pieve</strong></span> <span class='ocrx_word' id='word_1_600' title='bbox 1622 5126 1673 5180; x_wconf 90' lang='lat' dir='ltr'><strong>di</strong></span> <span class='ocrx_word' id='word_1_601' title='bbox 1694 5123 1906 5193; x_wconf 73' lang='lat' dir='ltr'><strong>Brozzi,</strong></span> 
     </span>
    </p>
   </div>
   <div class='ocr_carea' id='block_1_85' title="bbox 337 5190 1042 5248">
    <p class='ocr_par' dir='ltr' id='par_1_85' title="bbox 337 5190 1042 5248">
     <span class='ocr_line' id='line_1_85' title="bbox 337 5190 1042 5248; baseline -0.003 -2"><span class='ocrx_word' id='word_1_602' title='bbox 337 5202 367 5246; x_wconf 76' lang='lat' dir='ltr'><strong>a</strong></span> <span class='ocrx_word' id='word_1_603' title='bbox 393 5190 508 5247; x_wconf 87' lang='lat' dir='ltr'><strong>loco</strong></span> <span class='ocrx_word' id='word_1_604' title='bbox 529 5195 814 5248; x_wconf 74' lang='lat' dir='ltr'><strong>Florentia:</strong></span> <span class='ocrx_word' id='word_1_605' title='bbox 849 5191 1042 5245; x_wconf 85' lang='lat' dir='ltr'><strong>vicino.</strong></span> 
     </span>
    </p>
   </div>
   <div class='ocr_carea' id='block_1_86' title="bbox 406 5260 1909 5344">
    <p class='ocr_par' dir='ltr' id='par_1_86' title="bbox 406 5260 1909 5344">
     <span class='ocr_line' id='line_1_86' title="bbox 406 5260 1909 5344; baseline 0.005 -29"><span class='ocrx_word' id='word_1_606' title='bbox 406 5263 452 5332; x_wconf 88' lang='grc' dir='ltr'>(ι</span> <span class='ocrx_word' id='word_1_607' title='bbox 467 5264 551 5331; x_wconf 73' lang='grc'><strong>12)</strong></span> <span class='ocrx_word' id='word_1_608' title='bbox 577 5263 678 5318; x_wconf 86' lang='lat' dir='ltr'><strong>Per</strong></span> <span class='ocrx_word' id='word_1_609' title='bbox 697 5261 965 5344; x_wconf 62' lang='lat' dir='ltr'><strong>celebrare</strong></span> <span class='ocrx_word' id='word_1_610' title='bbox 984 5260 1305 5344; x_wconf 78' lang='lat' dir='ltr'><strong>italicismus</strong></span> <span class='ocrx_word' id='word_1_611' title='bbox 1325 5270 1408 5316; x_wconf 92' lang='lat' dir='ltr'><strong>est</strong></span> <span class='ocrx_word' id='word_1_612' title='bbox 1428 5278 1524 5333; x_wconf 87' lang='lat' dir='ltr'><strong>per</strong></span> <span class='ocrx_word' id='word_1_613' title='bbox 1542 5264 1608 5318; x_wconf 89' lang='lat' dir='ltr'><strong>ad</strong></span> <span class='ocrx_word' id='word_1_614' title='bbox 1633 5265 1909 5324; x_wconf 76' lang='lat' dir='ltr'><strong>celebran-</strong></span> 
     </span>
    </p>
   </div>
   <div class='ocr_carea' id='block_1_87' title="bbox 333 5330 1125 5362">
    <p class='ocr_par' dir='ltr' id='par_1_87' title="bbox 333 5330 1125 5362">
     <span class='ocr_line' id='line_1_87' title="bbox 333 5330 1125 5362; baseline 0 0"><span class='ocrx_word' id='word_1_615' title='bbox 333 5330 452 5362; x_wconf 58' lang='grc' dir='ltr'><strong>λεὶιῆ</strong></span> <span class='ocrx_word' id='word_1_616' title='bbox 476 5334 846 5362; x_wconf 68' lang='grc' dir='ltr'><strong>ινηη......ιεηηι“</strong></span> <span class='ocrx_word' id='word_1_617' title='bbox 882 5333 1125 5362; x_wconf 63' lang='lat' dir='ltr'><strong>cunnvitn</strong></span> 
     </span>
    </p>
   </div>
   <div class='ocr_carea' id='block_1_88' title="bbox 2013 3130 3585 3199">
    <p class='ocr_par' dir='ltr' id='par_1_88' title="bbox 2013 3130 3585 3199">
     <span class='ocr_line' id='line_1_88' title="bbox 2013 3130 3585 3199; baseline 0.011 -19"><span class='ocrx_word' id='word_1_618' title='bbox 2013 3143 2129 3181; x_wconf 89' lang='lat' dir='ltr'><strong>rum</strong></span> <span class='ocrx_word' id='word_1_619' title='bbox 2160 3130 2215 3181; x_wconf 88' lang='lat' dir='ltr'><strong>iu</strong></span> <span class='ocrx_word' id='word_1_620' title='bbox 2235 3130 2401 3183; x_wconf 85' lang='lat' dir='ltr'><strong>armis</strong></span> <span class='ocrx_word' id='word_1_621' title='bbox 2422 3140 2737 3199; x_wconf 83' lang='lat' dir='ltr'><strong>strenuum;</strong></span> <span class='ocrx_word' id='word_1_622' title='bbox 2768 3142 2824 3188; x_wconf 90' lang='lat' dir='ltr'><strong>ct</strong></span> <span class='ocrx_word' id='word_1_623' title='bbox 2872 3134 2926 3189; x_wconf 90' lang='lat' dir='ltr'><strong>in</strong></span> <span class='ocrx_word' id='word_1_624' title='bbox 2980 3137 3189 3192; x_wconf 87' lang='lat' dir='ltr'><strong>bellicis</strong></span> <span class='ocrx_word' id='word_1_625' title='bbox 3216 3141 3427 3197; x_wconf 87' lang='lat' dir='ltr'><strong>actibus</strong></span> <span class='ocrx_word' id='word_1_626' title='bbox 3464 3143 3585 3198; x_wconf 87' lang='lat' dir='ltr'><strong>dili-</strong></span> 
     </span>
    </p>
   </div>
   <div class='ocr_carea' id='block_1_89' title="bbox 2010 3222 3577 3301">
    <p class='ocr_par' dir='ltr' id='par_1_89' title="bbox 2010 3222 3577 3301">
     <span class='ocr_line' id='line_1_89' title="bbox 2010 3222 3577 3301; baseline 0.01 -29"><span class='ocrx_word' id='word_1_627' title='bbox 2010 3229 2202 3293; x_wconf 84' lang='lat' dir='ltr'><strong>genter</strong></span> <span class='ocrx_word' id='word_1_628' title='bbox 2228 3222 2583 3290; x_wconf 79' lang='lat' dir='ltr'><strong>iustructum;</strong></span> <span class='ocrx_word' id='word_1_629' title='bbox 2608 3234 2663 3279; x_wconf 91' lang='lat' dir='ltr'><strong>et</strong></span> <span class='ocrx_word' id='word_1_630' title='bbox 2685 3235 2741 3280; x_wconf 92' lang='lat' dir='ltr'><strong>ut</strong></span> <span class='ocrx_word' id='word_1_631' title='bbox 2771 3227 2844 3281; x_wconf 91' lang='lat' dir='ltr'><strong>ita</strong></span> <span class='ocrx_word' id='word_1_632' title='bbox 2876 3228 3076 3295; x_wconf 89' lang='lat' dir='ltr'><strong>dicam,</strong></span> <span class='ocrx_word' id='word_1_633' title='bbox 3099 3232 3243 3300; x_wconf 84' lang='lat' dir='ltr'><strong>quod</strong></span> <span class='ocrx_word' id='word_1_634' title='bbox 3270 3232 3446 3301; x_wconf 80' lang='lat' dir='ltr'><strong>majus</strong></span> <span class='ocrx_word' id='word_1_635' title='bbox 3473 3244 3577 3301; x_wconf 84' lang='lat' dir='ltr'><strong>est,</strong></span> 
     </span>
    </p>
   </div>
   <div class='ocr_carea' id='block_1_90' title="bbox 2009 3313 3581 3390">
    <p class='ocr_par' dir='ltr' id='par_1_90' title="bbox 2009 3313 3581 3390">
     <span class='ocr_line' id='line_1_90' title="bbox 2009 3313 3581 3390; baseline 0.011 -28"><span class='ocrx_word' id='word_1_636' title='bbox 2009 3326 2316 3381; x_wconf 84' lang='lat' dir='ltr'><strong>quanquam</strong></span> <span class='ocrx_word' id='word_1_637' title='bbox 2365 3313 2419 3367; x_wconf 90' lang='lat' dir='ltr'><strong>in</strong></span> <span class='ocrx_word' id='word_1_638' title='bbox 2468 3314 2729 3371; x_wconf 59' lang='lat' dir='ltr'><strong>surculari</strong></span> <span class='ocrx_word' id='word_1_639' title='bbox 2769 3318 3224 3390; x_wconf 23' lang='lat' dir='ltr'><strong>habitu‘positus,</strong></span> <span class='ocrx_word' id='word_1_640' title='bbox 3272 3322 3324 3376; x_wconf 93' lang='lat' dir='ltr'><strong>iu</strong></span> <span class='ocrx_word' id='word_1_641' title='bbox 3370 3324 3581 3379; x_wconf 85' lang='lat' dir='ltr'><strong>Domini</strong></span> 
     </span>
    </p>
   </div>
   <div class='ocr_carea' id='block_1_91' title="bbox 2011 3405 3580 3485">
    <p class='ocr_par' dir='ltr' id='par_1_91' title="bbox 2011 3405 3580 3485">
     <span class='ocr_line' id='line_1_91' title="bbox 2011 3405 3580 3485; baseline 0.01 -30"><span class='ocrx_word' id='word_1_642' title='bbox 2011 3405 2298 3474; x_wconf 71' lang='lat' dir='ltr'><strong>prmceptis</strong></span> <span class='ocrx_word' id='word_1_643' title='bbox 2342 3414 2456 3459; x_wconf 87' lang='lat' dir='ltr'><strong>erat</strong></span> <span class='ocrx_word' id='word_1_644' title='bbox 2491 3408 2735 3462; x_wconf 87' lang='lat' dir='ltr'><strong>devotus.</strong></span> <span class='ocrx_word' id='word_1_645' title='bbox 2770 3408 3040 3465; x_wconf 63' lang='lat' dir='ltr'><strong>Praeterea</strong></span> <span class='ocrx_word' id='word_1_646' title='bbox 3083 3414 3315 3481; x_wconf 68' lang='lat' dir='ltr'><strong>quadam</strong></span> <span class='ocrx_word' id='word_1_647' title='bbox 3347 3416 3432 3470; x_wconf 88' lang='lat' dir='ltr'><strong>die</strong></span> <span class='ocrx_word' id='word_1_648' title='bbox 3460 3418 3580 3485; x_wconf 57' lang='lat' dir='ltr'><strong>qui-</strong></span> 
     </span>
    </p>
   </div>
   <div class='ocr_carea' id='block_1_92' title="bbox 2011 3495 3582 3576">
    <p class='ocr_par' dir='ltr' id='par_1_92' title="bbox 2011 3495 3582 3576">
     <span class='ocr_line' id='line_1_92' title="bbox 2011 3495 3582 3576; baseline 0.006 -27"><span class='ocrx_word' id='word_1_649' title='bbox 2011 3496 2133 3549; x_wconf 89' lang='lat' dir='ltr'><strong>dam</strong></span> <span class='ocrx_word' id='word_1_650' title='bbox 2166 3495 2378 3560; x_wconf 82' lang='lat' dir='ltr'><strong>heroes,</strong></span> <span class='ocrx_word' id='word_1_651' title='bbox 2414 3497 2484 3552; x_wconf 92' lang='lat' dir='ltr'><strong>ob</strong></span> <span class='ocrx_word' id='word_1_652' title='bbox 2537 3497 2792 3552; x_wconf 82' lang='lat' dir='ltr'><strong>invidiam</strong></span> <span class='ocrx_word' id='word_1_653' title='bbox 2848 3500 3010 3555; x_wconf 91' lang='lat' dir='ltr'><strong>nimis</strong></span> <span class='ocrx_word' id='word_1_654' title='bbox 3038 3518 3285 3573; x_wconf 80' lang='lat' dir='ltr'><strong>magnam</strong></span> <span class='ocrx_word' id='word_1_655' title='bbox 3314 3518 3380 3559; x_wconf 81' lang='lat' dir='ltr'><strong>ex</strong></span> <span class='ocrx_word' id='word_1_656' title='bbox 3424 3504 3582 3576; x_wconf 83' lang='lat' dir='ltr'><strong>longo</strong></span> 
     </span>
    </p>
   </div>
   <div class='ocr_carea' id='block_1_93' title="bbox 2011 3587 3575 3661">
    <p class='ocr_par' dir='ltr' id='par_1_93' title="bbox 2011 3587 3575 3661">
     <span class='ocr_line' id='line_1_93' title="bbox 2011 3587 3575 3661; baseline 0.008 -23"><span class='ocrx_word' id='word_1_657' title='bbox 2011 3587 2381 3657; x_wconf 83' lang='lat' dir='ltr'><strong>temporejam</strong></span> <span class='ocrx_word' id='word_1_658' title='bbox 2406 3599 2770 3658; x_wconf 86' lang='lat' dir='ltr'><strong>procreatam,</strong></span> <span class='ocrx_word' id='word_1_659' title='bbox 2808 3592 2874 3646; x_wconf 88' lang='lat' dir='ltr'><strong>ad</strong></span> <span class='ocrx_word' id='word_1_660' title='bbox 2911 3591 3140 3648; x_wconf 88' lang='lat' dir='ltr'><strong>invicem</strong></span> <span class='ocrx_word' id='word_1_661' title='bbox 3166 3596 3575 3661; x_wconf 84' lang='lat' dir='ltr'><strong>commiserunt,</strong></span> 
     </span>
    </p>
   </div>
   <div class='ocr_carea' id='block_1_94' title="bbox 2012 3678 3584 3755">
    <p class='ocr_par' dir='ltr' id='par_1_94' title="bbox 2012 3678 3584 3755">
     <span class='ocr_line' id='line_1_94' title="bbox 2012 3678 3584 3755; baseline 0.008 -25"><span class='ocrx_word' id='word_1_662' title='bbox 2012 3686 2066 3731; x_wconf 91' lang='lat' dir='ltr'><strong>et</strong></span> <span class='ocrx_word' id='word_1_663' title='bbox 2112 3680 2180 3733; x_wconf 91' lang='lat' dir='ltr'><strong>ab</strong></span> <span class='ocrx_word' id='word_1_664' title='bbox 2230 3678 2494 3735; x_wconf 90' lang='lat' dir='ltr'><strong>alterutro</strong></span> <span class='ocrx_word' id='word_1_665' title='bbox 2536 3683 2798 3749; x_wconf 87' lang='lat' dir='ltr'><strong>superati,</strong></span> <span class='ocrx_word' id='word_1_666' title='bbox 2845 3699 2966 3737; x_wconf 91' lang='lat' dir='ltr'><strong>cmn</strong></span> <span class='ocrx_word' id='word_1_667' title='bbox 3001 3683 3115 3752; x_wconf 88' lang='lat' dir='ltr'><strong>jam</strong></span> <span class='ocrx_word' id='word_1_668' title='bbox 3166 3687 3454 3755; x_wconf 60' lang='lat' dir='ltr'><strong>praedictus</strong></span> <span class='ocrx_word' id='word_1_669' title='bbox 3501 3691 3584 3744; x_wconf 89' lang='lat' dir='ltr'><strong>vir</strong></span> 
     </span>
    </p>
   </div>
   <div class='ocr_carea' id='block_1_95' title="bbox 2014 3768 3579 3847">
    <p class='ocr_par' dir='ltr' id='par_1_95' title="bbox 2014 3768 3579 3847">
     <span class='ocr_line' id='line_1_95' title="bbox 2014 3768 3579 3847; baseline 0.008 -25"><span class='ocrx_word' id='word_1_670' title='bbox 2014 3768 2324 3835; x_wconf 86' lang='lat' dir='ltr'><strong>interesset,</strong></span> <span class='ocrx_word' id='word_1_671' title='bbox 2354 3772 2423 3827; x_wconf 87' lang='lat' dir='ltr'><strong>ab</strong></span> <span class='ocrx_word' id='word_1_672' title='bbox 2450 3771 2675 3827; x_wconf 89' lang='lat' dir='ltr'><strong>adversa</strong></span> <span class='ocrx_word' id='word_1_673' title='bbox 2729 3784 2883 3844; x_wconf 88' lang='lat' dir='ltr'><strong>parte</strong></span> <span class='ocrx_word' id='word_1_674' title='bbox 2912 3784 2999 3829; x_wconf 75' lang='lat' dir='ltr'><strong>est</strong></span> <span class='ocrx_word' id='word_1_675' title='bbox 3042 3776 3428 3847; x_wconf 85' lang='lat' dir='ltr'><strong>deprehensus.</strong></span> <span class='ocrx_word' id='word_1_676' title='bbox 3478 3781 3579 3835; x_wconf 88' lang='lat' dir='ltr'><strong>lla-</strong></span> 
     </span>
    </p>
   </div>
   <div class='ocr_carea' id='block_1_96' title="bbox 2011 3863 3580 3936">
    <p class='ocr_par' dir='ltr' id='par_1_96' title="bbox 2011 3863 3580 3936">
     <span class='ocr_line' id='line_1_96' title="bbox 2011 3863 3580 3936; baseline 0.008 -22"><span class='ocrx_word' id='word_1_677' title='bbox 2011 3877 2116 3930; x_wconf 88' lang='lat' dir='ltr'><strong>que</strong></span> <span class='ocrx_word' id='word_1_678' title='bbox 2141 3863 2192 3915; x_wconf 90' lang='lat' dir='ltr'><strong>in</strong></span> <span class='ocrx_word' id='word_1_679' title='bbox 2223 3873 2372 3918; x_wconf 87' lang='lat' dir='ltr'><strong>arcta</strong></span> <span class='ocrx_word' id='word_1_680' title='bbox 2398 3864 2559 3920; x_wconf 90' lang='lat' dir='ltr'><strong>nimis</strong></span> <span class='ocrx_word' id='word_1_681' title='bbox 2588 3868 2833 3921; x_wconf 86' lang='lat' dir='ltr'><strong>custodia</strong></span> <span class='ocrx_word' id='word_1_682' title='bbox 2860 3883 2979 3921; x_wconf 78' lang='lat' dir='ltr'><strong>cum</strong></span> <span class='ocrx_word' id='word_1_683' title='bbox 3031 3872 3362 3925; x_wconf 90' lang='lat' dir='ltr'><strong>constrictus</strong></span> <span class='ocrx_word' id='word_1_684' title='bbox 3412 3883 3580 3936; x_wconf 88' lang='lat' dir='ltr'><strong>esset,</strong></span> 
     </span>
    </p>
   </div>
   <div class='ocr_carea' id='block_1_97' title="bbox 2011 3948 3581 4032">
    <p class='ocr_par' dir='ltr' id='par_1_97' title="bbox 2011 3948 3581 4032">
     <span class='ocr_line' id='line_1_97' title="bbox 2011 3948 3581 4032; baseline 0.007 -25"><span class='ocrx_word' id='word_1_685' title='bbox 2011 3954 2317 4022; x_wconf 84' lang='lat' dir='ltr'><strong>desperavit</strong></span> <span class='ocrx_word' id='word_1_686' title='bbox 2347 3970 2405 4011; x_wconf 87' lang='lat' dir='ltr'><strong>se</strong></span> <span class='ocrx_word' id='word_1_687' title='bbox 2430 3955 2669 4012; x_wconf 90' lang='lat' dir='ltr'><strong>funditus</strong></span> <span class='ocrx_word' id='word_1_688' title='bbox 2692 3948 3032 4029; x_wconf 83' lang='lat' dir='ltr'><strong>quocumque</strong></span> <span class='ocrx_word' id='word_1_689' title='bbox 3066 3961 3223 4016; x_wconf 88' lang='lat' dir='ltr'><strong>modo</strong></span> <span class='ocrx_word' id='word_1_690' title='bbox 3253 3954 3317 4016; x_wconf 81' lang='lat' dir='ltr'><strong>ex</strong></span> <span class='ocrx_word' id='word_1_691' title='bbox 3343 3977 3408 4017; x_wconf 89' lang='lat' dir='ltr'><strong>ea</strong></span> <span class='ocrx_word' id='word_1_692' title='bbox 3444 3958 3581 4032; x_wconf 86' lang='lat' dir='ltr'><strong>eripi</strong></span> 
     </span>
    </p>
   </div>
   <div class='ocr_carea' id='block_1_98' title="bbox 2009 4059 2187 4114">
    <p class='ocr_par' dir='ltr' id='par_1_98' title="bbox 2009 4059 2187 4114">
     <span class='ocr_line' id='line_1_98' title="bbox 2009 4059 2187 4114; baseline 0.011 -17"><span class='ocrx_word' id='word_1_693' title='bbox 2009 4059 2187 4114; x_wconf 75' lang='lat' dir='ltr'><strong>posse.</strong></span> 
     </span>
    </p>
   </div>
   <div class='ocr_carea' id='block_1_99' title="bbox 2080 4135 3579 4209">
    <p class='ocr_par' dir='ltr' id='par_1_99' title="bbox 2080 4135 3579 4209">
     <span class='ocr_line' id='line_1_99' title="bbox 2080 4135 3579 4209; baseline 0.005 -20"><span class='ocrx_word' id='word_1_694' title='bbox 2080 4135 2201 4189; x_wconf 74' lang='grc'><strong>132.</strong></span> <span class='ocrx_word' id='word_1_695' title='bbox 2236 4136 2386 4189; x_wconf 89' lang='lat' dir='ltr'><strong>Tunc</strong></span> <span class='ocrx_word' id='word_1_696' title='bbox 2412 4138 2700 4206; x_wconf 63' lang='lat' dir='ltr'><strong>prmdictus</strong></span> <span class='ocrx_word' id='word_1_697' title='bbox 2729 4137 2991 4194; x_wconf 88' lang='lat' dir='ltr'><strong>Tebertus</strong></span> <span class='ocrx_word' id='word_1_698' title='bbox 3022 4155 3119 4209; x_wconf 87' lang='lat' dir='ltr'><strong>pro</strong></span> <span class='ocrx_word' id='word_1_699' title='bbox 3158 4141 3440 4196; x_wconf 85' lang='lat' dir='ltr'><strong>charitatis</strong></span> <span class='ocrx_word' id='word_1_700' title='bbox 3463 4143 3579 4196; x_wconf 84' lang='lat' dir='ltr'><strong>sive</strong></span> 
     </span>
    </p>
   </div>
   <div class='ocr_carea' id='block_1_100' title="bbox 2011 4230 3580 4302">
    <p class='ocr_par' dir='ltr' id='par_1_100' title="bbox 2011 4230 3580 4302">
     <span class='ocr_line' id='line_1_100' title="bbox 2011 4230 3580 4302; baseline 0.005 -21"><span class='ocrx_word' id='word_1_701' title='bbox 2011 4232 2500 4300; x_wconf 79' lang='lat' dir='ltr'><strong>consanguinitatis</strong></span> <span class='ocrx_word' id='word_1_702' title='bbox 2529 4230 2720 4285; x_wconf 76' lang='lat' dir='ltr'><strong>aﬂ&#39;cctu</strong></span> <span class='ocrx_word' id='word_1_703' title='bbox 2774 4232 2825 4285; x_wconf 83' lang='lat' dir='ltr'><strong>in</strong></span> <span class='ocrx_word' id='word_1_704' title='bbox 2858 4234 3071 4302; x_wconf 83' lang='lat' dir='ltr'><strong>nepotis</strong></span> <span class='ocrx_word' id='word_1_705' title='bbox 3113 4231 3405 4289; x_wconf 78' lang='lat' dir='ltr'><strong>afﬂictione</strong></span> <span class='ocrx_word' id='word_1_706' title='bbox 3431 4250 3580 4290; x_wconf 81' lang='lat' dir='ltr'><strong>com-</strong></span> 
     </span>
    </p>
   </div>
   <div class='ocr_carea' id='block_1_101' title="bbox 2011 4322 3585 4397">
    <p class='ocr_par' dir='ltr' id='par_1_101' title="bbox 2011 4322 3585 4397">
     <span class='ocr_line' id='line_1_101' title="bbox 2011 4322 3585 4397; baseline 0.002 -19"><span class='ocrx_word' id='word_1_707' title='bbox 2011 4332 2210 4387; x_wconf 87' lang='lat' dir='ltr'><strong>motus,</strong></span> <span class='ocrx_word' id='word_1_708' title='bbox 2263 4322 2500 4377; x_wconf 87' lang='lat' dir='ltr'><strong>recurrit</strong></span> <span class='ocrx_word' id='word_1_709' title='bbox 2551 4324 2617 4377; x_wconf 85' lang='lat' dir='ltr'><strong>ad</strong></span> <span class='ocrx_word' id='word_1_710' title='bbox 2683 4332 2891 4392; x_wconf 87' lang='lat' dir='ltr'><strong>patrem</strong></span> <span class='ocrx_word' id='word_1_711' title='bbox 2946 4323 3232 4388; x_wconf 86' lang='lat' dir='ltr'><strong>Joannem,</strong></span> <span class='ocrx_word' id='word_1_712' title='bbox 3286 4333 3340 4380; x_wconf 90' lang='lat' dir='ltr'><strong>et</strong></span> <span class='ocrx_word' id='word_1_713' title='bbox 3390 4327 3585 4397; x_wconf 87' lang='lat' dir='ltr'><strong>petivit</strong></span> 
     </span>
    </p>
   </div>
   <div class='ocr_carea' id='block_1_102' title="bbox 2011 4411 3582 4486">
    <p class='ocr_par' dir='ltr' id='par_1_102' title="bbox 2011 4411 3582 4486">
     <span class='ocr_line' id='line_1_102' title="bbox 2011 4411 3582 4486; baseline 0.005 -21"><span class='ocrx_word' id='word_1_714' title='bbox 2011 4412 2199 4466; x_wconf 89' lang='lat' dir='ltr'><strong>dicens</strong></span> <span class='ocrx_word' id='word_1_715' title='bbox 2244 4411 2689 4467; x_wconf 87' lang='lat' dir='ltr'><strong>:Gioriosissime</strong></span> <span class='ocrx_word' id='word_1_716' title='bbox 2739 4423 2891 4481; x_wconf 86' lang='lat' dir='ltr'><strong>pater</strong></span> <span class='ocrx_word' id='word_1_717' title='bbox 2937 4424 2992 4469; x_wconf 91' lang='lat' dir='ltr'><strong>ct</strong></span> <span class='ocrx_word' id='word_1_718' title='bbox 3035 4414 3270 4481; x_wconf 87' lang='lat' dir='ltr'><strong>domine,</strong></span> <span class='ocrx_word' id='word_1_719' title='bbox 3318 4417 3582 4486; x_wconf 86' lang='lat' dir='ltr'><strong>deprecor</strong></span> 
     </span>
    </p>
   </div>
   <div class='ocr_carea' id='block_1_103' title="bbox 2012 4504 3587 4564">
    <p class='ocr_par' dir='ltr' id='par_1_103' title="bbox 2012 4504 3587 4564">
     <span class='ocr_line' id='line_1_103' title="bbox 2012 4504 3587 4564; baseline 0.003 -6"><span class='ocrx_word' id='word_1_720' title='bbox 2012 4514 2157 4558; x_wconf 90' lang='lat' dir='ltr'><strong>tuam</strong></span> <span class='ocrx_word' id='word_1_721' title='bbox 2200 4504 2762 4559; x_wconf 86' lang='lat' dir='ltr'><strong>misericordissimam</strong></span> <span class='ocrx_word' id='word_1_722' title='bbox 2805 4505 3145 4561; x_wconf 80' lang='lat' dir='ltr'><strong>clementiam</strong></span> <span class='ocrx_word' id='word_1_723' title='bbox 3189 4516 3248 4561; x_wconf 86' lang='grc' dir='ltr'><strong>ιιι</strong></span> <span class='ocrx_word' id='word_1_724' title='bbox 3278 4524 3363 4563; x_wconf 90' lang='lat' dir='ltr'><strong>me</strong></span> <span class='ocrx_word' id='word_1_725' title='bbox 3409 4508 3587 4564; x_wconf 86' lang='lat' dir='ltr'><strong>famu-</strong></span> 
     </span>
    </p>
   </div>
   <div class='ocr_carea' id='block_1_104' title="bbox 2012 4595 3583 4672">
    <p class='ocr_par' dir='ltr' id='par_1_104' title="bbox 2012 4595 3583 4672">
     <span class='ocr_line' id='line_1_104' title="bbox 2012 4595 3583 4672; baseline 0.005 -24"><span class='ocrx_word' id='word_1_726' title='bbox 2012 4596 2118 4650; x_wconf 93' lang='lat' dir='ltr'><strong>lum</strong></span> <span class='ocrx_word' id='word_1_727' title='bbox 2149 4602 2303 4651; x_wconf 74' lang='lat' dir='ltr'><strong>tuum&quot;</strong></span> <span class='ocrx_word' id='word_1_728' title='bbox 2330 4595 2625 4651; x_wconf 87' lang='lat' dir='ltr'><strong>clementer</strong></span> <span class='ocrx_word' id='word_1_729' title='bbox 2648 4598 2857 4659; x_wconf 68' lang='lat' dir='ltr'><strong>audias,</strong></span> <span class='ocrx_word' id='word_1_730' title='bbox 2888 4607 2943 4651; x_wconf 90' lang='lat' dir='ltr'><strong>et</strong></span> <span class='ocrx_word' id='word_1_731' title='bbox 2981 4599 3044 4653; x_wconf 90' lang='lat' dir='ltr'><strong>de</strong></span> <span class='ocrx_word' id='word_1_732' title='bbox 3066 4614 3172 4669; x_wconf 89' lang='lat' dir='ltr'><strong>quo</strong></span> <span class='ocrx_word' id='word_1_733' title='bbox 3199 4615 3332 4670; x_wconf 80' lang='lat' dir='ltr'><strong>rogo</strong></span> <span class='ocrx_word' id='word_1_734' title='bbox 3359 4609 3583 4672; x_wconf 90' lang='lat' dir='ltr'><strong>propter</strong></span> 
     </span>
    </p>
   </div>
   <div class='ocr_carea' id='block_1_105' title="bbox 2015 4688 3587 4761">
    <p class='ocr_par' dir='ltr' id='par_1_105' title="bbox 2015 4688 3587 4761">
     <span class='ocr_line' id='line_1_105' title="bbox 2015 4688 3587 4761; baseline 0.004 -22"><span class='ocrx_word' id='word_1_735' title='bbox 2015 4695 2157 4740; x_wconf 90' lang='lat' dir='ltr'><strong>tuam</strong></span> <span class='ocrx_word' id='word_1_736' title='bbox 2182 4702 2430 4758; x_wconf 79' lang='lat' dir='ltr'><strong>magnam</strong></span> <span class='ocrx_word' id='word_1_737' title='bbox 2471 4688 2730 4757; x_wconf 89' lang='lat' dir='ltr'><strong>pietatem</strong></span> <span class='ocrx_word' id='word_1_738' title='bbox 2762 4690 2871 4744; x_wconf 90' lang='lat' dir='ltr'><strong>cito</strong></span> <span class='ocrx_word' id='word_1_739' title='bbox 2902 4690 3188 4745; x_wconf 89' lang='lat' dir='ltr'><strong>subvenire</strong></span> <span class='ocrx_word' id='word_1_740' title='bbox 3229 4691 3489 4761; x_wconf 87' lang='lat' dir='ltr'><strong>digneris,</strong></span> <span class='ocrx_word' id='word_1_741' title='bbox 3527 4701 3587 4747; x_wconf 91' lang='lat' dir='ltr'><strong>ut</strong></span> 
     </span>
    </p>
   </div>
   <div class='ocr_carea' id='block_1_106' title="bbox 2012 4774 3601 4849">
    <p class='ocr_par' dir='ltr' id='par_1_106' title="bbox 2012 4774 3601 4849">
     <span class='ocr_line' id='line_1_106' title="bbox 2012 4774 3601 4849; baseline 0.003 -17"><span class='ocrx_word' id='word_1_742' title='bbox 2012 4779 2271 4834; x_wconf 86' lang='lat' dir='ltr'><strong>famulum</strong></span> <span class='ocrx_word' id='word_1_743' title='bbox 2305 4789 2454 4834; x_wconf 88' lang='lat' dir='ltr'><strong>tttum</strong></span> <span class='ocrx_word' id='word_1_744' title='bbox 2499 4779 2645 4834; x_wconf 91' lang='lat' dir='ltr'><strong>illum</strong></span> <span class='ocrx_word' id='word_1_745' title='bbox 2679 4778 2985 4835; x_wconf 81' lang='lat' dir='ltr'><strong>Beuzouem</strong></span> <span class='ocrx_word' id='word_1_746' title='bbox 3037 4798 3065 4835; x_wconf 95' lang='lat' dir='ltr'><strong>a</strong></span> <span class='ocrx_word' id='word_1_747' title='bbox 3117 4781 3210 4836; x_wconf 88' lang='lat' dir='ltr'><strong>tali</strong></span> <span class='ocrx_word' id='word_1_748' title='bbox 3247 4792 3302 4836; x_wconf 88' lang='lat' dir='ltr'><strong>et</strong></span> <span class='ocrx_word' id='word_1_749' title='bbox 3350 4798 3379 4836; x_wconf 88' lang='lat' dir='ltr'><strong>a</strong></span> <span class='ocrx_word' id='word_1_750' title='bbox 3432 4774 3601 4849; x_wconf 46' lang='lat' dir='ltr'><strong>tanto.</strong></span> 
     </span>
    </p>
   </div>
   <div class='ocr_carea' id='block_1_107' title="bbox 2008 4868 3588 4943">
    <p class='ocr_par' dir='ltr' id='par_1_107' title="bbox 2008 4868 3588 4943">
     <span class='ocr_line' id='line_1_107' title="bbox 2008 4868 3588 4943; baseline 0.001 -19"><span class='ocrx_word' id='word_1_751' title='bbox 2008 4868 2271 4924; x_wconf 71' lang='lat' dir='ltr'><strong>exitiabili</strong></span> <span class='ocrx_word' id='word_1_752' title='bbox 2302 4869 2565 4940; x_wconf 88' lang='lat' dir='ltr'><strong>periculo,</strong></span> <span class='ocrx_word' id='word_1_753' title='bbox 2604 4872 2720 4925; x_wconf 90' lang='lat' dir='ltr'><strong>sine</strong></span> <span class='ocrx_word' id='word_1_754' title='bbox 2742 4871 2916 4940; x_wconf 87' lang='lat' dir='ltr'><strong>pretio</strong></span> <span class='ocrx_word' id='word_1_755' title='bbox 2937 4869 2999 4925; x_wconf 84' lang='lat' dir='ltr'><strong>et</strong></span> <span class='ocrx_word' id='word_1_756' title='bbox 3028 4873 3207 4943; x_wconf 87' lang='lat' dir='ltr'><strong>aliqua</strong></span> <span class='ocrx_word' id='word_1_757' title='bbox 3233 4875 3588 4926; x_wconf 88' lang='lat' dir='ltr'><strong>conventione</strong></span> 
     </span>
    </p>
   </div>
   <div class='ocr_carea' id='block_1_108' title="bbox 2010 4961 3587 5025">
    <p class='ocr_par' dir='ltr' id='par_1_108' title="bbox 2010 4961 3587 5025">
     <span class='ocr_line' id='line_1_108' title="bbox 2010 4961 3587 5025; baseline -0.001 -10"><span class='ocrx_word' id='word_1_758' title='bbox 2010 4961 2299 5018; x_wconf 86' lang='lat' dir='ltr'><strong>abstrahas</strong></span> <span class='ocrx_word' id='word_1_759' title='bbox 2335 4961 2582 5016; x_wconf 86' lang='lat' dir='ltr'><strong>liberum.</strong></span> <span class='ocrx_word' id='word_1_760' title='bbox 2606 4962 2817 5017; x_wconf 89' lang='lat' dir='ltr'><strong>Etcum</strong></span> <span class='ocrx_word' id='word_1_761' title='bbox 2845 4963 2945 5017; x_wconf 88' lang='lat' dir='ltr'><strong>hoc</strong></span> <span class='ocrx_word' id='word_1_762' title='bbox 2980 4961 3195 5025; x_wconf 79' lang='lat' dir='ltr'><strong>feceris,</strong></span> <span class='ocrx_word' id='word_1_763' title='bbox 3225 4972 3351 5016; x_wconf 89' lang='lat' dir='ltr'><strong>tunc</strong></span> <span class='ocrx_word' id='word_1_764' title='bbox 3371 4963 3587 5017; x_wconf 67' lang='lat' dir='ltr'><strong>«lentum</strong></span> 
     </span>
    </p>
   </div>
   <div class='ocr_carea' id='block_1_109' title="bbox 2010 5106 3595 5203">
    <p class='ocr_par' dir='ltr' id='par_1_109' title="bbox 2010 5106 3595 5203">
     <span class='ocr_line' id='line_1_109' title="bbox 2010 5106 3595 5203; baseline -0.005 -13"><span class='ocrx_word' id='word_1_765' title='bbox 2010 5136 2078 5190; x_wconf 82' lang='lat' dir='ltr'><strong>do</strong></span> <span class='ocrx_word' id='word_1_766' title='bbox 2120 5118 2379 5186; x_wconf 79' lang='lat' dir='ltr'><strong>iaicorum</strong></span> <span class='ocrx_word' id='word_1_767' title='bbox 2424 5132 2743 5203; x_wconf 85' lang='lat' dir='ltr'><strong>obsequium</strong></span> <span class='ocrx_word' id='word_1_768' title='bbox 2800 5106 3082 5187; x_wconf 85' lang='lat' dir='ltr'><strong>monachis</strong></span> <span class='ocrx_word' id='word_1_769' title='bbox 3103 5129 3347 5186; x_wconf 88' lang='lat' dir='ltr'><strong>oblatum</strong></span> <span class='ocrx_word' id='word_1_770' title='bbox 3387 5127 3595 5200; x_wconf 66' lang='lat' dir='ltr'><strong>signiﬁ-</strong></span> 
     </span>
    </p>
   </div>
   <div class='ocr_carea' id='block_1_110' title="bbox 2009 5215 3597 5362">
    <p class='ocr_par' dir='ltr' id='par_1_110' title="bbox 2009 5215 3597 5362">
     <span class='ocr_line' id='line_1_110' title="bbox 2009 5215 3597 5362; baseline -0.013 -26"><span class='ocrx_word' id='word_1_771' title='bbox 2258 5269 2877 5362; x_wconf 41' lang='lat' dir='ltr'><strong>Melatus‘velﬂetatum</strong></span> <span class='ocrx_word' id='word_1_772' title='bbox 2899 5264 3472 5362; x_wconf 39' lang='lat' dir='ltr'><strong>signiﬁcat</strong></span> 
     </span>
    </p>
   </div>
   <div class='ocr_carea' id='block_1_111' title="bbox 3497 5338 3597 5362">
    <p class='ocr_par' dir='ltr' id='par_1_111' title="bbox 3497 5338 3597 5362">
     <span class='ocr_line' id='line_1_111' title="bbox 3497 5338 3597 5362; baseline 0 0"><span class='ocrx_word' id='word_1_773' title='bbox 3497 5338 3597 5362; x_wconf 64' lang='grc' dir='ltr'>ιιι..</span> 
     </span>
    </p>
   </div>
   <div class='ocr_carea' id='block_1_112' title="bbox 3223 5349 3444 5362">
    <p class='ocr_par' dir='ltr' id='par_1_112' title="bbox 3223 5349 3444 5362">
     <span class='ocr_line' id='line_1_112' title="bbox 3223 5349 3444 5362; baseline 0 0"><span class='ocrx_word' id='word_1_774' title='bbox 3223 5349 3342 5362; x_wconf 64' lang='grc' dir='ltr'><strong>...Α-Ι</strong></span> <span class='ocrx_word' id='word_1_775' title='bbox 3394 5352 3444 5362; x_wconf 68' lang='grc' dir='ltr'>..ιι</span> 
     </span>
    </p>
   </div>
  </div>
