4110 5362
371 241 473 300 8l3

1890 232 2093 300 acra.

3507 248 3618 305 ﬁll

375 355 426 411 in
451 364 539 409 me
579 366 800 430 semper
843 356 1031 426 valuit,
1078 357 1400 414 auctoritas‘
1424 372 1545 414 eum
1594 356 1767 412 uultus
1796 368 1951 410 antea
1983 369 2028 420 Λ
2060 360 2124 412 ad
2154 358 2202 412 id
2229 354 2610 416 ostendendum
2636 375 2999 427 ooservamus,
3020 362 3280 432 aperiam.
3306 356 3620 436 priusquam

372 448 595 517 hujusce
634 456 911 527 religionis
943 472 1026 510 me
1057 455 1243 511 adhoc
1269 453 1565 523 impulerit,
1594 468 1714 508 cum
1740 452 1953 523 plurimi

375 553 629 601 orassent
657 562 671 599 :
701 561 850 608 nam,
882 553 935 598 ut
977 558 1162 598 verum
1194 545 1384 608 fatear,
1409 559 1514 598 non
1559 543 1625 597 de
1666 542 1956 597 ambitione

379 632 508 691 illud
533 650 693 707 agere
725 634 1405 708 [detrectabamjverum
1455 633 1577 703 quia
1613 648 1710 687 nec
1742 632 1958 703 ingenio

383 744 480 782 nec
519 727 760 781 doctrina
812 725 1079 791 valebam,
1143 740 1403 780 excusare
1449 720 1789 796 [volebam]
1842 721 1956 775 Non

381 820 527 890 potui
551 835 680 890 ergo
710 820 777 873 ob
801 819 1028 888 plurima
1058 820 1110 872 in
1158 817 1493 888 Religionem
1524 826 1577 871 et
1608 816 1661 871 in
1684 830 1770 870 me
1790 815 1956 869 bene-

382 913 574 967 merita
628 928 731 967 non
765 920 867 966 tum
905 910 1166 966 voluntati
1216 924 1404 979 gerere
1453 922 1691 972 morem,
1754 920 1876 960 cum
1904 904 1958 958 in

386 1010 618 1055 mentem
641 1000 892 1056 veniebat
919 1010 991 1067 te,
1027 1001 1278 1056 nonnulla
1311 1000 1368 1054 S.
1396 998 1658 1054 Johannis
1699 995 1957 1051 miracula

384 1091 438 1145 in
469 1090 680 1144 hortulo
720 1099 906 1146 nostro
936 1092 1263 1153 audientem,
1304 1088 1370 1143 ad
1406 1104 1469 1143 ea
1495 1086 1868 1151 describenda,
1900 1093 1961 1139 ut
1993 1107 2008 1122 -

370 1188 622 1249 ’possem,
653 1180 927 1233 hortatum
973 1180 1157 1233 fuisse.
1189 1179 1312 1233 Feci
1350 1192 1480 1248 ergo
1512 1177 1688 1246 quoad
1712 1176 1881 1245 potui,
1905 1182 1963 1228 ut

384 1269 525 1324 votis
552 1267 919 1325 satisfacerem
945 1271 1078 1335 tuis;
1127 1284 1249 1323 cum
1295 1284 1362 1322 ex
1416 1269 1500 1322 his
1545 1265 1797 1321 omnibus
1842 1280 1962 1334 qua:

386 1359 632 1430 legerint,
684 1360 943 1428 viderim,
1000 1361 1332 1425 audiverim,
1380 1375 1442 1413 ea
1493 1366 1701 1413 tantum
1768 1356 1963 1411 litteris

386 1450 635 1505 mandavi
704 1467 825 1522 qua:
896 1459 951 1506 ct
1009 1452 1113 1506 fide
1157 1458 1211 1505 et
1286 1448 1551 1505 memoria
1605 1449 1765 1518 digna
1819 1448 1962 1501 vide-

386 1547 594 1593 rentur.

454 1630 508 1683 5.
539 1629 737 1684 Verum
776 1629 925 1701 prius
980 1644 1210 1701 quonam
1246 1629 1405 1685 modo
1450 1628 1707 1689 et‘Crux.
1756 1642 1860 1698 qua
1911 1622 1963 1681 in

2061 451 2267 506 initium
2298 454 2553 507 narrandi
2582 455 2805 518 fac'am,’
2825 464 2883 509 ut
2925 457 3104 510 omnia
3145 459 3315 527 magis
3343 462 3622 528 mag'sqne

2059 545 2111 599 in
2135 554 2321 614 aperto
2347 546 2453 600 sint
2485 566 2497 600 :
2523 546 2575 602 in
2595 563 2718 617 quo,
2744 549 2788 603 si
2816 550 2945 619 quid
2971 550 3318 605 minuscaute
3342 552 3652 624 periteque,

2059 634 2308 699 dixerim,
2342 636 2473 689 mihi
2509 636 2666 691 facile
2701 640 2912 693 veniam
2946 649 3034 694 tua
3068 640 3356 711 singularis
3383 644 3626 716 benigni-

2059 734 2142 779 tas
2174 733 2229 780 et
2254 720 2761 793 hutnanitas‘dabit,
2800 745 2941 795 cum,
2976 740 3033 785 ut
3066 732 3223 802 paulo
3250 742 3377 789 ante
3401 734 3534 797 dixi,
3571 744 3627 789 et

2058 825 2173 872 arte
2195 826 2249 872 et
2278 818 2493 889 ingenio
2516 834 2704 890 parum
2732 821 2956 875 valeam.
2982 823 3202 894 Insuper
3227 840 3347 879 cum
3378 826 3493 881 haec
3508 826 3622 894 jam

2058 908 2332 963 omiserim
2362 910 2560 975 studia,
2581 917 2635 965 et
2659 910 2852 965 divinis
2881 910 3237 976 incubuerim,
3264 928 3384 982 qua:
3410 916 3624 984 quidem

2060 1000 2125 1056 de
2151 1002 2416 1057 industria
2465 1018 2494 1056 a
2539 1002 2670 1057 viris
2701 1002 3028 1077 doctissimis
3083 1020 3272 1074 panum
3328 1014 3513 1059 ornate
3564 1022 3627 1058 ar.

2059 1093 2376 1166 eloquenter
2409 1096 2551 1150 edita
2598 1096 2775 1157 fuere;
2818 1094 3115 1164 praesertim
3146 1111 3206 1148 ea
3258 1110 3376 1165 qum
3415 1097 3467 1151 in
3505 1096 3626 1165 jure.

2060 1185 2332 1241 Cauonico
2353 1202 2382 1239 a
2404 1185 2723 1255 quibusdam
2752 1183 2949 1238 inculte
2973 1192 3027 1236 et
3051 1183 3366 1238 inconcinne
3398 1186 3623 1254 probata

2062 1285 2210 1341 sunt,
2244 1278 2319 1331 ita
2349 1276 2595 1330 utetiam
2636 1274 2843 1330 Latinis
2889 1274 3085 1329 litteris
3134 1274 3480 1331 mediocriter
3508 1291 3629 1329 eru-

2062 1368 2205 1423 ditus
2225 1379 2342 1421 eam
2387 1367 2654 1421 scribendi
2716 1366 3004 1421 ruditatem
3068 1365 3210 1419 haud
3254 1379 3407 1435 aequo
3451 1368 3631 1420 anima

2065 1460 2204 1515 ferre
2230 1461 2432 1530 possit;
2462 1475 2624 1531 quam
2655 1468 2831 1514 tamen
2873 1459 3011 1513 ferre
3040 1467 3274 1527 oportet,
3301 1473 3424 1513 cmn
3464 1458 3536 1512 illi
3566 1472 3628 1513 ea

2064 1551 2117 1606 in
2148 1560 2265 1605 arte
2292 1550 2496 1604 liberali
2554 1549 2843 1619 plurimum
2899 1550 3165 1605 sententia
3220 1563 3378 1618 quam
3440 1557 3631 1601 ornatu

2068 1643 2298 1697 valeant.
2346 1642 2422 1696 Eo
2451 1642 2529 1707 fit,
2568 1641 2844 1707 Laurenti,
2877 1650 2937 1695 ut
2966 1640 3159 1710 smpius
3188 1639 3240 1694 in
3276 1636 3501 1693 dicendo
3524 1651 3633 1691 nea

386 1720 578 1790 primis
599 1722 819 1785 utimur,
853 1722 919 1774 ad
958 1722 1058 1775 hoc
1102 1721 1372 1786 instituta,
1422 1729 1477 1775 et
1524 1720 1804 1775 brachium
1836 1716 1960 1771 illud
1994 1706 2035 1764 Β
2062 1732 2264 1795 Latini,
2295 1734 2388 1787 sed
2438 1706 2654 1786 ικηικηί
2683 1747 2714 1785 a
2766 1731 2897 1787 viris
2942 1706 3399 1802 eloducmissimis
3440 1727 3663 1783 haben--

386 1811 794 1866 sanctissimum
823 1810 927 1866 huc
970 1826 1067 1882 per
1109 1807 1343 1879 Angelos
1374 1804 1695 1865 miraculose
1722 1806 1958 1862 dn-latum

387 1903 478 1967 sit,
505 1912 560 1958 ct
582 1904 797 1957 modum
825 1903 1079 1973 viamque
1103 1917 1267 1973 quam
1296 1899 1529 1970 majores
1558 1900 1729 1954 nostri
1784 1907 1839 1953 ct
1864 1912 1964 1951 nos

2062 1839 2222 1887 mur;
2251 1838 2411 1893 quam
2452 1823 2754 1878 barbariem
2785 1837 2940 1893 atquo
2985 1823 3166 1879 animo
3192 1821 3339 1878 feras
3368 1834 3496 1885 oro;
3522 1818 3638 1888 lege

2062 1929 2190 1970 ervo
2217 1913 2466 1970 feliciter.

1826 2116 2110 2136 ~—

1559 2237 1915 2333 LIBER
1987 2206 2472 2332 PRIMUS.

1042 2470 1300 2536 rans].

462 2569 583 2627 ιλιι
626 2568 791 2643 ipsius
821 2569 1385 2626 sanctissimiJoannis
1402 2570 1521 2625 Vita
1563 2569 1756 2641 legitur
1778 2585 1963 2641 quem-

389 2663 513 2718 dam
542 2662 874 2717 Florentium
922 2661 1314 2726 Florentinum,
1359 2676 1478 2715 cum
1527 2660 1816 2731 plurimum
1851 2662 1962 2716 εἰο-

2071 2495 2136 2534 ex
2167 2495 2261 2534 ore
2284 2479 2554 2533 ﬂammam
2596 2479 2817 2550 ignitam
2846 2489 2899 2533 et
2945 2480 3168 2536 naribus
3195 2479 3388 2536 hiulcis
3423 2479 3644 2550 pestife-

2069 2584 2187 2622 rum
2236 2568 2691 2637 sulphureaiuque
2747 2566 2952 2623 funium
2980 2571 3227 2624 edentem
3273 2570 3520 2625 cominus
3545 2585 3637 2641 tua

2069 2659 2322 2713 miserum
2372 2659 2611 2712 intueor!
2664 2658 2732 2712 Et
2786 2658 2846 2712 Β.
2889 2659 3146 2725 Joannes,
3193 2659 3410 2715 ubinam
3471 2669 3642 2721 esset.

390 2755 608 2824 quentia
654 2763 709 2808 et
737 2752 941 2822 vulgari
982 2751 1261 2823 prudentia
1308 2751 1554 2821 polleret,
1583 2768 1960 2822 nonnunquam
1993 2780 2039 2843 ο
2069 2750 3637 2821 interrogans,illicoarripiensmanibuscrucem,umbrata

390 2858 579 2904 contra
609 2847 868 2903 Joannem
907 2848 1048 2902 inter
1074 2846 1207 2902 alios
1236 2849 1383 2903 cives
1434 2864 1530 2918 pro
1581 2847 1743 2905 Petro
1788 2850 1963 2905 Simo—

393 2940 552 2995 niaco
594 2939 859 3010 Episcopo
908 2939 1223 2994 Florentino
1271 2940 1651 2995 insui-rexisse.
1709 2938 1805 2996 llic
1842 2956 1961 2994 eum

393 3027 447 3084 in
479 3028 760 3094 extremis,
783 3029 1014 3098 quadam
1041 3029 1290 3083 detentus
1316 3029 1649 3094 infirmitate,
1672 3028 1964 3093 laboraret,

394 3120 633 3175 salutare
662 3120 764 3174 sibi
796 3120 971 3173 visum
1019 3128 1101 3173 est
1128 3120 1434 3181 consilium,
1473 3135 1595 3174 cum
1625 3119 1846 3188 ipsenth
1870 3135 1966 3174 sua

397 3210 731 3265 conscientia
760 3212 827 3264 ad
868 3209 1463 3274 iuferosdamnarctur,
1511 3210 1750 3265 habitum
1798 3226 1826 3264 a
1879 3209 1970 3264 Jo-

398 3315 538 3353 anne
560 3299 901 3354 san'ctissimo
930 3300 1221 3366 Religionis
1251 3301 1571 3370 impetrare;
1594 3309 1667 3366 et,
1699 3301 1966 3372 negotium

357 3389 704 3457 .bujusmodi
750 3391 862 3446 suis
908 3393 1229 3447 necessariis
1285 3392 1655 3456 committens,
1687 3408 1716 3446 a
1766 3384 1971 3447 Joanne

397 3484 488 3553 pio
511 3492 565 3536 et
614 3482 930 3552 injuriarum
992 3484 1293 3540 immemori
1321 3484 1576 3539 facillime
1612 3482 1828 3538 veniant
1873 3483 1972 3537 im-

398 3573 662 3642 petravit;
693 3574 758 3628 ad
790 3574 1031 3628 habitum
1060 3583 1237 3630 tamen
1272 3575 1531 3638 dandum,
1556 3575 1679 3644 quia
1711 3575 1825 3630 sine
1848 3590 1977 3645 pro-

396 3664 615 3718 batione
645 3665 758 3719 ficri
800 3680 902 3719 non
941 3665 1086 3730 licet,
1134 3666 1462 3722 immobilem
1512 3675 1850 3736 repererunt.
1876 3664 1973 3720 Ᾱζ-

397 3764 609 3823 gmtum
642 3755 803 3825 igitur
828 3758 1014 3812 affines
1044 3772 1147 3812 non
1195 3759 1312 3814 sine
1342 3757 1655 3813 difﬁcultate
1695 3759 1761 3811 ad
1792 3755 1849 3811 S.
1877 3755 1973 3811 Jo-

400 3860 595 3899 annem
643 3846 922 3911 deferunt;
953 3856 1009 3901 et
1036 3848 1265 3918 denique
1315 3848 1567 3925 precibus
1614 3857 1668 3901 et
1724 3848 1975 3925 Iaerymis

320 3997 324 4002 ,
399 3945 705 4003 βλιειιιιιιῐι,
732 3937 814 3991 vel
865 3954 1051 3992 revera
1085 3942 1256 4009 magis
1302 3924 1469 4009 ipsius
1525 3940 1628 3994 lide
1665 3937 1851 4001 ﬂexus,
1885 3941 1976 3993 ha-

398 4026 568 4078 litum
608 4028 674 4079 ad
699 4038 997 4081 extremum
1035 4028 1108 4082 illi
1145 4029 1432 4084 consentit.
1477 4029 1616 4083 Proh
1647 4030 1783 4083 boue
1812 4025 1967 4083 Jesul

403 4122 550 4167 tanta
584 4114 641 4169 S.
672 4114 893 4170 Joannis
919 4119 1091 4173 virtus
1119 4127 1174 4173 et
1207 4122 1376 4189 gratia
1429 4119 1552 4185 fuit,
1599 4129 1658 4174 ut
1721 4122 1810 4190 qui
1860 4121 1972 4190 jam

401 4207 638 4260 moriens
688 4209 981 4273 videretur,
1005 4220 1217 4280 sumpto
1241 4226 1306 4264 en
1352 4211 1573 4277 amictu,
1605 4221 1853 4282 surgeret
1916 4221 1971 4265 et

402 4298 724 4351 ambularet.

472 4387 524 4442 5.
566 4388 669 4443 Sed
714 4391 968 4445 nonnullo
994 4390 1275 4461 interiecto
1301 4402 1561 4464 tempore,
1610 4413 1730 4450 cum
1765 4395 1979 4466 gravior

402 4479 645 4547 quaedam
673 4480 951 4550 regrotatio
975 4484 1220 4538 eumdem
1251 4485 1567 4553 corriperet,
1596 4484 1669 4538 ita
1697 4495 1754 4539 ιιι
1780 4486 1976 4539 nullam

403 4570 664 4623 evadendi
708 4570 820 4638 jam
876 4586 1024 4641 spem
1082 4573 1327 4637 haberet,
1364 4572 1426 4627 P.
1479 4572 1738 4639 Joannes,
1777 4574 1979 4628 vocatis

405 4660 708 4728 monachis,
755 4679 877 4718 eum
931 4663 1107 4720 visere
1152 4665 1342 4735 pergit,
1398 4673 1474 4730 et,
1505 4666 1622 4736 ipso
1674 4675 1729 4721 et
1765 4667 1979 4721 cmteris

408 4751 711 4818 orantibus,
745 4752 834 4808 ille
885 4764 1121 4824 aegrotus
1164 4765 1324 4825 caput
1374 4764 1564 4821 totum,
1616 4756 1738 4812 lecti
1768 4767 1979 4811 arrecto

411 4856 606 4910 panno,
644 4830 945 4911 cooperuit.
978 4842 1114 4911 Quid
1153 4853 1403 4899 vereatur
1430 4854 1583 4917 rogat
1614 4844 1668 4899 S.
1702 4845 1976 4901 Joannes:

410 4928 502 4985 ille
524 4929 715 4987 faciem
745 4932 986 4987 enudans
1019 4932 1192 5002 inquit
1225 4942 1461 4989 tremens
1488 4951 1502 4988 :
1542 4933 1821 4989 Diabolum
1869 4944 1981 4989 toto

483 5081 639 5176 (lii).
655 5105 757 5160 Hic
785 5103 977 5176 beatus
1000 5103 1282 5176 Orlandus
1307 5105 1407 5162 fuit
1430 5106 1733 5164 Conversus
1764 5105 1980 5164 Ordinis

415 5172 885 5248 Vallumbrosani,_
912 5174 1179 5248 _obiitque_
1224 5190 1366 5229 anno
1402 5178 1563 5248 71242.
1628 5178 1875 5248 Syllogen
1915 5180 1982 5236 de

412 5258 479 5298 eo
496 5244 815 5314 historicam
837 5243 957 5298 vide
988 5246 1041 5299 in
1059 5243 1212 5302 Actis
1242 5247 1442 5301 nostris
1466 5249 1533 5301 ad
1572 5243 1713 5302 diem
1736 5243 1805 5301 ‘20
1834 5246 1979 5314 Maii,

416 5320 557 5362 [mnu
586 5313 833 5362 eiusdem
886 5317 1083 5362 mensis
1109 5333 1139 5362 ν
1168 5331 1291 5362 nan.
1353 5315 1478 5362 Qf‘ﬁ-
1537 5317 1610 5362 De
1659 5318 1777 5362 insn
1817 5313 1977 5362 etiam

2069 2856 2326 2910 perquam
2359 2853 2576 2895 strenue
2638 2842 2939 2911 percussit;
2999 2841 3088 2911 qui
3139 2841 3386 2896 diabolus
3452 2843 3647 2896 statim

2068 2929 2275 2999 ejulans
2324 2946 2388 2984 ac
2414 2930 2609 2987 fmtens
2632 2946 2729 2985 ceu
2778 2930 2958 2985 fumus
2986 2930 3246 2996 evanuit;
3299 2939 3357 2982 et
3398 2929 3648 2983 infirmus

2073 3022 2181 3076 acri
2239 3037 2369 3075 voce
2419 3021 2722 3075 exclamare
2764 3040 2776 3075 :
2834 3022 2943 3077 Deo
2969 3023 3207 3092 gratiast
3257 3022 3365 3076 Deo
3402 3021 3636 3092 gratiast

2071 3112 2234 3175 Abiit,
2258 3112 2526 3165 discessit.
2559 3111 2698 3167 Ecce
2726 3113 2921 3167 adsunt
2947 3113 3128 3184 Virgo,
3158 3113 3247 3168 Dei
3272 3115 3506 3185 g’oriosa
3531 3112 3640 3167 Ma-

2073 3212 2171 3264 ter,
2207 3203 2397 3258 Petrus
2412 3204 2699 3273 Apostolus
2719 3216 2771 3258 et
2798 3216 2951 3274 pater
2976 3207 3315 3261 Benedictus.
3344 3206 3436 3260 llis
3463 3207 3646 3271 dictis,

2073 3293 2307 3346 animam
2343 3293 2651 3348 felicissime
2681 3297 2880 3349 emisit.

2142 3380 2196 3436 6.
2238 3382 2406 3448 Quam
2432 3400 2647 3439 crucem
2696 3387 2942 3441 monachi
2978 3387 3029 3441 in
3071 3388 3312 3442 sacrario
3340 3388 3483 3442 inter
3505 3388 3644 3442 San-

2073 3482 2282 3529 ctorum
2316 3468 2602 3546 'reliquias
2650 3491 2962 3543 servantes,
3018 3482 3212 3550 sarpius
3257 3481 3417 3535 etiam
3462 3490 3646 3536 nostra

2073 3573 2235 3619 aetate
2264 3564 2367 3618 fide
2401 3576 2455 3621 ct
2484 3568 2773 3623 virtutibus
2801 3568 2857 3624 S.
2886 3568 3108 3626 Joannis
3128 3572 3298 3634 ducti,
3330 3572 3418 3624 ubi
3451 3570 3647 3640 aliquis

2077 3670 2105 3707 a
2131 3657 2394 3710 da-monio
2423 3667 2612 3726 captus
2648 3658 2752 3712 huc
2791 3662 3103 3724 accesserit,
3132 3670 3309 3715 utrum
3342 3669 3532 3732 captus
3577 3661 3651 3716 sit

2075 3762 2104 3799 a
2132 3747 2375 3802 dmmoue
2415 3765 2481 3802 an
2530 3764 2659 3812 non,
2687 3749 2872 3804 eadem
2905 3767 3066 3808 cruce
3089 3762 3325 3819 tentant;
3361 3755 3413 3807 in
3458 3750 3649 3821 primis

2078 3848 2255 3895 tamen
2280 3856 2473 3911 aquam
2502 3842 2614 3896 sale
2641 3851 2695 3896 et
2729 3844 2911 3899 verbis
2952 3846 3316 3900 exorcizatam
3357 3859 3649 3915 asperge-no

2078 3940 2179 3998 tes,
2203 3950 2306 4004 qua
2338 3933 2531 3999 solum,
2562 3951 2646 3988 tne
2672 3945 2955 4004 praesente,
2980 3939 3323 4007 quamplttres
3349 3938 3650 3993 discessere
3676 3966 3680 3971 -

2077 4027 2393 4083 incolumes.
2421 4029 2525 4084 Sed
2553 4031 2595 4083 si
2641 4030 2701 4084 fit
2729 4031 2941 4100 penitus
2963 4071 2975 4093 ,
3006 4040 3059 4083 ut
3093 4028 3312 4098 praefata
3343 4040 3523 4091 cruce,
3553 4027 3646 4096 qui

2078 4133 2106 4171 a
2139 4120 2380 4173 dzemone
2419 4129 2719 4188 torquetur,
2775 4119 3059 4173 incolumis
3115 4134 3220 4172 non
3267 4118 3521 4182 evaserit,
3576 4118 3644 4169 ad

2076 4208 2357 4261 beatorum
2385 4208 2668 4262 deducitur
2696 4208 3030 4276 sepulcrum;
3064 4206 3282 4262 Orlaudi
3322 4207 3469 4277 (lii)
3505 4205 3650 4260 sciliv

2007 4328 2053 4385 ο
2080 4308 2166 4353 eet
2196 4300 2292 4352 viri
2323 4308 2380 4353 et
2427 4299 2675 4354 monachi
2726 4299 3077 4364 sanctissimi,
3111 4306 3161 4352 et
3210 4296 3446 4353 Melioris
3499 4297 3626 4368 (19.27.

2080 4390 2321 4443 eremitae
2344 4389 2742 4457 gloriosissimi,
2767 4399 2820 4444 et
2854 4387 3013 4457 hujus
3041 4390 3350 4444 monasterii
3380 4384 3645 4445 Abba‘tum

2080 4480 2297 4549 Benigni
2330 4482 2346 4546 (
2360 4481 2475 4549 125)
2497 4480 2845 4537 etMicltaelis
2866 4481 3035 4553 (124),
3060 4490 3117 4536 et
3151 4482 3526 4537 nonnullorum
3559 4482 3648 4549 qui

2079 4570 2596 4625 etiatnvcnerabiies
2633 4573 2889 4628 exstitere
2966 4572 3209 4636 Patrum,
3256 4576 3484 4641 quorum
3514 4571 3651 4627 vitas

2078 4674 2134 4720 et
2160 4665 2370 4735 egregia
2399 4664 2539 4720 facta
2567 4666 2690 4736 quia
2720 4666 2854 4721 alias
2874 4676 2928 4721 et
2955 4666 3163 4737 prolixe
3199 4674 3255 4719 et
3283 4666 3520 4721 breviter
3558 4666 3651 4719 lit-

2083 4759 2212 4812 teris
2238 4758 2493 4813 mandare
2524 4760 2833 4813 curavimus
2857 4800 2872 4822 ,
2926 4758 3415 4830 impraesentiarum
3449 4759 3515 4813 de
3572 4758 3655 4812 bis

2081 4861 2239 4901 secus
2288 4847 2527 4902 scribere
2579 4863 2685 4902 non
2717 4846 2819 4901 fuit
2845 4848 3257 4912 consilium;ad
3294 4860 3526 4916 quorum
3572 4860 3658 4898 se-

2082 4937 2759 5009 pulcruminnnmerabilcs
2790 4950 2905 4994 tum
2928 4942 3028 4995 viri
3054 4950 3166 4992 tum
3195 4935 3470 4997 mulieres,
3498 4934 3662 4986 variis

2085 5090 2420 5191 nemhaliet.
2446 5117 2673 5191 interim
2723 5114 3121 5191 ejttsAelegium
3152 5110 3255 5180 legi
3299 5118 3477 5180 potest
3523 5108 3666 5177 apud

2085 5189 2314 5268 ὃίιιιῖιιῃι
2338 5190 2394 5268 in
2424 5189 2824 5268 Cat-alogonpag.
2849 5187 2999 5268 ἓιὸς
3025 5257 3063 5268 _A
3104 5248 3126 5268 I
3155 5248 3435 5268 ’μ’-ηψ-
3485 5246 3519 5268 π

2156 5258 2173 5312 ί
2182 5257 2303 5327 125)
2335 5262 2407 5313 De
2439 5245 2640 5312 abbate
2671 5245 2914 5325 Benigno
2950 5257 3073 5310 vide
3103 5248 3439 5327 Locatellum
3485 5245 3580 5300 lib.
3607 5245 3667 5310 2,

2086 5343 2185 5362 nan
2228 5320 2297 5362 91
2354 5328 2579 5362 Q3n1‘nrn
2612 5327 2716 5362 ἶαιη
2740 5320 2883 5362 c-n‘lhl
2908 5328 3139 5362 nhelllm
3170 5332 3296 5362 “an-
