4110 5362
501 409 605 465 815

1518 406 1576 460 s.
1617 406 1901 465 JOA-NNtS
1938 384 2329 464 ctiALunuTI
2367 407 2663 462 ABBATIS‘

3624 374 3756 506 sic

502 522 908 583 inﬁrmitatibus
933 503 1157 591 detenti,
1191 525 1393 581 Christi
1421 524 1545 580 Jesu
1590 503 1918 595 amplissima
1967 527 2057 579 mi-
2100 534 2142 589 Α
2175 541 2391 578 sumere
2432 524 2719 587 festinatis,
2750 539 2872 578 cum
2905 524 2960 580 S.
2994 524 3219 581 Joannis
3247 529 3526 583 brachium
3558 503 3630 585 tn:
3654 550 3751 588 sa-

504 618 809 676 sericordia'
844 617 1061 672 scusim'
1100 616 1289 672 morbo
1333 616 1522 683 levati,
1555 617 1773 671 sanitati
1840 617 2070 685 denique

505 710 695 765 redditi
710 698 864 762 sunt.
1176 706 1181 713 ’

570 799 621 854 7.
655 797 760 851 Sed
782 799 824 851 si
872 797 974 850 hoc
1016 796 1156 850 haud
1188 795 1449 866 profuerit
1476 796 1696 866 (utpote
1741 796 1868 865 quia
1920 796 2068 850 varia

504 904 624 943 cum
645 898 770 943 stmt
798 903 991 957 genera
1021 887 1432 953 daunOniorum,
1455 889 1623 942 ’variis
1654 888 1815 942 etiam
1845 889 2070 944 Sancto-

505 990 619 1035 rum
651 980 991 1050 expelluntur
1042 981 1282 1052 meritis)
1307 981 1372 1035 ad
1425 982 1481 1038 S.
1522 980 1744 1037 Joannis
1787 983 2066 1037 brachium

500 1076 665 1132 etiam
685 1091 775 1130 res
794 1072 1083 1130 devenicns
1109 1075 1222 1129 suis
1260 1089 1475 1145 semper
1502 1075 1707 1129 meritis
1733 1091 1796 1130 ae
1822 1074 2073 1144 precibus

501 1171 772 1223 dazmones
798 1182 1001 1221 omnes
1029 1168 1189 1222 etiam
1241 1166 1345 1222 alio
1397 1167 1474 1220 ire
1504 1175 1786 1237 coguntur.
1834 1167 1909 1221 De
1961 1181 2070 1237 quo

502 1261 811 1327 priusquam
836 1273 943 1326 quo
977 1257 1165 1313 ordine
1185 1273 1359 1327 quave
1382 1257 1661 1312 devotione
1684 1257 2067 1312 monasterium

502 1362 655 1406 extra
685 1349 960 1405 deferatur
1001 1350 1306 1421 expediam,
1354 1365 1522 1420 pauca
1577 1365 1737 1420 supra
1794 1358 2067 1420 repetens,

500 1444 708 1499 scilicet
729 1457 960 1511 quonam
996 1442 1152 1496 modo
1174 1443 1242 1497 ab
1266 1443 1483 1515 Angelis
1508 1443 1610 1497 hue
1637 1442 1956 1498 mirabiliter
1978 1443 2067 1497 dc-
2090 1442 2095 1445 ’

502 1535 697 1598 latum,
724 1548 831 1603 quo
857 1532 921 1585 ad
947 1520 1376 1602 cognoscentium
1409 1534 1586 1586 οιιιιὶίι
1618 1533 1867 1597 illustria,
1898 1532 2067 1602 magis

504 1626 782 1695 magisque
814 1622 864 1676 in
893 1633 1079 1693 aperto
1100 1622 1227 1676 sint.
1262 1623 1490 1691 Quidam
1523 1624 1687 1694 igitur
1712 1623 1870 1691 hujus
1896 1624 2063 1679 nostri

504 1715 814 1769 monasterii
837 1712 1092 1768 Conversi
1125 1715 1227 1767 fide
1257 1714 1401 1785 digiti
1429 1714 1559 1767 mihi
1586 1715 1780 1784 sepius
1813 1715 2063 1781 retulere,

502 1820 559 1859 se
587 1822 615 1859 a
642 1803 884 1874 patrihus
914 1804 1027 1858 suis
1060 1804 1352 1873 accepisse,
1378 1813 1499 1872 post
1528 1805 1687 1874 primi
1718 1805 1976 1860 Bcrnardi
2000 1806 2065 1860 de

2172 617 2334 672 crarii
2388 616 2549 670 vestri
2590 618 2769 684 pluteo
2812 617 2948 672 mire
3000 632 3063 673 ac
3129 618 3288 688 digne
3334 618 3583 674 locetur?
3617 621 3749 689 Cui,

2171 717 2355 777 utpote
2418 707 2856 773 memiaeissimo,
2904 722 3025 761 cum
3076 708 3327 762 monachi
3363 723 3553 778 parum
3614 709 3776 777 fnlei_

2170 800 2510 863 adhiberent,
2553 807 2606 853 et
2646 798 2735 852 ille
2768 809 2945 853 tainen
3001 801 3052 854 in
3084 802 3350 856 sententia
3388 817 3484 856 sua
3524 818 3749 874 penna.

2172 899 2342 952 neret,
2382 890 2595 943 tandem
2647 891 2929 959 quaesitum
2967 900 3072 957 est,
3101 899 3178 953 et.
3203 901 3262 947 ut
3290 892 3524 958 dixerat,
3565 894 3619 947 in
3651 909 3737 948 sa-
3766 896 3769 899 ’

2168 981 2329 1036 crarii
2365 981 2599 1034 armario
2626 991 2893 1049 repertum
2923 990 3022 1036 est.
3056 982 3168 1050 Qua
3192 983 3259 1038 de
3283 998 3341 1037 re
3368 984 3556 1055 ingens
3599 999 3741 1054 gau-

2170 1071 2316 1125 dium
2372 1067 2515 1123 inter
2594 1071 2891 1124 utouachos
2940 1071 3204 1127 oboritur.
3274 1070 3507 1127 Putsatis
3571 1073 3738 1143 igitur

2170 1163 2463 1233 campanis,
2493 1161 2765 1219 funalibus
2795 1167 3058 1230 accensis,
3080 1168 3330 1224 oamibus
3367 1168 3646 1226 monachis
3679 1179 3743 1223 et

2170 1255 2454 1320 ministris,
2520 1256 2661 1325 quod
2710 1272 2879 1327 genus
2930 1258 3206 1313 hominum
3258 1260 3471 1332 vulgato
3518 1262 3749 1315 nomine

2168 1347 2472 1402 Conversus
2521 1347 2770 1413 dicimus,
2828 1358 2882 1403 et
2920 1351 3010 1419 qui
3063 1352 3288 1407 aderant
3332 1352 3597 1423 agricola;
3628 1369 3734 1406 una

2168 1438 2645 1505 convenientibus,
2686 1439 3027 1496 cantantibus
3075 1452 3137 1497 er
3157 1443 3347 1498 devote
3386 1441 3767 1513 psallentibns

2168 1526 2474 1589 Fratribus,
2507 1527 2715 1583 daemon
2745 1530 2957 1585 tandem
2988 1547 3092 1586 non
3125 1534 3239 1587 sine
3286 1532 3467 1587 miseri
3498 1533 3733 1588 liotniuis

2169 1618 2491 1673 detrimento
2514 1620 2778 1676 discessit.

2238 1708 2322 1764 10.
2364 1710 2439 1764 Ex
2470 1727 2533 1763 eo
2580 1711 2758 1779 itaque
2811 1722 3049 1783 tempore
3089 1713 3344 1783 templum
3390 1714 3491 1769 hoc
3543 1710 3749 1780 majori.

2170 1800 2221 1854 in
2253 1800 2533 1855 devotiooe
2585 1816 2649 1855 ac
2701 1802 3020 1867 renitentia,
3048 1820 3210 1874 quam
3250 1813 3430 1878 antea,
3459 1820 3488 1857 a
3524 1803 3737 1857 euut-tis

506 1868 719 1951 liber-tis
740 1895 886 1966 (1°25)
914 1894 1069 1962 hujus
1090 1868 1402 1949 monasterii
1426 1868 1726 1961 Generalis,
1749 1905 1801 1949 et
1830 1894 1889 1950 S.
1913 1895 1976 1950 R.
2001 1896 2062 1951 Ε.
2095 1868 2138 1927 Β
2167 1892 2445 1947 Ποινιιεοίδ
2469 1892 2708 1946 habitum
2723 1900 2805 1948 est
2836 1912 2846 1946 ε
2876 1893 2983 1948 Nec
3006 1868 3222 1959 inicum,
3248 1875 3366 1948 cum
3392 1909 3494 1947 non
3523 1902 3732 1946 tantum

498 1984 802 2045 (fardinalis
825 1982 1054 2055 obitum,
1082 1986 1361 2060 prtefatum
1393 1989 1671 2045 brachium
1714 2006 1808 2060 per
1834 1990 2065 2063 Angelos

499 2084 635 2138 mire
662 2082 763 2137 huc
794 2081 1029 2135 delatum
1077 2080 1263 2142 fuisse.
1295 2095 1415 2135 cum
1473 2080 1735 2150 imprimis
1765 2082 1937 2151 gratia
1969 2083 2063 2135 hu-
2091 2090 2096 2095 '

489 2173 602 2242 ius,
625 2172 747 2228 lites
772 2187 875 2226 non
899 2186 1077 2242 parva:
1110 2172 1248 2226 inter
1275 2180 1490 2226 nostros
1524 2181 1576 2226 et
1622 2170 1922 2226 Passiniani
1949 2187 2066 2227 uto-

496 2266 702 2320 naabos
755 2265 1030 2321 exstitisse
1092 2266 1358 2320 ferantur.
1412 2264 1610 2319 Verum
1658 2265 1896 2329 demum,
1940 2281 2060 2320 cum

497 2368 727 2428 utraque
754 2371 895 2425 pars.
918 2357 971 2411 in
996 2372 1091 2411 sua
1123 2355 1397 2410 voluntate
1423 2364 1476 2410 et
1507 2357 1772 2411 sententia
1807 2341 2064 2427 persiste-

497 2457 597 2512 iet.
640 2448 876 2519 fatigatis
904 2448 1153 2514 arbitris,
1174 2447 1559 2519 lishujusmodi
1590 2449 1657 2503 ad
1694 2445 2089 2504 Florentinum‘

492 2552 736 2598 senatum
771 2543 1007 2598 devenit.

561 2635 613 2690 8.
655 2634 877 2705 Cognita
918 2636 1098 2705 itaque
1127 2634 1289 2690 causa
1316 2644 1372 2690 et
1398 2622 1500 2691 rite
1530 2649 1593 2690 ac
1618 2635 1901 2705 diligenter
1928 2649 2058 2690 exa-

492 2727 718 2789 minata,
755 2726 1053 2794 iudicatum
1109 2736 1210 2792 est,
1249 2726 1339 2782 ubi
1397 2741 1616 2796 corpus,
1664 2727 1735 2780 ibi
1794 2725 2092 2781 membra.“

494 2821 665 2883 Quam
702 2832 813 2873 rem
858 2818 1027 2872 nostri
1076 2834 1182 2873 non
1230 2832 1386 2887 aequo
1418 2818 1601 2872 animo
1647 2816 1904 2881 ferentes,
1934 2818 2060 2886 quia

498 2911 548 2962 id
590 2908 814 2963 ulterius
848 2910 1080 2964 habendi
1108 2925 1230 2980 spes
1260 2910 1441 2965 omnis
1468 2908 1673 2963 sublata
1699 2918 1811 2963 erat
1831 2950 1846 2974 ,
1880 2910 2056 2963 mwsti

493 2999 561 3051 a‘tl
588 2998 757 3051 cedem
808 3007 1046 3051 nusltam
1086 3000 1319 3062 redicru,
1379 2998 1657 3052 brachium
1696 3009 1875 3052 autem
1919 2999 2058 3053 istud

489 3089 661 3140 fertur
692 3102 833 3153 esse,
855 3104 981 3157 quo,
1016 3098 1071 3142 ut
1095 3103 1255 3156 supra
1282 3085 1535 3151 diximus,
1572 3088 1627 3141 Ρ.
1652 3086 1910 3153 Joannes,
1931 3088 2067 3143 dum

490 3180 543 3237 in
571 3180 670 3233 hac
699 3180 804 3232 vita
849 3189 1012 3244 esset,
1036 3180 1304 3232 diabolum
1336 3195 1457 3233 cum
1481 3194 1642 3235 cruce
1678 3181 1961 3249 percussit,
2004 3190 2055 3235 et

490 3271 564 3325 ita
594 3286 715 3324 esse
762 3286 845 3325 res
893 3271 1003 3340 ipsa
1036 3272 1193 3341 paulo
1216 3280 1331 3339 post
1359 3272 1728 3340 experimento
1778 3272 2055 3329 indicavit.

489 3358 661 3426 Nam,
687 3360 873 3415 eodem
916 3362 1026 3415 fere
1056 3371 1317 3430 tempore,
1341 3375 1463 3415 cum
1497 3362 1714 3432 quidam
1762 3379 1790 3416 a
1818 3363 2060 3421 dmmone

489 3451 745 3522 fatigatus
790 3452 847 3505 ὃ.
882 3451 1063 3505 Maria:
1090 3455 1155 3504 de
1192 3450 1334 3505 Valle
1364 3451 1624 3508 Umbrosa
1672 3455 2056 3510 monasterimn

488 3546 734 3616 petisset,
761 3540 821 3596 et
844 3543 1161 3609 diruimus.
1189 3542 1412 3599 Joannis
1435 3546 1690 3600 virtutem
1722 3562 1826 3601 non
1857 3547 2056 3611 ferens,

490 3652 585 3709 per
609 3652 669 3690 os
692 3634 929 3703 ejusdem
962 3636 1058 3689 viri
1091 3647 1377 3707 cogeretur
1410 3638 1750 3693 exclamare:
1784 3639 1922 3706 Quid
1950 3656 2055 3703 nm,
2088 3642 2093 3651 '

489 3745 523 3777 υ
545 3724 802 3786 Joannes,
836 3728 1101 3795 torques?
1131 3726 1269 3797 Quid
1323 3729 1633 3784 detrimenti
1666 3730 1859 3799 quidve
1886 3730 2054 3787 mole-

492 3816 607 3868 stiae
642 3813 734 3869 tibi
764 3813 951 3868 attuli?
981 3814 1097 3869 Non
1121 3817 1254 3872 satis
1297 3817 1468 3871 visum
1495 3828 1578 3873 est
1610 3819 1702 3874 tibi
1736 3820 1788 3875 in
1830 3821 1936 3874 vita
1971 3836 2058 3876 me

486 3905 687 3976 μείων
717 3906 965 3973 insequi,
992 3922 1112 3962 cum
1156 3909 1317 3962 ut'am
1350 3919 1470 3977 post
1493 3924 1612 3964 eam
1645 3912 1871 3967 necdum
1918 3913 2057 3968 desi-

488 4008 587 4046 nas
618 4007 809 4062 quovis
832 3996 987 4049 unedo
1012 3996 1189 4055 etiam.
1216 3997 1269 4055 in
1295 4000 1533 4055 extremis
1579 4001 1885 4070 regionibus
1911 4002 2050 4059 inse-

488 4081 667 4135 ctari?
710 4081 920 4137 Desiste
961 4086 1207 4151 tandem,
1237 4086 1440 4152 desine,
1474 4088 1518 4142 si
1560 4103 1662 4161 qua
1703 4089 1879 4159 pietas
1923 4092 1974 4144 in
2006 4101 2087 4147 te‘

487 4184 590 4241 est,
625 4191 733 4230 nos.
768 4177 935 4231 Variis
964 4175 1177 4233 allicere
1216 4179 1567 4235 cruciatibus.
1628 4180 1753 4235 Inde
1803 4182 2056 4237 tartareis

486 4266 709 4321 vocibus
730 4266 1039 4321 exclamare
1062 4268 1386 4337 geminaudo
1424 4270 1659 4340 sa-pius:
1690 4270 1734 4326 Ο
1764 4288 1952 4329 cruces
1978 4275 1990 4328 ε
2023 4291 2056 4329 o

488 4360 785 4413 tormenta!
839 4358 1006 4412 Paulo
1060 4369 1182 4429 post
1232 4360 1501 4415 hominem
1568 4363 1932 4418 miserrimum
1989 4365 2056 4421 ad

491 4460 693 4540 terra‘m
738 4450 1061 4518 detrudeus,
1115 4461 1173 4507 ιιι
1226 4452 1478 4527 spiritum
1546 4455 1791 4511 emittere
1844 4456 2053 4512 videre—

490 4551 598 4595 tur.

559 4634 612 4687 9.
656 4632 751 4686 llis
782 4634 943 4703 igitur
969 4645 1031 4690 er
1051 4636 1173 4690 aliis
1205 4637 1386 4706 inique
1412 4637 1479 4690 ab
1512 4638 1625 4707 ipso
1647 4640 1899 4707 peractis,
1938 4656 2051 4693 mo-

488 4722 646 4781 nachi
680 4739 899 4787 casum,
937 4726 1170 4781 hominis
1193 4726 1303 4794 jam
1333 4729 1398 4781 ad
1424 4740 1664 4782 extrema
1694 4730 1908 4783 deducti
1950 4732 2054 4786 mi.-

490 4825 757 4880 serantcs,
784 4813 849 4867 ad
883 4812 1624 4881 l‘assiniauimonasterium,
1646 4818 1790 4886 quod
1828 4833 1890 4872 ea
1915 4828 2051 4872 tem-

489 4915 697 4972 pestate
726 4906 1055 4960 sanctissimi
1098 4905 1320 4966 Joannis
1371 4906 1630 4977 Reliquiis
1666 4909 1919 4978 pollebat,
1971 4924 2057 4961 so-

490 5001 607 5054 thS
677 5010 733 5052 ut
794 5008 1083 5070 pergerent
1147 5000 1522 5057 hortabantur.
1564 5000 1784 5070 Quibus
1848 5002 2053 5055 daemon

489 5088 666 5141 tiirina
704 5089 902 5143 virtute
932 5089 1103 5158 inquit
1131 5108 1142 5143 :
1174 5089 1311 5156 Quid
1346 5090 1487 5143 hunc
1514 5089 1752 5145 laborem
1786 5089 2053 5151 incassum
2086 5128 2094 5137 .

560 5219 715 5288 (l25)
745 5219 819 5275 De
846 5221 953 5275 hoe
976 5220 1036 5275 S.
1071 5219 1341 5275 Bernardo
1364 5234 1527 5289 supra
1545 5219 1609 5291 in
1638 5221 1920 5274 A-nnotatis
1945 5221 2055 5291 egi-

493 5304 630 5349 mus.
666 5302 715 5362 et
743 5302 993 5344 auctores
1023 5291 1088 5344 de
1117 5307 1182 5344 eo
1202 5301 1421 5362 agentes
1449 5289 1861 5362 assignavirnus.
1886 5357 1913 5362 _

2165 1983 2230 2038 de
2258 1981 2420 2037 Italia:
2449 1984 2714 2052 partibus,
2738 1998 2920 2038 verum
2953 1985 3116 2040 etiam
3166 1999 3231 2040 ex
3278 1983 3447 2040 Gallia
3482 1983 3746 2037 Transal-

2163 2072 2285 2143 pina
2314 2074 2460 2144 (1‘26)
2493 2084 2699 2129 constat
2739 2091 2768 2129 a
2799 2076 3039 2130 daemone
3069 2083 3122 2131 et
3145 2076 3213 2132 ab
3238 2075 3359 2131 aliis
3392 2073 3729 2130 inﬁrmitati-

2164 2166 2291 2225 bus.
2360 2165 2605 2234 precibus
2657 2164 2884 2222 Joannis
2949 2167 3305 2229 sanctissimi,
3371 2163 3735 2220 incolumitati

2166 2254 2402 2310 redditos
2453 2269 2576 2310 esse
2628 2258 2990 2325 quamplures.
3059 2257 3242 2312 Dicam
3297 2256 3541 2327 profecto
3599 2257 3733 2327 quid

2163 2347 2416 2414 sentiam,
2440 2357 2494 2403 et
2523 2347 2698 2402 dicam
2730 2348 2909 2401 verius
2941 2364 3103 2418 quam
3151 2358 3339 2420 potero
3375 2366 3387 2402 :
3421 2349 3560 2405 hanc
3603 2348 3733 2403 reli-

2164 2440 2400 2510 gionem,
2428 2456 2495 2495 ne
2522 2440 2693 2494 dicam
2740 2441 2979 2505 domum,
3036 2452 3166 2511 puto
3199 2442 3357 2511 hujus
3397 2441 3743 2498 sanctissimi.-

2163 2531 2368 2585 brachii
2417 2531 2694 2587 miraculis
2740 2530 3096 2601 precibusque
3120 2532 3345 2588 Joannis
3389 2534 3724 2589 conservari.

2082 2638 2091 2656 υ
2161 2623 2291 2690 Quis
2323 2623 2465 2678 enim
2512 2621 2669 2691 lmjus
2715 2632 2888 2678 status
2940 2614 3233 2694 Religionis
3261 2624 3330 2680 ab
3367 2625 3574 2680 Abbate
3604 2624 3748 2679 llic-v

2161 2718 2345 2774 ciardo
2361 2716 2507 2789 (127)
2527 2718 2592 2771 ad
2616 2720 2681 2771 ιι.
2714 2716 2768 2769 P.
2789 2717 3134 2773 Franciscum
3149 2719 3313 2789 (128),
3339 2718 3427 2788 qui
3451 2718 3609 2772 modo
3626 2719 3743 2790 ipsi

2163 2810 2404 2880 religioni
2438 2818 2653 2880 praeest,
2685 2808 2866 2873 fuerit;
2916 2811 3178 2865 incertum
3215 2810 3386 2865 habeo
3412 2811 3609 2881 pudeat
3656 2827 3743 2864 an.

2159 2903 2338 2971 pigeat
2385 2901 2555 2972 magis
2593 2900 2879 2955 disserere.
2916 2901 3108 2955 Verum
3136 2902 3202 2954 ad
3231 2902 3501 2971 inceptum
3541 2902 3722 2957 redeo.

2160 2992 2265 3047 [tes
2296 2994 2408 3064 ipsa
2439 2992 2645 3050 hortari
2692 2993 2920 3060 videtur,
2969 2995 3223 3063 quoniam
3275 2995 3341 3048 de
3393 2994 3451 3049 S.
3503 2993 3739 3050 Joannis

2159 3085 2380 3141 brachio
2411 3101 2569 3157 supra
2594 3087 2795 3142 dictum
2823 3096 2926 3154 est,
2961 3088 3124 3143 etiam
3155 3089 3276 3145 huic
3319 3089 3461 3146 aliud
3487 3089 3739 3144 inserere

2086 3209 2131 3271 ε
2160 3179 2482 3248 prodigium,
2507 3179 2649 3248 quod
2682 3189 2919 3251 tempore
2937 3179 3165 3236 Abbatis
3200 3181 3453 3236 Bernardi
3483 3180 3744 3236 Floreuta

2160 3276 2227 3327 de
2274 3271 2659 3342 Giantiglazzis
2708 3272 2853 3343 (129)
2901 3272 3187 3327 multorum
3247 3272 3576 3338 testimonio,
3630 3272 3744 3341 qui;

2160 3378 2299 3418 itunc
2347 3364 2510 3417 etiam
2561 3372 2871 3433 supersunt,
2937 3364 3198 3435 probatur
3240 3364 3554 3420 exstitisse:
3589 3362 3728 3418 Cum

2157 3454 2322 3517 enim,
2354 3464 2406 3506 ut
2434 3469 2550 3509 mos
2596 3464 2697 3517 est,
2745 3453 2918 3509 accitu
2966 3454 3145 3524 populi
3203 3453 3498 3508 Florentini
3544 3453 3735 3508 Abbas

2157 3545 2411 3611 praefatus
2438 3560 2541 3598 una
2572 3561 2692 3599 cum
2725 3545 3003 3600 monachis
3032 3544 3324 3598 honorifice
3352 3542 3575 3596 Joannis
3598 3542 3729 3593 bra-

2159 3635 2349 3688 tissimi
2374 3633 2651 3689 brachium
2680 3635 2992 3698 deferendo,
3025 3644 3080 3687 ut
3126 3633 3281 3702 Bapt.
3314 3632 3538 3687 Joannis
3580 3630 3726 3685 festi.-

2161 3726 2313 3777 \'uati
2390 3726 2568 3779 decori
2631 3733 3054 3792 ornamentaque
3118 3732 3329 3787 essent,
3391 3720 3727 3776 Elbl‘t‘nllattll

2158 3817 2583 3880 concessissent;
2640 3826 2855 3885 peracta
2886 3814 2945 3871 S.
2997 3814 3223 3871 Joannis
3261 3813 3415 3883 Bapt.
3445 3828 3640 3884 pompa
3669 3825 3724 3866 et

2158 3908 2500 3976 processione
2522 3906 2830 3961 solemniter
2850 3906 3154 3976 adimpleta,
3181 3906 3280 3961 hoc
3307 3904 3583 3961 brachium
3613 3915 3739 3960 tam:

2156 3999 2431 4069 egregium
2492 3998 2777 4066 multisque
2814 3997 3090 4053 miraculis
3139 3998 3484 4067 insignitum,
3539 3996 3740 4052 invitis.

2158 4089 2439 4145 monachis
2468 4104 2530 4142 ac
2577 4089 2831 4157 prtelatis,
2860 4088 2913 4143 in
2936 4088 3165 4157 digniori
3198 4089 3364 4159 gradu
3413 4086 3597 4158 palatii
3621 4088 3720 4143 do.

2160 4192 2384 4246 musque
2409 4176 2635 4246 publica:
2657 4191 2753 4245 pro
2794 4184 3034 4246 tempore
3063 4176 3250 4231 Patres
3278 4176 3492 4233 Priores
3520 4184 3722 4231 statue-

2159 4284 2246 4333 re;
2279 4269 2377 4321 hoc
2400 4267 2580 4323 animo
2611 4275 2784 4321 tamen
2816 4276 2868 4320 ut
2903 4268 3004 4322 sibi
3035 4275 3283 4321 auratum
3316 4267 3721 4324 tabernaculum

2156 4368 2210 4411 et
2241 4357 2533 4426 egregium,
2566 4364 2623 4409 ut
2650 4355 2731 4409 fas
2760 4363 2897 4419 erat,
2930 4355 3099 4409 fieret.

2228 4446 2313 4503 11.
2342 4446 2535 4502 Verum
2559 4460 2680 4500 eum
2700 4443 2810 4512 jam
2835 4445 2975 4499 hunc
2998 4445 3097 4500 sibi
3130 4444 3322 4507 locum,
3347 4443 3557 4498 caeteris
3576 4452 3721 4512 post-

2089 4542 2134 4601 Β
2163 4539 2381 4602 habitis,
2426 4538 2709 4609 delegisset
2756 4537 3098 4596 beatissimus
3123 4537 3378 4602 Joannes,
3410 4548 3464 4593 et
3510 4539 3564 4592 in
3611 4538 3720 4590 vita

2158 4630 2473 4698 ctiampost
2497 4630 2666 4697 ipsum
2701 4630 2862 4683 decus
2910 4628 3095 4682 mundi
3150 4630 3616 4698 potentiurtunque
3658 4629 3722 4688 li~

2159 4722 2313 4775 mina.
2341 4721 2583 4779 devitans
2603 4720 2860 4790 postridie
2885 4720 3165 4777 asacrista
3183 4722 3233 4775 in
3259 4722 3415 4775 altari
3440 4737 3558 4786 suo,
3579 4722 3722 4790 quod

2160 4814 2258 4866 huc
2291 4811 2342 4865 iu
2370 4811 2696 4866 n':onasterio
2720 4812 2883 4866 situm
2930 4822 3036 4877 est,
3065 4822 3295 4881 quatuOr
3326 4829 3447 4868 cum
3496 4814 3723 4867 luminat-

2159 4904 2307 4957 ribus
2335 4902 2692 4971 conspicitnn;
2726 4918 2865 4971 quat,
2895 4911 2952 4955 ut
2979 4902 3091 4971 ipse
3128 4903 3329 4959 referre
3358 4904 3548 4964 solitus
3580 4914 3735 4967 erat,

2158 5012 2305 5066 propt
2321 4997 2575 5051 isoeulis
2594 4997 2782 5051 emtum
2801 5015 2991 5053 versus
3017 5000 3232 5055 tendere
3257 5000 3452 5055 hnnina
3462 5001 3535 5056 ria
3562 5000 3735 5063 vidit;.

2161 5087 2261 5139 hoe
2297 5085 2348 5139 in
2389 5087 2578 5156 primis
2607 5088 2813 5157 stupori
2866 5088 2965 5142 sibi
3013 5097 3079 5143 et-
3115 5090 3482 5155 admirationi,
3533 5089 3729 5147 deinde

2157 5218 2435 5290 electionis
2472 5219 2588 5289 ejus
2616 5222 2682 5273 ad
2712 5221 3109 5290 episcopatum.

2168 5357 2195 5362 _
2229 5288 2445 5362 (iisiis
2470 5288 2789 5345 Franciseus
2818 5288 2961 5345 circa
3002 5308 3217 5346 annum
3245 5292 3623 5348 {450‘eleetus
3638 5298 3755 5345 est"
