4110 5362
408 249 518 309 'Gt‘i

1860 274 1863 277 -
1928 220 2128 295 ACTA.
2214 286 2215 289 η

3546 253 3660 319 ’8ἶ8

418 383 642 427 autumas
698 363 896 422 laetitiae
955 362 1182 417 exstitit.
1207 359 1445 435 .Curavit
1495 359 1674 426 itaque
1727 356 1869 413 illico
1922 355 1987 407 iis
2021 358 2064 415 A
2096 359 2183 411 ubi
2213 360 2411 417 misera
2442 364 2631 421 mulier
2658 367 3028 438 torquebatur,
3068 383 3183 423 sese
3206 372 3440 441 undique
3466 383 3661 429 ιιιιιιιιιι

418 459 606 531 paucis
658 457 749 526 qui
807 455 950 510 domi
999 461 1373 508 remanserant
1426 450 1705 505 monachis
1759 445 1990 509 referre;

412 569 523 621 qua
553 548 619 605 de
649 564 707 605 re
755 545 958 616 ingeni
1008 544 1191 599 hntitia
1246 541 1523 606 aﬂ'ecli,ct
1576 540 1829 611 lacrymis
1884 550 1994 605 prae

410 641 617 714 gaudio
636 638 861 701 obortis,
894 635 1019 690 illuc
1042 643 1249 690 malure
1270 644 1461 688 euntes
1492 632 1713 689 dicunt:
1740 631 1786 689 Ο
1816 633 1992 700 Pater,

417 751 455 788 υ
496 732 661 787 decus
704 728 948 784 ecclesiae
1000 740 1228 796 spesque
1277 725 1501 779 nostras!
1566 724 1848 779 decrevisti
1893 725 1995 780 hoc

420 824 681 893 templum
720 820 1088 888 familiamque
1137 827 1284 872 tuam
1316 833 1422 872 non
1454 816 1727 871 deserere.
1768 814 1990 880 Deinde,

416 914 646 986 pulsatis
679 910 976 981 campanis,
1023 917 1081 964 et
1143 907 1415 963 funalibus
1478 907 1746 971 accensis,
1803 907 1994 961 devote

418 1006 839 1079 suppliciterque
877 1001 1167 1072 psallentes
1203 999 1376 1070 ipsum
1413 999 1554 1054 inter
1580 1007 1801 1053 caeteras
1845 996 1992 1051 Reli-

408 1099 576 1170 quias
602 1098 657 1153 in
692 1094 934 1153 sacrario
962 1094 1237 1158 locavere;
1265 1107 1380 1148 rem
1406 1105 1533 1146 vero
1574 1104 1789 1145 onmem
1829 1103 1991 1157 quam

418 1193 653 1262 primum
705 1188 1013 1244 venerando
1059 1185 1252 1240 Abbati
1308 1199 1405 1254 per
1441 1182 1649 1238 litteras
1688 1178 1995 1250 signiﬁcare

416 1286 761 1343 studuerunt.
792 1284 962 1355 igitur
983 1291 1202 1353 repente
1232 1295 1329 1351 pro
1359 1289 1502 1335 metu
1528 1279 1714 1349 ingens
1738 1276 1991 1348 gaudium

422 1379 567 1433 inter
588 1391 781 1432 omnes
809 1382 1055 1431 exortum
1081 1382 1184 1428 cst.

488 1470 578 1524 12.
628 1468 741 1523 lloc
794 1468 975 1536 itaque
1020 1466 1251 1521 sacrat's
1284 1465 1448 1521 imum
1480 1465 1757 1522 brachium
1785 1463 1873 1519 tali
1903 1480 1990 1519 or-

414 1562 560 1622 dine,
584 1575 691 1630 quo
716 1558 942 1615 inferius
965 1559 1321 1622 describetur,
1357 1558 1484 1612 dum
1511 1572 1598 1613 res
1623 1557 1884 1626 exposcit,
1926 1558 1992 1613 ad

414 1649 530 1705 loca
559 1648 802 1704 defertur
833 1649 1139 1704 uetessaria
1172 1650 1286 1704 sive
1329 1649 1473 1704 intus
1514 1648 1629 1703 sive
1658 1648 1787 1703 foris
1817 1664 1845 1701 a
1880 1647 1988 1702 ila--

415 1742 597 1797 monio
620 1750 810 1813 captus
843 1740 903 1796 8.
929 1740 1153 1797 Joannis
1174 1738 1514 1812 prmstoletnr
1533 1754 1689 1808 opem
1717 1755 1730 1792 :
1760 1737 1990 1794 Pulsatis

412 1833 582 1895 enim,
640 1842 700 1887 ut
748 1833 807 1887 lit
856 1832 910 1887 in
966 1831 1138 1901 plenis
1175 1830 1630 1886 solemnitatibus.
1686 1830 1986 1898 campanis,

414 1925 665 1981 monachi
691 1940 884 1980 omnes
915 1940 1024 1981 uno
1051 1925 1103 1979 in
1154 1923 1275 1979 loco
1324 1922 1623 1979 consident.
1660 1922 1879 1978 Interim
1920 1937 1989 1977 ex

414 2018 701 2073 monachis
729 2033 871 2073 unus
924 2026 1135 2072 tantum
1184 2016 1436 2073 sacerdos
1472 2025 1793 2073 ornamento
1822 2014 1991 2070 eccle

406 2110 657 2175 siasthzo,
708 2110 857 2179 quod
902 2110 1065 2181 vulgo
1123 2109 1354 2180 pluviale
1410 2110 1614 2171 dicunt,
1672 2106 1989 2174 adornatur,

406 2197 699 2253 .Juminaria
737 2199 807 2254 ab
831 2198 1097 2271 acolytbis
1143 2208 1535 2270 praeparantur,
1566 2197 1759 2268 quibus
1787 2197 1991 2268 Optime

416 2290 699 2347 instructis
724 2300 777 2347 et
804 2293 1137 2363 compositis,
1164 2294 1453 2365 diligenter
1494 2294 1635 2348 illico
1693 2292 1841 2349 foras
1876 2307 1992 2347 om-

414 2396 511 2435 nes
541 2381 655 2451 pari
700 2382 891 2436 ordine
942 2382 1183 2437 modeste
1209 2382 1612 2452 compositeque
1657 2381 1989 2444 incedentes,

407 2474 757 2545 hymnosque
781 2475 975 2531 devote
1000 2474 1290 2543 psallentes
1329 2474 1616 2543 prodeunt,
1647 2485 1747 2529 nec
1793 2472 1863 2528 ab
1892 2473 1992 2527 hoc

417 2565 507 2636 pio
530 2578 694 2635 Opere
724 2573 967 2630 cessant,
1000 2564 1199 2635 quoad,
1247 2564 1337 2620 ubi
1370 2563 1718 2619 demoniacns
1746 2570 1848 2627 est,
1894 2559 1989 2616 de-

416 2656 685 2710 venerint.
736 2655 932 2711 Evenit
990 2657 1288 2721 interdum,
1338 2663 1403 2711 ut
1455 2655 1698 2710 nonnulli
1747 2663 1804 2709 et
1836 2654 1992 2711 cives

400 2749 625 2804 etiamsi
649 2748 788 2803 forte
812 2759 867 2802 ιιι
911 2749 967 2803 fit
996 2749 1295 2819 prtesertim
1324 2756 1564 2819 tempore
1583 2748 1769 2802 aestivo
1798 2762 1989 2816 super-

410 2854 626 2903 venere,
656 2847 710 2895 et
733 2839 907 2894 omnis
930 2839 1139 2895 ordinis
1163 2848 1218 2893 et
1237 2836 1410 2893 aetatis
1433 2837 1651 2893 immisti
1675 2836 1917 2892 villieola:
1938 2844 1994 2890 et

403 2932 694 3001 oppidani,
724 2932 815 3003 qui
866 2932 1143 3003 regionem
1195 2933 1354 2986 istam
1390 2930 1603 2985 circum
1642 2928 1907 2995 incolunt,
1929 2938 1990 2984 et

409 3022 501 3090 qui
523 3022 667 3077 domi
694 3022 876 3091 aliquo
905 3022 957 3076 in
995 3021 1207 3093 negotio
1234 3031 1558 3078 exercentur
1587 3021 1896 3085 smculares,
1923 3019 1988 3075 ad
2017 3065 2034 3111 ί

405 3116 517 3169 huc
545 3116 739 3170 mirum
776 3115 1142 3185 spectaculum
1196 3132 1405 3171 summa
1457 3130 1580 3171 cum
1632 3116 1888 3186 religione
1931 3124 1985 3170 et

415 3204 629 3269 timore,
661 3204 886 3285 aliorum
919 3204 1062 3259 dueti
1095 3205 1361 3274 exemplo,
1389 3215 1737 3268 concurrant,
1771 3214 1823 3259 et
1863 3219 1987 3259 can-

406 3296 651 3351 tantibus
678 3306 735 3351 et
770 3299 1051 3353 orantibus
1091 3299 1390 3363 monachis,
1420 3307 1474 3353 et
1526 3299 1664 3354 idem
1716 3300 1985 3354 interdum

412 3387 607 3456 sepius
660 3402 724 3443 ac
771 3388 963 3444 crebro
1007 3388 1395 3458 repetentibus,
1443 3388 1593 3454 Jesu,
1654 3389 1987 3460 virginisquc

410 3477 593 3532 Maria:
635 3488 689 3534 et
719 3479 779 3535 8.
808 3478 1031 3535 Joannis
1059 3480 1235 3551 gratia
1263 3478 1493 3535 edicitur
1520 3490 1580 3534 ut
1601 3496 1791 3535 omnes
1829 3481 1987 3537 niodo

416 3584 445 3621 a
485 3569 752 3625 damonio
780 3580 1005 3627 vexatos
1053 3573 1159 3628 huc
1187 3586 1245 3627 se
1271 3573 1611 3628 concessisse
1655 3588 1760 3629 non
1806 3574 1986 3643 poeni-

416 3667 555 3723 teat;
598 3660 704 3715 into
733 3700 748 3726 ,
800 3662 943 3731 quod
985 3662 1161 3731 majus
1209 3671 1313 3728 est,
1364 3663 1606 3718 nonnulli
1653 3664 1764 3729 alii,
1827 3662 1989 3720 variis

414 3750 825 3807 inﬁrmitatibus
872 3753 1095 3817 detenti,
1149 3754 1202 3809 in
1236 3755 1466 3823 patriam
1502 3770 1653 3809 suam
1688 3754 1791 3809 lmti
1824 3765 1878 3810 et
1909 3755 1986 3808 in-

407 3839 655 3894 columes
733 3843 982 3907 rediere;
1049 3852 1110 3897 ut
1187 3842 1326 3898 infra
1411 3845 1709 3916 legentibus
1787 3845 1989 3914 liquido

407 3929 636 3999 patebit.
1058 3958 1071 3971 -

1068 4022 1149 4078 PA
1161 4023 1246 4079 BS
1280 4021 1340 4079 H.

486 4109 572 4162 15.
610 4108 846 4165 Primum
878 4110 1039 4183 igitur
1074 4114 1454 4170 miraculorum
1502 4115 1927 4171 memorabilium
1957 4132 1987 4170 a

413 4197 756 4253 sanctissimo
798 4197 1003 4256 Joanne
1050 4199 1283 4257 feliciter
1327 4204 1568 4274 mireque
1603 4214 1898 4269 ostensum,
1936 4213 1993 4259 et

416 4283 600 4341 multis
636 4288 956 4345 mortalibus
994 4291 1350 4361 celebratum,
1392 4295 1471 4349 sic
1506 4295 1835 4363 accepimus.
1877 4294 1988 4348 Mu-

2099 453 2273 508 tuario
2303 455 2632 513 conﬂuentes
2660 468 3033 531 prorumpunt.
3071 460 3258 531 Opera:
3286 466 3515 532 pretium
3544 480 3663 521 erat

2094 556 2149 600 ct
2185 546 2443 603 damonis
2499 548 2788 605 horribiles
2838 560 2895 606 et
2942 536 3463 624 trucesvariasiyw
3505 572 3662 610 voces

2097 636 2366 691 interdum
2412 639 2634 705 audire;
2683 656 3073 710 nonnunquam
3115 658 3244 705 vero
3287 642 3413 699 Jesu
3458 645 3659 701 Christi

2092 727 2289 798 gratia.
2320 728 2446 782 dato
2474 730 2650 799 spatio
2677 746 2784 783 non
2816 746 3004 800 parvo,
3036 732 3286 790 miseram
3314 733 3459 789 illam
3492 735 3663 805 laery-

2096 820 2200 876 tuis
2236 820 2493 877 suil‘usam
2541 823 2746 888 oculos,
2801 825 3036 895 Virginis
3072 823 3251 881 Mariae
3280 842 3436 895 opem
3472 829 3661 897 impri-

2095 911 2216 977 mis,
2250 911 2443 967 deinde
2471 911 2537 966 S.-
2559 911 2784 968 Joannis
2812 913 3192 983 implorantem
3222 915 3486 986 aspicere.

2171 1001 2250 1056 14.
2290 1004 2428 1070 Quid
2462 1003 2666 1058 multa?
2695 1002 2933 1059 Tandem
2967 1002 3100 1077 [ea,]
3138 1006 3279 1060 haud
3309 1007 3427 1065 sine
3459 1008 3660 1073 ingenii

2093 1097 2144 1151 vi
2170 1097 2483 1161 multorum,
2518 1098 2584 1152 ad
2611 1097 2898 1155 ecclesiam
2928 1107 3107 1167 rapta,
3144 1099 3391 1157 monachi
3415 1114 3663 1159 ex,more

2092 1204 2215 1244 cum
2242 1187 2299 1244 8.
2329 1188 2552 1244 Joannis
2580 1181 2821 1253 brachio,
2860 1197 2920 1243 ut
2950 1188 3108 1258 paulo
3150 1204 3311 1259 supra
3362 1190 3660 1253 retulimus,

2093 1278 2283 1334 devote
2305 1280 2698 1347 summisseque
2720 1278 2850 1339 illuc
2879 1293 3071 1348 usque,
3090 1278 3184 1333 ubi
3207 1279 3400 1335 mulier
3426 1262 3666 1339 torutens

2092 1373 2163 1431 tis
2186 1372 2533 1435 afﬁciebatur,
2561 1372 2743 1426 multis
2767 1372 2973 1429 circum
2994 1373 3297 1438 orantibus,
3323 1389 3661 1430 concessere.

2091 1466 2423 1522 Acclamanti
2453 1466 2636 1535 itaque
2666 1465 2957 1529 sacerdoti,
2985 1467 3036 1521 in
3068 1480 3181 1522 rem
3214 1481 3368 1523 suam
3396 1468 3661 1523 concede-

2092 1567 2175 1612 ret
2206 1557 2686 1620 dremon,crebris
2739 1557 3208 1627 coniurationibus
3267 1559 3380 1627 ipse
3441 1556 3664 1613 Joannis

2095 1649 2421 1704 sanctissimi
2482 1649 2683 1704 virtute
2736 1651 3015 1716 defessus,
3080 1650 3395 1719 lugubribus
3446 1649 3665 1703 vocibus

2096 1740 2252 1810 paulo
2287 1751 2409 1810 post
2430 1758 2493 1797 se
2532 1741 2637 1796 alio
2680 1743 2879 1797 iturtun
2919 1743 3290 1812 prtiltebatur.
3321 1744 3516 1797 Verum
3532 1743 3664 1811 quia

2092 1833 2337 1888 diabolus
2383 1834 2611 1890 callidus
2666 1849 2728 1891 ac
2776 1835 3003 1891 tuenda:
3043 1833 3226 1889 multis
3269 1835 3492 1889 testibus
3516 1849 3665 1888 com—

2091 1921 2370 1991 probatur,
2414 1924 2671 1991 quocirca
2716 1941 2820 1977 non
2858 1925 2958 1980 sibi
2984 1924 3118 1979 satis
3137 1924 3268 1980 fidei
3299 1925 3662 1994 praestandum

2093 2027 2414 2082 censerent;
2452 2017 2819 2088 interrogatus
2840 2028 2875 2072 a
2906 2018 3169 2074 monacho
3191 2015 3489 2081 sacerdote,
3518 2013 3662 2086 quod

2092 2107 2323 2179 signum,
2364 2122 2485 2163 cum
2536 2107 2856 2175 discederet,
2906 2107 3096 2174 daret;
3146 2107 3497 2177 inquit:letu
3555 2103 3660 2160 ful-

2093 2201 2253 2267 minis
2297 2215 2326 2255 a
2368 2200 2772 2271 septentrionali
2830 2200 3047 2269 regione
3095 2197 3309 2269 impulsi
3346 2195 3447 2268 [in]
3496 2196 3659 2251 arbo-

2094 2305 2206 2345 rem
2234 2288 2398 2355 illam,
2421 2290 2572 2360 juxta
2597 2288 2880 2345 ecclesiam
2908 2289 3160 2359 positam.
3186 2284 3352 2360 [eam]
3380 2286 3660 2341 minuatim

2093 2380 2378 2439 lacesando
2403 2396 2467 2434 ac
2488 2379 2825 2436 frustillatim
2842 2379 3041 2449 passim
3067 2377 3359 2443 fundendo,
3382 2376 3656 2439 desiliam;

2091 2474 2233 2542 quod
2257 2474 2506 2544 equidem
2535 2489 2592 2528 re
2621 2473 2736 2543 ipsa
2766 2470 2923 2539 paulo
2944 2480 3061 2540 post
3087 2469 3355 2541 probavit.
3380 2467 3511 2524 Nam
3535 2483 3658 2523 cum

2093 2566 2328 2635 undique
2351 2579 2447 2620 aer
2467 2579 2692 2621 serenus
2719 2573 2884 2629 esset,
2906 2574 2960 2619 et
2978 2564 3055 2629 bi,
3077 2564 3164 2634 qui
3200 2562 3325 2617 huic
3350 2561 3661 2632 spectaculo

2092 2659 2337 2721 aderant,
2358 2665 2572 2712 exitum
2612 2656 2692 2710 rei
2740 2670 2953 2711 summo
2986 2670 3111 2709 cum
3142 2652 3408 2709 desiderio
3436 2661 3660 2721 prarsto.

2092 2752 2357 2816 larentur,
2388 2750 2689 2820 prmsertim
2717 2748 2845 2819 quia
2879 2748 3089 2804 damon
3125 2745 3322 2816 stcpius
3359 2745 3661 2813 interroga-

2093 2856 2181 2902 tus
2211 2846 2351 2901 idem
2385 2859 2444 2900 se
2475 2845 2741 2899 iacturum
2772 2844 3044 2899 instanter
3071 2839 3364 2895 afﬁrmaret
3392 2857 3405 2894 :
3436 2841 3657 2894 demum

2090 2937 2421 2994 sanctissimi
2464 2934 2687 2992 Joannis
2719 2936 2927 2992 meritis
2948 2945 3005 2989 et
3036 2935 3423 2995 monachorum
3460 2934 3661 2985 ut‘atini

2045 3054 2065 3117 ι
2096 3032 2254 3089 nibus
2291 3030 2491 3086 sensim
2523 3030 2626 3085 sibi
2653 3029 2796 3084 vires
2831 3029 3061 3084 deiicere
3087 3023 3414 3098 [remorunt]
3451 3024 3520 3076 ita
3550 3023 3661 3092 jam

2092 3124 2254 3179 etiam
2291 3122 2460 3179 invito
2490 3123 2756 3187 daam‘one,
2786 3121 2928 3191 quod
2957 3120 3133 3173 fuerat
3162 3117 3450 3190 pollicitus,
3482 3130 3579 3170 suo
3606 3114 3661 3167 in

2087 3219 2233 3274 exitu
2265 3217 2571 3273 demonstra
2581 3224 2745 3271 retur.

2160 3307 2247 3363 i5.
2288 3306 2332 3362 Ο
2360 3304 2487 3362 Jesn
2539 3306 2678 3359 mira
2730 3304 2964 3375 potentia
3018 3306 3069 3357 in
3117 3303 3320 3357 sanctis
3354 3298 3657 3371 prmciptte‘.

2090 3400 2168 3453 En
2199 3397 2378 3453 subite
2409 3411 2441 3451 e
2472 3396 2691 3467 regione
2736 3395 2922 3449 Boreae
2966 3404 3161 3448 ventus
3197 3392 3392 3447 nubent
3421 3388 3659 3444 condeno

2089 3495 2291 3543 sam'et
2325 3495 2498 3540 atram
2546 3486 2612 3539 ad
2658 3485 2758 3541 bas
2787 3493 3000 3539 nostras
3046 3482 3243 3537 cillavit
3279 3482 3545 3552 regiones,
3582 3478 3658 3537 et,

2088 3579 2166 3635 ttti
2196 3580 2402 3634 daemon
2435 3576 2667 3641 dixerat,
2696 3592 2794 3632 suo
2824 3577 2878 3630 in
2911 3578 3145 3631 discessu
3176 3572 3397 3629 Μειιὶιιο
3425 3585 3487 3625 ex
3522 3566 3663 3621 nubo

2090 3673 2302 3725 vibrato
2332 3682 2396 3725 ac
2432 3668 2586 3740 ptrisu
2623 3665 2792 3722 nimio
2815 3674 3087 3731 contorto,
3133 3664 3319 3732 rapido
3350 3656 3662 3728 inpentiqnd

2091 3770 2236 3817 motu
2275 3761 2525 3815 arborem
2575 3759 2716 3832 (qua:
2757 3758 2916 3830 vulgo
2944 3773 3069 3814 acer
3100 3754 3315 3823 dicitur)
3354 3751 3662 3823 percutiens

2086 3854 2376 3922 ipsamque
2413 3850 2742 3905 frttstulatim
2770 3850 3007 3913 lanians,
3046 3849 3147 3904 hac
3179 3849 3302 3901 illac
3328 3859 3506 3899 ramos
3535 3857 3663 3896 suos

2084 3943 2364 4014 iactitans,
2406 3945 2518 3999 fere
2550 3943 2617 4000 ad
2659 3941 2884 3996 nihilum
2923 3938 3162 4009 redegit;
3212 3936 3367 4006 cujus
3414 3943 3659 3992 truncus,

2090 4037 2176 4091 vel
2208 4038 2411 4093 rectius
2439 4038 2614 4094 dicam
2648 4035 2836 4099 robur,
2869 4033 2935 4087 ad
2971 4040 3155 4085 nostra
3195 4027 3307 4082 fere
3339 4035 3575 4093 tempora
3609 4024 3665 4075 in

2093 4136 2255 4183 tanta:
2286 4129 2359 4182 rei
2387 4128 2707 4182 memoriam
2736 4124 3009 4196 diligentia
3042 4131 3256 4193 patrum
3282 4126 3659 4173 conservatum

2092 4230 2197 4282 ρει,
2248 4218 2391 4287 quod
2433 4231 2518 4271 me
2552 4217 2749 4271 vidisse
2800 4212 3039 4268 memini.
3088 4209 3295 4265 Idcirco
3334 4218 3519 4259 omnes
3569 4204 3661 4272 qui

2093 4309 2320 4361 aderant
2344 4305 2621 4369 mortales,
2645 4304 2881 4374 rigentes
2901 4316 2963 4354 ac
2986 4298 3200 4369 trepidi,
3233 4295 3663 4348 anitnadverteno

411 4374 602 4432 iierem
638 4379 923 4447 quamdam
952 4396 1018 4436 ex
1052 4381 1280 4453 Liguria:
1307 4383 1455 4456 U30)
1485 4387 1761 4455 provincia
1794 4387 1984 4458 fatiga-
2010 4401 2062 4460 Β
2090 4406 2168 4451 tes
2223 4396 2367 4465 quod
2427 4402 2621 4464 praeter
2670 4392 2814 4446 aeris
2863 4404 3067 4444 morem
3113 4391 3388 4447 evenerat,
3439 4380 3664 4437 Joannis

411 4476 525 4521 tam
570 4483 600 4522 a
637 4468 901 4525 demonio
938 4472 1006 4527 ad
1045 4474 1150 4529 hoc
1176 4474 1235 4528 S.
1268 4473 1448 4531 Maria:
1500 4481 1884 4535 monasterium
1932 4481 1985 4534 in

412 4554 658 4625 ejusdem
720 4556 780 4622 8.
844 4557 1072 4617 Joannis
1136 4560 1438 4620 festivitate
1488 4565 1538 4619 vi
1594 4581 1624 4620 a
1677 4568 1990 4637 parentibus

414 4656 634 4703 constat
683 4648 968 4706 deductam
1007 4651 1341 4709 fuissezsed
1392 4670 1516 4711 cum
1564 4656 1675 4726 jam
1717 4668 1987 4715 inconste-

420 4741 556 4790 rium
600 4753 769 4807 prope
820 4747 985 4806 esset,
1041 4741 1099 4796 S.
1153 4741 1377 4799 Joannis
1425 4746 1678 4802 virtutem
1741 4748 1984 4802 diabolus

411 4827 648 4896 amplius
688 4828 831 4885 ferre
871 4845 976 4897 non
1015 4832 1235 4899 valens,
1283 4849 1383 4904 per
1417 4853 1480 4891 os
1526 4837 1768 4892 mulieris
1817 4839 1986 4892 niaxi-

420 4931 536 4972 mas
575 4920 863 4990 variasque
909 4938 1225 4980 voces-cum
1269 4942 1457 4997 spuma
1503 4931 1781 4996 emittere,
1826 4946 1990 5002 seque

420 5009 676 5067 miserum
720 5012 1042 5079 clamitare;
1093 5015 1318 5072 ulterius
1365 5034 1465 5075 nec
1506 5036 1669 5093 posse
1715 5035 1813 5076 nec
1853 5022 1991 5078 velle

418 5105 685 5176 progredi,
715 5115 773 5162 et
798 5119 859 5162 se
900 5107 1035 5162 adeo
1082 5110 1323 5177 torqueri
1366 5111 1569 5179 aiebat,
1622 5121 1679 5167 ut
1722 5130 1987 5183 nusquam

420 5195 656 5260 gentium
703 5196 967 5266 ejusmodi
1006 5200 1292 5254 tormentis
1318 5215 1377 5255 se
1408 5201 1657 5260 aﬂ‘ectum
1689 5202 1991 5265 iurinnemo

419 5282 734 5342 “firmaret.
770 5285 868 5341 His
893 5288 1075 5356 itaque
1100 5290 1426 5346 clamoribus
1455 5304 1629 5349 cretus
1654 5296 1893 5349 virorum
1925 5311 1991 5351 ac

2094 4488 2435 4543 sanctitatem
2459 4484 2799 4547 extollentes,
2824 4481 3063 4535 mulieris
3086 4477 3288 4532 exitum
3313 4483 3627 4543 exspectare
3645 4486 3671 4522 ι

2093 4576 2194 4631 sibi
2226 4576 2370 4631 enim
2416 4573 2526 4644 jam
2576 4571 2847 4644 refugerat
2874 4570 3113 4639 sanguis,
3144 4575 3198 4621 et
3220 4566 3419 4636 pallida
3447 4563 3661 4620 effecta.

2096 4668 2342 4737 interque
2387 4681 2578 4721 tranus
2604 4672 2890 4734 parentum
2934 4661 3083 4716 humi
3116 4656 3379 4728 paulatim
3406 4654 3663 4721 collapsa.

2092 4757 2458 4811 membrorum
2476 4756 2660 4810 calore
2673 4753 2976 4811 exstincto,
2997 4747 3157 4804 veluti
3178 4743 3666 4811 exanimis‘jaccre.

2091 4849 2178 4902 eui
2209 4858 2366 4903 antea
2408 4863 2571 4917 opera
2616 4845 2815 4901 diaboli
2847 4854 3028 4899 truces
3055 4839 3219 4901 oculi,
3251 4838 3408 4892 triste
3433 4833 3672 4900 supercio

2092 4939 2243 5001 lium,
2273 4939 2496 5009 lurgidm
2523 4954 2700 5003 nares,
2732 4953 2794 4988 os
2816 4949 3155 5004 spumosum,
3177 4928 3355 4980 vultus
3383 4925 3674 4990 malignus.

2095 5031 2383 5085 inmundus
2431 5031 2673 5094 animus,
2732 5029 2913 5096 iingua
2964 5026 3125 5078 fetida
3178 5018 3482 5084 animmque
3539 5010 3685 5063 titulo

2078 5121 2299 5175 olentes
2348 5120 2581 5176 fuerant.
2635 5118 2876 5177 Tandem
2922 5118 3037 5187 ipsa
3068 5117 3194 5168 huc
3237 5107 3361 5161 iiluc
3395 5104 3679 5160 oculorum
3764 5134 3771 5137 -

2092 5209 2265 5264 ariem
2314 5211 2568 5281 dirigens,
2630 5218 2986 5276 cunctosque,
3037 5204 3130 5272 qui
3190 5195 3453 5260 aderam.
3502 5190 3685 5290 Ρετίνξν

2096 5312 2296 5362 stans,
2339 5301 2407 5355 ab
2431 5300 2705 5362 omnibus,
2736 5297 2959 5352 ubinam
2999 5289 3240 5362 gentium
3261 5291 3430 5346 esset,
3469 5289 3685 5353 ρει-ψει»
