4110 5362
515 369 622 432 ιιι

1536 379 1593 434 S.
1632 378 1912 436 JOANNIS
1950 378 2341 436 GIIALBERTI
2378 378 2667 435 ABBATIS

3644 366 3751 430 8‘10

516 500 573 546 et
622 489 905 546 incolumis
946 488 1232 545 (OItCCSsil.
1259 490 1374 556 Quo
1411 494 1656 563 prodigio
1689 493 1925 550 Joannes
1954 494 2078 549 δρη-
2110 511 2151 567 Λ
2182 511 2291 565 prae
2339 495 2535 573 gaudio
2578 494 2798 564 gestire,
2826 500 2885 547 ut
2910 491 3100 547 crebro
3126 490 3184 545 S.
3221 488 3443 545 Joannis
3460 482 3748 545 brachium

518 585 777 644 tissimus.
807 583 993 653 paucis
1019 594 1145 637 ante
1170 584 1435 653 cognitus,
1463 583 1642 641 clarus
1668 596 1829 657 atque
1857 604 1906 641 ιιι
1945 603 2081 659 guns

517 688 684 745 prope
711 673 968 744 longeque
997 681 1080 726 est
1110 672 1344 727 habitus.
1388 673 1499 729 Hoc
1530 676 1845 731 miraculum
1876 693 1907 731 a
1933 693 2079 732 com-

517 763 762 834 pluribus
786 762 959 818 nostri
988 761 1194 818 ordinis
1219 763 1321 817 fide
1344 764 1522 835 dignis
1545 766 1750 836 accepi.

587 853 673 908 16.
716 852 806 908 Sic
842 866 872 908 e
914 851 1173 908 Perusina
1211 854 1431 910 civitate
1459 856 1609 927 (i5i)
1637 858 1921 925 quemdam
1952 860 2080 914 ado-

515 942 888 1010 lescentulum,
914 958 1018 998 non
1040 943 1213 998 solum
1242 960 1271 997 a
1300 944 1564 1000 daemonio
1594 957 1867 1014 vexatum,
1893 966 2078 1005 verum

516 1033 709 1104 lingua:
756 1032 1075 1102 auriumque
1113 1032 1327 1101 officio,
1387 1036 1607 1107 insuper
1653 1046 1708 1092 et
1757 1050 2076 1095 caeterorum

518 1122 878 1178 membrorum
910 1125 1201 1193 privatum,
1228 1126 1362 1180 adeo
1390 1135 1450 1180 ut
1484 1141 1588 1181 non
1618 1126 1795 1198 imago
1822 1129 2079 1198 hominis,

515 1213 611 1269 sed
663 1224 964 1268 monstrum
1014 1214 1283 1283 quoddam
1337 1218 1644 1284 videretur;
1706 1229 1867 1289 caput
1912 1221 2079 1276 etiam

514 1303 652 1358 intra
681 1320 853 1374 genua
888 1304 1140 1358 reflexum
1171 1303 1502 1380 [habentem]
1553 1307 1621 1363 ab
1658 1307 1910 1366 affinibus
1944 1312 2075 1376 suis,

515 1394 646 1450 viris
675 1394 909 1467 inclytis,
933 1395 1260 1451 sanctissimi
1302 1395 1523 1453 Joannis
1569 1398 1761 1456 illectis
1795 1400 2076 1473 prodigiis,

513 1484 582 1539 ad
610 1485 711 1541 hoc
737 1485 1039 1542 emnobium
1083 1486 1302 1541 ductum
1337 1486 1517 1553 fuisse,
1549 1487 1666 1545 luce
1690 1490 1887 1545 clarius
1909 1500 2072 1562 patet.

517 1575 615 1631 ilic
660 1576 948 1631 clarissimi
995 1572 1239 1643 Joannis,
1290 1577 1415 1631 olim
1458 1578 1556 1633 SS.
1596 1578 1822 1636 Joannis
1852 1581 2075 1637 cti’auii

511 1665 774 1721 Cardineo
804 1665 960 1720 titulo
983 1667 1184 1734 ornati,
1230 1683 1293 1723 ac
1332 1669 1518 1724 eadem
1549 1680 1870 1742 tempestate
1912 1672 2077 1728 Peru-

511 1758 615 1812 sini
667 1757 825 1830 legali
875 1760 1083 1815 exstitit
1119 1776 1317 1831 nepos;
1370 1776 1529 1829 quem
1567 1778 1689 1817 cum
1736 1764 1903 1821 abbas
1942 1765 2073 1819 Ber-

2181 602 2390 640 sunnna
2415 602 2536 641 cum
2562 584 2860 641 reverentia
2889 583 3364 648 exoscularentur;
3400 582 3565 637 filium
3598 582 3749 636 insn-

2183 693 2279 745 per
2319 691 2385 730 ex
2441 691 2497 731 re
2548 686 2890 730 monstruosa
2939 673 3159 729 formosi
3201 671 3414 743 juvenis
3462 671 3751 742 imaginem

2179 782 2289 836 pne
2319 782 2378 821 se
2410 766 2667 821 ferentem
2700 766 3119 836 conspicientes,
3164 763 3423 818 intuendo
3459 777 3563 816 non
3596 770 3748 831 pote-

2183 868 2301 912 rant
2326 857 2561 927 expleri;
2614 858 2889 929 petitaque
2934 856 3247 911 adolescens
3284 853 3518 917 silentio,
3555 851 3748 922 hujus-

2181 948 2321 1003 modi
2346 948 2644 1003 orationem
2686 947 2997 1019 suppliciter
3018 946 3197 1001 emisit
3223 964 3236 1000 :
3263 964 3281 996 ι
3311 945 3354 1000 Ο
3375 945 3556 1009 Pater,
3580 943 3750 998 salus-

2180 1056 2285 1109 que
2326 1038 2585 1104 lidelium,
2646 1037 2943 1092 illustratur
2992 1036 3295 1091 animarum
3352 1033 3575 1089 Domine
3620 1032 3748 1087 Jesu

2179 1128 2415 1194 Christe,
2446 1128 2531 1182 cui
2561 1136 2753 1181 cuneta
2779 1134 2961 1182 creata
2991 1125 3258 1191 serviunt,
3310 1133 3361 1178 te
3390 1123 3548 1177 laudo
3575 1132 3630 1177 et
3659 1123 3750 1177 Le-

2180 1219 2394 1285 nedico,
2444 1218 2651 1288 tibique
2704 1218 2932 1287 posthac
2979 1230 3064 1270 me
3114 1225 3287 1270 totum
3339 1214 3658 1268 commendo
3693 1223 3749 1268 et

2181 1311 2354 1375 trado,
2378 1317 2439 1365 ut
2465 1310 2530 1364 ad
2555 1318 2767 1380 portum
2796 1316 3065 1379 perpetua;
3088 1306 3275 1363 salutis
3297 1306 3544 1377 spiritum
3569 1321 3747 1360 meum

2182 1412 2271 1457 tua
2319 1402 2477 1457 solita
2524 1403 2725 1472 pietate
2772 1401 2903 1456 velis
2951 1400 3458 1468 deducereztuque
3514 1397 3748 1469 gloriosa

2181 1490 2362 1563 Virgo,
2387 1508 2484 1563 per
2509 1507 2672 1563 quam
2697 1499 2892 1547 cuncta
2917 1490 3054 1545 bona
3084 1489 3152 1544 ad
3177 1504 3276 1544 nos
3297 1489 3555 1544 mortales
3576 1499 3748 1558 uSqne

2179 1584 2489 1648 deveniunt,
2530 1593 2583 1638 et
2618 1593 2670 1636 tu
2714 1582 2949 1638 Joannes
2997 1580 3356 1645 sanctissime,
3407 1580 3493 1635 cui
3545 1588 3747 1633 tantam

2178 1675 2406 1745 gratiam
2447 1674 2588 1730 Dens
2621 1675 2864 1729 tribuere
2906 1673 3181 1743 dignatur,
3220 1680 3275 1726 ut
3308 1686 3337 1725 a
3367 1669 3558 1741 quavis
3597 1668 3750 1723 inlir-

2180 1765 2367 1820 mitate
2417 1766 2646 1821 miseros
2696 1760 2953 1820 mertales
2998 1762 3105 1817 tuis
3151 1761 3423 1832 precibus,
3479 1760 3639 1815 modo
3689 1775 3750 1814 se

512 1847 711 1904 nardus
737 1850 883 1922 (132)
909 1851 1064 1920 hujus
1090 1854 1397 1908 monasterii
1417 1862 1595 1925 pater,
1616 1856 1928 1926 cmterique,
1951 1873 2070 1912 cum
2105 1861 2149 1920 Β
2179 1854 2453 1909 luuniliter
2505 1854 2904 1918 commendent,
2964 1851 3289 1907 incolumes‘
3317 1849 3535 1915 reddas,
3594 1849 3750 1904 vobis

512 1944 763 2000 monachi
818 1954 925 2001 tum
969 1947 1240 2013 conversi,
1287 1948 1362 2004 ita
1410 1963 1696 2004 recurvum
1740 1949 2075 2020 aspicerent,

507 2042 727 2104 stupore
750 2035 1228 2107 misericordiaque
1250 2036 1419 2105 ducti,
1446 2038 1498 2092 in
1525 2038 1710 2093 fletum
1738 2053 1857 2092 cum
1885 2054 2078 2110 paren-

508 2127 648 2182 tibus
670 2128 873 2199 pariter
897 2128 1091 2184 dedere
1120 2144 1259 2185 sese.
1291 2128 1432 2185 Proh
1459 2131 1599 2187 bone
1627 2128 1785 2187 Jesnl
1812 2131 1942 2198 Quis
1968 2141 2075 2188 tam

507 2220 692 2286 durus,
729 2229 836 2276 tam
867 2220 1092 2289 ferreus,
1115 2222 1233 2292 qui,
1264 2231 1504 2278 nostram
1536 2223 1806 2293 aspiciens
1848 2224 2073 2295 figuram

503 2312 856 2383 corporisque
879 2323 1179 2383 aspectum,
1201 2313 1313 2369 suis
1332 2312 1528 2368 officiis
1550 2316 1764 2384 penitus
1783 2315 2072 2384 privatum,

505 2420 533 2456 ιι
568 2402 821 2475 lacrymis
846 2403 1080 2474 fletuque
1106 2420 1227 2459 sese
1251 2405 1527 2462 abstinere
1553 2407 1852 2478 potuisset?
1893 2407 2075 2463 Abhas

504 2491 669 2561 igitur
698 2494 1014 2562 parentibus
1063 2493 1290 2562 aliisque
1334 2496 1690 2565 praesentibus
1716 2498 2072 2566 eompatiens,

505 2596 757 2652 premens
804 2582 912 2638 alto
955 2582 1115 2638 corde
1158 2583 1434 2649 dolorem,
1483 2584 1558 2639 ita
1599 2586 1665 2639 ad
1712 2601 1807 2641 eos
1850 2602 2075 2641 exorsus

504 2674 628 2728 est?
654 2672 860 2729 Solvite
884 2674 1045 2730 corde
1073 2685 1299 2744 metum,
1327 2675 1688 2743 dilectissimi,
1718 2679 1877 2734 abeat
1908 2680 2075 2735 tristi.

501 2762 598 2827 tia,
661 2773 868 2819 tantum
917 2765 1048 2822 fides
1087 2766 1290 2838 integra
1336 2768 1643 2837 pectoribus
1673 2770 1867 2826 vestris
1914 2770 2072 2826 insiia

502 2854 594 2919 sit,
623 2850 807 2911 Jesum
839 2854 1123 2911 Dominum
1162 2868 1403 2912 nostrum
1443 2859 1651 2913 meritis
1676 2857 1857 2913 Mariae
1882 2859 2073 2915 matris

505 2944 861 3001 sanctissimae
905 2956 960 3002 et
1007 2944 1232 3003 Joannis
1285 2948 1426 3003 servi
1477 2948 1561 3003 sui
1618 2950 1873 3019 precibus
1931 2949 2072 3008 lumc

502 3034 669 3090 lilium
713 3045 950 3092 vestrum
988 3046 1043 3093 et
1081 3053 1239 3110 posse
1274 3046 1332 3094 et
1367 3038 1501 3094 velle
1526 3054 1631 3094 non
1660 3041 1832 3095 solum
1866 3041 2071 3096 incolu-

504 3142 645 3184 mem
686 3126 930 3193 reddere,
976 3145 1160 3187 verum
1193 3130 1357 3186 etiam
1384 3138 1439 3187 et
1463 3146 1807 3186 conservare.
1847 3131 1920 3188 Ita
1950 3147 2070 3203 spe-

504 3232 707 3286 ramus,
761 3219 933 3290 inquit
980 3229 1154 3290 pater,
1203 3218 1330 3276 Jesu
1376 3231 1431 3277 et
1473 3221 1623 3279 vobis
1670 3222 1846 3292 ipsum
1895 3234 2068 3280 etnos

500 3323 842 3378 stuumOperc
870 3312 1330 3368 commendantes.

577 3398 663 3455 l7.
705 3399 938 3457 Pulsatis
961 3402 1129 3474 igitur
1166 3420 1232 3458 ex
1275 3420 1426 3461 more
1453 3406 1749 3479 campanis,
1790 3417 1845 3463 et
1886 3424 2070 3464 inena-

506 3488 623 3546 chis
648 3489 700 3545 in
728 3492 991 3559 sacrario,
1028 3492 1299 3550 funalibus
1339 3497 1597 3558 accensis,
1631 3496 1791 3552 simul
1819 3512 1943 3552 cum
1976 3497 2070 3553 ab.

500 3579 626 3638 bate
652 3599 755 3638 una
781 3584 1139 3657 congregatis,
1182 3586 1462 3657 praefatum
1512 3588 1911 3644 adolescentem
1940 3606 2069 3660 prae

503 3674 751 3729 manilius
779 3676 921 3731 servi
951 3686 1247 3748 gestantes,
1284 3677 1550 3749 juxtaque
1592 3680 1942 3751 reliquiarum
1982 3690 2066 3735 ta-

500 3762 854 3821 bernaculum
894 3776 1197 3824 sternentes
1235 3767 1491 3838 juvenem
1523 3789 1537 3825 :
1574 3787 1699 3825 nam
1750 3787 1849 3827 nec
1880 3786 1978 3842 per
2009 3786 2068 3828 se

503 3867 649 3912 stare
691 3855 948 3929 [poterat]
990 3868 1045 3914 et
1095 3875 1152 3915 se
1195 3860 1419 3917 detineri
1466 3862 1686 3918 minime
1739 3863 2066 3931 patiebatur.-

411 3938 420 3946 ’
499 3948 767 4001 Caeterum
819 3964 1042 4016 omnes,
1094 3966 1217 4005 cum
1261 3952 1541 4017 monachi,
1591 3962 1701 4007 tum
1747 3953 2063 4018 scecniares,

498 4035 651 4091 tlexis
676 4036 920 4108 genibus,
945 4039 1163 4110 quidam
1185 4058 1395 4098 sursum
1423 4044 1489 4099 ad
1514 4042 1697 4099 Jesum
1724 4059 1908 4098 amore
1935 4058 2068 4113 quo-

498 4123 622 4180 dam
655 4127 810 4181 tracti
842 4127 1026 4184 divino
1055 4130 1348 4201 suspicere,
1383 4131 1623 4188 nonnulli
1678 4147 1825 4197 vero,
1871 4130 2066 4201 quibus

500 4232 653 4271 meus
699 4233 804 4273 non
852 4217 928 4272 ita
978 4219 1161 4274 sanior
1206 4230 1384 4284 esset,
1428 4222 1600 4277 oculis
1645 4222 1892 4276 demissis
1939 4220 2065 4277 Jesu

496 4308 725 4376 piissimi
765 4310 1071 4379 praesidium
1119 4310 1260 4365 inter
1300 4313 1599 4368 canendum
1647 4313 1826 4368 maesti
1873 4312 2065 4382 implo-

500 4413 662 4454 rare:
715 4399 960 4454 conversi
1006 4415 1221 4470 quoque
1265 4412 1322 4455 et
1365 4403 1545 4457 caeteri
1590 4419 1686 4473 pro
1734 4419 1792 4459 re
1838 4404 2065 4473 quisque

498 4486 626 4541 totis
668 4487 830 4542 animi
880 4489 1085 4543 viribus
1131 4504 1319 4558 preces
1340 4491 1406 4547 ad
1439 4492 1711 4562 Virginem
1759 4491 2058 4562 piissimam

498 4572 717 4630 Mariam
751 4574 994 4641 fundere,
1038 4592 1217 4642 orare,
1266 4588 1325 4633 ut
1374 4580 1448 4635 illi
1490 4581 1688 4637 misero
1714 4580 1853 4636 ferat
1881 4596 2056 4652 opem.

500 4662 635 4722 Dum
671 4663 785 4719 inec
822 4679 919 4733 pro
958 4663 1215 4735 cujusque
1251 4668 1462 4738 ingenio
1493 4677 1550 4724 et
1583 4670 1786 4737 studio,
1816 4670 2064 4726 dissimili

499 4755 710 4812 ratione
743 4763 1049 4825 agerentur,
1078 4757 1261 4827 elapso
1292 4759 1439 4817 brevi
1471 4762 1728 4832 temporis
1758 4763 2061 4826 intervallo,

499 4861 636 4916 puer
664 4844 721 4902 S.
764 4842 988 4902 Joannis
1019 4848 1246 4913 meritis,
1275 4852 1607 4920 recuperatis
1637 4853 1862 4918 viribus,
1904 4861 2064 4924 caput

503 4934 770 5002 attollere,
807 4936 1000 4992 deinde
1038 4937 1152 4993 suis
1194 4953 1254 4993 se
1300 4939 1353 4993 in
1397 4941 1620 5009 pedibus
1660 4943 1879 5008 sistens,
1914 4956 2066 4998 more

500 5025 915 5084 balbutientium
941 5043 1102 5085 voces
1127 5032 1469 5087 tenuissimas
1489 5034 1772 5097 emittere;
1804 5043 2063 5104 praterea

702 5119 943 5158 assilit-un
1000 5135 1277 5159 roma-nona

497 5132 652 5156 ιιιιιιιιι
702 5123 943 5158 audit-un
1000 5135 1277 5159 roma-nona
1374 5123 1601 5160 ιιιειπῖιιιςι
1648 5138 1768 5162 num
1824 5123 2062 5164 ninnilnn

2179 1961 2276 2015 pro
2325 1946 2418 2000 tali
2463 1955 2719 2016 tantoque
2765 1943 2927 2009 dono,
2979 1944 3108 1997 mihi
3164 1942 3267 1998 hoc
3316 1943 3368 1996 in
3418 1940 3749 1996 monasterio

2178 2041 2394 2106 collato,
2428 2049 2539 2095 toto
2569 2038 2731 2096 corde
2761 2047 2978 2108 totaque
3008 2045 3186 2092 mente
3210 2034 3409 2107 gratias
3431 2049 3553 2105 ago,
3582 2048 3750 2087 orans

2178 2143 2230 2188 et
2253 2133 2562 2198 obsecrans,
2586 2141 2644 2187 ut
2676 2133 2729 2187 in
2760 2140 3032 2201 posterum
3063 2137 3265 2185 tantam
3296 2126 3460 2181 animi
3489 2127 3746 2181 virtutem

2178 2225 2459 2280 adversum
2507 2224 2703 2280 diaboli
2759 2225 2905 2279 vires
2953 2222 3085 2277 mihi
3135 2221 3376 2293 praebere
3423 2214 3631 2283 velitis,
3664 2226 3746 2281 ut,

2175 2315 2294 2387 ejus
2330 2316 2577 2372 (levitatis
2610 2317 2766 2383 dolis,
2793 2316 2947 2371 vobis
2994 2315 3203 2377 sincere
3248 2328 3487 2383 pureque
3537 2310 3746 2364 valeam

2175 2408 2396 2480 obsequi
2422 2423 2518 2477 per
2551 2409 2799 2463 virtutem
2830 2416 2887 2462 et
2915 2421 3110 2461 nomen
3142 2404 3268 2460 Jesu
3298 2403 3518 2459 Christi.
3548 2401 3744 2457 Amen.

2175 2500 2298 2555 huic
2322 2508 2577 2570 parentes
2600 2498 2837 2563 intuens,
2861 2497 3031 2566 inquit
3060 2496 3159 2550 :P.
3182 2493 3377 2549 Abbati
3399 2492 3745 2559 casterisqne,

2174 2592 2264 2661 qni
2297 2592 2432 2645 adeo
2464 2590 2740 2645 humiliter
2762 2598 2818 2643 et
2844 2588 3086 2643 modeste
3121 2586 3187 2641 ad
3216 2585 3430 2639 labores
3466 2581 3747 2653 perferent.

2174 2680 2271 2735 dos
2314 2696 2410 2751 pro
2452 2680 2557 2734 mei
2598 2678 2917 2734 liberatione
2967 2694 3027 2733 se
3076 2679 3184 2731 Deo
3229 2677 3583 2736 devoverant,
3633 2688 3745 2728 non

2175 2778 2380 2824 tantum
2416 2769 2621 2841 gratias
2648 2785 2827 2840 agere,
2865 2777 3043 2841 pater,
3073 2768 3168 2823 sed
3200 2778 3286 2822 tua
3318 2766 3474 2823 solita
3506 2766 3745 2821 benevoo

2174 2861 2334 2916 lentia
2368 2860 2571 2915 referre
2599 2861 2729 2915 velis
2752 2875 2867 2915 oro.
2900 2878 2920 2911 ι
3306 2872 3309 2873 '

2241 2951 2326 3005 l9.
2367 2948 2499 3006 Cum
2541 2950 2702 3020 igitur
2739 2948 2826 3004 hic
2864 2963 3047 3004 sermo
3082 2947 3335 3003 omnibus
3380 2945 3471 3017 qui
3511 2944 3744 3000 aderant

2169 3048 2225 3093 et
2253 3039 2596 3095 admirationi
2626 3049 2680 3095 et
2702 3038 3021 3109 jncumlitati
3069 3038 3347 3101 existeret,
3391 3043 3545 3105 pater
3588 3034 3743 3088 suavi

2171 3129 2451 3200 complexu
2501 3129 2687 3185 osculo
2728 3130 2939 3184 haerens
2984 3128 3098 3194 lilii,
3144 3137 3197 3181 et
3244 3126 3496 3197 lacrymis
3543 3125 3745 3179 iterum

2170 3236 2279 3290 prae
2300 3219 2495 3291 gaudio
2520 3220 2746 3286 obortis,
2782 3218 2991 3289 inquit:
3028 3237 3045 3269 ι
3069 3218 3184 3283 Fili,
3209 3216 3590 3271 acerbissimas
3609 3213 3743 3267 mihi

2169 3309 2318 3375 olim,
2348 3325 2489 3364 nunc
2517 3308 2635 3364 luce
2653 3309 2965 3379 jucundior,
2998 3323 3148 3363 sume
3179 3306 3460 3376 pecuniam
3490 3313 3744 3364 tutemet,

2170 3398 2467 3455 humillime
2500 3399 2609 3456 Deo
2634 3400 2788 3465 offer,
2818 3399 2921 3455 etsi
2949 3415 3075 3465 non,
3107 3406 3167 3452 ιιι
3197 3396 3362 3453 nostri
3393 3405 3535 3449 esset
3558 3392 3742 3454 ollicii,

2168 3505 2265 3562 pro
2298 3490 2387 3547 tali
2421 3500 2677 3563 tantoque
2710 3491 2971 3548 beneficio
3011 3499 3252 3558 accepto,
3283 3488 3377 3542 sed
3413 3496 3470 3540 ut
3499 3486 3744 3555 quimus,

2169 3582 2488 3639 tribuamus.
2520 3603 2540 3637 ι
2573 3584 2797 3639 Demum
2825 3584 2887 3637 ι).
2912 3581 3112 3644 Abbas,
3151 3580 3292 3633 datis
3319 3578 3466 3646 prius
3498 3575 3640 3627 inter
3678 3589 3745 3626 sc

2168 3673 2375 3728 dextris
2421 3683 2476 3728 et
2523 3673 2891 3745 gratulatoriis
2936 3670 3117 3725 verbis
3169 3669 3360 3722 devote
3395 3665 3463 3719 ab
3507 3673 3744 3731 utroque

2167 3764 2381 3829 habitis,
2418 3769 2556 3819 tanti
2601 3762 2849 3819 beneﬁcii
2893 3774 2960 3814 ne
3004 3760 3346 3813 immemores
3387 3762 3589 3817 essent,
3622 3768 3741 3806 tuo-

2169 3853 2305 3917 nuit,
2335 3860 2391 3908 et
2416 3854 2486 3907 ita
2516 3852 2622 3906 iteti
2664 3852 2985 3907 discessere.
3024 3847 3253 3901 Tantum
3295 3844 3459 3915 igitur
3497 3844 3737 3896 miracu-

2167 3944 2274 3999 lum
2305 3952 2359 3998 et
2383 3944 2707 4013 prodigium,
2747 3957 2812 3997 ne
2850 3940 3005 3995 facile
3047 3938 3324 3993 hominum
3357 3935 3617 3990 memoria
3643 3934 3739 3986 de-

2167 4033 2388 4097 leretur,
2423 4032 2473 4086 in
2505 4032 2681 4086 tabula
2717 4032 2947 4101 quadam
2973 4037 3124 4100 pater
3154 4028 3342 4096 ipsius,
3369 4033 3427 4079 ut
3452 4024 3736 4094 diligenter

2166 4123 2498 4193 pingerctnr,
2550 4138 2770 4191 operam
2817 4122 2985 4184 dedit,
3040 4129 3095 4175 et
3142 4119 3372 4188 desuper
3419 4115 3477 4171 S.
3513 4113 3735 4170 Joannis

2168 4215 2325 4284 hujus
2356 4225 2555 4271 nostra:
2580 4216 2823 4270 ccclesiw
2848 4212 3007 4268 altari
3043 4227 3167 4266 cum
3196 4210 3288 4265 lilii
3317 4208 3574 4273 vestibus,
3613 4206 3735 4276 qni-

2165 4311 2264 4366 bus
2299 4307 2351 4361 in
2379 4307 2694 4362 infirmitate
2746 4308 2953 4377 positus
3006 4304 3273 4366 utebatur,
3319 4301 3477 4372 pendi
3525 4299 3729 4354 voluit:

2165 4414 2348 4453 verum
2380 4414 2521 4452 nunc
2550 4397 2775 4465 picturis
2801 4396 3022 4466 pulvere
3045 4402 3101 4449 et
3127 4408 3263 4462 aqua
3291 4391 3728 4460 humorihnsqne,

2165 4491 2367 4561 quibus
2412 4490 2500 4545 hic
2543 4490 2693 4544 locus
2733 4488 2993 4552 abundat,
3050 4485 3301 4550 delinitis,
3354 4494 3556 4539 tantum
3598 4498 3732 4553 quo-

2168 4579 2411 4635 rmndam
2444 4575 2601 4645 hujus
2624 4577 2830 4632 ordinis
2857 4577 3109 4631 abbatum
3134 4582 3187 4629 et
3212 4587 3610 4633 conversorum,
3638 4572 3729 4640 qui

2165 4670 2341 4725 adhuc
2386 4675 2697 4736 supersunt,
2748 4666 3006 4722 memoria
3034 4664 3316 4729 retinetur,
3348 4679 3378 4716 a
3406 4663 3603 4732 quibus
3628 4679 3729 4733 ego

2165 4763 2313 4831 (nam
2340 4760 2654 4831 interfuere)
2688 4758 2892 4830 accepi.

2232 4851 2319 4908 20.
2358 4851 2549 4906 Petrus
2576 4849 2833 4905 Bernardi
2882 4848 2949 4903 de
2990 4849 3165 4901 Arena
3192 4844 3325 4899 civis
3365 4842 3724 4906 Fiorentinns,

2167 4953 2406 5011 tempore
2430 4940 2687 4996 Bernardi
2717 4939 2784 4993 de
2812 4935 3207 5006 Gianfigliazzis
3251 4931 3411 4988 Vallis
3451 4930 3728 4987 Umbrose

2165 5032 2393 5092 abbatis,
2432 5031 2539 5085 huc
2582 5028 2817 5105 veniens.
2839 5028 2992 5082 miris
3035 5025 3207 5081 modis
3249 5023 3464 5078 funibus
3492 5021 3729 5091 undique

2164 5134 2344 5164 ςιηιιιις
2387 5120 2795 5164 hnrriliiiitatam
2836 5119 3121 5164 niialminm
3163 5131 3273 5164 [mn
3321 5130 3380 5164 se
3428 5113 3729 5164 ferens--ut
