4110 5362
342 211 446 271 831

1876 201 2077 260 ACTA.

3502 202 3613 258 823

348 319 739 383 mutzastet'tuni
798 323 851 376 in
908 322 1165 377 etnitunti
1213 320 1324 386 siti,
1385 318 1618 388 undique
1678 333 1929 374 resonare
1960 328 1999 380 Α
2034 324 2326 382 annuente,
2357 316 2562 387 liquido
2603 315 2867 387 intelliget
2894 335 2904 371 :
2931 326 2985 372 et
3022 317 3089 373 ad
3124 314 3347 386 hujusce
3376 318 3451 373 rei
3481 335 3583 375 cun
3634 328 3635 331 ‘

350 422 682 473 viderentur.
717 414 849 470 Cum
887 423 1063 469 autem
1111 428 1179 467 ex
1226 426 1374 466 more
1421 411 1470 463 in
1518 409 1839 471 sacrarium,
1876 417 1932 461 et

351 510 484 563 viris
522 518 574 561 et
623 505 838 560 l'ttuihtts
891 505 1127 574 undique
1164 502 1554 565 circumdatus,
1604 500 1930 564 traheretur,

348 610 574 653 coactus
606 598 822 652 tandem
850 605 973 666 post
998 596 1200 651 multas
1231 595 1284 649 in
1316 609 1438 649 eum
1482 593 1762 649 orationes
1803 607 1933 647 con-

342 692 756 760 iurationesque
814 690 1029 744 habitas
1086 690 1202 744 iure
1254 688 1480 753 retulit;
1543 702 1605 741 se
1654 685 1930 755 cujusdam

346 786 573 854 maligni
607 784 710 841 viri
743 782 1075 840 carminibus
1124 791 1177 835 et
1220 780 1684 836 incantationibus
1725 778 1828 833 illis
1858 780 1930 831 ita

349 875 671 931 adstrictum
706 884 767 929 et
809 873 1031 945 ligatum
1074 873 1271 938 teneri,
1316 880 1374 926 ttt
1406 872 1555 926 nullo
1596 882 1752 942 pacto
1788 870 1931 924 nulla

346 970 518 1023 etiam
550 968 601 1022 vi
630 980 692 1022 se
720 966 848 1022 inde
884 966 1130 1021 abstrahi
1175 980 1335 1036 posse
1377 966 1658 1029 fateretur,
1694 965 1745 1019 ui
1785 966 1933 1035 prius

349 1057 736 1114 fascinationes
760 1066 812 1109 et
844 1056 1238 1111 incantationes
1265 1055 1367 1110 illa:
1390 1056 1456 1111 de
1478 1056 1579 1110 sub
1602 1055 1725 1110 ostii
1748 1055 1934 1110 limine

348 1149 542 1204 domus
569 1162 681 1202 suae
703 1156 1102 1203 attwveretttur.

417 1240 508 1292 il.
550 1239 815 1293 Caeterum
868 1253 990 1292 cum
1035 1237 1307 1302 monachi,
1356 1246 1413 1292 et
1458 1237 1678 1292 monitis
1730 1233 1931 1290 Christi

348 1329 475 1385 Jesu
523 1337 582 1384 et
627 1328 688 1382 Β.
736 1327 1031 1384 Hilarionis
1077 1328 1326 1399 exemplo
1379 1328 1558 1394 ducti,
1608 1343 1800 1398 parum
1851 1329 1932 1382 vel

350 1420 485 1475 nihil
516 1419 637 1474 tidei
669 1420 1010 1485 adhiberent,
1034 1433 1102 1474 eo
1124 1419 1250 1488 quia
1284 1419 1337 1473 itt
1362 1416 1482 1474 aliis
1503 1434 1645 1490 smpe
1676 1419 1933 1474 mentitus

348 1520 527 1577 esset;
566 1511 778 1565 instare
805 1509 1154 1565 orationibus
1194 1510 1418 1581 insuper
1454 1511 1710 1565 sacerdos
1734 1509 1937 1582 iugiter

350 1612 627 1672 torquere,
670 1601 882 1672 sibique
905 1615 970 1656 ex
1004 1601 1205 1655 virtute
1246 1598 1341 1656 Dei
1381 1600 1603 1655 exitium
1651 1600 1934 1654 imminere

350 1666 619 1759 dicebatt
671 1666 896 1749 econtra
956 1691 1045 1746 ille
1105 1691 1256 1745 vultu
1312 1690 1451 1746 truci
1511 1690 1936 1757 ardentibusque
1969 1666 2010 1723 Β

348 1783 521 1838 oculis
542 1784 594 1838 in
618 1784 732 1838 haec
754 1783 999 1853 prorupit
1034 1784 1228 1840 verba:
1254 1781 1298 1840 Ο
1323 1784 1538 1839 cruces!
1569 1799 1603 1838 ο
1633 1776 1930 1839 tormenta!

347 1875 489 1943 Quid
530 1876 740 1944 patior?
778 1876 915 1942 Quid
955 1892 1092 1946 opus
1138 1888 1243 1944 est,
1292 1877 1570 1946 opessimi
1622 1876 1834 1939 fratres,
1879 1887 1937 1932 ιιι

324 1964 481 2021 ,hinc
508 1965 700 2021 abeam
736 1964 876 2039 {per}
921 1975 1001 2022 tot
1042 1968 1355 2022 oratimtes?
1393 1969 1504 2023 Cur
1534 1968 1803 2022 incassum
1839 1970 1935 2023 Izos

350 2055 581 2126 hymnos
606 2056 875 2127 verbaque
896 2057 1011 2117 haec
1030 2056 1210 2112 divina
1244 2056 1552 2113 eilunditis?
1575 2057 1712 2126 Quid
1737 2057 1933 2114 frustra

346 2157 559 2203 tantum
582 2147 787 2204 laboris
810 2146 1095 2218 perfertis?
1123 2148 1215 2202 Sat
1238 2157 1343 2212 est,
1372 2150 1473 2204 hoc
1499 2163 1564 2204 ex
1589 2165 1675 2203 nte
1699 2150 1935 2218 potuisse

344 2241 574 2305 tutdire,
623 2241 679 2296 itt
731 2241 857 2296 ostii
912 2240 1101 2296 limine
1150 2240 1549 2297 incaztationes
1603 2243 1712 2311 pati
1744 2241 1834 2315 [id
1861 2253 1935 2297 est

350 2327 646 2401 relinqui],
696 2331 839 2400 quod
888 2332 1016 2386 mihi
1045 2332 1336 2402 plurimum
1367 2335 1673 2389 nociturum
1701 2350 1806 2389 non
1840 2336 1934 2390 du-

351 2421 485 2476 bito.
557 2422 882 2493 Optantibus
932 2425 1205 2480 nonnullis
1255 2441 1321 2481 ex
1374 2426 1459 2480 his
1506 2427 1599 2497 qui
1651 2442 1774 2484 cum
1817 2427 1935 2498 ipso

352 2521 635 2576 venerant,
668 2522 725 2568 ut
751 2531 871 2585 quae
908 2515 1118 2573 daemon
1150 2517 1349 2584 aiebat,
1384 2516 1581 2573 lamina
1604 2527 1663 2574 et.
1686 2517 1853 2573 linunt
1882 2528 1935 2574 et

348 2612 550 2659 cetera
592 2603 1019 2677 inqttirerentur,
1050 2615 1104 2664 et
1131 2624 1162 2662 a
1193 2606 1316 2664 loco
1352 2619 1766 2676 amoverentur;
1811 2626 1936 2681 pro-

347 2695 583 2751 hibuere
629 2697 908 2763 monachi,
962 2712 1029 2753 ne
1075 2706 1169 2753 aut
1218 2699 1423 2757 solutus
1480 2700 1936 2757 incantatimtibus

355 2786 646 2843 recessisse
674 2789 901 2851 daemon,
928 2798 1024 2844 aut
1052 2789 1150 2859 ipsi
1193 2791 1305 2846 suis
1347 2792 1687 2848 sermonibus
1727 2809 1937 2849 accom-

350 2880 602 2934 mudasse
646 2880 802 2935 iidem
850 2882 1021 2937 videri
1073 2895 1328 2953 possent;
1379 2894 1683 2941 asserentes
1722 2901 1936 2955 semper

349 2966 573 3026 fallaces
621 2986 742 3026 esse
792 2972 1066 3029 daemones
1099 2982 1153 3029 et
1189 2974 1254 3028 ad
1286 2975 1645 3031 simulandum
1691 2977 1932 3032 callidos.
1962 3009 2006 3071 ς

351 3062 645 3117 Urantihus
689 3064 868 3134 itaque
901 3072 955 3119 et
990 3065 1255 3137 virginem
1304 3066 1528 3123 Mariam
1577 3079 1935 3139 sanctumque

351 3147 617 3206 Joannem
665 3150 869 3222 jttgiter
923 3153 1193 3226 religiosis
1243 3157 1373 3212 viris
1424 3158 1856 3229 deprecantibus,
1905 3175 1935 3214 e

354 3241 602 3297 manibus
632 3244 930 3299 tenentium
959 3259 1079 3300 sese
1104 3246 1256 3317 (nam
1288 3246 1525 3303 nudatus
1556 3245 1775 3303 l‘uuibus
1796 3252 1933 3320 erat)

354 3346 384 3385 a
411 3332 652 3389 dtcmone
698 3342 890 3407 captus
935 3350 1248 3407 erumpens,
1280 3339 1347 3392 ad
1376 3339 1599 3394 sacrarii
1630 3349 1934 3395 extremum

354 3434 527 3491 usque
547 3436 869 3496 summoque
890 3425 1201 3497 ingentique
1222 3428 1423 3497 impetu
1449 3427 1731 3499 proripuit,
1756 3428 1937 3499 ibique

354 3524 387 3563 a
439 3510 653 3568 diabolo
710 3514 856 3570 htttui
920 3524 1158 3572 tartareo
1210 3518 1603 3573 inhumanitate
1644 3518 1934 3586 detruSus,

356 3607 504 3654 tanta
548 3589 751 3674 talique
795 3605 994 3662 ibidem
1034 3606 1173 3662 allici
1216 3624 1397 3678 pccna,
1424 3618 1625 3679 quanta
1656 3624 1757 3664 nec
1779 3621 1935 3665 antea

351 3693 499 3748 domi
546 3711 644 3751 nec
691 3696 744 3751 in
774 3698 969 3754 itinere
1018 3700 1102 3771 (ut
1152 3702 1243 3770 qui
1292 3717 1414 3758 cum
1447 3717 1513 3757 eo
1550 3702 1650 3757 iter
1694 3701 1938 3759 fecerant

356 3784 723 3855 aflirmavere)
758 3805 858 3845 nec
881 3791 937 3847 in
962 3795 1226 3858 sacrario,
1251 3795 1607 3866 przcsentibus
1635 3780 1934 3862 monachis,

355 3874 537 3932 fuerat
561 3876 808 3943 allectus,
839 3882 912 3936 ita
944 3894 1007 3938 ut
1032 3885 1286 3940 omnibus
1316 3886 1624 3942 miserabile
1648 3887 1713 3943 tle
1742 3903 1799 3943 se
1826 3905 1941 3959 spe-

353 3966 624 4022 ctaculum
653 3970 945 4038 pra-heret.

426 4056 519 4112 29..
557 4057 691 4114 Cum
730 4077 861 4117 vero
886 4073 941 4118 ct
968 4063 1029 4119 S.
1061 4063 1286 4121 Joannis
1326 4068 1527 4124 virtute
1562 4078 1615 4124 et
1649 4072 1939 4126 monachu-

356 4160 476 4200 rutn
523 4149 1011 4218 supplicationiizus
1062 4155 1258 4225 oppido
1306 4156 1628 4227 fatigaretur
1671 4160 1936 4226 diabolus,

353 4231 692 4306 ulteriusque
747 4237 874 4294 Jesu
932 4241 1184 4299 virtutem
1242 4245 1483 4315 petfet're
1539 4263 1643 4303 non
1702 4248 1937 4313 valeret,

2035 411 2391 466 [imitationem
2424 412 2599 481 aliqua
2633 413 2686 467 itt
2716 413 2948 469 medium
2995 414 3270 481 alierrcnt,
3323 416 3378 470 tti
3423 430 3484 470 ea
3527 430 3613 469 res

2036 518 2122 556 tne
2154 502 2366 571 longius
2392 503 2460 557 ab
2489 504 2703 573 incepto
2735 505 2995 560 traheret.
3038 505 3276 561 Redeam
3315 520 3443 576 erga
3472 510 3615 561 unde

2034 593 2310 663 digressus
2340 609 2478 647 sum.
2507 591 2880 651 Rcdcuutihus
2921 597 3084 667 igitur
3113 597 3280 653 sociis
3318 611 3441 653 cum
3485 596 3616 653 Ber-

2036 684 2203 737 nardo
2254 682 2508 737 incolumi
2554 682 2907 751 Florentium,
2955 687 3345 742 monachorum
3394 687 3615 741 monitis

2035 771 2176 826 haud
2223 788 2475 842 paruere.
2529 774 2797 829 Dederant
2844 776 2988 830 enim
3031 775 3085 831 hi
3132 777 3183 831 in
3214 776 3506 841 mandatis,
3548 793 3614 831 nu

2034 863 2433 919 incantationes
2480 865 2861 934 perquirereut
2909 866 3048 922 illas.
3100 866 3369 924 Caeterum
3414 869 3490 924 uti
3519 885 3611 924 cu-

2038 955 2165 1010 riosi
2196 966 2250 1010 et
2282 970 2420 1009 nova
2451 970 2780 1026 cognoscere
2819 956 3134 1014 aliectaules
3175 959 3411 1030 ostiiqtte
3453 960 3614 1016 limen

2035 1046 2317 1109 adeuntes.
2364 1056 2439 1111 et,
2488 1056 2549 1101 ut
2593 1047 2755 1102 libido
2805 1048 2931 1115 fert,
2979 1049 3164 1106 omnia
3212 1061 3616 1122 perscrutantes

2035 1154 2271 1208 pannum
2297 1140 2497 1194 lineutn
2529 1139 2905 1211 conglobatum
2943 1139 3151 1212 ﬁlisque
3175 1143 3364 1199 sericis
3389 1144 3620 1200 circum-

2036 1229 2257 1301 ligatunt
2304 1231 2589 1297 invenere,
2629 1247 2736 1303 quo
2774 1233 3066 1304 explicato,
3114 1236 3433 1305 particulam
3478 1238 3627 1291 ossis
3717 1264 3728 1277 ς

2035 1322 2186 1391 pueri
2218 1321 2482 1387 defuncti,
2517 1337 2614 1378 nec
2645 1338 2751 1379 non
2782 1334 2839 1379 et
2876 1325 3121 1381 mulieris
3149 1328 3394 1396 capillus,
3423 1327 3617 1397 pellem

2039 1410 2259 1481 insuper
2289 1412 2416 1482 pulli
2449 1413 2675 1480 asinini,
2722 1424 2780 1469 ut
2829 1415 2927 1485 ipsi
2968 1416 3290 1484 quihusdam
3320 1435 3381 1473 ex
3416 1419 3624 1473 nosttis

2038 1511 2220 1571 postea
2270 1501 2592 1568 retulerunt,
2643 1504 2791 1559 intus
2841 1506 3159 1576 quibusdam
3209 1523 3330 1561 cum
3369 1508 3537 1578 signis
3565 1519 3620 1561 et.

2039 1593 2447 1650 characteribtts
2487 1610 2861 1665 conspexere;
2911 1613 3032 1668 quae
3080 1600 3261 1653 omnia
3302 1599 3402 1653 viri
3441 1599 3621 1666 cujus-

2038 1684 2163 1738 dam
2210 1684 2448 1755 religiosi
2501 1687 2708 1741 monitu
2758 1686 2866 1756 igni
2914 1688 3209 1744 tradidere.
3260 1690 3410 1744 Patet
3459 1689 3625 1760 igitur

2039 1774 2440 1833 incantationes
2515 1777 2853 1832 carminibus
2920 1777 3036 1834 ﬁeri
3111 1794 3334 1850 posse;
3401 1781 3503 1836 hoc
3567 1791 3623 1837 et

2040 1869 2208 1923 nostri
2260 1884 2495 1927 canones
2549 1871 2891 1942 approbant,
2962 1879 3018 1927 et
3069 1887 3158 1928 res
3206 1872 3369 1930 etiam
3420 1874 3629 1931 iudicat

2039 1959 2174 2028 ipsa.

2679 2054 2859 2112 PARS
2897 2056 2982 2112 ill.

2105 2143 2401 2200 23.1ielattt
2425 2144 2638 2203 abbatis
2660 2147 3001 2205 Cultus-boui
3028 2147 3197 2223 (155),
3218 2152 3303 2206 cui
3334 2150 3498 2206 Paulo
3528 2166 3622 2207 uo-

2038 2249 2160 2290 men
2176 2234 2295 2302 fuit,
2317 2252 2384 2292 ex
2411 2236 2468 2294 S.
2484 2236 2773 2295 Gaudentii
2790 2239 2984 2311 oppido
3008 2241 3152 2312 (l5i)
3178 2242 3410 2311 puellam
3433 2258 3613 2312 quatu-

2036 2324 2159 2379 dant
2185 2323 2291 2381 huc
2320 2334 2561 2397 tempore
2590 2326 2803 2385 abbatis
2832 2328 3093 2386 Bernardi
3125 2332 3191 2386 de
3220 2330 3622 2404 Gianligliauis

2036 2415 2251 2472 venisse
2272 2416 2600 2487 accepimus.
2628 2418 2780 2476 lianc
2803 2420 2924 2476 talis
2950 2431 3166 2493 tamque
3191 2423 3411 2495 iniquus
3439 2439 3619 2496 posse-

2037 2506 2192 2561 dcrat
2235 2507 2468 2573 daemon,
2511 2518 2569 2563 ut
2613 2524 2735 2564 eam
2781 2512 2931 2568 adire
2966 2513 3067 2569 nisi
3115 2523 3294 2582 caute,
3321 2516 3636 2585 praesertim.

2037 2599 2164 2654 dum
2217 2601 2504 2657 tormentis
2529 2599 2849 2669 afﬁceretur,
2896 2619 3055 2660 nemo
3082 2606 3342 2662 auderet:
3377 2607 3620 2676 complu-

2038 2688 2178 2744 rium
2230 2690 2375 2745 enitn
2428 2700 2483 2747 et
2510 2707 2703 2749 manus
2729 2702 2786 2749 et
2818 2708 2977 2751 nares
3009 2695 3259 2753 dentibus
3299 2697 3621 2754 nordaciter

2036 2788 2333 2836 attrectare
2372 2790 2675 2838 teutaverat
2697 2783 2913 2854 saepius,
2945 2784 3019 2841 ita
3043 2796 3125 2852 ut,
3155 2786 3282 2842 dum
3315 2787 3621 2843 rmuobium

2039 2879 2259 2942 propter
2302 2872 2386 2928 sui
2419 2889 2536 2928 eam
2573 2875 2638 2932 de
2668 2874 2940 2946 jumento,
2994 2894 3102 2949 quo
3137 2878 3424 2946 insidebat,
3456 2882 3619 2953 depo-

2039 2980 2170 3020 nere
2196 2975 2475 3032 curarent,
2513 2967 2682 3037 ipsius
2720 2970 2992 3025 cervicem
3044 2971 3295 3026 dentibus
3325 2974 3620 3043 apprehen-

2038 3055 2171 3111 dens
2220 3056 2577 3123 incumberet,
2610 3058 2747 3115 adeo
2777 3069 2834 3115 ttt
2883 3069 3043 3131 caput
3080 3062 3270 3133 puella:
3292 3063 3519 3119 summis
3546 3063 3599 3117 vi

2038 3145 2189 3200 ribus
2219 3147 2342 3201 inde
2388 3163 2642 3204 amovere
2671 3149 2760 3219 qui
2808 3152 3057 3218 aderant,
3098 3154 3317 3208 tuiuinte
3349 3155 3624 3223 valerent;

2037 3237 2124 3292 cui
2166 3242 2499 3309 spectaculo,
2550 3242 2734 3298 multis
2762 3246 3234 3314 concurrentibus,
3259 3249 3501 3304 etiamet
3525 3248 3623 3304 Pe.

2041 3339 2154 3381 tras
2184 3329 2266 3383 vir
2305 3330 2608 3401 religiosus,
2637 3330 2793 3402 hujus
2840 3336 3074 3392 cteuobii
3109 3347 3234 3392 tunc
3254 3340 3511 3402 decanus,
3544 3338 3629 3392 ius

2039 3419 2246 3485 terruit,
2293 3429 2349 3477 et
2376 3424 2531 3496 signo
2574 3425 2764 3481 Crucis
2809 3427 2861 3481 itt
2896 3427 3124 3497 puellam
3155 3431 3320 3496 edito,
3352 3447 3474 3486 mox
3510 3432 3639 3503 ipsa

2039 3507 2196 3578 quasi
2218 3509 2288 3565 de
2311 3509 2574 3567 industria
2615 3513 2807 3570 extulit
2836 3525 3018 3587 caput.
3418 3512 3426 3519 ’

2106 3599 2198 3654 24.
2221 3599 2351 3655 Eam
2384 3602 2550 3671 igitur
2577 3603 2645 3658 ad
2674 3604 2934 3676 capellam
2959 3622 3129 3678 usque
3152 3610 3199 3665 vi
3227 3611 3630 3681 pet'traltctttcs,

2041 3705 2165 3746 cum
2218 3704 2383 3747 cruce
2426 3693 2744 3760 venerabili,
2784 3711 2889 3766 qua
2939 3694 2997 3754 S.
3037 3698 3298 3758 Joannem
3327 3705 3629 3760 dromonetn

2043 3783 2271 3855 legimus
2306 3787 2664 3854 percussisse,
2698 3792 2996 3847 monachus
3046 3794 3265 3863 quidam
3307 3795 3627 3873 [attigisset]

2042 3893 2147 3932 non
2171 3878 2337 3933 multo
2364 3889 2606 3952 tempore
2637 3885 2691 3938 in
2721 3898 2840 3941 eam
2864 3887 3252 3958 conjurandam
3282 3904 3640 3964 consumpto,

2040 3966 2273 4035 puellam
2319 3968 2490 4039 ipsam
2528 3972 2703 4029 modis
2750 3976 3083 4034 terribilibus
3121 3990 3176 4035 et
3201 3983 3627 4039 cruciatibusiu-

2042 4057 2239 4113 auditis
2290 4067 2554 4130 torquens
2588 4064 2655 4118 ad
2706 4073 2908 4121 terram
2951 4068 3182 4125 detrusit
3218 4072 3482 4130 diabolus.
3523 4074 3598 4130 Sa

2044 4147 2236 4203 ecrdos
2257 4165 2406 4217 vero,
2436 4168 2663 4209 monens
2707 4170 2774 4211 ne
2803 4159 2926 4227 quis
2953 4175 3019 4213 ex
3045 4160 3109 4215 iis
3132 4161 3221 4230 qui
3257 4164 3484 4221 aderant
3506 4180 3623 4222 eam

2045 4238 2359 4308 attingeret,
2393 4242 2584 4298 leviter
2608 4261 2763 4317 aqua:
2808 4248 3107 4306 benedicta:
3136 4253 3349 4312 roribus
3371 4263 3627 4329 aspersit.

354 4324 531 4395 ipsum
563 4328 821 4385 miserum
850 4334 1002 4403 prius
1032 4335 1122 4389 (litt
1155 4336 1467 4406 discerpens
1497 4347 1552 4392 et
1583 4338 1812 4402 lanians,
1846 4341 1937 4395 de-
1971 4348 2015 4405 ι)
2043 4329 2309 4385 Gil-“mm
2332 4333 2544 4400 ""1"":
2578 4337 2650 4391 υιί
2673 4342 2927 4408 [musculi
2963 4342 3069 4398 νίω
3115 4345 3321 4413 Tum”,
3345 4364 3442 4419 Pel'
3484 4353 3627 4407 Ιιυτιε

354 4434 502 4472 munt
534 4420 798 4476 discessit.
827 4423 932 4479 Sed
961 4442 1139 4496 Operae
1167 4429 1396 4497 pretium
1423 4439 1544 4484 erat
1570 4430 1779 4493 audire,
1804 4448 1939 4501 quas

355 4523 519 4565 voces
546 4511 711 4567 etiam
744 4523 864 4583 post
896 4516 948 4570 in
979 4518 1095 4587 ipso
1126 4518 1357 4574 volitans
1384 4522 1626 4574 sacrario
1655 4522 1936 4576 emiserit:

356 4596 494 4654 Nam
521 4601 858 4658 incredibilia
884 4605 1013 4660 mihi
1048 4622 1186 4677 pene
1216 4607 1464 4675 fuissent,
1489 4624 1608 4679 quae
1641 4610 1939 4664 narraban-

357 4698 468 4757 tur,
502 4692 554 4746 ni
591 4693 658 4749 ab
713 4694 798 4748 itis
824 4696 917 4764 qui
948 4697 1036 4751 tali
1069 4698 1377 4766 spectaculo
1410 4702 1655 4764 aderant,
1697 4704 1936 4772 accepis-

356 4799 495 4840 sent.
524 4784 753 4852 Tantus,
787 4789 920 4855 prob
961 4788 1100 4843 bone
1128 4787 1285 4844 Jesu!
1332 4799 1388 4845 ct
1411 4791 1670 4861 strepitus
1701 4800 1755 4846 et.
1782 4801 1939 4847 terra:

358 4880 536 4929 motus
558 4872 736 4931 factus
765 4886 870 4941 est,
898 4876 1026 4946 dum
1052 4878 1159 4934 alio
1202 4880 1444 4936 tenderet
1488 4881 1722 4945 daemon,
1761 4892 1816 4936 ttt
1851 4899 1938 4937 sa-

359 4965 593 5021 crarium
617 4968 1015 5039 ecclesiatuque
1046 4980 1159 5028 toto
1186 4987 1307 5027 eum
1336 4976 1667 5032 monasterio
1699 4974 1938 5035 funditus

356 5054 475 5110 erui
516 5068 793 5127 putarent,
836 5062 925 5130 qui
975 5065 1226 5125 aderant,
1274 5078 1504 5120 omnes:
1533 5069 1618 5123 cui
1668 5084 1793 5122 vero
1827 5073 1939 5127 lucc

360 5145 691 5205 incredibilia
725 5148 1041 5221 existerent,
1074 5152 1216 5208 alios
1245 5151 1383 5222 legat
1412 5153 1576 5211 libros
1603 5166 1659 5209 et
1688 5158 1937 5214 ecclesia-

354 5234 519 5291 sticos
555 5249 606 5296 et
646 5237 898 5312 gentiles,
949 5254 1004 5299 et
1051 5241 1185 5315 quid
1227 5244 1463 5310 potuerit
1507 5247 1776 5314 diabolus,
1830 5254 1937 5307 Deo

2045 4421 2392 4477 intervallum
2423 4425 2636 4496 jacens,
2666 4430 2801 4484 nihil
2840 4431 2983 4488 aliud
3031 4436 3159 4492 vita:
3185 4436 3631 4507 ostettdcre,'ni~.i

2041 4512 2167 4582 quia
2218 4522 2426 4569 tantum
2481 4526 2668 4575 tenues
2716 4537 2812 4577 ore
2855 4525 3081 4595 spiritus
3139 4530 3631 4591 vicissitudinarim

2041 4604 2294 4661 emittere
2343 4611 2668 4682 quandoque
2717 4616 2990 4684 paululttm
3034 4622 3332 4682 videretur.
3385 4628 3629 4685 Tandem

2041 4713 2339 4770 eXs‘ttt'gcns
2370 4712 2426 4756 et
2454 4705 2690 4777 undique
2718 4710 3162 4787 circumspiciens
3185 4733 3290 4774 tton
3319 4737 3483 4790 parva
3505 4706 3629 4779 cuni

2044 4797 2320 4845 teneretur
2362 4793 2765 4865 admiratione,
2811 4802 3190 4877 interrogavit,
3246 4810 3334 4864 ttbi
3387 4796 3630 4882 gentium

2041 4892 2188 4935 esset
2216 4890 2269 4938 et
2293 4885 2433 4941 unde
2484 4887 2611 4944 illuc
2634 4891 3012 4963 applicuisset.
3038 4905 3095 4951 et
3121 4896 3248 4966 quid
3271 4900 3373 4953 silui
3405 4912 3482 4955 tot
3510 4901 3633 4954 reti«

2041 4972 2176 5043 giosi
2206 4973 2419 5031 vellent.
2453 4979 2679 5052 Cognita
2720 4983 2961 5058 denique
2991 5006 3021 5045 a
3053 4988 3333 5043 sacerdote
3355 5002 3410 5046 et
3439 5010 3468 5045 a
3501 4991 3635 5053 suis,

2040 5082 2146 5138 qtta
2170 5066 2471 5129 laborasset
2511 5074 2848 5145 inﬁrmitate,
2876 5095 2937 5140 et
2972 5091 3031 5138 ut
3076 5080 3364 5137 incolumis
3393 5084 3451 5138 ὃ.
3474 5080 3638 5137 Joan—

2042 5160 2128 5215 nis
2163 5161 2371 5219 nteritis
2411 5168 2673 5235 evaserit,
2723 5170 2834 5226 Deo
2860 5184 2919 5229 et
2953 5172 3056 5231 sibi
3082 5169 3284 5240 gratias
3306 5185 3495 5243 agens.
3521 5172 3657 5228 ίὶεια-

2042 5267 2164 5306 cunt
2187 5252 2301 5308 suis
2323 5253 2374 5308 itt
2406 5260 2680 5329 propriam
2710 5262 2906 5319 redivit
2937 5263 3189 5339 patriam.
