4110 5362
468 202 575 285 ius

1539 213 1594 269 s.
1633 209 1915 271 JOANXIS
1951 178 2343 264 cotibus“
2374 198 2660 257 ABBATIS

3618 184 3723 245 827i

539 341 630 397 9.5.
658 340 833 396 Etiam
886 344 1094 391 conStat
1127 333 1191 386 ad
1223 334 1323 386 hoe
1346 332 1399 385 S.
1442 330 1621 385 Maria:
1660 325 2047 383 monasterium
2078 331 2121 382 Α
2154 315 2340 386 ἱεῖιυνι
2368 323 2426 367 ιη
2456 311 2701 367 ("altth
2750 309 2980 372 ἀίκθιέιῑν
3024 307 3309 370 ῐνίὸῑῖοιόεν
3341 320 3400 359 ac
3432 305 3535 359 huc
3563 304 3727 358 νέιὶθ-

471 431 760 503 quemdam
776 437 1013 483 aromata
1024 426 1160 479 rium
1182 422 1329 493 (152$)
1348 420 1717 476 Florentiuum
1733 418 1921 473 eodem
1938 414 2051 469 fere

472 517 719 595 tempore
758 519 973 575 funibus
1015 510 1467 584 circumligatuin,
1520 526 1550 565 a
1607 510 1720 564 suis
1765 508 2050 565 deductum

382 677 387 683 ,
475 614 677 679 fuisse;
724 610 815 681 qui
868 608 1086 679 quidem
1135 615 1190 662 et
1238 607 1290 659 in
1321 604 1454 657 urbe
1485 616 1549 656 ex
1583 608 1732 655 extra
1761 607 1813 652 et
1840 610 2052 666 quoquo

477 705 806 765 traheretur,
858 699 1057 753 mirum
1098 696 1173 750 ‘de
1219 710 1277 749 se
1320 692 1687 764 spectaculum
1735 685 2054 743 mortalibus

476 792 730 848 omnibus
755 789 1040 860 prmlteret.
1071 786 1203 840 Nam
1231 803 1258 840 a
1286 785 1374 839 tali
1407 783 1757 853 torquebatur
1791 783 2053 842 dtcmone,

479 892 535 936 nt
572 881 729 935 varia
750 884 815 934 de
846 894 903 933 se
926 889 980 932 et
1005 887 1223 946 stupore
1262 875 1417 945 plena
1446 875 1815 929 demonstrare
1837 885 2058 939 cogere-

480 976 597 1037 tur;
658 972 928 1026 interdum
970 968 1177 1039 joeosa,
1210 981 1610 1038 nonnumquam
1654 964 1859 1035 gravia,
1885 977 2051 1031 quau-

479 1066 658 1136 rloque
687 1078 816 1119 vero
845 1063 1106 1118 terribilia
1134 1061 1299 1114 verba
1329 1057 1629 1129 proferens.
1658 1056 1927 1111 Cmterum
1963 1052 2056 1106 ubi

477 1159 596 1213 ioca
626 1158 741 1213 haec
767 1156 1037 1224 silvasmte
1061 1151 1372 1218 monasterii
1410 1150 1597 1214 adivit,
1623 1146 1928 1216 hujusmodi
1952 1145 2061 1199 cla-

482 1252 724 1306 mitando
751 1249 916 1320 C(Ppit
946 1258 998 1303 et
1023 1262 1119 1302 ore
1166 1246 1401 1301 hominis
1424 1246 1583 1300 verba
1613 1240 1886 1297 elfu‘ndere
1913 1257 1925 1292 :
1950 1236 2061 1292 Nec

482 1343 612 1397 illuc
641 1344 719 1397 ire
762 1324 959 1402 velitis,
995 1356 1061 1394 ne
1093 1355 1176 1393 me
1224 1338 1450 1394 trabalis
1485 1351 1616 1390 oro:
1650 1333 1793 1388 Nihil
1818 1333 1961 1386 enim
1994 1345 2059 1384 ex

486 1435 573 1489 his
601 1448 721 1503 qua:
764 1431 983 1500 optatis,
1023 1430 1137 1493 (iet,
1166 1429 1273 1483 imo
1316 1437 1368 1483 et
1393 1426 1580 1495 majori
1610 1416 1827 1478 tristitia
1860 1420 2062 1475 redibi-

480 1522 561 1575 'tis
584 1521 650 1575 ad
691 1520 899 1583 urbem,
928 1535 992 1574 ac
1042 1534 1184 1573 nunc
1226 1516 1606 1570 monasterium
1662 1528 1854 1569 versus
1875 1526 2062 1580 perga-

490 1612 578 1665 tis.
614 1609 710 1665 llis
759 1610 919 1665 dictis
966 1609 1243 1663 conticuit.
1279 1607 1400 1661 lltcc
1444 1603 1494 1658 in
1525 1604 1715 1659 itinere
1739 1601 1939 1656 dixisse
1962 1604 2061 1653 εω-

492 1716 706 1757 moncm
735 1717 764 1756 a
798 1700 1069 1756 nonnullis
1099 1698 1190 1768 qui
1224 1698 1469 1760 aderant,
1498 1709 1619 1749 cum
1650 1702 1864 1747 ventum
1892 1699 1973 1745 est
1999 1689 2065 1744 ad
2102 1676 2139 1734 Β

490 1797 824 1860 ctenobium,
876 1798 1178 1864 cognovere
1229 1790 1497 1844 monachi.
1548 1786 1683 1843 Cum
1741 1786 1904 1856 igitur
1945 1800 2066 1837 eum

484 1887 630 1942 “socii
659 1885 813 1959 [non]
857 1886 958 1941 nisi
1010 1884 1282 1955 ntagna’vi
1318 1882 1597 1937 trahentes
1634 1880 1904 1934 deducere
1948 1893 2071 1947 pos—

493 1989 637 2041 sent,
664 1980 715 2034 in
744 1978 1047 2049 hujusmodi
1099 1974 1415 2041 certamine
1453 1982 1659 2027 tantum
1688 1982 2071 2037 consumpsere

497 2068 777 2143 temporis,
808 2077 866 2121 ut
905 2065 1017 2135 jam
1072 2066 1227 2118 tertia
1264 2062 1436 2117 noctis
1481 2060 1630 2130 lapsa
1680 2059 1811 2114 hora
1842 2056 2073 2112 adierint

486 2159 903 2215 ‘tuouasterium.

565 2249 656 2305 26.
683 2248 1104 2316 Quiescentibns
1151 2258 1334 2317 itaque
1382 2247 1436 2300 in
1474 2245 1739 2316 superiori
1770 2250 1925 2314 parte
1962 2255 2076 2295 mo-

498 2340 709 2406 nachis,
740 2339 923 2410 quiin
969 2338 1209 2394 inferiori
1243 2338 1594 2408 bospitalitati
1643 2343 1907 2406 pra-erant
1937 2333 2079 2388 Con-

501 2434 663 2500 versi,
692 2442 752 2488 ut
796 2448 893 2489 eos
923 2432 1220 2488 honorifice
1272 2446 1421 2487 more
1446 2430 1606 2486 solito
1631 2429 1911 2494 haberent,
1945 2441 2076 2496 ope-

502 2538 617 2580 ram
650 2522 879 2591 dedere;
905 2540 1090 2580 verum
1118 2538 1240 2580 cum
1280 2524 1485 2579 daemon
1511 2522 1870 2577 miserabilem
1901 2520 2077 2574 virum

503 2617 704 2671 acriter
750 2631 947 2672 vexare
994 2631 1098 2671 non
1139 2615 1446 2677 desisteret,
1495 2627 1727 2682 eumque
1755 2611 2077 2667 sulfocatum

505 2708 666 2778 paulo
704 2717 824 2778 post
852 2706 1166 2773 afﬁrmaret,
1193 2705 1450 2761 Conversi
1473 2704 1563 2775 qui
1603 2704 1846 2766 aderant,
1879 2703 2080 2773 pietate

496 2799 662 2865 moti,
692 2799 953 2853 deeanmn
979 2797 1123 2851 illico
1156 2796 1424 2850 accersire
1469 2802 1812 2848 curaverunt.
1847 2791 2081 2847 Veniens

508 2891 671 2961 igitur
699 2890 757 2944 S.
788 2889 1013 2944 Joannis
1038 2902 1253 2943 crucem
1289 2903 1412 2941 mox
1434 2886 1596 2958 jussit
1623 2884 1838 2950 ail'erri;
1866 2883 1977 2954 ipse
2001 2884 2082 2937 iu-

511 2982 668 3036 terim
700 2981 854 3036 ﬂexis
883 2979 1109 3051 genibus
1134 2981 1361 3035 orationi
1390 2979 1609 3034 instare.
1640 2977 1904 3033 Creterum
1929 2984 2084 3030 ante-

510 3084 671 3143 quam
694 3072 821 3127 illuc
841 3087 962 3126 cum
987 3086 1166 3137 cruce,
1191 3070 1384 3141 quibus
1407 3071 1724 3140 imperatum
1740 3068 1933 3133 fuerat,
1959 3085 2086 3123 con-

498 3162 819 3229 cessissent,
850 3163 1168 3219 adzemonio
1220 3165 1382 3218 homo
1427 3163 1518 3217 ille
1570 3160 1949 3217 miserabiliter
2004 3169 2089 3215 est

511 3254 823 3310 suffocatus.
873 3254 1117 3325 Cumque
1180 3271 1371 3311 omnes
1431 3244 1734 3322 hujusmodi
1778 3248 2091 3321 repentinus

512 3363 671 3403 casus
720 3342 929 3403 ﬂebiles
962 3346 1283 3403 reddidisset
1332 3355 1386 3401 et
1410 3354 1654 3408 ιιιωεῑοε,
1679 3343 1915 3398 decanus
1938 3350 2093 3411 pater

499 3439 642 3495 ‘talia
673 3440 859 3506 verba,
881 3449 940 3494 ut
964 3454 1150 3495 eorum
1176 3438 1409 3494 molliret
1433 3436 1697 3501 dolorem,
1728 3449 1955 3490 exorsus
1979 3443 2088 3487 est:

522 3531 613 3586 Dei
651 3529 855 3600 judicra
894 3545 1018 3585 cum
1047 3530 1201 3585 nobis
1255 3527 1524 3597 incognita
1551 3524 1931 3591 existant,sibi
1970 3539 2095 3594 pro-

500 3620 677 3687 fecto,
732 3631 790 3675 ut
837 3622 1098 3692 propheta
1147 3622 1244 3682 ait,
1287 3621 1338 3673 in
1382 3618 1633 3673 omnibus
1676 3618 1822 3694 etde
1846 3616 2096 3671 omnibus

516 3712 721 3781 gratias
768 3728 930 3783 agere
981 3721 1247 3778 tenemur,
1279 3711 1688 3779 obligatnurque
1721 3730 1733 3764 ;
1773 3709 2095 3771 nihilenim,

522 3814 580 3857 ut
611 3805 895 3873 Evangelia
929 3813 1113 3858 sancta
1144 3804 1401 3868 referunt,
1435 3804 1535 3858 nisi
1566 3812 1695 3857 nutu
1733 3802 1913 3856 divino
1935 3801 2098 3853 etiam

503 3895 745 3965 .parvula
785 3896 1006 3949 evenire
1051 3905 1257 3950 certum
1308 3904 1411 3949 est.
1445 3892 1708 3962 Quocirca
1745 3901 1799 3947 et
1831 3889 2101 3945 mrestitim

528 3988 689 4041 finem
732 3987 901 4054 detis;
956 3988 1176 4057 insuper
1226 3995 1279 4042 et
1312 4001 1539 4055 corpora
1567 3985 1687 4039 cibo
1721 3981 1996 4053 paululum
2020 3995 2101 4033 re-

525 4076 722 4132 creelis
749 4091 877 4142 oro;
913 4092 979 4131 ne
1002 4076 1125 4130 dtnn
1156 4075 1342 4139 vultis,
1368 4084 1418 4129 ut
1447 4072 1801 4144 quorumdam
1843 4070 1983 4124 haud
2011 4083 2102 4122 sa-

528 4167 767 4237 pientum
821 4168 1095 4238 ingenium
1143 4176 1246 4231 est,
1282 4167 1587 4221 mortalitnn
1621 4179 1778 4219 casus
1804 4162 1920 4215 sine
1947 4158 2105 4213 modo

525 4258 748 4321 deﬂere,
779 4266 832 4313 et
871 4257 1190 4327 corporibus
1220 4259 1603 4312 detrimentum
1633 4252 1845 4308 adferre
1875 4268 1888 4304 :
1920 4259 1974 4303 et
1996 4249 2105 4303 Deo

503 4362 507 4365 ‘
534 4365 645 4404 rem
671 4365 776 4404 non
806 4358 1012 4420 gratam
1044 4350 1222 4403 facere
1250 4348 1507 4418 pergatis.

599 4438 688 4492 27.
718 4438 814 4493 llis
856 4438 1037 4507 itaque
1063 4448 1117 4493 et
1160 4440 1281 4493 aliis
1308 4438 1484 4491 verbis
1512 4450 1605 4490 eos
1644 4435 1879 4489 (lecanus
1910 4433 2109 4486 exhor-

532 4539 672 4595 tans,
704 4530 1042 4586 miserabiles
1096 4530 1192 4596 illi,
1223 4529 1493 4601 paululum
1523 4526 1727 4582 viribus
1762 4525 2005 4596 torporis
2027 4540 2110 4580 re-

531 4622 824 4691 ruperatis,
872 4636 977 4677 non
1033 4624 1149 4678 sine
1193 4622 1393 4692 ingenti
1437 4619 1691 4675 maestitia
1735 4634 2012 4689 sumpsere
2036 4618 2113 4673 ci-

532 4710 690 4776 ham;
729 4710 987 4780 postridie
1011 4727 1138 4766 vero
1160 4712 1381 4781 psalmis
1405 4727 1471 4765 ex
1496 4709 1798 4765 Christiana
1828 4709 2114 4763 traditione

534 4801 859 4867 decantatis,
902 4803 1133 4857 cadaver
1157 4803 1324 4872 ipsius
1360 4803 1411 4856 in
1458 4802 1774 4857 cmmeterio
1796 4811 1945 4856 extra
1972 4798 2115 4854 fores

513 4892 780 4947 ecclesia:
820 4894 922 4949 sito
951 4884 1108 4947 terrae
1156 4894 1473 4957 reddidere;
1503 4895 1719 4962 cognito
1776 4902 1956 4946 tamen
1983 4905 2117 4945 aso-

518 4983 640 5038 .ciis
664 4983 805 5052 quod
835 4983 1083 5054 religiose
1130 4993 1186 5038 et
1216 4985 1443 5038 honeste
1467 4985 1635 5037 vitam
1664 4984 1892 5036 duxerat
1918 4996 2068 5034 suam
2100 4998 2113 5032 :

524 5073 823 5127 annuatim
874 5074 1040 5136 enim,
1099 5082 1157 5127 ut
1201 5072 1342 5127 sacri
1394 5073 1582 5126 volunt
1627 5086 1885 5131 canones,
1919 5071 1984 5123 de
2008 5069 2120 5123 suis

522 5164 844 5219 .sceleribus
871 5164 1127 5218 humilem
1161 5162 1272 5218 Deo
1310 5152 1364 5215 et
1392 5160 1659 5215 sacerdoti
1690 5161 1887 5213 fecerat
1910 5156 2123 5212 confes-

544 5253 772 5306 sionem.
819 5251 875 5307 Si
908 5252 1050 5307 enim
1082 5267 1239 5309 secus
1283 5250 1446 5304 vitam
1495 5264 1646 5303 suam
1696 5247 2035 5310 instituisset,
2068 5247 2120 5299 in

1589 5341 1622 5362 I2
1649 5341 1827 5362 Ιὲ....,...ι
1884 5338 2119 5362 ρηωξιιιι-

2155 415 2294 471 ratu,
2318 414 2372 458 et
2397 404 2440 457 si
2473 417 2660 457 omnes
2693 409 2804 453 tum
2828 396 3073 453 monachi
3099 404 3210 450 tum
3238 394 3492 450 Conversi
3516 409 3610 449 eos
3638 398 3726 448 so-

2154 497 2245 550 lati
2281 497 2500 558 fuerint,
2531 496 2747 548 domum
2776 490 2985 545 rediere
3008 502 3181 542 suam.
3454 500 3459 505 τ
3550 490 3553 493 ‘

2223 586 2312 640 9.8.
2351 593 2499 638 Anus
2521 582 2762 651 quredam
2794 596 2859 634 ex
2887 578 3132 632 Milliario
3160 585 3341 631 monte
3371 574 3538 646 (156),
3563 589 3729 645 quam

2156 677 2415 732 ridiculus
2470 675 2741 729 invaserat
2793 671 3025 733 daamon,
3061 684 3090 722 a
3120 669 3233 722 suis
3259 667 3324 721 ad
3366 667 3468 721 hoc
3492 664 3733 732 Virginis

2160 774 2336 828 Mariae
2386 772 2693 825 emuohium
2732 770 2888 824 ducta
2917 757 3023 831 est,
3044 764 3338 833 jucundum
3370 763 3436 816 de
3466 776 3523 815 se
3551 769 3604 815 et
3632 759 3732 813 mi-

2159 862 2327 919 rabile
2364 860 2728 931 Spectacnlnm
2766 858 3041 929 praebens,
3077 865 3129 909 ut
3172 843 3333 909 etiam
3359 850 3622 921 religiosis
3656 852 3733 902 vi-

2160 956 2253 1020 ris,
2281 954 2546 1026 gravitate
2596 949 2825 1014 ornatis,
2859 948 3025 1003 risum
3056 959 3453 1013 nonnumquam
3481 950 3735 995 concute-

2162 1058 2264 1103 ret.
2299 1047 2517 1100 Daemon
2562 1044 2704 1098 enim
2738 1052 2793 1098 et
2831 1042 3087 1112 hymnum
3134 1037 3448 1107 Augeiicum
3496 1032 3738 1104 etKyrie

2160 1142 2362 1215 eleison
2403 1140 2727 1209 quandoque
2771 1137 2933 1207 etiam
2958 1128 3016 1189 et
3039 1133 3271 1205 psalmos
3316 1146 3537 1194 canens,
3570 1129 3640 1182 ita
3679 1136 3739 1179 ut

2162 1231 2460 1287 sacerdotis
2514 1229 2739 1297 alicujus
2785 1227 3018 1281 animam
3075 1234 3314 1295 putares,
3338 1222 3480 1277 haud
3506 1221 3618 1274 fleri
3644 1235 3739 1289 po-

2165 1333 2303 1379 terat
2346 1323 2473 1392 quin
2524 1337 2633 1391 pra:
2684 1321 2897 1376 insolita
2935 1335 2995 1376 re
3037 1320 3205 1374 risum
3254 1314 3609 1388 prmsentibns
3646 1314 3741 1366 da-

2165 1427 2280 1483 ret;
2325 1416 2593 1471 interdum
2638 1429 2763 1468 vero
2815 1397 3117 1468 sacerdotis;
3147 1409 3300 1479 jussu
3349 1408 3433 1462 his
3468 1406 3740 1461 silentium

2165 1507 2394 1570 faciens,
2419 1517 2479 1560 ut
2500 1506 2553 1561 in
2572 1509 2693 1561 rem
2745 1520 2898 1559 suam
2930 1504 3031 1557 iret
3057 1501 3439 1570 conjnrabatur
3471 1515 3485 1553 :
3521 1495 3618 1553 Cui
3642 1495 3745 1573 ille

2169 1598 2499 1653 cachinnans
2548 1596 2723 1665 inquit
2763 1607 2777 1648 :
2815 1589 3267 1649 Coneedam'alio
3300 1589 3394 1644 :‘si
3438 1602 3523 1643 me
3554 1587 3746 1657 paulu-

2172 1689 2278 1743 lum
2301 1689 2648 1758 antiphonam
2677 1700 2770 1742 seu
2798 1674 3059 1756 psalmum
3084 1696 3279 1736 canere
3302 1679 3589 1749 jusseritis,
3614 1675 3745 1731 nulli

2173 1793 2411 1839 vestrum
2454 1782 2505 1836 in
2555 1781 2830 1851 psallendo
2873 1788 2928 1835 et
2973 1778 3075 1833 rite
3115 1776 3356 1832 canendo
3381 1774 3749 1829 cederemzet

2174 1874 2258 1930 his
2283 1873 2447 1928 (luitis
2472 1872 2673 1926 nullum
2708 1887 2736 1924 a
2768 1870 3050 1926 sacerdote
3087 1877 3408 1945 exspectans
3431 1878 3749 1934 responsum

2173 1963 2404 2019 dulciter
2427 1979 2576 2018 more
2595 1963 2755 2017 solito
2781 1961 3020 2016 divinum
3050 1959 3247 2029 aliquid
3281 1958 3523 2014 canendo
3547 1957 3747 2011 dicere.

2174 2055 2461 2117 Caeterum,
2505 2054 2787 2109 monachis
2833 2067 3036 2107 moram
3086 2050 3299 2120 longam
3350 2051 3401 2103 in
3441 2046 3751 2118 hujusmodi

2176 2145 2335 2216 nugis
2361 2155 2413 2199 et
2446 2143 2690 2199 ridiculis
2718 2159 2822 2198 non
2855 2140 3159 2196 valentibus
3181 2138 3445 2210 perferre,
3479 2135 3751 2193 sacerdoti

2178 2253 2206 2290 a
2237 2236 2441 2291 decano
2486 2235 2807 2306 imperatum
2864 2232 2984 2299 fuit,
3011 2240 3070 2288 ut
3113 2228 3197 2286 his
3224 2230 3504 2287 cantilenis
3538 2218 3755 2298 juberet

2180 2331 2338 2385 tinem
2366 2328 2741 2400 imponi.Qnid
2772 2328 2953 2383 multis
2977 2341 3112 2398 opus
3137 2326 3253 2380 est?
3286 2324 3497 2379 tandem
3527 2322 3757 2377 dulciter

2180 2422 2444 2484 canendo,
2478 2422 2679 2490 absque
2700 2421 2803 2475 ulla
2833 2420 3059 2475 anicula:
3088 2419 3322 2479 laesione,
3355 2425 3414 2471 ut
3447 2415 3638 2479 fertur,
3666 2414 3757 2468 he-

2181 2512 2353 2565 titiam
2384 2511 2673 2580 quamdam
2716 2512 3034 2573 ostendens,
3061 2508 3206 2563 abiit.
3238 2492 3328 2562 Sic
3358 2506 3444 2581 illa
3476 2504 3759 2561 incolumis

2182 2602 2238 2657 S.
2262 2601 2451 2657 Joanui
2475 2600 2676 2671 gratias
2702 2615 2865 2669 agens
2895 2600 3112 2655 deruunt
3149 2599 3610 2654 concessitsuam.

2250 2714 2338 2769 29.
2366 2713 2444 2768 Ad
2471 2728 2569 2768 nos
2602 2728 2771 2782 usque
2820 2711 2969 2766 fama
3003 2710 3269 2782 perlatum
3295 2719 3398 2772 est,
3444 2724 3509 2763 ex
3554 2706 3758 2773 Flami-

2186 2806 2286 2859 ni;e
2309 2804 2455 2875 (157)
2474 2803 2748 2873 provincia
2763 2802 3050 2873 quemdam
3066 2802 3301 2872 ingentis
3318 2799 3562 2870 corporis
3580 2812 3762 2853 sacer-

2185 2896 2364 2949 dotem
2394 2896 2460 2949 ad
2492 2894 2593 2949 hoc
2622 2893 2677 2948 S.
2703 2893 2889 2948 Mariae
2920 2895 3308 2949 monasterium
3335 2892 3575 2958 venisse;
3601 2906 3761 2961 quem

2189 2974 2396 3043 tltetuon
2431 2989 2502 3042 ita
2557 2987 2867 3042 crudelibus
2913 2987 3137 3041 terturis
3171 2984 3428 3053 alliceret,
3462 2992 3518 3037 ut
3545 2999 3645 3038 nec
3672 2982 3764 3036 ubi

2190 3081 2331 3144 sisti,
2362 3080 2443 3134 vel
2490 3087 2754 3135 nocturno
2804 3094 2897 3134 seu
2947 3079 3141 3133 diurno
3199 3086 3439 3146 tempore
3486 3076 3767 3145 quiescere

2191 3178 2395 3241 posset,
2413 3170 2513 3225 nisi
2538 3168 2793 3241 fatigatus
2818 3178 2873 3224 et
2900 3167 3119 3223 assiduo
3140 3166 3451 3238 ingentique
3480 3175 3625 3221 motu
3647 3180 3769 3219 cor-

2191 3262 2339 3333 poris
2360 3261 2632 3327 defessus;
2672 3271 2783 3315 tum
2821 3260 2994 3315 ubivis
3030 3259 3290 3325 locorum,
3325 3260 3378 3315 in
3410 3274 3549 3329 aqua
3581 3260 3769 3323 etiam,

2195 3364 2273 3420 et,
2296 3354 2440 3424 quod
2459 3355 2605 3409 dictu
2623 3352 2936 3407 incredibile
2953 3362 3056 3415 est,
3080 3352 3225 3405 lunni
3240 3366 3358 3405 sese
3379 3360 3769 3419 prosterneret,

2197 3447 2375 3502 cibum
2420 3445 2686 3500 interdum
2719 3460 2824 3498 non
2869 3444 2972 3497 nisi
3021 3441 3266 3497 saltando
3308 3450 3543 3509 caperet.
3585 3440 3664 3495 Eo
3695 3449 3776 3495 tut

2197 3536 2624 3600 discriminibus,
2656 3550 2869 3604 semper
2901 3549 2930 3586 a
2960 3541 3107 3603 tergo
3154 3532 3402 3586 manibus
3452 3530 3648 3602 ligatis,
3686 3532 3774 3586 vel

2198 3627 2444 3681 eulumna
2474 3626 2653 3695 aliqua
2709 3624 2832 3676 fune
2859 3623 3240 3690 circunlscpta.
3269 3621 3352 3675 vel
3385 3621 3515 3675 viris
3544 3620 3775 3676 fortissi-

2202 3719 2303 3783 mis
2336 3718 2635 3781 tenebatur,
2669 3724 2724 3768 ut
2766 3729 2873 3782 quo
2924 3713 3026 3767 iter
3053 3710 3274 3775 faceret,
3302 3712 3537 3781 malique
3574 3713 3640 3765 ad
3673 3712 3775 3779 hoc

2204 3816 2310 3859 tant
2371 3804 2567 3858 mirum
2589 3851 2594 3854 .
2620 3802 2882 3857 invisendi
2936 3803 3107 3872 gratia
3132 3802 3496 3871 spectaculum
3523 3800 3774 3856 mortales

2201 3894 2589 3962 Cujuscumque
2634 3908 2795 3947 sexus
2852 3903 2905 3948 et
2947 3894 3162 3964 g'ueris
3221 3902 3626 3958 concurrerent,
3657 3892 3776 3961 ejus

2202 3988 2469 4055 imprimis
2514 3987 2811 4041 inauditum
2837 4003 3020 4043 casum
3061 3987 3420 4051 demit-antes;
3451 3987 3643 4041 deinde
3673 3985 3775 4039 sibi

2204 4080 2554 4134 vehementer
2579 4080 3046 4145 cornmiserantes,
3074 4077 3210 4133 alter
3237 4078 3389 4133 alteri
3423 4078 3594 4147 inquit
3620 4095 3632 4130 :
3664 4075 3777 4140 Heu

2207 4172 2329 4240 quis
2344 4187 2504 4226 casus
2527 4171 2652 4226 huic
2684 4172 2882 4226 misero
2901 4170 3101 4226 accidit
3130 4170 3433 4227 sacerdoti?
3456 4168 3594 4223 Proh
3620 4168 3778 4221 ﬁdem

2210 4262 2301 4316 Dei
2359 4272 2522 4331 atque
2566 4262 2875 4317 hominum!
2918 4261 3062 4328 Quid
3093 4261 3194 4315 hoc
3223 4261 3338 4315 est?
3380 4260 3450 4315 Ut
3474 4259 3782 4314 sacerdotes

2136 4356 2186 4415 Ι)
2213 4350 2306 4406 Dei
2334 4352 2384 4405 in
2416 4351 2722 4422 hujusmodi
2762 4352 3099 4406 atrocissima
3142 4350 3453 4405 devenerint
3485 4356 3779 4413 tormenta;

2210 4441 2399 4497 saltem
2446 4442 2552 4496 alio
2599 4442 2791 4511 quovis
2833 4443 3020 4497 morbo
3077 4442 3377 4505 laboraret;
3423 4439 3703 4511 et'justius
3731 4450 3779 4492 et

2213 4534 2547 4588 tolerabilius
2604 4532 2807 4602 judicio
2859 4550 2977 4589 meo
3028 4542 3191 4598 esset,
3223 4543 3282 4588 ut
3318 4533 3475 4596 febri,
3506 4534 3782 4603 podagris,

2213 4626 2457 4695 syncopi,
2487 4620 2806 4695 exterisque
2846 4624 3149 4681 adiceretur
3200 4625 3625 4692 inﬁrmitatibus.
3676 4625 3783 4680 lloc

2218 4723 2341 4768 tunc
2371 4722 2488 4769 erat
2516 4730 2762 4767 murmur
2796 4714 2939 4783 vulgi
2978 4715 3043 4769 de
3098 4713 3408 4778 sacerdote;
3440 4714 3634 4785 quibus
3662 4727 3785 4766 vero

2218 4819 2372 4857 mens
2428 4805 2614 4858 sanior
2657 4813 2795 4868 erat,
2824 4819 2977 4858 seens
3016 4805 3250 4867 sentire;
3279 4802 3569 4873 Jcsumque
3599 4804 3650 4858 in
3674 4804 3785 4859 suis

2217 4891 2702 4959 onmihusjudiciis
2751 4893 3073 4947 laudandum
3116 4893 3587 4969 cvtollcndnmque
3607 4910 3771 4950 cense

2219 4980 2365 5034 bant.

2290 5069 2378 5123 50.
2410 5069 2652 5135 Demum,
2696 5087 2799 5125 non
2831 5072 2947 5128 sine
2979 5089 3170 5143 magno
3211 5072 3464 5127 comitum
3499 5073 3699 5135 labore,
3724 5076 3793 5129 ad

2221 5159 2526 5213 caenobium
2559 5161 2697 5215 istud
2727 5161 2987 5217 deductus
3011 5172 3093 5217 est
3118 5181 3130 5216 :
3162 5164 3292 5231 Quis
3315 5165 3478 5229 enim,
3496 5144 3626 5234 qua:
3647 5165 3797 5221 disco

2225 5251 2295 5303 rit
2336 5252 2575 5320 egeritve
2606 5253 2719 5322 ipse
2773 5254 3000 5318 dmmon,
3024 5257 3186 5309 etiam
3242 5271 3448 5309 summa
3487 5255 3797 5325 eloquentia
