4110 5362
302 322 447 397 39,5.

1815 323 2015 379 ACTA.

3446 322 3560 380 816
3590 370 3593 373 .

304 444 409 503 ret,
448 436 517 499 si,
567 449 684 504 qnzr
712 434 775 490 de
818 433 932 503 ipso
960 433 1163 504 accepi,
1214 433 1408 489 litteris
1438 437 1697 499 mandare
1721 452 1877 491 cura-
1906 446 1951 500 Α
2049 436 2145 492 '53.-
2167 436 2247 493 Ex
2267 434 2533 492 Senarutn
2552 436 2937 509 (I58)civitate
2956 435 3350 494 adolescentem
3373 453 3556 495 acrem

307 540 441 581 tem.
469 526 575 580 Sed
606 539 674 579 ne
703 524 828 578 aliis
859 524 1041 590 taedio,
1093 524 1329 595 mihique
1363 526 1531 583 labori
1560 527 1683 592 sim,
1710 528 1778 582 ad
1805 527 1882 582 rei

306 618 511 673 exitum
548 613 835 669 festinabo.
860 613 1105 687 Cumque
1137 630 1166 668 a
1211 617 1499 687 sacerdote
1522 617 1884 686 interrogare-

314 720 400 762 tur
426 723 529 777 qua
563 706 786 760 audacia
820 703 1023 761 CltrlSli
1055 707 1389 783 sacerdotem
1421 708 1695 778 ingressus
1719 716 1882 772 esset,

313 804 438 865 tale.
467 800 811 856 audien'ibus
834 801 924 869 qui
952 801 1176 855 aderant
1205 802 1476 868 onmihus,
1500 802 1647 857 dedit
1668 818 1888 870 respon-

313 878 432 958 sum
478 890 706 945 άωιιιοη.
756 889 896 944 Nutu
928 890 1112 945 divino
1136 900 1192 944 et
1234 890 1386 945 all'eci
1417 892 1579 957 hunc,
1609 901 1658 947 et
1691 889 1887 955 allieio,

313 981 654 1053 adiciamque
701 980 1003 1047 tormentis,
1058 982 1258 1050 quoad,
1311 991 1371 1038 ut
1416 982 1639 1037 meritus
1662 983 1886 1045 est,ha-

312 1071 491 1126 buerit
522 1070 746 1125 exitum.
774 1070 1014 1125 Instante
1061 1079 1238 1125 tamen
1260 1073 1539 1127 sacerdote
1560 1087 1681 1127 cum
1710 1071 1767 1126 S.
1801 1070 1889 1126 Jo-

312 1163 473 1233 annis
513 1161 800 1232 Reliquiis,
826 1172 881 1215 ut
908 1163 1104 1227 exiret,
1139 1161 1476 1235 Spirituique
1498 1174 1686 1219 sancto
1714 1164 1889 1218 locum

314 1253 509 1325 daret:
543 1252 651 1306 Nec
683 1267 907 1321 possum
953 1267 1052 1307 nec
1076 1252 1212 1315 volo,
1249 1253 1421 1322 inquit
1458 1254 1666 1308 datur-on
1703 1254 1893 1308 :lluuc

313 1340 457 1412 enim
502 1342 855 1411 permissione
898 1341 1079 1397 divina
1120 1357 1275 1396 suum
1305 1342 1442 1408 fore,
1475 1343 1727 1399 tartareis
1749 1343 1896 1397 voci-

314 1432 414 1487 hus
435 1430 759 1511 afﬁrmabat.
808 1432 933 1498 Qui,
962 1432 1138 1501 inquit
1188 1434 1465 1499 sacerdos,
1510 1434 1655 1489 istud
1714 1434 1895 1489 dicere

314 1523 500 1607 audes,
533 1523 844 1580 maledicte?
870 1523 1058 1579 Nonne
1096 1536 1344 1605 creatura
1378 1526 1471 1601 Dei
1506 1536 1560 1584 et
1583 1526 1784 1584 Christi
1811 1542 1895 1582 sa-

317 1616 508 1670 cerdos
532 1616 620 1671 hic
641 1618 758 1669 est?
782 1616 968 1672 Nescis
993 1620 1135 1673 enim
1165 1619 1294 1689 quid
1324 1619 1665 1676 futurnmsit.
1695 1622 1891 1693 Reipsa

316 1706 680 1763 declarabitur
707 1708 878 1763 sciam
902 1724 1105 1776 neene,
1121 1711 1396 1782 respondit
1414 1712 1644 1767 daemon.

1983 535 2040 585 et
2080 525 2302 590 fortem,
2345 534 2534 582 catena
2571 526 2733 582 etiam
2783 526 3001 597 ligatum
3040 536 3093 583 et
3121 528 3374 583 innexum
3407 530 3557 598 (nam

1985 617 2193 677 funium
2211 627 2352 672 resta
2370 617 2517 688 (I59)
2542 618 2854 689 lacerasset)
2869 634 2992 674 cum
3016 618 3222 686 affines,
3239 619 3558 677 nobilissimi

1986 708 2109 771 viri,
2127 708 2308 764 multis
2330 708 2718 765 comitantibus
2731 709 2989 775 traheret,
3013 711 3151 766 forte
3177 714 3559 769 monasterium

1986 800 2173 858 Cultus
2212 802 2337 856 boni
2363 811 2584 871 propter
2605 803 2708 856 iter
2730 804 2997 868 habuere;
3034 804 3177 873 quod
3198 804 3415 873 quidem
3443 821 3563 859 mo—

1990 895 2288 950 nasterium
2323 894 2501 963 hujus.
2534 893 2830 962 Religionis
2858 911 2983 950 esse
3009 894 3287 965 probatur.
3322 895 3432 951 Illic
3453 894 3565 965 jam

1990 980 2046 1036 S.
2083 981 2310 1038 Joannis
2351 983 2606 1037 virtutem
2650 983 2858 1037 daemon
2901 984 3161 1048 sentiens,
3188 997 3420 1052 eamque
3443 998 3567 1053 per-

1991 1071 2138 1128 ferre
2163 1071 2395 1142 amplius
2445 1087 2549 1127 non
2593 1072 2799 1133 valens,
2846 1073 3000 1126 miris
3019 1074 3194 1128 modis
3215 1073 3564 1131 exclamare:

1993 1182 2090 1220 nec
2140 1165 2377 1220 ulterius
2422 1166 2523 1232 ire,
2551 1166 2747 1234 inquit,
2790 1165 2833 1218 si
2873 1164 3088 1228 vellem,
3132 1165 3404 1231 valerem;
3441 1168 3583 1222 dator

1989 1259 2227 1324 veniam,
2252 1267 2400 1313 retro
2426 1258 2749 1330 gradiamini
2799 1273 2919 1313 oro.
2950 1257 2994 1314 Ο
3021 1261 3242 1314 cruces!
3274 1275 3307 1313 ο
3331 1269 3581 1315 tarmen--

1996 1352 2080 1405 ta!
2123 1366 2244 1421 qua:
2291 1352 2421 1405 mihi
2460 1351 2753 1415 immerito,
2788 1359 2840 1404 tu
2871 1351 2927 1405 S.
2970 1349 3225 1413 Joannes,
3254 1351 3453 1407 infers!
3484 1367 3570 1407 me

1994 1443 2285 1498 miserum!
2319 1444 2433 1498 hazc
2452 1457 2662 1511 nequeo
2681 1440 2914 1512 amplius
2945 1441 3307 1512 perferre;'in
3340 1444 3570 1513 patriam

1997 1542 2055 1586 ut
2081 1532 2319 1587 redeatis
2369 1548 2499 1598 oro;
2552 1532 2678 1585 illuc
2730 1529 2974 1601 profecto
3004 1531 3253 1585 recedam
3290 1532 3571 1602 quampri-

1997 1638 2166 1677 mum.
2193 1621 2326 1677 Cum
2351 1622 2495 1687 enim
2535 1630 2725 1676 contra
2776 1621 3103 1677 sententiam
3142 1634 3296 1674 suam
3318 1620 3422 1674 iter
3452 1620 3581 1674 Van

1999 1712 2101 1765 lem
2132 1712 2455 1768 Umlirosam
2480 1724 2669 1765 versus
2694 1710 2923 1765 comites
2953 1719 3331 1780 properarent,
3356 1710 3572 1764 (bonum

348 1862 353 1865 _
386 1797 474 1851 51.
506 1784 767 1868 Pergebat
785 1806 964 1852 tamen
991 1781 1246 1855 sacerdos
1266 1816 1440 1865 suum,
1473 1802 1754 1857 monachis
1773 1802 1892 1860 aliis
1929 1781 1969 1838 Β
1995 1811 2052 1856 ct
2073 1802 2246 1871 gratia
2268 1799 2494 1857 Joannis
2514 1799 2839 1865 beatissimi,
2869 1808 2925 1854 et
2965 1800 3185 1871 juvenis
3213 1800 3317 1854 fide
3343 1798 3581 1869 amplius

317 1885 686 1955 psallentibus,
744 1903 1009 1960 peragens
1042 1874 1308 1955 cilicium;
1346 1906 1508 1962 quam
1546 1908 1659 1946 rem
1687 1894 1917 1948 dmmon

317 1975 492 2043 magis
544 1990 706 2045 quam
760 1988 919 2031 antea
948 1968 1245 2049 aegerrime
1292 1978 1494 2045 ferens,
1546 1990 1729 2052 utpote
1771 1985 1896 2052 quia

318 2078 640 2134 magnopere
684 2074 739 2119 et
790 2066 907 2127 sine
973 2067 1221 2139 exemplo
1284 2068 1340 2122 S.
1390 2068 1615 2123 Joannis
1642 2072 1895 2125 virtutea

315 2151 442 2208 vau
499 2162 864 2224 torqueretur,
914 2156 967 2210 in
999 2156 1113 2211 hate
1150 2166 1342 2212 tonans
1390 2160 1635 2228 prorupit
1687 2160 1894 2214 verba:

319 2244 458 2311 Quid
485 2245 779 2314 incassum,
812 2264 845 2321 ο
871 2247 1088 2315 fratres,
1118 2250 1392 2306 orationes
1442 2250 1686 2314 fundere,
1710 2260 1761 2306 et
1789 2267 1897 2317 me,

320 2342 380 2386 ut
426 2334 552 2390 hinc
580 2335 795 2400 abeam,
838 2338 1039 2392 acriter
1084 2346 1337 2408 torquere
1376 2339 1625 2407 oportet?
1655 2337 1787 2392 Nam
1813 2339 1899 2393 hic

319 2428 596 2498 periturus
622 2439 726 2495 est,
755 2430 847 2506 qui
894 2441 949 2484 et
969 2431 1242 2486 hominem
1280 2430 1481 2485 occidit
1509 2440 1565 2484 et
1594 2431 1771 2485 divina
1803 2430 1899 2485 Sa-

320 2529 601 2575 cramenta
633 2520 838 2576 nefarie
858 2522 1021 2578 corde
1060 2520 1373 2587 incontrito,
1402 2520 1544 2575 nulla
1568 2522 1749 2575 habita
1773 2536 1899 2575 con-

320 2609 582 2674 fessione,
614 2609 758 2663 nulla
790 2610 1053 2687 requisita,
1088 2610 1445 2678 absolutione,
1476 2612 1610 2682 prob
1642 2610 1819 2666 nefas!
1847 2620 1900 2664 et

321 2699 436 2768 ipse
462 2697 583 2754 aliis
611 2699 917 2755 ministrare
954 2709 1007 2755 et
1031 2686 1133 2755 sibi
1184 2686 1397 2756 sumere
1424 2716 1526 2756 nec
1561 2700 1775 2755 erubuit
1800 2716 1899 2756 nec

321 2789 607 2843 dubitavit.
661 2788 787 2844 11ωο
820 2791 965 2845 enim
1005 2806 1124 2859 qua:
1154 2791 1397 2847 diabolus
1430 2808 1493 2845 ex
1520 2790 1637 2859 ejus
1662 2807 1756 2846 ore
1783 2808 1902 2862 pro-

323 2878 553 2951 ferebat,
596 2896 703 2938 non
733 2874 957 2951 parvam
987 2883 1238 2937 omnibus
1279 2892 1334 2938 et
1390 2883 1800 2938 admirationem
1826 2883 1900 2937 in-

322 2985 546 3025 cussere
574 2978 629 3024 et
662 2980 897 3037 metum;
930 2986 1117 3026 verum
1156 2988 1277 3027 cum
1310 2973 1558 3027 monachi
1591 2973 1813 3028 multum
1847 2973 1899 3026 in

319 3073 446 3115 cum
475 3061 774 3117 curandum
804 3064 1065 3132 temporis
1090 3069 1145 3115 et
1180 3062 1295 3117 dies
1325 3063 1674 3133 quamplures
1700 3066 1897 3118 fmstra

322 3154 811 3223 consumpsissem,
842 3155 1065 3209 missum
1120 3170 1264 3219 euut,
1317 3156 1498 3210 invitis
1526 3165 1703 3211 tamen
1735 3157 1899 3212 comi.

326 3243 493 3307 tibus,
531 3243 710 3299 fecere
739 3262 752 3296 :
784 3242 918 3297 Nam
946 3246 1173 3299 abbates
1209 3246 1378 3299 nostri
1422 3245 1776 3300 decreverunt
1807 3261 1905 3300 nos

320 3341 538 3388 veteres
567 3333 856 3388 observare
880 3349 1060 3389 mores
1079 3344 1133 3388 el.
1162 3342 1359 3388 statuta
1387 3344 1441 3389 et
1465 3335 1698 3399 annalia,
1725 3352 1844 3406 qua:
1873 3351 1902 3389 a

325 3423 571 3492 patribus
603 3425 804 3479 nostris
841 3426 894 3478 in
940 3423 1295 3479 concionibus
1330 3434 1385 3479 et
1413 3425 1666 3494 capitulis
1697 3425 1901 3479 saucita

324 3522 482 3580 sunt;
504 3530 627 3584 quae
656 3516 905 3586 equidem
941 3514 1247 3571 triduanum
1294 3516 1436 3570 diem
1465 3516 1764 3584 hospitibus
1791 3531 1905 3569 om-

324 3605 487 3659 nibus
534 3615 705 3675 gratts
736 3607 1076 3677 permittunt,
1127 3622 1251 3663 cum
1280 3607 1503 3661 dicunt:
1539 3606 1645 3661 Per
1668 3608 1903 3661 triduum

327 3696 629 3765 hospitibus
665 3695 756 3764 jus
803 3708 921 3753 esto
967 3714 1070 3754 nec
1123 3698 1287 3764 ultra,
1333 3699 1435 3753 nisi
1493 3714 1700 3754 smnma
1748 3709 1904 3767 c03al

327 3786 639 3841 necessitas.
672 3784 890 3853 Verum,
921 3796 981 3842 ut
1004 3787 1071 3843 ad
1102 3788 1308 3858 incepta
1333 3790 1547 3843 redeam
1581 3803 1595 3842 :

399 3878 488 3933 '52.
531 3878 627 3934 IIis
658 3879 730 3933 ita
764 3879 816 3934 in
858 3882 1085 3949 patriam
1116 3883 1514 3946 recedentibus,
1553 3883 1640 3953 ubi
1674 3882 1903 3951 primum

329 3988 394 4026 ex
453 3971 652 4026 nostris
691 3972 872 4026 exiere
914 3972 1130 4036 ﬁnibus,
1179 3974 1515 4029 sacerdutmn
1570 3975 1734 4041 (quod
1759 3974 1903 4027 dictu

331 4065 631 4133 pavendum
678 4079 741 4119 ac
790 4064 1136 4118 metuemhnn
1188 4065 1315 4131 e.~t),
1348 4067 1574 4118 suunuis
1606 4066 1806 4119 viribus
1837 4064 1903 4117 ad

332 4165 533 4209 terram
587 4155 831 4210 diabolus
861 4155 1099 4213 trahens.
1143 4153 1391 4210 affectum
1423 4157 1648 4211 tortnris
1676 4157 1906 4226 ingenti-

328 4245 432 4300 bus
487 4246 748 4315 imprimis
780 4248 992 4300 tandem
1037 4246 1339 4301 sulfocavit.
1393 4246 1906 4315 Haecnostriaqui-

331 4335 577 4400 busdam,
617 4337 706 4405 qui
756 4334 1020 4391 funebriis
1075 4336 1264 4391 ciliciis
1317 4336 1553 4391 defuncti
1605 4336 1904 4390 sacerdotis

1997 1910 2120 1949 cum
2172 1903 2538 1963 torqueretur,
2577 1893 2821 1963 ingentes
2881 1893 3138 1948 emittens
3165 1908 3353 1956 voces.
3384 1891 3580 1949 millies

1997 1984 2298 2051 clamitare,
2348 2000 2468 2041 sese
2516 1984 2878 2039 miserabilem
2936 1984 3137 2040 dicere.
3189 1984 3453 2048 Addebat,
3489 1983 3579 2041 hic

1998 2075 2173 2129 sistite
2195 2090 2414 2144 equum,
2443 2075 2620 2129 sistite
2665 2088 2818 2143 rogo,
2853 2073 3126 2129 discedam
3157 2088 3368 2143 nempe,
3394 2074 3577 2129 disce-

1999 2164 2119 2219 dam
2146 2182 2159 2218 :
2195 2164 2421 2220 ulterius
2441 2166 2585 2218 enim
2618 2164 2837 2234 prodire
2863 2179 3094 2233 nequeo.
3152 2208 3153 2211 η

2067 2255 2156 2310 54.
2196 2254 2501 2310 Firmantes
2529 2256 2690 2324 igitur
2708 2253 3038 2322 jumentum,
3073 2256 3331 2326 juvenem
3371 2258 3578 2315 catenis

2000 2347 2290 2411 irretitmn,
2316 2353 2372 2400 et
2407 2346 2606 2400 sudore
2636 2354 2749 2400 toto
2784 2361 3011 2414 corpore
3052 2360 3162 2415 prae
3189 2345 3373 2401 labore
3394 2345 3579 2399 made-

1999 2437 2221 2502 factum,
2257 2451 2320 2491 ac
2351 2435 2462 2490 fere
2506 2435 2769 2491 membris
2793 2436 3121 2507 perfractum
3154 2434 3443 2500 universis,
3487 2450 3579 2503 PC!-

2000 2529 2260 2596 dibusque
2283 2526 2549 2580 labentem
2573 2541 2637 2579 ac
2659 2534 2975 2581 trementem
3001 2524 3300 2595 deposuere
3319 2540 3385 2580 es
3413 2540 3574 2593 equo.

2000 2614 2458 2674 Concurrentibus
2505 2615 2687 2683 itaque
2716 2615 2784 2669 ad
2817 2615 2919 2673 hoc
2965 2615 3163 2669 mirum
3196 2614 3579 2685 spectaculum

2002 2707 2279 2762 turmatim
2300 2721 2367 2761 ex
2393 2706 2541 2776 agris
2564 2716 2614 2760 et
2644 2704 2785 2761 villis
2815 2704 3054 2774 cujusvis
3077 2705 3402 2767 conditionis
3430 2720 3576 2763 mor-

2002 2798 2197 2854 talibus
2224 2798 2340 2868 (eos
2363 2798 2505 2853 enim
2533 2796 2786 2851 tartareis
2810 2797 3033 2852 vocibus
3056 2796 3265 2857 daemon
3299 2796 3424 2857 hinc
3452 2796 3579 2855 inde

2001 2889 2260 2959 accicrat)
2290 2888 2430 2943 alter
2474 2888 2630 2943 alteri
2661 2888 2843 2945 dicere
2868 2906 2882 2951 ;
2905 2887 2982 2959 Mi
3022 2887 3213 2953 frater,
3240 2896 3371 2961 quot
3397 2887 3577 2943 miseri

2002 2987 2274 3050 mortales,
2309 2984 2449 3040 hanc
2471 2986 2596 3039 dum
2623 2985 2824 3054 degunt
2844 2984 3030 3049 vitam,
3064 2983 3430 3039 intolerabiles
3452 2997 3581 3052 per-

2004 3078 2184 3133 ferunt
2206 3078 2512 3133 cruciatus!
2549 3079 2807 3147 quocirca
2852 3076 3036 3132 utilius
3064 3076 3302 3131 dicerem
3333 3074 3385 3131 in
3421 3074 3578 3129 ettuis

2005 3177 2126 3240 post
2167 3168 2418 3239 baptismi
2458 3168 2871 3223 Sacramentum
2901 3182 3021 3222 eam
3049 3167 3370 3237 abrumpere
3393 3168 3577 3228 vitam,

2006 3280 2166 3333 quant
2190 3264 2258 3318 ad
2293 3265 2392 3318 has
2421 3262 2707 3332 pervenire
2728 3270 2934 3318 :ctates.
2966 3260 3067 3315 Cui
3088 3269 3312 3316 econtra
3338 3273 3576 3329 respon-

2006 3356 2234 3410 debatur
2263 3371 2276 3408 :
2310 3354 2504 3408 Desine
2546 3354 2773 3421 posthac
2816 3353 2932 3407 haec
2958 3360 3017 3405 et
3042 3350 3241 3407 similia
3277 3349 3584 3405 inconside-

2008 3452 2122 3499 rate
2147 3452 2203 3496 et
2247 3441 2451 3498 insulse
2496 3440 2738 3510 proferre
2782 3443 2988 3496 verba:
3025 3439 3165 3494 male
3208 3439 3352 3494 enim
3387 3428 3595 3495 sentis.'

2007 3533 2097 3588 Sic
2133 3533 2387 3602 placitum
2424 3533 2555 3594 Deo,
2597 3531 2682 3586 cui
2724 3530 2904 3584 omnia
2940 3537 3158 3600 parent,
3187 3536 3243 3583 et
3271 3527 3383 3592 cui,
3411 3543 3583 3597 quam

2006 3626 2086 3679 sic
2117 3624 2312 3688 fecisti,
2356 3624 2520 3678 audet
2559 3623 2743 3678 dicere
2773 3635 2956 3677 nemo.
3008 3620 3252 3691 Insuper,
3285 3629 3343 3676 ut
3374 3619 3534 3673 .aiuut
3564 3635 3581 3671 :

2006 3714 2158 3780 Quod
2184 3712 2473 3776 dillicilius,
2527 3712 2579 3766 id
2631 3709 2940 3779 prazclarius
2969 3727 2983 3764 :
3016 3724 3123 3778 quo
3169 3708 3317 3765 enim
3374 3706 3580 3778 majora

2009 3804 2108 3857 hac
2151 3803 2202 3856 in
2256 3800 2429 3871 fragili
2480 3801 2584 3855 vita
2616 3808 2882 3855 tormenta
2911 3813 3064 3868 aequo
3093 3800 3275 3855 animo
3305 3797 3584 3868 pertuleri-

2007 3909 2144 3957 mus,
2178 3908 2243 3952 eo
2276 3893 2326 3946 in
2365 3895 2541 3945 lutura
2586 3890 2759 3960 magis
2796 3889 3039 3959 gloriosa
3079 3889 3352 3944 dabuntur
3380 3903 3478 3957 pro
3507 3886 3585 3945 ιυτ

2008 3988 2224 4040 boribus
2255 3987 2491 4057 praemia.
2682 3980 2687 3983 ’

2075 4075 2165 4129 35.
2205 4075 2337 4129 Dum
2372 4076 2486 4130 lucc
2523 4083 2579 4128 et
2613 4073 2739 4139 alia,
2783 4081 2944 4143 prout
2973 4072 3224 4127 voluntas
3267 4070 3392 4133 fert,
3413 4067 3591 4136 jacta-

2007 4175 2142 4230 rent,
2173 4170 2380 4222 dicmou
2409 4166 2576 4221 multo
2609 4167 2842 4220 ferocius
2871 4166 3052 4228 solito,
3080 4179 3146 4219 ex
3182 4161 3587 4219 circumstanti-

2009 4258 2107 4311 bus
2153 4256 2435 4311 orautibus
2477 4255 2772 4318 nonnullis,
2834 4256 2885 4308 in
2931 4269 3056 4308 eum
3105 4253 3363 4311 miserum
3399 4251 3587 4306 adole-

2007 4347 2307 4401 scentulqu
2356 4360 2388 4399 e
2438 4345 2663 4415 vestigio
2707 4343 3065 4410 debaccbari;
3120 4344 3334 4399 tandem
3380 4356 3503 4395 eum
3535 4341 3585 4396 \i

330 4427 708 4492 interfuerant,
728 4443 1048 4499 cognovere.
1080 4427 1215 4483 Hinc
1245 4430 1421 4499 quivis
1450 4428 1702 4483 sacerdos
1726 4442 1898 4482 exem-

2009 4441 2075 4492 ad
2105 4446 2303 4492 terram
2343 4436 2665 4500 detrudens,
2707 4436 3018 4503 discerpeus
3061 4432 3324 4504 imprimis
3366 4439 3422 4486 et
3447 4430 3585 4491 dila-

329 4518 476 4587 plom
536 4534 751 4574 sumere
778 4529 834 4575 et
881 4521 1020 4590 parti
1060 4537 1171 4575 suae
1219 4521 1505 4575 consulere
1548 4529 1746 4590 potest,
1778 4520 1906 4589 quid

321 4609 534 4680 judicii,
556 4613 688 4683 quid
704 4612 880 4667 exitus
897 4622 1114 4667 maneat
1140 4612 1286 4666 illum
1309 4612 1422 4682 qui,
1444 4613 1560 4666 sine
1578 4614 1758 4668 cordis
1781 4626 1908 4666 cou-

329 4702 572 4768 tritione,
601 4702 646 4757 si
693 4703 992 4758 sacerdotis
1031 4703 1183 4775 copia
1235 4704 1401 4764 deest,
1432 4712 1486 4757 et
1528 4711 1736 4757 tantum
1770 4710 1909 4757 trac-

330 4802 446 4848 tare
486 4792 894 4850 Saeramentum
925 4805 976 4849 et
1018 4794 1119 4848 sibi
1151 4794 1370 4863 suisque
1409 4809 1573 4848 ausus
1601 4792 1763 4847 fuerit
1809 4791 1905 4845 ad-

330 4888 664 4944 ministrare.
710 4888 815 4945 Sed
843 4890 986 4944 dicet
1025 4888 1163 4946 forte
1199 4889 1436 4957 aliquis:
1474 4889 1637 4943 Pauci
1673 4888 1752 4944 vel
1776 4888 1906 4945 nulli

328 4989 514 5035 nostra
566 4990 888 5051 tempestate
937 4985 989 5038 in
1016 4984 1274 5054 ejusmodi
1327 4983 1672 5039 formidolosa
1709 4986 1906 5040 discri-

327 5072 475 5127 mina
520 5073 820 5130 iucurrunt.
862 5073 1020 5143 Malo,
1063 5076 1108 5131 si
1158 5075 1290 5131 mihi
1345 5077 1493 5143 optio
1549 5078 1786 5141 daretur,
1819 5078 1908 5133 hic

324 5177 422 5188 ‘4‘
453 5172 689 5188 Ἀ-νιλΑ-ει
742 5179 893 5188 ...ιιι-..ι
931 5172 1054 5188 -Ι;1.;
1087 5176 1284 5188 ...ρ-...Α
1333 5172 1498 5188 Α----ἴη
1515 5172 1585 5188 --ἷ-
1630 5183 1720 5188 κ..-

2011 4531 2186 4595 nians,
2230 4529 2448 4584 demum
2481 4529 2683 4598 ingenti
2710 4544 2832 4587 cum
2867 4527 3104 4582 clamore
3147 4524 3430 4587 discessit;
3476 4524 3587 4592 ipse

2012 4636 2139 4675 vero
2167 4619 2278 4676 fere
2312 4636 2408 4690 per
2431 4619 2578 4674 hora;
2598 4621 2826 4688 spatium
2851 4636 2954 4676 non
2979 4619 3099 4674 sine
3131 4633 3320 4686 magna
3342 4616 3587 4673 omnium

2009 4712 2100 4782 qui
2150 4711 2379 4766 aderant
2430 4711 2855 4776 admiratione,
2886 4711 3049 4765 veluti
3102 4708 3390 4766 defunctus
3436 4707 3587 4765 humi

2008 4796 2314 4874 prostratus
2357 4801 2561 4872 jacuit;
2600 4802 2795 4859 deinde
2847 4803 3118 4874 pauluhun
3166 4803 3462 4867 excutitur,
3510 4810 3586 4866 et,

2010 4897 2083 4951 uti
2118 4911 2149 4950 a
2180 4910 2373 4953 somno
2406 4896 2636 4960 excitus,
2677 4910 2974 4965 exsurgens
3011 4910 3176 4950 sanus
3203 4904 3384 4948 tamen
3419 4906 3478 4949 et
3508 4894 3591 4947 in.

2008 4985 2234 5041 coluntis
2270 4984 2380 5039 Deo
2421 4983 2693 5054 imprimis
2718 4994 2773 5041 et
2813 4982 3019 5053 Virgini
3071 4982 3255 5038 Maria:
3297 4989 3594 5049 sanctoque

2014 5075 2207 5137 Joanni
2238 5076 2442 5145 gratias
2477 5092 2663 5148 agens,
2713 5076 2905 5132 deinde
2932 5077 3149 5133 caeteris
3205 5070 3491 5145 omnibus;
3541 5076 3596 5122 et

2011 5169 2055 5187 9,
2106 5168 2241 5188 ..Διηε
2265 5184 2331 5188 __--
2367 5183 2475 5188 ---...
2502 5185 2510 5188 -
2586 5168 2686 5188 --είς
2732 5167 2878 5188 ....2-.-
2911 5165 2942 5188 ο
3011 5165 3034 5188 Ἰ
3056 5165 3234 5188 .,-..--:n

3265 5162 3434 5188 ns.'nm
3479 5157 3575 5188 I':L‘:
