4110 5362
545 322 650 378 827

1596 327 1653 381 S.
1687 326 1970 385 JOANNIS
2011 327 2406 388 GUALBERTI
2444 334 2732 391 ABBATIS

3679 339 3791 396 828

547 449 724 492 torum
749 437 1078 506 sepulcrum,
1110 438 1250 506 quod
1275 439 1327 491 iu
1359 437 1537 492 iulium
1574 449 1726 508 parte
1765 438 1928 496 turris
1968 457 2117 496 cam-
2149 447 2192 502 Α
2224 454 2518 512 peragunt;
2552 456 2627 512 et,
2658 455 2714 500 ut
2744 461 2927 515 paucis
2953 461 3139 501 eorum
3160 457 3334 511 ,vnam
3361 448 3616 520 aperiam,
3645 450 3788 504 hanc

548 528 786 598 panaria:
827 529 987 582 situm
1032 536 1134 590 est,
1187 526 1364 591 festivi
1397 539 1450 582 et
1491 529 1594 583 lacti
1627 530 1922 586 devotionis
1950 533 2120 601 gratia

550 617 859 680 visitaruut,
903 626 955 672 et
985 618 1360 672 eremitarnm
1395 619 1613 688 insuper
1656 620 1888 676 humiles
1939 624 2122 677 adiere

550 723 726 770 casas,
779 723 901 776 quae
941 707 992 761 in
1049 724 1214 763 saxeo
1273 710 1479 763 tumulo
1520 725 1683 778 supra
1735 713 2119 766 monasterium

550 798 697 854 edito
726 801 843 854 sita}
871 809 1025 866 sunt;
1066 801 1158 870 qui
1207 801 1421 869 quidem
1474 801 1731 865 tunmlus,
1765 818 1830 856 ex
1878 818 1938 856 ea
1972 813 2122 872 parte

549 906 667 959 qtae
711 891 990 945 meridiem
1020 901 1249 961 spectat,
1281 893 1594 946 confractus
1635 891 2013 961 abscissusque
2041 901 2124 946 est

551 979 880 1035 horrendum
923 981 974 1034 in
1011 981 1256 1045 modum;
1296 996 1362 1034 ex
1393 997 1456 1033 ea
1500 981 1663 1034 etiam
1721 991 1874 1050 parte
1909 995 2026 1049 quae
2058 981 2124 1034 ab

548 1069 768 1124 Oriente
797 1072 1062 1134 exoritur,
1106 1083 1430 1142 perangusto
1461 1081 1634 1127 tractu
1665 1071 1924 1141 superiori
1957 1071 2124 1125 monti

555 1164 891 1228 coniunctus,
921 1159 1074 1229 cujus
1097 1163 1162 1216 dc
1189 1163 1403 1215 nomine
1425 1173 1480 1216 et
1513 1161 1616 1216 situ
1651 1176 1820 1230 pauca
1860 1161 2127 1215 disserere

556 1269 660 1308 non
694 1253 930 1306 alienum
963 1253 1114 1308 locus
1135 1268 1252 1307 esse
1281 1261 1484 1316 mouet,
1515 1253 1776 1322 quoniam
1803 1251 1927 1304 alibi
1961 1251 2028 1304 dc
2062 1264 2127 1304 eo

557 1343 881 1397 mentionem
932 1343 1074 1398 haud
1134 1342 1328 1396 facturi
1388 1358 1605 1408 sumus;
1661 1351 1716 1397 et
1759 1341 1854 1396 Abl
1877 1357 1937 1396 as
1993 1341 2129 1395 San-

556 1442 675 1487 ctus
701 1431 848 1502 (MO)
882 1432 1084 1501 optime
1131 1448 1194 1487 ac
1239 1432 1647 1502 diligentissime
1665 1431 1905 1485 omnium
1937 1431 2025 1500 qui
2067 1430 2125 1484 S.

560 1519 777 1576 Ioannis
810 1522 1092 1576 historiam
1125 1523 1396 1591 vitamque
1438 1524 1728 1593 scripsere,
1766 1523 1908 1576 hunc
1952 1522 2129 1576 locum

558 1621 896 1681 prosecutus,
931 1612 1060 1667 mihi
1092 1629 1277 1682 parum
1325 1613 1496 1667 libero
1521 1629 1614 1666 ore
1661 1613 1872 1666 locutus
1899 1613 2127 1676 videtur,

559 1705 850 1774 qui,situm
869 1704 1254 1760 Vallumbrosa:
1271 1706 1420 1774 Operi
1447 1721 1543 1760 suo
1569 1705 1829 1766 inserens,
1855 1703 1992 1758 hunc
2015 1703 2133 1758 Cel-

560 1795 578 1847 l
615 1811 731 1849 rum
758 1795 956 1860 locum,
996 1796 1189 1850 mirum
1216 1795 1266 1849 in
1300 1796 1514 1850 modum
1555 1812 1586 1848 a
1618 1805 1829 1858 natura,
1860 1797 2133 1864 magisque
2167 1782 2206 1838 Β

561 1887 837 1942 hominum
895 1887 1154 1942 industria
1198 1887 1359 1942 situm
1410 1895 1466 1942 et
1509 1897 1778 1952 ornatum,
1825 1888 1908 1940 vix
1939 1887 2130 1956 tetigit.

629 1984 714 2036 36.
761 1981 910 2036 Mnus
940 1982 1101 2052 igitur
1147 1991 1230 2036 cst
1273 1998 1522 2046 saxosus,
1567 1982 1899 2052 asperriums
1948 1992 2003 2036 et
2055 1983 2136 2036 in-

567 2071 762 2138 cultus,
792 2073 882 2141 qui
931 2072 1056 2126 bina
1110 2072 1344 2142 cingitur
1391 2071 1558 2135 silva;
1595 2088 1662 2125 ex
1703 2072 1964 2141 superiori
1993 2072 2134 2126 enim

566 2175 741 2235 parte,
772 2181 890 2234 quae
915 2181 1011 2235 per
1049 2165 1314 2220 declivum
1345 2164 1545 2219 montis
1587 2165 1638 2218 in
1676 2163 1870 2218 ilutuen
1900 2164 2133 2228 ducitur,

569 2273 824 2326 proceras
857 2258 1021 2313 habet
1050 2259 1275 2323 ahietes,
1308 2272 1428 2326 qua:
1459 2257 1510 2310 in
1539 2266 1690 2310 vasta
1726 2255 2013 2311 Solitudine
2037 2255 2135 2309 loci

566 2348 876 2415 religionem
920 2359 1141 2418 augent,
1175 2349 1562 2416 horroremque
1609 2345 2006 2400 introeuntibus
2033 2359 2138 2398 non

565 2441 887 2497 mediocrem
938 2442 1234 2507 incutiunt,
1274 2456 1341 2495 ex
1373 2439 1614 2494 interiori
1654 2448 1858 2503 autem,
1906 2452 2025 2507 quze
2073 2436 2140 2489 ad

568 2535 671 2588 ima
708 2534 1018 2590 monasterii
1047 2548 1234 2588 versus
1266 2533 1454 2592 tendit.
1487 2541 1684 2586 natura
1713 2529 1875 2582 veluti
1907 2528 2141 2582 humano

569 2625 832 2692 artiﬁcio,
889 2626 1202 2680 humillimis
1266 2625 1368 2679 hac
1414 2633 1732 2693 tempestate
1780 2621 2144 2678 ciremndatur

571 2718 800 2775 ilicibus.
833 2718 886 2772 In
933 2719 1090 2785 hujus
1120 2717 1295 2772 medio
1326 2717 1524 2770 montis
1568 2714 1992 2770 ammnissimum
2020 2728 2141 2767 cer-

569 2809 713 2865 nitur
739 2818 971 2880 pratum,
1005 2809 1196 2872 muris,
1227 2809 1289 2862 de
1313 2808 1576 2861 industria
1622 2808 1673 2860 in
1717 2806 1998 2861 brachium
2031 2817 2145 2858 erc-

572 2903 821 2954 mitarum
846 2915 1010 2970 Opera
1046 2900 1289 2962 elevatis,
1317 2899 1554 2966 undique
1587 2896 1969 2961 vestientibns;
2000 2895 2143 2965 quod

573 2991 802 3059 spatium
833 2991 1018 3043 divisis
1058 2989 1264 3044 cellulis
1295 2989 1638 3042 anachorela’
1681 2997 1916 3057 quatuor
1946 2987 2145 3041 incole-

2221 552 2461 590 eremum
2487 547 2635 592 certe
2665 538 2922 602 incolunt,
2951 539 3041 607 qui
3076 538 3233 607 paulo
3259 540 3584 609 asperiorem
3619 541 3790 593 vitam

2223 626 2275 680 in
2310 628 2518 681 laudem
2569 629 2806 683 divinam
2862 639 3054 699 pr:cter
3106 629 3163 685 S.
3217 629 3489 686 Benedicti
3543 633 3792 687 instituta

2224 717 2493 772 adamant.
2550 719 2687 774 Sunt
2741 721 2881 775 enim
2937 721 3050 790 qui,
3107 730 3346 776 veterum
3411 721 3511 777 SS.
3564 722 3790 778 Patrum

2225 825 2392 873 more,
2445 810 2708 880 singultim
2743 826 2836 880 per
2883 812 3024 866 diem
3078 814 3383 882 compleant
3429 815 3790 884 psalterium:

2225 908 2349 954 sunt
2375 901 2536 955 etiam
2561 902 2672 970 qui,
2705 904 2885 956 divino
2931 919 3116 958 amore
3162 905 3335 974 igniti,
3385 921 3507 957 raro
3551 905 3628 957 vel
3659 922 3795 959 nun-

2225 1006 2385 1059 quam
2434 991 2714 1058 degustent
2764 993 2974 1058 vinum;
3026 1003 3151 1047 sunt
3202 994 3302 1047 hac
3366 993 3417 1046 in
3471 1009 3650 1047 eremo
3689 995 3788 1062 qui

2225 1083 2408 1144 etiam,
2439 1084 2654 1151 quando
2696 1082 2951 1138 deformis
2999 1084 3190 1137 stridet
3229 1083 3418 1146 hiems,
3450 1081 3606 1136 nudis
3638 1083 3789 1152 pedi-

2228 1175 2326 1229 bus
2357 1176 2500 1229 inter
2528 1175 2677 1229 nives
2705 1185 2759 1229 et
2807 1190 3027 1245 asperas
3058 1175 3256 1246 glacies
3305 1175 3576 1238 incedant,
3620 1183 3674 1228 et
3725 1189 3795 1228 eo

2232 1277 2489 1335 tempore,
2525 1266 2613 1320 vili
2641 1275 2786 1322 veste
2819 1275 2873 1320 et
2917 1266 3132 1342 palliolo
3157 1266 3416 1328 contenti,
3446 1265 3514 1318 ad
3545 1264 3798 1318 libidines

2231 1360 2448 1428 insuper
2477 1359 2771 1414 dotnandas
2804 1359 3006 1413 circulo
3036 1357 3210 1413 ferreo
3254 1374 3413 1427 supra
3446 1357 3643 1410 nmium
3673 1372 3799 1410 cor-
3861 1406 3866 1411 .

2232 1468 2328 1520 pus
2361 1452 2561 1520 jugiter
2604 1461 2857 1516 utantur;
2909 1452 2974 1506 de
3025 1452 3218 1519 quibus
3263 1451 3398 1504 alias
3443 1449 3624 1512 latius,
3665 1446 3796 1502 Iesu

2233 1546 2463 1610 favente,
2500 1545 2890 1600 tractabimus:
2927 1541 3060 1597 Nam
3105 1553 3312 1613 tempus
3351 1542 3455 1596 alio
3507 1555 3799 1612 properare

2234 1655 2331 1692 nos
2368 1647 2567 1691 monet.

2303 1727 2390 1780 58.
2466 1727 2525 1780 lli
2577 1741 2785 1791 omnes,
2844 1733 3085 1779 vetcrmn
3143 1725 3378 1788 Patrum,
3422 1721 3800 1794 Egyptiorum

2237 1819 2555 1887 rnascrtim,
2590 1833 2766 1872 mores
2811 1817 3104 1880 imitantes,
3143 1831 3305 1885 opere
3350 1831 3605 1870 manuum
3641 1828 3802 1867 exir-

2236 1921 2444 1971 cenzur,
2473 1907 2552 1961 vel
2580 1909 2631 1960 in
2668 1907 2975 1962 excolendis
3007 1906 3197 1969 hortis,
3229 1920 3362 1974 quos
3393 1919 3583 1960 omnes
3624 1903 3800 1955 inter-

2237 1999 2388 2052 luunt
2415 2013 2478 2051 ac
2509 1998 2680 2066 rigant
2707 1996 2860 2050 rivuli
2906 2011 3000 2065 per
3035 1995 3238 2065 ligneos
3287 2002 3495 2049 meatus
3539 1991 3754 2046 deducti
3782 2007 3797 2054 ;

2239 2090 2319 2144 vel
2349 2090 2398 2142 in
2434 2088 2680 2142 vimineis
2721 2087 2975 2141 canistris
3004 2085 3327 2153 ﬁscellisque
3362 2083 3627 2137 texendis.
3659 2081 3808 2135 Non-

2239 2179 2365 2233 nulli
2398 2179 2559 2231 etiam
2611 2176 2899 2230 minutiora
2951 2189 3015 2229 ex
3073 2173 3216 2243 ligno
3265 2171 3511 2226 utensilia
3556 2170 3806 2224 manibus

2238 2270 2491 2331 elliciunt,
2519 2277 2574 2320 ιιι
2593 2267 2898 2328 cochleare,
2926 2275 2978 2318 nt
3008 2265 3262 2334 patinam,
3289 2273 3344 2316 ut
3372 2262 3628 2317 catinmn.
3657 2261 3804 2324 Ιξιινο,

2241 2379 2306 2416 ne
2337 2360 2582 2414 diabolus
2605 2374 2697 2412 eos
2731 2357 2962 2427 reperiat
2987 2356 3206 2421 etiosos,
3248 2361 3302 2408 et
3327 2355 3392 2407 ad
3422 2367 3555 2407 vana
3597 2352 3809 2405 evitan-

2241 2455 2302 2508 da
2336 2453 2640 2517 desideria,’
2667 2460 2786 2521 post
2822 2449 3004 2503 divina
3041 2447 3214 2502 cilicia
3260 2445 3547 2514 adimpleta
3582 2444 3660 2496 vel
3713 2458 3810 2512 per

2242 2558 2298 2595 se
2337 2541 2418 2595 vel
2459 2541 2510 2594 in
2552 2555 2715 2592 unmn
2752 2538 3007 2592 alacriter
3057 2546 3336 2606 peragunt.
3389 2535 3428 2588 A
3473 2531 3808 2587 monasterio

2243 2636 2407 2703 igitur
2433 2634 2498 2686 ad
2532 2633 2671 2686 hunc
2702 2630 3048 2685 eremitarnm
3090 2629 3263 2683 locmn
3318 2643 3454 2682 unus
3492 2635 3546 2680 et
3574 2624 3808 2696 pcrdillio

2243 2728 2379 2792 cilis,
2411 2726 2503 2781 sed
2527 2739 2771 2779 amoenus
2803 2723 2981 2776 divina
3010 2721 3310 2784 meditanti,
3335 2729 3412 2773 est
3441 2720 3648 2782 aditus;
3682 2717 3812 2771 hinc

2245 2817 2347 2870 iter
2391 2813 2676 2881 abietibus,
2725 2813 2848 2867 inde
2888 2812 3273 2866 monachorum
3323 2808 3550 2863 hortulis
3577 2807 3796 2862 circum-

2245 2909 2419 2963 datur.
2453 2906 2587 2973 Quid
2634 2906 2776 2974 quod
2828 2920 2986 2972 rupes
3030 2903 3120 2958 illa
3165 2901 3460 2971 aSperrima
3492 2908 3680 2954 contra
3713 2913 3811 2950 na-

2249 3006 2419 3051 turam
2446 2995 2544 3048 loci
2579 2995 2752 3048 varios
2785 3002 3018 3047 ostentat
3048 2991 3225 3057 ﬂores,
3267 3003 3320 3044 et
3345 2989 3552 3044 olentes
3595 2988 3813 3058 plurimi

575 3084 722 3136 baut.
769 3081 999 3137 Medium
1044 3090 1189 3135 tenet
1227 3081 1452 3136 ecclesia
1493 3082 1758 3136 horrenda
1799 3088 2062 3134 vetustate
2090 3089 2144 3133 et
2171 3117 2212 3175 C
2246 3087 2457 3160 generis
2480 3085 2672 3139 herbas
2701 3084 2904 3155 gignit?
2933 3082 3038 3138 Sed
3073 3084 3173 3137 hoc.
3215 3082 3355 3159 ll'aud
3381 3077 3814 3148 pmtereundum

581 3171 838 3241 religione
886 3171 1226 3242 dignissima,
1272 3171 1324 3225 in
1382 3185 1484 3242 qua
1536 3171 1678 3225 inter
1725 3180 1969 3234 caeteras,
2020 3184 2140 3238 qua:

579 3261 776 3315 tabulis
809 3262 943 3316 miro
973 3261 1205 3318 artiﬁcio
1243 3263 1627 3326 ostenduntur,
1674 3263 1936 3332 picturas,
1970 3261 2145 3331 Virgi-

577 3354 662 3407 nis
693 3354 871 3408 Maria:
895 3355 1070 3425 imago
1102 3365 1207 3409 tam
1231 3355 1466 3425 egregia,
1506 3364 1612 3408 tam
1647 3354 1871 3425 insignis
1901 3360 2144 3424 apparet,

579 3454 636 3498 ut
679 3444 754 3518 [a]
785 3447 990 3515 pictore
1019 3448 1085 3500 ad
1130 3448 1348 3518 plenum
1383 3447 1678 3518 perfectum
1708 3449 1970 3514 videatur,
2003 3446 2147 3518 quod

578 3535 652 3588 ait
679 3535 840 3589 Poeta
872 3546 1054 3592 noster
1077 3553 1090 3591 :

647 3633 802 3684 Credo
824 3635 1072 3698 equidem,
1096 3637 1227 3685 vivos
1247 3637 1427 3686 ducent
1447 3637 1510 3686 de
1533 3649 1770 3686 marmore
1797 3635 1972 3685 vultus.

585 3717 724 3772 Proh
767 3719 905 3774 bone
930 3719 1055 3774 Jesu
1084 3721 1096 3774 !
1130 3722 1257 3790 quid
1287 3721 1480 3776 Zeuxis
1514 3722 1600 3776 ille
1633 3721 1876 3791 insignis,
1901 3718 2027 3787 quid
2051 3718 2151 3772 Po-

581 3810 840 3880 lycletus?
868 3811 998 3865 Huic
1020 3812 1272 3866 cederent
1295 3813 1564 3881 profecto;
1591 3813 1802 3868 cederet
1831 3820 1883 3865 et
1913 3809 2152 3877 Euphra-

582 3918 771 3968 norus,
801 3913 855 3957 et
879 3905 920 3956 si
947 3905 1066 3972 quis
1097 3905 1233 3960 alter
1259 3904 1420 3960 fuerit
1447 3921 1700 3976 umquam
1723 3905 1949 3976 insignis
1979 3907 2153 3974 pictor

585 4003 638 4047 et
667 3993 905 4061 sculptor
931 3993 1096 4063 (HI).

654 4084 741 4138 57.
785 4085 889 4138 Sed
937 4086 1003 4139 ad
1049 4087 1406 4142 anachoretas
1459 4089 1641 4157 redeo,
1671 4089 1786 4158 qui,
1825 4105 2150 4158 quamquam

586 4177 782 4246 singuli
815 4177 1020 4247 privata
1054 4180 1286 4234 habeant
1314 4181 1522 4242 altaria.
1565 4183 1616 4237 in
1653 4183 1848 4250 quitus
1882 4197 2032 4235 sacra
2076 4182 2154 4234 di-

588 4269 710 4324 vina
739 4268 962 4323 seorsim
994 4278 1048 4322 et
1080 4284 1174 4338 per
1216 4285 1272 4325 se
1301 4272 1551 4342 quisque,
1601 4273 1692 4342 qui
1736 4272 2032 4342 [tinguntur
2073 4286 2154 4324 or-

590 4359 716 4413 dine
773 4361 1120 4425 sacerdotali,
1173 4370 1457 4430 peragunt,
1511 4371 1687 4416 tamen
1742 4363 1808 4416 ad
1866 4360 2154 4416 ecclesiam

2245 3193 2462 3240 censeo,
2495 3177 2636 3246 quod
2676 3192 2778 3228 non
2827 3174 2877 3228 in
2921 3173 3111 3227 itinere
3141 3171 3324 3235 modo,
3351 3169 3442 3223 scd
3473 3183 3538 3221 ex
3589 3181 3721 3235 rupe
3763 3167 3814 3218 in

2244 3289 2346 3343 qua
2375 3272 2824 3326 anachoretarum
2876 3268 3080 3324 cellula:
3127 3276 3451 3321 constructa:
3495 3260 3816 3343 sunt,duut

2249 3342 2492 3418 monachi
2545 3362 2828 3415 inferiores
2861 3359 3095 3428 psalmos
3141 3357 3191 3410 in
3244 3356 3464 3409 ecclesia
3505 3342 3816 3421 personant,

2248 3457 2372 3511 dum
2401 3455 2615 3526 organis
2661 3454 2893 3514 canitur,
2927 3459 3221 3505 concentus
3251 3445 3590 3500 dulcissimos
3625 3451 3680 3496 et
3704 3456 3804 3495 mo

2250 3549 2550 3602 titllnlinltt's‘
2580 3547 2756 3598 varias
2801 3543 2867 3595 ad
2913 3557 2974 3596 ea
3025 3537 3210 3593 intenti
3255 3535 3572 3604 percipiunt.
3631 3532 3820 3586 Talem

2253 3648 2467 3706 tamque
2512 3631 2973 3703 religiosissimum
3010 3637 3288 3696 postquam
3321 3622 3658 3692 supradictus
3689 3623 3818 3674 adu-

2254 3729 2463 3781 lescens
2491 3723 2658 3777 adivit
2705 3721 2898 3781 locmn,
2945 3717 3216 3771 admirans
3253 3714 3302 3767 iu
3332 3713 3450 3766 loco
3487 3711 3734 3764 horroris
3767 3720 3819 3762 et

2254 3829 2416 3872 vasta:
2453 3813 2753 3870 solitudinis
2805 3820 2880 3863 tot
2922 3807 3232 3864 ccclesiolas
3263 3805 3562 3877 tuguriolis,
3613 3820 3705 3858 seu
3741 3822 3798 3858 re

2254 3909 2390 3964 ctius
2433 3906 2604 3958 dicam
2637 3903 2844 3958 cellulis
2883 3902 3127 3971 junclas;
3180 3898 3553 3968 contemplans
3602 3897 3818 3964 insuper

2254 3999 2494 4055 ordinem
2539 3996 2660 4050 vita:
2707 3993 3078 4055 cren‘litarum,
3118 4005 3328 4045 morum
3376 3989 3539 4043 etiam
3587 3988 3794 4058 gravita

2257 4100 2362 4144 tem
2402 4087 2854 4156 asperitatemque
2885 4081 3006 4143 loci,
3055 4081 3272 4150 insuper
3306 4094 3486 4132 rerum
3537 4076 3818 4146 penuriam

2255 4197 2414 4251 quam
2447 4179 2748 4233 voluntario
2792 4175 3064 4243 alacriqnc
3105 4173 3284 4226 animo
3313 4170 3602 4241 perferant,
3637 4169 3818 4235 nequi-

2257 4270 2348 4324 bat
2373 4269 2496 4323 Jcstt
2529 4283 2744 4336 semper
2777 4267 2984 4336 gratias
3028 4278 3192 4334 agens
3220 4261 3444 4329 expleri.
3477 4259 3584 4313 llos
3609 4258 3818 4311 domum

2257 4361 2512 4415 eremitas
2546 4368 2602 4411 ut
2643 4375 2737 4427 pro
2768 4374 2864 4410 sua
2895 4356 3070 4409 salute
3119 4353 3464 4419 omniumque
3495 4349 3819 4414 Christianu-

592 4450 850 4518 majorem
883 4453 1097 4505 statutis
1148 4452 1298 4506 horis
1343 4453 1469 4512 diei.
1523 4462 1792 4522 noctuque
1822 4453 1886 4506 ad
1923 4452 2155 4521 psalmos
2189 4448 2233 4506 υ
2263 4467 2377 4504 rum
2408 4457 2626 4503 orarent
2652 4448 2970 4516 deprecans,
3003 4444 3156 4497 lzetns
3200 4443 3250 4495 in
3300 4439 3522 4494 Domino
3553 4435 3819 4491 descendit

594 4540 961 4596 decantandos
997 4541 1356 4612 legendosque
1410 4542 1755 4596 conveaiunt.
1789 4541 2004 4596 Cellulae
2033 4558 2160 4605 non,

593 4639 652 4684 ut
680 4630 735 4684 in
767 4633 1026 4686 cmiohiis
1067 4649 1416 4696 consuevere,
1462 4635 1674 4704 pariete
1705 4633 1988 4702 interjecto
2029 4649 2162 4688 con—

592 4723 791 4791 juncta:
815 4731 969 4782 sunt;
1013 4723 1107 4777 sed
1148 4722 1376 4790 scjuucti
1427 4738 1522 4792 per
1562 4737 1620 4777 se
1666 4723 1896 4777 humiles
1925 4723 2169 4776 habitant

598 4811 833 4876 c;:sulas,
877 4812 1068 4882 quibus
1118 4813 1343 4883 singulis
1389 4813 1580 4881 singuli
1629 4813 1774 4866 inter
1819 4813 2010 4865 annexi
2043 4819 2167 4866 sunt

601 4904 830 4969 hortuli;
887 4905 1065 4958 cibum
1122 4919 1228 4957 una
1287 4911 1494 4958 tantum
1544 4901 1837 4956 Dominicis
1857 4912 1915 4955 et
1962 4900 2168 4956 festivis

597 4995 784 5028 luahnc
815 4996 1060 5030 noniunlv
1118 4995 1303 5030 .liaI-nc
1354 5008 1481 5032 vom
1527 4991 1647 5032 οΙίἶα
1699 4992 1928 5034 ηηῖςηιιρ
1972 5006 2068 5036 Ἀρι.
2109 5008 2169 5036 ΕΩ

2265 4541 2328 4593 ad
2362 4537 2765 4592 monasterium.

2334 4631 2422 4686 59.
2472 4631 2606 4684 Cum
2637 4629 2800 4699 igitur
2833 4628 2992 4682 anxie
3029 4641 3083 4681 et
3127 4624 3513 4679 cmuohitarum
3549 4621 3732 4681 vitam,
3763 4633 3820 4670 ex

2267 4737 2373 4791 quo
2406 4720 2752 4776 eremitarnm
2786 4726 3128 4788 cognoverat,
3163 4716 3477 4784 inquireret,
3511 4711 3610 4766 sibi
3652 4709 3825 4763 Abhas

2268 4813 2588 4868 Benedictus
2627 4810 2772 4882 (ΗΞ)
2801 4811 2884 4863 vir
2916 4807 3366 4880 religiosissinms,
3411 4803 3499 4874 qui
3532 4817 3593 4856 ea
3627 4810 3824 4867 tempe-

2269 4913 2405 4959 state
2435 4902 2762 4956 monasterio
2791 4909 2846 4954 ct
2873 4898 3059 4954 Ordini
3091 4898 3342 4950 universo
3373 4901 3617 4964 praeerat,
3649 4891 3826 4959 paucis

2273 4997 2508 5036 ωιτη-υἱι-
2561 4992 2735 5036 innuit
2790 4993 2977 5036 enim:
3019 4990 3216 5036 Prima.
3247 4987 3454 5036 ululitn
3500 4983 3828 5036 IEm‘tiliacis
