  <div class='ocr_page' id='page_1' title='image "/cluster/home/n/w/nwhite01/storage/ocr_20150623/146/hvd.32044015471832/430.png"; bbox 0 0 4110 5362; ppageno 0'>
   <div class='ocr_carea' id='block_1_1' title="bbox 271 226 1581 284">
    <p class='ocr_par' dir='ltr' id='par_1_1' title="bbox 271 226 1581 284">
     <span class='ocr_line' id='line_1_1' title="bbox 271 226 1581 284; baseline -0.001 -36"><span class='ocrx_word' id='word_1_1' title='bbox 271 226 377 284; x_wconf 55' lang='grc' dir='ltr'>ω</span> <span class='ocrx_word' id='word_1_2' title='bbox 1556 230 1581 247; x_wconf 75' lang='lat'><strong>.</strong></span> 
     </span>
    </p>
   </div>
   <div class='ocr_carea' id='block_1_2' title="bbox 1780 228 1983 287">
    <p class='ocr_par' dir='ltr' id='par_1_2' title="bbox 1780 228 1983 287">
     <span class='ocr_line' id='line_1_2' title="bbox 1780 228 1983 287; baseline -0.015 -1"><span class='ocrx_word' id='word_1_3' title='bbox 1780 228 1983 287; x_wconf 72' lang='lat' dir='ltr'><strong>ACTA.</strong></span> 
     </span>
    </p>
   </div>
   <div class='ocr_carea' id='block_1_3' title="bbox 3421 231 3531 291">
    <p class='ocr_par' dir='ltr' id='par_1_3' title="bbox 3421 231 3531 291">
     <span class='ocr_line' id='line_1_3' title="bbox 3421 231 3531 291; baseline 0.018 -2"><span class='ocrx_word' id='word_1_4' title='bbox 3421 231 3531 291; x_wconf 65' lang='lat'><strong>83.</strong></span> 
     </span>
    </p>
   </div>
   <div class='ocr_carea' id='block_1_4' title="bbox 273 339 3527 413">
    <p class='ocr_par' dir='ltr' id='par_1_4' title="bbox 273 339 3527 413">
     <span class='ocr_line' id='line_1_4' title="bbox 273 339 3527 413; baseline 0.002 -17"><span class='ocrx_word' id='word_1_5' title='bbox 273 346 404 407; x_wconf 79' lang='lat' dir='ltr'><strong>rias,</strong></span> <span class='ocrx_word' id='word_1_6' title='bbox 425 341 500 398; x_wconf 85' lang='lat' dir='ltr'><strong>ita</strong></span> <span class='ocrx_word' id='word_1_7' title='bbox 537 350 594 398; x_wconf 89' lang='lat' dir='ltr'><strong>ut</strong></span> <span class='ocrx_word' id='word_1_8' title='bbox 623 357 812 396; x_wconf 88' lang='lat' dir='ltr'><strong>novem</strong></span> <span class='ocrx_word' id='word_1_9' title='bbox 859 340 1167 396; x_wconf 82' lang='lat' dir='ltr'><strong>hominibus</strong></span> <span class='ocrx_word' id='word_1_10' title='bbox 1192 356 1331 398; x_wconf 89' lang='lat' dir='ltr'><strong>unus</strong></span> <span class='ocrx_word' id='word_1_11' title='bbox 1376 342 1614 397; x_wconf 65' lang='lat' dir='ltr'><strong>occinnts</strong></span> <span class='ocrx_word' id='word_1_12' title='bbox 1644 343 1845 413; x_wconf 67' lang='lat' dir='ltr'><strong>praesit,</strong></span> <span class='ocrx_word' id='word_1_13' title='bbox 1877 350 1923 403; x_wconf 72' lang='grc' dir='ltr'>Α</span> <span class='ocrx_word' id='word_1_14' title='bbox 1954 353 2036 396; x_wconf 88' lang='lat' dir='ltr'><strong>ter</strong></span> <span class='ocrx_word' id='word_1_15' title='bbox 2063 339 2165 394; x_wconf 81' lang='lat' dir='ltr'><strong>alia</strong></span> <span class='ocrx_word' id='word_1_16' title='bbox 2217 356 2336 411; x_wconf 71' lang='lat' dir='ltr'><strong>quae</strong></span> <span class='ocrx_word' id='word_1_17' title='bbox 2360 340 2562 411; x_wconf 85' lang='lat' dir='ltr'><strong>stnpori</strong></span> <span class='ocrx_word' id='word_1_18' title='bbox 2599 348 2654 396; x_wconf 90' lang='lat' dir='ltr'><strong>et</strong></span> <span class='ocrx_word' id='word_1_19' title='bbox 2683 340 3027 401; x_wconf 88' lang='lat' dir='ltr'><strong>admirationi</strong></span> <span class='ocrx_word' id='word_1_20' title='bbox 3059 352 3264 411; x_wconf 84' lang='lat' dir='ltr'><strong>essent,</strong></span> <span class='ocrx_word' id='word_1_21' title='bbox 3292 344 3396 401; x_wconf 77' lang='lat' dir='ltr'><strong>hoc</strong></span> <span class='ocrx_word' id='word_1_22' title='bbox 3428 345 3527 402; x_wconf 80' lang='lat' dir='ltr'><strong>mi-</strong></span> 
     </span>
    </p>
   </div>
   <div class='ocr_carea' id='block_1_5' title="bbox 271 431 1849 502">
    <p class='ocr_par' dir='ltr' id='par_1_5' title="bbox 271 431 1849 502">
     <span class='ocr_line' id='line_1_5' title="bbox 271 431 1849 502; baseline -0.002 -13"><span class='ocrx_word' id='word_1_23' title='bbox 271 444 328 489; x_wconf 87' lang='lat' dir='ltr'><strong>et</strong></span> <span class='ocrx_word' id='word_1_24' title='bbox 352 446 541 488; x_wconf 84' lang='lat' dir='ltr'><strong>rursus</strong></span> <span class='ocrx_word' id='word_1_25' title='bbox 570 431 756 487; x_wconf 88' lang='lat' dir='ltr'><strong>decem</strong></span> <span class='ocrx_word' id='word_1_26' title='bbox 798 431 1113 502; x_wconf 65' lang='lat' dir='ltr'><strong>praepositos</strong></span> <span class='ocrx_word' id='word_1_27' title='bbox 1137 431 1239 487; x_wconf 85' lang='lat' dir='ltr'><strong>sub</strong></span> <span class='ocrx_word' id='word_1_28' title='bbox 1282 447 1341 487; x_wconf 87' lang='lat' dir='ltr'><strong>se</strong></span> <span class='ocrx_word' id='word_1_29' title='bbox 1385 434 1711 487; x_wconf 81' lang='lat' dir='ltr'><strong>centesimus</strong></span> <span class='ocrx_word' id='word_1_30' title='bbox 1753 435 1849 488; x_wconf 84' lang='lat' dir='ltr'><strong>ha-</strong></span> 
     </span>
    </p>
   </div>
   <div class='ocr_carea' id='block_1_6' title="bbox 274 521 1852 593">
    <p class='ocr_par' dir='ltr' id='par_1_6' title="bbox 274 521 1852 593">
     <span class='ocr_line' id='line_1_6' title="bbox 274 521 1852 593; baseline 0.001 -17"><span class='ocrx_word' id='word_1_31' title='bbox 274 524 419 577; x_wconf 90' lang='lat' dir='ltr'><strong>beat.</strong></span> <span class='ocrx_word' id='word_1_32' title='bbox 453 521 633 591; x_wconf 86' lang='lat' dir='ltr'><strong>Usque</strong></span> <span class='ocrx_word' id='word_1_33' title='bbox 658 521 724 576; x_wconf 87' lang='lat' dir='ltr'><strong>ad</strong></span> <span class='ocrx_word' id='word_1_34' title='bbox 748 521 935 576; x_wconf 88' lang='lat' dir='ltr'><strong>horam</strong></span> <span class='ocrx_word' id='word_1_35' title='bbox 962 537 1181 587; x_wconf 91' lang='lat' dir='ltr'><strong>nonam,</strong></span> <span class='ocrx_word' id='word_1_36' title='bbox 1212 530 1271 576; x_wconf 92' lang='lat' dir='ltr'><strong>ut</strong></span> <span class='ocrx_word' id='word_1_37' title='bbox 1300 521 1358 576; x_wconf 94' lang='lat' dir='ltr'><strong>S.</strong></span> <span class='ocrx_word' id='word_1_38' title='bbox 1391 521 1669 578; x_wconf 84' lang='lat' dir='ltr'><strong>Benedicti</strong></span> <span class='ocrx_word' id='word_1_39' title='bbox 1715 538 1852 593; x_wconf 72' lang='lat' dir='ltr'><strong>pra:-</strong></span> 
     </span>
    </p>
   </div>
   <div class='ocr_carea' id='block_1_7' title="bbox 274 612 1852 684">
    <p class='ocr_par' dir='ltr' id='par_1_7' title="bbox 274 612 1852 684">
     <span class='ocr_line' id='line_1_7' title="bbox 274 612 1852 684; baseline -0.001 -14"><span class='ocrx_word' id='word_1_40' title='bbox 274 614 405 683; x_wconf 89' lang='lat' dir='ltr'><strong>cipit</strong></span> <span class='ocrx_word' id='word_1_41' title='bbox 434 613 762 677; x_wconf 88' lang='lat' dir='ltr'><strong>institutum,</strong></span> <span class='ocrx_word' id='word_1_42' title='bbox 809 622 892 669; x_wconf 91' lang='lat' dir='ltr'><strong>est</strong></span> <span class='ocrx_word' id='word_1_43' title='bbox 946 612 1242 683; x_wconf 82' lang='lat' dir='ltr'><strong>jejunium;</strong></span> <span class='ocrx_word' id='word_1_44' title='bbox 1282 624 1337 668; x_wconf 90' lang='lat' dir='ltr'><strong>et</strong></span> <span class='ocrx_word' id='word_1_45' title='bbox 1370 612 1635 684; x_wconf 79' lang='lat' dir='ltr'><strong>jejunium</strong></span> <span class='ocrx_word' id='word_1_46' title='bbox 1688 615 1852 669; x_wconf 89' lang='lat' dir='ltr'><strong>totius</strong></span> 
     </span>
    </p>
   </div>
   <div class='ocr_carea' id='block_1_8' title="bbox 274 702 1850 775">
    <p class='ocr_par' dir='ltr' id='par_1_8' title="bbox 274 702 1850 775">
     <span class='ocr_line' id='line_1_8' title="bbox 274 702 1850 775; baseline 0 -17"><span class='ocrx_word' id='word_1_47' title='bbox 274 705 403 761; x_wconf 77' lang='lat' dir='ltr'><strong>anni</strong></span> <span class='ocrx_word' id='word_1_48' title='bbox 445 704 775 775; x_wconf 70' lang='lat' dir='ltr'><strong>aequale&#39;est</strong></span> <span class='ocrx_word' id='word_1_49' title='bbox 826 713 1185 774; x_wconf 58' lang='lat' dir='ltr'><strong>praeterquam</strong></span> <span class='ocrx_word' id='word_1_50' title='bbox 1223 704 1276 758; x_wconf 91' lang='lat' dir='ltr'><strong>in</strong></span> <span class='ocrx_word' id='word_1_51' title='bbox 1305 702 1747 774; x_wconf 86' lang='lat' dir='ltr'><strong>Quadragesima,</strong></span> <span class='ocrx_word' id='word_1_52' title='bbox 1781 704 1850 759; x_wconf 92' lang='lat' dir='ltr'><strong>.in</strong></span> 
     </span>
    </p>
   </div>
   <div class='ocr_carea' id='block_1_9' title="bbox 274 793 1852 866">
    <p class='ocr_par' dir='ltr' id='par_1_9' title="bbox 274 793 1852 866">
     <span class='ocr_line' id='line_1_9' title="bbox 274 793 1852 866; baseline 0 -16"><span class='ocrx_word' id='word_1_53' title='bbox 274 814 379 866; x_wconf 88' lang='lat' dir='ltr'><strong>qua</strong></span> <span class='ocrx_word' id='word_1_54' title='bbox 402 796 513 852; x_wconf 88' lang='lat' dir='ltr'><strong>sola</strong></span> <span class='ocrx_word' id='word_1_55' title='bbox 536 793 851 853; x_wconf 85' lang='lat' dir='ltr'><strong>conceditur</strong></span> <span class='ocrx_word' id='word_1_56' title='bbox 874 794 1114 849; x_wconf 70' lang='lat' dir='ltr'><strong>strictius</strong></span> <span class='ocrx_word' id='word_1_57' title='bbox 1138 794 1348 860; x_wconf 83' lang='lat' dir='ltr'><strong>vivere;</strong></span> <span class='ocrx_word' id='word_1_58' title='bbox 1377 804 1431 848; x_wconf 91' lang='lat' dir='ltr'><strong>et</strong></span> <span class='ocrx_word' id='word_1_59' title='bbox 1453 794 1668 849; x_wconf 77' lang='lat' dir='ltr'><strong>interim</strong></span> <span class='ocrx_word' id='word_1_60' title='bbox 1696 810 1852 850; x_wconf 85' lang='lat' dir='ltr'><strong>nemo</strong></span> 
     </span>
    </p>
   </div>
   <div class='ocr_carea' id='block_1_10' title="bbox 277 886 1853 961">
    <p class='ocr_par' dir='ltr' id='par_1_10' title="bbox 277 886 1853 961">
     <span class='ocr_line' id='line_1_10' title="bbox 277 886 1853 961; baseline -0.002 -15"><span class='ocrx_word' id='word_1_61' title='bbox 277 892 452 961; x_wconf 89' lang='lat' dir='ltr'><strong>pergit</strong></span> <span class='ocrx_word' id='word_1_62' title='bbox 480 889 544 943; x_wconf 88' lang='lat' dir='ltr'><strong>ad</strong></span> <span class='ocrx_word' id='word_1_63' title='bbox 576 888 760 950; x_wconf 91' lang='lat' dir='ltr'><strong>alium,</strong></span> <span class='ocrx_word' id='word_1_64' title='bbox 796 886 900 941; x_wconf 89' lang='lat' dir='ltr'><strong>nisi</strong></span> <span class='ocrx_word' id='word_1_65' title='bbox 937 902 1146 942; x_wconf 88' lang='lat' dir='ltr'><strong>summa</strong></span> <span class='ocrx_word' id='word_1_66' title='bbox 1194 896 1351 957; x_wconf 79' lang='lat' dir='ltr'><strong>cogat</strong></span> <span class='ocrx_word' id='word_1_67' title='bbox 1403 888 1721 951; x_wconf 57' lang='lat' dir='ltr'><strong>necessitas,</strong></span> <span class='ocrx_word' id='word_1_68' title='bbox 1769 888 1853 943; x_wconf 87' lang='lat' dir='ltr'><strong>bis</strong></span> 
     </span>
    </p>
   </div>
   <div class='ocr_carea' id='block_1_11' title="bbox 276 975 1851 1051">
    <p class='ocr_par' dir='ltr' id='par_1_11' title="bbox 276 975 1851 1051">
     <span class='ocr_line' id='line_1_11' title="bbox 276 975 1851 1051; baseline -0.003 -15"><span class='ocrx_word' id='word_1_69' title='bbox 276 980 519 1051; x_wconf 66' lang='lat' dir='ltr'><strong>exceptis</strong></span> <span class='ocrx_word' id='word_1_70' title='bbox 562 980 653 1051; x_wconf 88' lang='lat' dir='ltr'><strong>qui</strong></span> <span class='ocrx_word' id='word_1_71' title='bbox 681 979 869 1035; x_wconf 86' lang='lat' dir='ltr'><strong>decani</strong></span> <span class='ocrx_word' id='word_1_72' title='bbox 916 975 998 1033; x_wconf 83' lang='lat' dir='ltr'><strong>vel</strong></span> <span class='ocrx_word' id='word_1_73' title='bbox 1031 975 1249 1034; x_wconf 87' lang='lat' dir='ltr'><strong>Priores</strong></span> <span class='ocrx_word' id='word_1_74' title='bbox 1273 979 1543 1034; x_wconf 87' lang='lat' dir='ltr'><strong>dicuntur.</strong></span> <span class='ocrx_word' id='word_1_75' title='bbox 1597 978 1722 1032; x_wconf 84' lang='lat' dir='ltr'><strong>Post</strong></span> <span class='ocrx_word' id='word_1_76' title='bbox 1752 995 1851 1032; x_wconf 89' lang='lat' dir='ltr'><strong>no-</strong></span> 
     </span>
    </p>
   </div>
   <div class='ocr_carea' id='block_1_12' title="bbox 277 1070 1854 1127">
    <p class='ocr_par' dir='ltr' id='par_1_12' title="bbox 277 1070 1854 1127">
     <span class='ocr_line' id='line_1_12' title="bbox 277 1070 1854 1127; baseline -0.001 -1"><span class='ocrx_word' id='word_1_77' title='bbox 277 1088 402 1126; x_wconf 88' lang='lat' dir='ltr'><strong>uam</strong></span> <span class='ocrx_word' id='word_1_78' title='bbox 437 1074 488 1125; x_wconf 89' lang='lat' dir='ltr'><strong>in</strong></span> <span class='ocrx_word' id='word_1_79' title='bbox 516 1070 896 1127; x_wconf 87' lang='lat' dir='ltr'><strong>communione</strong></span> <span class='ocrx_word' id='word_1_80' title='bbox 929 1072 1256 1126; x_wconf 80' lang='lat' dir='ltr'><strong>conveniunt</strong></span> <span class='ocrx_word' id='word_1_81' title='bbox 1304 1080 1360 1126; x_wconf 89' lang='lat' dir='ltr'><strong>et</strong></span> <span class='ocrx_word' id='word_1_82' title='bbox 1390 1071 1553 1127; x_wconf 90' lang='lat' dir='ltr'><strong>missa</strong></span> <span class='ocrx_word' id='word_1_83' title='bbox 1583 1088 1614 1125; x_wconf 81' lang='grc' dir='ltr'><strong>ιι</strong></span> <span class='ocrx_word' id='word_1_84' title='bbox 1645 1074 1854 1126; x_wconf 80' lang='lat' dir='ltr'><strong>decano</strong></span> 
     </span>
    </p>
   </div>
   <div class='ocr_carea' id='block_1_13' title="bbox 276 1161 1855 1234">
    <p class='ocr_par' dir='ltr' id='par_1_13' title="bbox 276 1161 1855 1234">
     <span class='ocr_line' id='line_1_13' title="bbox 276 1161 1855 1234; baseline -0.001 -15"><span class='ocrx_word' id='word_1_85' title='bbox 276 1180 372 1219; x_wconf 89' lang='lat' dir='ltr'><strong>seu</strong></span> <span class='ocrx_word' id='word_1_86' title='bbox 395 1163 465 1218; x_wconf 79' lang='lat' dir='ltr'><strong>ab</strong></span> <span class='ocrx_word' id='word_1_87' title='bbox 489 1162 696 1217; x_wconf 81' lang='lat' dir='ltr'><strong>Abbate</strong></span> <span class='ocrx_word' id='word_1_88' title='bbox 725 1161 1121 1227; x_wconf 82' lang='lat' dir='ltr'><strong>benedictione,</strong></span> <span class='ocrx_word' id='word_1_89' title='bbox 1151 1162 1312 1216; x_wconf 86' lang='lat' dir='ltr'><strong>aliam</strong></span> <span class='ocrx_word' id='word_1_90' title='bbox 1343 1161 1433 1216; x_wconf 80' lang='lat' dir='ltr'><strong>alii</strong></span> <span class='ocrx_word' id='word_1_91' title='bbox 1469 1164 1855 1234; x_wconf 82' lang='lat' dir='ltr'><strong>aggrediuntur</strong></span> 
     </span>
    </p>
   </div>
   <div class='ocr_carea' id='block_1_14' title="bbox 275 1252 1850 1321">
    <p class='ocr_par' dir='ltr' id='par_1_14' title="bbox 275 1252 1850 1321">
     <span class='ocr_line' id='line_1_14' title="bbox 275 1252 1850 1321; baseline -0.001 -12"><span class='ocrx_word' id='word_1_92' title='bbox 275 1256 442 1309; x_wconf 84' lang='lat' dir='ltr'><strong>viam.</strong></span> <span class='ocrx_word' id='word_1_93' title='bbox 469 1253 667 1308; x_wconf 85' lang='lat' dir='ltr'><strong>Psalmi</strong></span> <span class='ocrx_word' id='word_1_94' title='bbox 697 1253 788 1307; x_wconf 91' lang='lat' dir='ltr'><strong>illo</strong></span> <span class='ocrx_word' id='word_1_95' title='bbox 820 1252 962 1307; x_wconf 89' lang='lat' dir='ltr'><strong>illico</strong></span> <span class='ocrx_word' id='word_1_96' title='bbox 986 1262 1263 1318; x_wconf 77' lang='lat' dir='ltr'><strong>resonant,</strong></span> <span class='ocrx_word' id='word_1_97' title='bbox 1292 1252 1417 1306; x_wconf 82' lang='lat' dir='ltr'><strong>alibi</strong></span> <span class='ocrx_word' id='word_1_98' title='bbox 1462 1252 1755 1321; x_wconf 69' lang='lat' dir='ltr'><strong>Scriptura:</strong></span> <span class='ocrx_word' id='word_1_99' title='bbox 1786 1268 1850 1308; x_wconf 85' lang='lat' dir='ltr'><strong>ex</strong></span> 
     </span>
    </p>
   </div>
   <div class='ocr_carea' id='block_1_15' title="bbox 278 1343 1851 1414">
    <p class='ocr_par' dir='ltr' id='par_1_15' title="bbox 278 1343 1851 1414">
     <span class='ocr_line' id='line_1_15' title="bbox 278 1343 1851 1414; baseline 0.001 -16"><span class='ocrx_word' id='word_1_100' title='bbox 278 1360 430 1400; x_wconf 86' lang='lat' dir='ltr'><strong>more</strong></span> <span class='ocrx_word' id='word_1_101' title='bbox 456 1345 770 1410; x_wconf 79' lang='lat' dir='ltr'><strong>recitantur,</strong></span> <span class='ocrx_word' id='word_1_102' title='bbox 808 1343 1091 1399; x_wconf 87' lang='lat' dir='ltr'><strong>discuntur</strong></span> <span class='ocrx_word' id='word_1_103' title='bbox 1117 1360 1237 1414; x_wconf 76' lang='lat' dir='ltr'><strong>qua:</strong></span> <span class='ocrx_word' id='word_1_104' title='bbox 1290 1344 1344 1398; x_wconf 92' lang='lat' dir='ltr'><strong>in</strong></span> <span class='ocrx_word' id='word_1_105' title='bbox 1386 1344 1613 1400; x_wconf 81' lang='lat' dir='ltr'><strong>ecclesia</strong></span> <span class='ocrx_word' id='word_1_106' title='bbox 1638 1352 1694 1399; x_wconf 90' lang='lat' dir='ltr'><strong>et</strong></span> <span class='ocrx_word' id='word_1_107' title='bbox 1724 1345 1851 1399; x_wconf 85' lang='lat' dir='ltr'><strong>alibi</strong></span> 
     </span>
    </p>
   </div>
   <div class='ocr_carea' id='block_1_16' title="bbox 277 1433 1852 1491">
    <p class='ocr_par' dir='ltr' id='par_1_16' title="bbox 277 1433 1852 1491">
     <span class='ocr_line' id='line_1_16' title="bbox 277 1433 1852 1491; baseline 0.003 -4"><span class='ocrx_word' id='word_1_108' title='bbox 277 1433 502 1489; x_wconf 89' lang='lat' dir='ltr'><strong>dicenda</strong></span> <span class='ocrx_word' id='word_1_109' title='bbox 527 1441 583 1489; x_wconf 89' lang='lat' dir='ltr'><strong>et</strong></span> <span class='ocrx_word' id='word_1_110' title='bbox 610 1434 888 1489; x_wconf 77' lang='lat' dir='ltr'><strong>tractanda</strong></span> <span class='ocrx_word' id='word_1_111' title='bbox 916 1443 1043 1489; x_wconf 89' lang='lat' dir='ltr'><strong>sunt</strong></span> <span class='ocrx_word' id='word_1_112' title='bbox 1069 1442 1129 1488; x_wconf 91' lang='lat' dir='ltr'><strong>ut</strong></span> <span class='ocrx_word' id='word_1_113' title='bbox 1182 1433 1520 1490; x_wconf 67' lang='lat' dir='ltr'><strong>aedificentur</strong></span> <span class='ocrx_word' id='word_1_114' title='bbox 1546 1435 1852 1491; x_wconf 80' lang='lat' dir='ltr'><strong>audientes.</strong></span> 
     </span>
    </p>
   </div>
   <div class='ocr_carea' id='block_1_17' title="bbox 280 1522 1852 1594">
    <p class='ocr_par' dir='ltr' id='par_1_17' title="bbox 280 1522 1852 1594">
     <span class='ocr_line' id='line_1_17' title="bbox 280 1522 1852 1594; baseline 0.001 -17"><span class='ocrx_word' id='word_1_115' title='bbox 280 1522 688 1593; x_wconf 81' lang='lat' dir='ltr'><strong>Nonnumquam</strong></span> <span class='ocrx_word' id='word_1_116' title='bbox 728 1523 798 1578; x_wconf 91' lang='lat' dir='ltr'><strong>ab</strong></span> <span class='ocrx_word' id='word_1_117' title='bbox 826 1524 1042 1589; x_wconf 86' lang='lat' dir='ltr'><strong>abbate,</strong></span> <span class='ocrx_word' id='word_1_118' title='bbox 1082 1523 1164 1579; x_wconf 90' lang='lat' dir='ltr'><strong>vel</strong></span> <span class='ocrx_word' id='word_1_119' title='bbox 1192 1524 1276 1579; x_wconf 91' lang='lat' dir='ltr'><strong>cui</strong></span> <span class='ocrx_word' id='word_1_120' title='bbox 1311 1523 1472 1579; x_wconf 89' lang='lat' dir='ltr'><strong>fuerit</strong></span> <span class='ocrx_word' id='word_1_121' title='bbox 1509 1525 1852 1594; x_wconf 89' lang='lat' dir='ltr'><strong>imperatum,</strong></span> 
     </span>
    </p>
   </div>
   <div class='ocr_carea' id='block_1_18' title="bbox 278 1614 1853 1685">
    <p class='ocr_par' dir='ltr' id='par_1_18' title="bbox 278 1614 1853 1685">
     <span class='ocr_line' id='line_1_18' title="bbox 278 1614 1853 1685; baseline 0 -16"><span class='ocrx_word' id='word_1_122' title='bbox 278 1615 569 1684; x_wconf 84' lang='lat' dir='ltr'><strong>disputatio</strong></span> <span class='ocrx_word' id='word_1_123' title='bbox 595 1615 660 1670; x_wconf 88' lang='lat' dir='ltr'><strong>de</strong></span> <span class='ocrx_word' id='word_1_124' title='bbox 690 1614 987 1684; x_wconf 88' lang='lat' dir='ltr'><strong>Scripturis</strong></span> <span class='ocrx_word' id='word_1_125' title='bbox 1022 1615 1216 1680; x_wconf 89' lang='lat' dir='ltr'><strong>oritur,</strong></span> <span class='ocrx_word' id='word_1_126' title='bbox 1250 1615 1302 1670; x_wconf 90' lang='lat' dir='ltr'><strong>in</strong></span> <span class='ocrx_word' id='word_1_127' title='bbox 1330 1632 1436 1685; x_wconf 87' lang='lat' dir='ltr'><strong>qua</strong></span> <span class='ocrx_word' id='word_1_128' title='bbox 1469 1615 1739 1671; x_wconf 89' lang='lat' dir='ltr'><strong>silentium</strong></span> <span class='ocrx_word' id='word_1_129' title='bbox 1773 1617 1853 1683; x_wconf 89' lang='lat' dir='ltr'><strong>tit,</strong></span> 
     </span>
    </p>
   </div>
   <div class='ocr_carea' id='block_1_19' title="bbox 1957 430 3531 503">
    <p class='ocr_par' dir='ltr' id='par_1_19' title="bbox 1957 430 3531 503">
     <span class='ocr_line' id='line_1_19' title="bbox 1957 430 3531 503; baseline 0.004 -18"><span class='ocrx_word' id='word_1_130' title='bbox 1957 448 2074 485; x_wconf 90' lang='lat' dir='ltr'><strong>rum</strong></span> <span class='ocrx_word' id='word_1_131' title='bbox 2096 430 2415 487; x_wconf 71' lang='lat' dir='ltr'><strong>ostendebat</strong></span> <span class='ocrx_word' id='word_1_132' title='bbox 2469 433 2687 502; x_wconf 67' lang='lat' dir='ltr'><strong>saepius,</strong></span> <span class='ocrx_word' id='word_1_133' title='bbox 2717 433 2857 503; x_wconf 90' lang='lat' dir='ltr'><strong>quod</strong></span> <span class='ocrx_word' id='word_1_134' title='bbox 2889 448 2983 503; x_wconf 87' lang='lat' dir='ltr'><strong>per</strong></span> <span class='ocrx_word' id='word_1_135' title='bbox 3030 449 3091 489; x_wconf 88' lang='lat' dir='ltr'><strong>os</strong></span> <span class='ocrx_word' id='word_1_136' title='bbox 3117 432 3234 502; x_wconf 84' lang='lat' dir='ltr'><strong>ejus</strong></span> <span class='ocrx_word' id='word_1_137' title='bbox 3257 436 3531 491; x_wconf 74' lang='lat' dir='ltr'><strong>diemoues</strong></span> 
     </span>
    </p>
   </div>
   <div class='ocr_carea' id='block_1_20' title="bbox 1953 522 3527 592">
    <p class='ocr_par' dir='ltr' id='par_1_20' title="bbox 1953 522 3527 592">
     <span class='ocr_line' id='line_1_20' title="bbox 1953 522 3527 592; baseline 0.003 -19"><span class='ocrx_word' id='word_1_138' title='bbox 1953 522 2135 592; x_wconf 85' lang='lat' dir='ltr'><strong>plures</strong></span> <span class='ocrx_word' id='word_1_139' title='bbox 2179 522 2488 578; x_wconf 83' lang='lat' dir='ltr'><strong>emitterent</strong></span> <span class='ocrx_word' id='word_1_140' title='bbox 2543 539 2726 588; x_wconf 82' lang='lat' dir='ltr'><strong>voces,</strong></span> <span class='ocrx_word' id='word_1_141' title='bbox 2781 524 2856 579; x_wconf 86' lang='lat' dir='ltr'><strong>ita</strong></span> <span class='ocrx_word' id='word_1_142' title='bbox 2890 533 2947 579; x_wconf 93' lang='lat' dir='ltr'><strong>ut</strong></span> <span class='ocrx_word' id='word_1_143' title='bbox 2989 525 3166 592; x_wconf 85' lang='lat' dir='ltr'><strong>quivis</strong></span> <span class='ocrx_word' id='word_1_144' title='bbox 3186 524 3527 591; x_wconf 78' lang='lat' dir='ltr'><strong>affirmasset,</strong></span> 
     </span>
    </p>
   </div>
   <div class='ocr_carea' id='block_1_21' title="bbox 1955 615 3532 684">
    <p class='ocr_par' dir='ltr' id='par_1_21' title="bbox 1955 615 3532 684">
     <span class='ocr_line' id='line_1_21' title="bbox 1955 615 3532 684; baseline 0.003 -17"><span class='ocrx_word' id='word_1_145' title='bbox 1955 630 2059 668; x_wconf 89' lang='lat' dir='ltr'><strong>non</strong></span> <span class='ocrx_word' id='word_1_146' title='bbox 2090 615 2161 669; x_wconf 83' lang='lat' dir='ltr'><strong>ab</strong></span> <span class='ocrx_word' id='word_1_147' title='bbox 2189 631 2298 669; x_wconf 92' lang='lat' dir='ltr'><strong>uno</strong></span> <span class='ocrx_word' id='word_1_148' title='bbox 2323 615 2520 680; x_wconf 85' lang='lat' dir='ltr'><strong>solum,</strong></span> <span class='ocrx_word' id='word_1_149' title='bbox 2552 617 2644 671; x_wconf 87' lang='lat' dir='ltr'><strong>sed</strong></span> <span class='ocrx_word' id='word_1_150' title='bbox 2666 635 2695 670; x_wconf 73' lang='grc' dir='ltr'><strong>ιι</strong></span> <span class='ocrx_word' id='word_1_151' title='bbox 2720 616 2964 684; x_wconf 80' lang='lat' dir='ltr'><strong>pluribus</strong></span> <span class='ocrx_word' id='word_1_152' title='bbox 2988 627 3042 670; x_wconf 83' lang='lat' dir='ltr'><strong>et</strong></span> <span class='ocrx_word' id='word_1_153' title='bbox 3072 619 3238 674; x_wconf 85' lang='lat' dir='ltr'><strong>variis</strong></span> <span class='ocrx_word' id='word_1_154' title='bbox 3272 619 3532 674; x_wconf 57' lang='lat' dir='ltr'><strong>damoni-</strong></span> 
     </span>
    </p>
   </div>
   <div class='ocr_carea' id='block_1_22' title="bbox 1953 705 3532 779">
    <p class='ocr_par' dir='ltr' id='par_1_22' title="bbox 1953 705 3532 779">
     <span class='ocr_line' id='line_1_22' title="bbox 1953 705 3532 779; baseline 0.003 -19"><span class='ocrx_word' id='word_1_155' title='bbox 1953 705 2052 760; x_wconf 84' lang='lat' dir='ltr'><strong>bus</strong></span> <span class='ocrx_word' id='word_1_156' title='bbox 2094 706 2267 775; x_wconf 88' lang='lat' dir='ltr'><strong>ipsmn</strong></span> <span class='ocrx_word' id='word_1_157' title='bbox 2330 708 2613 762; x_wconf 86' lang='lat' dir='ltr'><strong>tormentis</strong></span> <span class='ocrx_word' id='word_1_158' title='bbox 2633 707 2788 763; x_wconf 72' lang='lat' dir='ltr'><strong>allici.</strong></span> <span class='ocrx_word' id='word_1_159' title='bbox 2817 706 3008 777; x_wconf 74' lang='lat' dir='ltr'><strong>Opera:</strong></span> <span class='ocrx_word' id='word_1_160' title='bbox 3043 709 3272 779; x_wconf 84' lang='lat' dir='ltr'><strong>pretium</strong></span> <span class='ocrx_word' id='word_1_161' title='bbox 3294 718 3437 776; x_wconf 86' lang='lat' dir='ltr'><strong>erat,</strong></span> <span class='ocrx_word' id='word_1_162' title='bbox 3464 717 3532 764; x_wconf 79' lang='lat' dir='ltr'><strong>ut</strong></span> 
     </span>
    </p>
   </div>
   <div class='ocr_carea' id='block_1_23' title="bbox 1954 798 3530 868">
    <p class='ocr_par' dir='ltr' id='par_1_23' title="bbox 1954 798 3530 868">
     <span class='ocr_line' id='line_1_23' title="bbox 1954 798 3530 868; baseline 0.001 -15"><span class='ocrx_word' id='word_1_163' title='bbox 1954 798 2111 853; x_wconf 89' lang='lat' dir='ltr'><strong>nobis</strong></span> <span class='ocrx_word' id='word_1_164' title='bbox 2132 814 2160 851; x_wconf 89' lang='lat' dir='ltr'><strong>a</strong></span> <span class='ocrx_word' id='word_1_165' title='bbox 2186 799 2288 853; x_wconf 82' lang='lat' dir='ltr'><strong>fide</strong></span> <span class='ocrx_word' id='word_1_166' title='bbox 2312 799 2488 868; x_wconf 84' lang='lat' dir='ltr'><strong>dignis</strong></span> <span class='ocrx_word' id='word_1_167' title='bbox 2519 799 2740 854; x_wconf 78' lang='lat' dir='ltr'><strong>relatum</strong></span> <span class='ocrx_word' id='word_1_168' title='bbox 2765 813 2841 856; x_wconf 87' lang='lat' dir='ltr'><strong>est</strong></span> <span class='ocrx_word' id='word_1_169' title='bbox 2856 841 2872 867; x_wconf 93' lang='lat'><strong>,</strong></span> <span class='ocrx_word' id='word_1_170' title='bbox 2894 812 2949 857; x_wconf 91' lang='lat' dir='ltr'><strong>et</strong></span> <span class='ocrx_word' id='word_1_171' title='bbox 2968 813 3123 858; x_wconf 89' lang='lat' dir='ltr'><strong>actus</strong></span> <span class='ocrx_word' id='word_1_172' title='bbox 3141 817 3269 857; x_wconf 90' lang='lat' dir='ltr'><strong>suos</strong></span> <span class='ocrx_word' id='word_1_173' title='bbox 3292 810 3349 857; x_wconf 92' lang='lat' dir='ltr'><strong>et</strong></span> <span class='ocrx_word' id='word_1_174' title='bbox 3368 801 3530 855; x_wconf 80' lang='lat' dir='ltr'><strong>verba</strong></span> 
     </span>
    </p>
   </div>
   <div class='ocr_carea' id='block_1_24' title="bbox 1953 890 3531 964">
    <p class='ocr_par' dir='ltr' id='par_1_24' title="bbox 1953 890 3531 964">
     <span class='ocr_line' id='line_1_24' title="bbox 1953 890 3531 964; baseline 0.003 -22"><span class='ocrx_word' id='word_1_175' title='bbox 1953 890 2248 942; x_wconf 80' lang='lat' dir='ltr'><strong>observare</strong></span> <span class='ocrx_word' id='word_1_176' title='bbox 2306 890 2638 959; x_wconf 83' lang='lat' dir='ltr'><strong>diligenter:</strong></span> <span class='ocrx_word' id='word_1_177' title='bbox 2680 890 2812 946; x_wconf 86' lang='lat' dir='ltr'><strong>Nam</strong></span> <span class='ocrx_word' id='word_1_178' title='bbox 2879 894 3040 947; x_wconf 91' lang='lat' dir='ltr'><strong>modo</strong></span> <span class='ocrx_word' id='word_1_179' title='bbox 3100 894 3306 964; x_wconf 87' lang='lat' dir='ltr'><strong>gravia,</strong></span> <span class='ocrx_word' id='word_1_180' title='bbox 3368 894 3531 947; x_wconf 84' lang='lat' dir='ltr'><strong>stulta</strong></span> 
     </span>
    </p>
   </div>
   <div class='ocr_carea' id='block_1_25' title="bbox 1952 979 3619 1050">
    <p class='ocr_par' dir='ltr' id='par_1_25' title="bbox 1952 979 3619 1050">
     <span class='ocr_line' id='line_1_25' title="bbox 1952 979 3619 1050; baseline 0.002 -15"><span class='ocrx_word' id='word_1_181' title='bbox 1952 979 2118 1035; x_wconf 86' lang='lat' dir='ltr'><strong>etiam</strong></span> <span class='ocrx_word' id='word_1_182' title='bbox 2163 981 2358 1050; x_wconf 65' lang='lat' dir='ltr'><strong>saepius</strong></span> <span class='ocrx_word' id='word_1_183' title='bbox 2386 991 2440 1036; x_wconf 90' lang='lat' dir='ltr'><strong>et</strong></span> <span class='ocrx_word' id='word_1_184' title='bbox 2464 983 2623 1048; x_wconf 83' lang='lat' dir='ltr'><strong>levia,</strong></span> <span class='ocrx_word' id='word_1_185' title='bbox 2677 984 2943 1039; x_wconf 88' lang='lat' dir='ltr'><strong>interdum</strong></span> <span class='ocrx_word' id='word_1_186' title='bbox 2991 988 3217 1050; x_wconf 88' lang='lat' dir='ltr'><strong>urbana,</strong></span> <span class='ocrx_word' id='word_1_187' title='bbox 3263 1002 3534 1042; x_wconf 86' lang='lat' dir='ltr'><strong>nonnuni-</strong></span> <span class='ocrx_word' id='word_1_188' title='bbox 3618 1016 3619 1021; x_wconf 59' lang='grc' dir='ltr'><strong>η</strong></span> 
     </span>
    </p>
   </div>
   <div class='ocr_carea' id='block_1_26' title="bbox 1954 1071 3532 1145">
    <p class='ocr_par' dir='ltr' id='par_1_26' title="bbox 1954 1071 3532 1145">
     <span class='ocr_line' id='line_1_26' title="bbox 1954 1071 3532 1145; baseline 0.006 -24"><span class='ocrx_word' id='word_1_189' title='bbox 1954 1086 2114 1139; x_wconf 88' lang='lat' dir='ltr'><strong>quam</strong></span> <span class='ocrx_word' id='word_1_190' title='bbox 2169 1071 2367 1126; x_wconf 87' lang='lat' dir='ltr'><strong>rustica</strong></span> <span class='ocrx_word' id='word_1_191' title='bbox 2416 1073 2691 1143; x_wconf 83' lang='lat' dir='ltr'><strong>explicare</strong></span> <span class='ocrx_word' id='word_1_192' title='bbox 2735 1075 2942 1145; x_wconf 91' lang='lat' dir='ltr'><strong>optime</strong></span> <span class='ocrx_word' id='word_1_193' title='bbox 2996 1085 3059 1141; x_wconf 17' lang='lat' dir='ltr'><strong>et,</strong></span> <span class='ocrx_word' id='word_1_194' title='bbox 3096 1075 3369 1142; x_wconf 88' lang='lat' dir='ltr'><strong>proferre;</strong></span> <span class='ocrx_word' id='word_1_195' title='bbox 3410 1092 3532 1131; x_wconf 85' lang='lat' dir='ltr'><strong>cum</strong></span> 
     </span>
    </p>
   </div>
   <div class='ocr_carea' id='block_1_27' title="bbox 1958 1159 3559 1236">
    <p class='ocr_par' dir='ltr' id='par_1_27' title="bbox 1958 1159 3559 1236">
     <span class='ocr_line' id='line_1_27' title="bbox 1958 1159 3559 1236; baseline 0.006 -24"><span class='ocrx_word' id='word_1_196' title='bbox 1958 1159 2239 1228; x_wconf 88' lang='lat' dir='ltr'><strong>imprimis,</strong></span> <span class='ocrx_word' id='word_1_197' title='bbox 2272 1161 2427 1216; x_wconf 65' lang='lat' dir='ltr'><strong>bona:</strong></span> <span class='ocrx_word' id='word_1_198' title='bbox 2444 1163 2683 1218; x_wconf 83' lang='lat' dir='ltr'><strong>existens</strong></span> <span class='ocrx_word' id='word_1_199' title='bbox 2710 1164 3057 1230; x_wconf 87' lang='lat' dir='ltr'><strong>valetudinis,</strong></span> <span class='ocrx_word' id='word_1_200' title='bbox 3082 1174 3140 1219; x_wconf 93' lang='lat' dir='ltr'><strong>ut</strong></span> <span class='ocrx_word' id='word_1_201' title='bbox 3166 1182 3357 1236; x_wconf 85' lang='lat' dir='ltr'><strong>graves</strong></span> <span class='ocrx_word' id='word_1_202' title='bbox 3380 1168 3559 1222; x_wconf 86' lang='lat' dir='ltr'><strong>decet-</strong></span> 
     </span>
    </p>
   </div>
   <div class='ocr_carea' id='block_1_28' title="bbox 1955 1252 3534 1327">
    <p class='ocr_par' dir='ltr' id='par_1_28' title="bbox 1955 1252 3534 1327">
     <span class='ocr_line' id='line_1_28' title="bbox 1955 1252 3534 1327; baseline 0.006 -24"><span class='ocrx_word' id='word_1_203' title='bbox 1955 1252 2119 1315; x_wconf 87' lang='lat' dir='ltr'><strong>viros,</strong></span> <span class='ocrx_word' id='word_1_204' title='bbox 2146 1252 2358 1308; x_wconf 89' lang='lat' dir='ltr'><strong>nonnisi</strong></span> <span class='ocrx_word' id='word_1_205' title='bbox 2390 1254 2571 1323; x_wconf 88' lang='lat' dir='ltr'><strong>gravia</strong></span> <span class='ocrx_word' id='word_1_206' title='bbox 2614 1265 2669 1309; x_wconf 91' lang='lat' dir='ltr'><strong>et</strong></span> <span class='ocrx_word' id='word_1_207' title='bbox 2689 1254 2809 1310; x_wconf 88' lang='lat' dir='ltr'><strong>loco</strong></span> <span class='ocrx_word' id='word_1_208' title='bbox 2846 1266 2901 1311; x_wconf 90' lang='lat' dir='ltr'><strong>et</strong></span> <span class='ocrx_word' id='word_1_209' title='bbox 2929 1260 3154 1327; x_wconf 84' lang='lat' dir='ltr'><strong>tempori</strong></span> <span class='ocrx_word' id='word_1_210' title='bbox 3187 1273 3421 1326; x_wconf 85' lang='lat' dir='ltr'><strong>congrua</strong></span> <span class='ocrx_word' id='word_1_211' title='bbox 3453 1259 3534 1312; x_wconf 77' lang='lat' dir='ltr'><strong>af-</strong></span> 
     </span>
    </p>
   </div>
   <div class='ocr_carea' id='block_1_29' title="bbox 1957 1340 3532 1410">
    <p class='ocr_par' dir='ltr' id='par_1_29' title="bbox 1957 1340 3532 1410">
     <span class='ocr_line' id='line_1_29' title="bbox 1957 1340 3532 1410; baseline 0.004 -16"><span class='ocrx_word' id='word_1_212' title='bbox 1957 1340 2204 1396; x_wconf 84' lang='lat' dir='ltr'><strong>funderet</strong></span> <span class='ocrx_word' id='word_1_213' title='bbox 2230 1344 2387 1398; x_wconf 84' lang='lat' dir='ltr'><strong>verba</strong></span> <span class='ocrx_word' id='word_1_214' title='bbox 2417 1361 2431 1398; x_wconf 75' lang='grc' dir='ltr'><strong>ι</strong></span> <span class='ocrx_word' id='word_1_215' title='bbox 2456 1360 2556 1399; x_wconf 90' lang='lat' dir='ltr'><strong>nec</strong></span> <span class='ocrx_word' id='word_1_216' title='bbox 2584 1344 2727 1399; x_wconf 89' lang='lat' dir='ltr'><strong>enim</strong></span> <span class='ocrx_word' id='word_1_217' title='bbox 2748 1346 2872 1410; x_wconf 86' lang='lat' dir='ltr'><strong>hoc,</strong></span> <span class='ocrx_word' id='word_1_218' title='bbox 2910 1355 2968 1400; x_wconf 91' lang='lat' dir='ltr'><strong>ut</strong></span> <span class='ocrx_word' id='word_1_219' title='bbox 2988 1346 3126 1400; x_wconf 91' lang='lat' dir='ltr'><strong>solet</strong></span> <span class='ocrx_word' id='word_1_220' title='bbox 3150 1347 3442 1409; x_wconf 87' lang='lat' dir='ltr'><strong>interdum,</strong></span> <span class='ocrx_word' id='word_1_221' title='bbox 3465 1363 3532 1401; x_wconf 76' lang='lat' dir='ltr'><strong>ex</strong></span> 
     </span>
    </p>
   </div>
   <div class='ocr_carea' id='block_1_30' title="bbox 1957 1430 3536 1504">
    <p class='ocr_par' dir='ltr' id='par_1_30' title="bbox 1957 1430 3536 1504">
     <span class='ocr_line' id='line_1_30' title="bbox 1957 1430 3536 1504; baseline 0.006 -22"><span class='ocrx_word' id='word_1_222' title='bbox 1957 1430 2158 1498; x_wconf 71' lang='lat' dir='ltr'><strong>ingenii</strong></span> <span class='ocrx_word' id='word_1_223' title='bbox 2205 1434 2479 1498; x_wconf 87' lang='lat' dir='ltr'><strong>acumine,</strong></span> <span class='ocrx_word' id='word_1_224' title='bbox 2519 1434 2613 1488; x_wconf 90' lang='lat' dir='ltr'><strong>sed</strong></span> <span class='ocrx_word' id='word_1_225' title='bbox 2649 1432 2959 1495; x_wconf 69' lang='lat' dir='ltr'><strong>deinsania</strong></span> <span class='ocrx_word' id='word_1_226' title='bbox 3015 1433 3131 1491; x_wconf 85' lang='lat' dir='ltr'><strong>fieri</strong></span> <span class='ocrx_word' id='word_1_227' title='bbox 3172 1434 3352 1504; x_wconf 86' lang='lat' dir='ltr'><strong>potius</strong></span> <span class='ocrx_word' id='word_1_228' title='bbox 3382 1435 3536 1491; x_wconf 83' lang='lat' dir='ltr'><strong>dice-</strong></span> 
     </span>
    </p>
   </div>
   <div class='ocr_carea' id='block_1_31' title="bbox 1957 1521 3429 1575">
    <p class='ocr_par' dir='ltr' id='par_1_31' title="bbox 1957 1521 3429 1575">
     <span class='ocr_line' id='line_1_31' title="bbox 1957 1521 3429 1575; baseline -0.001 -1"><span class='ocrx_word' id='word_1_229' title='bbox 1957 1521 2141 1575; x_wconf 84' lang='lat' dir='ltr'><strong>batur.</strong></span> <span class='ocrx_word' id='word_1_230' title='bbox 2322 1564 2325 1567; x_wconf 93' lang='lat'><strong>.</strong></span> <span class='ocrx_word' id='word_1_231' title='bbox 3422 1566 3429 1573; x_wconf 83' lang='lat'><strong>.</strong></span> 
     </span>
    </p>
   </div>
   <div class='ocr_carea' id='block_1_32' title="bbox 2023 1611 3575 1685">
    <p class='ocr_par' dir='ltr' id='par_1_32' title="bbox 2023 1611 3575 1685">
     <span class='ocr_line' id='line_1_32' title="bbox 2023 1611 3575 1685; baseline 0.003 -20"><span class='ocrx_word' id='word_1_232' title='bbox 2023 1612 2115 1665; x_wconf 64' lang='lat'><strong>42.</strong></span> <span class='ocrx_word' id='word_1_233' title='bbox 2150 1611 2243 1666; x_wconf 82' lang='lat' dir='ltr'><strong>llis</strong></span> <span class='ocrx_word' id='word_1_234' title='bbox 2270 1612 2452 1683; x_wconf 83' lang='lat' dir='ltr'><strong>itaque</strong></span> <span class='ocrx_word' id='word_1_235' title='bbox 2478 1622 2532 1668; x_wconf 88' lang='lat' dir='ltr'><strong>et</strong></span> <span class='ocrx_word' id='word_1_236' title='bbox 2560 1613 2683 1669; x_wconf 85' lang='lat' dir='ltr'><strong>aliis</strong></span> <span class='ocrx_word' id='word_1_237' title='bbox 2723 1615 2885 1670; x_wconf 86' lang='lat' dir='ltr'><strong>rebus</strong></span> <span class='ocrx_word' id='word_1_238' title='bbox 2925 1615 2994 1669; x_wconf 87' lang='lat' dir='ltr'><strong>ab</strong></span> <span class='ocrx_word' id='word_1_239' title='bbox 3024 1615 3140 1685; x_wconf 89' lang='lat' dir='ltr'><strong>ipso</strong></span> <span class='ocrx_word' id='word_1_240' title='bbox 3162 1614 3341 1684; x_wconf 76' lang='lat' dir='ltr'><strong>inepte</strong></span> <span class='ocrx_word' id='word_1_241' title='bbox 3372 1624 3427 1670; x_wconf 89' lang='lat' dir='ltr'><strong>et</strong></span> <span class='ocrx_word' id='word_1_242' title='bbox 3451 1616 3537 1670; x_wconf 86' lang='lat' dir='ltr'><strong>iu-</strong></span> <span class='ocrx_word' id='word_1_243' title='bbox 3566 1646 3575 1657; x_wconf 81' lang='lat'><strong>~</strong></span> 
     </span>
    </p>
   </div>
   <div class='ocr_carea' id='block_1_33' title="bbox 279 1685 3540 1778">
    <p class='ocr_par' dir='ltr' id='par_1_33' title="bbox 279 1685 3540 1778">
     <span class='ocr_line' id='line_1_33' title="bbox 279 1685 3540 1778; baseline 0.003 -17"><span class='ocrx_word' id='word_1_244' title='bbox 279 1716 339 1761; x_wconf 94' lang='grc' dir='ltr'><strong>ιιι</strong></span> <span class='ocrx_word' id='word_1_245' title='bbox 368 1706 544 1762; x_wconf 90' lang='lat' dir='ltr'><strong>nullus</strong></span> <span class='ocrx_word' id='word_1_246' title='bbox 595 1706 663 1762; x_wconf 90' lang='lat' dir='ltr'><strong>ad</strong></span> <span class='ocrx_word' id='word_1_247' title='bbox 710 1707 880 1772; x_wconf 89' lang='lat' dir='ltr'><strong>alium</strong></span> <span class='ocrx_word' id='word_1_248' title='bbox 934 1707 1228 1777; x_wconf 86' lang='lat' dir='ltr'><strong>respicere,</strong></span> <span class='ocrx_word' id='word_1_249' title='bbox 1286 1706 1468 1762; x_wconf 87' lang='lat' dir='ltr'><strong>nullus</strong></span> <span class='ocrx_word' id='word_1_250' title='bbox 1514 1707 1711 1761; x_wconf 87' lang='lat' dir='ltr'><strong>audeat</strong></span> <span class='ocrx_word' id='word_1_251' title='bbox 1755 1722 1854 1763; x_wconf 79' lang='lat' dir='ltr'><strong>ex-</strong></span> <span class='ocrx_word' id='word_1_252' title='bbox 1889 1685 1929 1742; x_wconf 68' lang='lat'><strong>3</strong></span> <span class='ocrx_word' id='word_1_253' title='bbox 1959 1703 2103 1758; x_wconf 87' lang='lat' dir='ltr'><strong>sulse</strong></span> <span class='ocrx_word' id='word_1_254' title='bbox 2127 1705 2386 1774; x_wconf 67' lang='lat' dir='ltr'><strong>peraclis.</strong></span> <span class='ocrx_word' id='word_1_255' title='bbox 2426 1705 2585 1761; x_wconf 67' lang='grc' dir='ltr'><strong>Γίωὶιθ</strong></span> <span class='ocrx_word' id='word_1_256' title='bbox 2614 1723 2719 1761; x_wconf 84' lang='grc' dir='ltr'>ιιοη</span> <span class='ocrx_word' id='word_1_257' title='bbox 2751 1708 2820 1761; x_wconf 72' lang='lat' dir='ltr'><strong>ab</strong></span> <span class='ocrx_word' id='word_1_258' title='bbox 2847 1722 2974 1772; x_wconf 76' lang='lat' dir='ltr'><strong>uno.</strong></span> <span class='ocrx_word' id='word_1_259' title='bbox 3012 1710 3107 1764; x_wconf 74' lang='lat' dir='ltr'><strong>sed</strong></span> <span class='ocrx_word' id='word_1_260' title='bbox 3134 1724 3164 1763; x_wconf 70' lang='grc' dir='ltr'><strong>ιι</strong></span> <span class='ocrx_word' id='word_1_261' title='bbox 3186 1710 3449 1778; x_wconf 61' lang='lat' dir='ltr'><strong>plurimm</strong></span> <span class='ocrx_word' id='word_1_262' title='bbox 3479 1717 3540 1766; x_wconf 77' lang='grc' dir='ltr'><strong>ιιι</strong></span> 
     </span>
    </p>
   </div>
   <div class='ocr_carea' id='block_1_34' title="bbox 276 1795 1856 1860">
    <p class='ocr_par' dir='ltr' id='par_1_34' title="bbox 276 1795 1856 1860">
     <span class='ocr_line' id='line_1_34' title="bbox 276 1795 1856 1860; baseline -0.001 -8"><span class='ocrx_word' id='word_1_263' title='bbox 276 1797 486 1852; x_wconf 86' lang='lat' dir='ltr'><strong>creare.</strong></span> <span class='ocrx_word' id='word_1_264' title='bbox 522 1795 580 1850; x_wconf 92' lang='lat' dir='ltr'><strong>ln</strong></span> <span class='ocrx_word' id='word_1_265' title='bbox 611 1795 862 1860; x_wconf 85' lang='lat' dir='ltr'><strong>ecclesia,</strong></span> <span class='ocrx_word' id='word_1_266' title='bbox 895 1796 950 1851; x_wconf 92' lang='lat' dir='ltr'><strong>in</strong></span> <span class='ocrx_word' id='word_1_267' title='bbox 981 1795 1287 1860; x_wconf 89' lang='lat' dir='ltr'><strong>refectorio,</strong></span> <span class='ocrx_word' id='word_1_268' title='bbox 1336 1796 1389 1851; x_wconf 92' lang='lat' dir='ltr'><strong>in</strong></span> <span class='ocrx_word' id='word_1_269' title='bbox 1430 1796 1753 1852; x_wconf 83' lang='lat' dir='ltr'><strong>dormitorio</strong></span> <span class='ocrx_word' id='word_1_270' title='bbox 1797 1805 1856 1853; x_wconf 91' lang='lat' dir='ltr'><strong>et</strong></span> 
     </span>
    </p>
   </div>
   <div class='ocr_carea' id='block_1_35' title="bbox 275 1886 1290 1943">
    <p class='ocr_par' dir='ltr' id='par_1_35' title="bbox 275 1886 1290 1943">
     <span class='ocr_line' id='line_1_35' title="bbox 275 1886 1290 1943; baseline -0.001 0"><span class='ocrx_word' id='word_1_271' title='bbox 275 1888 419 1943; x_wconf 90' lang='lat' dir='ltr'><strong>intra</strong></span> <span class='ocrx_word' id='word_1_272' title='bbox 447 1887 681 1943; x_wconf 87' lang='lat' dir='ltr'><strong>claustra</strong></span> <span class='ocrx_word' id='word_1_273' title='bbox 703 1896 967 1943; x_wconf 74' lang='lat' dir='ltr'><strong>:eternum</strong></span> <span class='ocrx_word' id='word_1_274' title='bbox 994 1886 1290 1942; x_wconf 88' lang='lat' dir='ltr'><strong>silentium.</strong></span> 
     </span>
    </p>
   </div>
   <div class='ocr_carea' id='block_1_36' title="bbox 348 1975 1855 2048">
    <p class='ocr_par' dir='ltr' id='par_1_36' title="bbox 348 1975 1855 2048">
     <span class='ocr_line' id='line_1_36' title="bbox 348 1975 1855 2048; baseline -0.002 -15"><span class='ocrx_word' id='word_1_275' title='bbox 348 1980 435 2034; x_wconf 70' lang='lat'><strong>40.</strong></span> <span class='ocrx_word' id='word_1_276' title='bbox 479 1980 689 2035; x_wconf 80' lang='lat' dir='ltr'><strong>Vivitur</strong></span> <span class='ocrx_word' id='word_1_277' title='bbox 716 1995 872 2048; x_wconf 87' lang='lat' dir='ltr'><strong>pauc,</strong></span> <span class='ocrx_word' id='word_1_278' title='bbox 907 1979 1177 2048; x_wconf 80' lang='lat' dir='ltr'><strong>legumine</strong></span> <span class='ocrx_word' id='word_1_279' title='bbox 1221 1988 1275 2032; x_wconf 81' lang='lat' dir='ltr'><strong>ct</strong></span> <span class='ocrx_word' id='word_1_280' title='bbox 1303 1976 1472 2042; x_wconf 89' lang='lat' dir='ltr'><strong>olere,</strong></span> <span class='ocrx_word' id='word_1_281' title='bbox 1512 1992 1633 2047; x_wconf 71' lang='lat' dir='ltr'><strong>qua:</strong></span> <span class='ocrx_word' id='word_1_282' title='bbox 1659 1975 1773 2031; x_wconf 89' lang='lat' dir='ltr'><strong>sale</strong></span> <span class='ocrx_word' id='word_1_283' title='bbox 1799 1982 1855 2030; x_wconf 90' lang='lat' dir='ltr'><strong>et</strong></span> 
     </span>
    </p>
   </div>
   <div class='ocr_carea' id='block_1_37' title="bbox 272 2070 1857 2138">
    <p class='ocr_par' dir='ltr' id='par_1_37' title="bbox 272 2070 1857 2138">
     <span class='ocr_line' id='line_1_37' title="bbox 272 2070 1857 2138; baseline -0.004 -10"><span class='ocrx_word' id='word_1_284' title='bbox 272 2073 397 2128; x_wconf 89' lang='lat' dir='ltr'><strong>oleo</strong></span> <span class='ocrx_word' id='word_1_285' title='bbox 435 2073 789 2137; x_wconf 89' lang='lat' dir='ltr'><strong>condiuntur;</strong></span> <span class='ocrx_word' id='word_1_286' title='bbox 846 2070 1118 2126; x_wconf 86' lang='lat' dir='ltr'><strong>interdum</strong></span> <span class='ocrx_word' id='word_1_287' title='bbox 1173 2085 1315 2135; x_wconf 89' lang='lat' dir='ltr'><strong>ova,</strong></span> <span class='ocrx_word' id='word_1_288' title='bbox 1364 2084 1747 2138; x_wconf 85' lang='lat' dir='ltr'><strong>nonnunquam</strong></span> <span class='ocrx_word' id='word_1_289' title='bbox 1799 2076 1857 2123; x_wconf 88' lang='lat' dir='ltr'><strong>et</strong></span> 
     </span>
    </p>
   </div>
   <div class='ocr_carea' id='block_1_38' title="bbox 275 2163 1855 2234">
    <p class='ocr_par' dir='ltr' id='par_1_38' title="bbox 275 2163 1855 2234">
     <span class='ocr_line' id='line_1_38' title="bbox 275 2163 1855 2234; baseline -0.003 -18"><span class='ocrx_word' id='word_1_290' title='bbox 275 2163 521 2234; x_wconf 74' lang='lat' dir='ltr'><strong>pisciculi</strong></span> <span class='ocrx_word' id='word_1_291' title='bbox 574 2163 847 2218; x_wconf 83' lang='lat' dir='ltr'><strong>inmensa</strong></span> <span class='ocrx_word' id='word_1_292' title='bbox 894 2169 1234 2230; x_wconf 87' lang='lat' dir='ltr'><strong>apponuntur</strong></span> <span class='ocrx_word' id='word_1_293' title='bbox 1277 2174 1472 2230; x_wconf 87' lang='lat' dir='ltr'><strong>parce;</strong></span> <span class='ocrx_word' id='word_1_294' title='bbox 1514 2174 1711 2215; x_wconf 87' lang='lat' dir='ltr'><strong>carnes</strong></span> <span class='ocrx_word' id='word_1_295' title='bbox 1736 2167 1855 2213; x_wconf 84' lang='lat' dir='ltr'><strong>tan-</strong></span> 
     </span>
    </p>
   </div>
   <div class='ocr_carea' id='block_1_39' title="bbox 277 2251 1856 2324">
    <p class='ocr_par' dir='ltr' id='par_1_39' title="bbox 277 2251 1856 2324">
     <span class='ocr_line' id='line_1_39' title="bbox 277 2251 1856 2324; baseline -0.003 -13"><span class='ocrx_word' id='word_1_296' title='bbox 277 2267 405 2311; x_wconf 88' lang='grc' dir='ltr'>ιιιιιι·</span> <span class='ocrx_word' id='word_1_297' title='bbox 433 2271 594 2310; x_wconf 77' lang='lat' dir='ltr'><strong>senes</strong></span> <span class='ocrx_word' id='word_1_298' title='bbox 631 2264 686 2309; x_wconf 91' lang='lat' dir='ltr'><strong>et</strong></span> <span class='ocrx_word' id='word_1_299' title='bbox 742 2253 916 2324; x_wconf 88' lang='lat' dir='ltr'><strong>pueri.</strong></span> <span class='ocrx_word' id='word_1_300' title='bbox 949 2268 1072 2307; x_wconf 87' lang='lat' dir='ltr'><strong>raro</strong></span> <span class='ocrx_word' id='word_1_301' title='bbox 1087 2262 1286 2317; x_wconf 86' lang='lat' dir='ltr'><strong>tamen,</strong></span> <span class='ocrx_word' id='word_1_302' title='bbox 1313 2253 1610 2323; x_wconf 83' lang='lat' dir='ltr'><strong>accipiunt,</strong></span> <span class='ocrx_word' id='word_1_303' title='bbox 1635 2260 1692 2306; x_wconf 92' lang='lat' dir='ltr'><strong>ut</strong></span> <span class='ocrx_word' id='word_1_304' title='bbox 1721 2251 1856 2306; x_wconf 83' lang='lat' dir='ltr'><strong>alio-</strong></span> 
     </span>
    </p>
   </div>
   <div class='ocr_carea' id='block_1_40' title="bbox 275 2333 1854 2412">
    <p class='ocr_par' dir='ltr' id='par_1_40' title="bbox 275 2333 1854 2412">
     <span class='ocr_line' id='line_1_40' title="bbox 275 2333 1854 2412; baseline -0.003 -10"><span class='ocrx_word' id='word_1_305' title='bbox 275 2333 397 2402; x_wconf 87' lang='lat' dir='ltr'><strong>rum</strong></span> <span class='ocrx_word' id='word_1_306' title='bbox 426 2346 563 2401; x_wconf 86' lang='lat' dir='ltr'><strong>fessa</strong></span> <span class='ocrx_word' id='word_1_307' title='bbox 593 2354 928 2401; x_wconf 89' lang='lat' dir='ltr'><strong>sustentetur</strong></span> <span class='ocrx_word' id='word_1_308' title='bbox 962 2352 1113 2407; x_wconf 73' lang='lat' dir='ltr'><strong>aetas,</strong></span> <span class='ocrx_word' id='word_1_309' title='bbox 1159 2342 1387 2397; x_wconf 89' lang='lat' dir='ltr'><strong>aliorum</strong></span> <span class='ocrx_word' id='word_1_310' title='bbox 1427 2359 1532 2398; x_wconf 84' lang='lat' dir='ltr'><strong>non</strong></span> <span class='ocrx_word' id='word_1_311' title='bbox 1573 2342 1854 2412; x_wconf 75' lang='lat' dir='ltr'><strong>frangatur</strong></span> 
     </span>
    </p>
   </div>
   <div class='ocr_carea' id='block_1_41' title="bbox 278 2432 1854 2505">
    <p class='ocr_par' dir='ltr' id='par_1_41' title="bbox 278 2432 1854 2505">
     <span class='ocr_line' id='line_1_41' title="bbox 278 2432 1854 2505; baseline -0.003 -13"><span class='ocrx_word' id='word_1_312' title='bbox 278 2438 560 2505; x_wconf 76' lang='lat' dir='ltr'><strong>incipiens.</strong></span> <span class='ocrx_word' id='word_1_313' title='bbox 590 2438 762 2505; x_wconf 85' lang='lat' dir='ltr'><strong>Opera</strong></span> <span class='ocrx_word' id='word_1_314' title='bbox 788 2450 1042 2491; x_wconf 89' lang='lat' dir='ltr'><strong>manuum</strong></span> <span class='ocrx_word' id='word_1_315' title='bbox 1074 2435 1147 2490; x_wconf 86' lang='lat' dir='ltr'><strong>ita</strong></span> <span class='ocrx_word' id='word_1_316' title='bbox 1194 2443 1253 2488; x_wconf 93' lang='lat' dir='ltr'><strong>ut</strong></span> <span class='ocrx_word' id='word_1_317' title='bbox 1282 2450 1309 2487; x_wconf 89' lang='lat' dir='ltr'><strong>a</strong></span> <span class='ocrx_word' id='word_1_318' title='bbox 1340 2435 1546 2489; x_wconf 85' lang='lat' dir='ltr'><strong>decano</strong></span> <span class='ocrx_word' id='word_1_319' title='bbox 1595 2432 1854 2488; x_wconf 86' lang='lat' dir='ltr'><strong>statuitur</strong></span> 
     </span>
    </p>
   </div>
   <div class='ocr_carea' id='block_1_42' title="bbox 277 2520 1854 2595">
    <p class='ocr_par' dir='ltr' id='par_1_42' title="bbox 277 2520 1854 2595">
     <span class='ocr_line' id='line_1_42' title="bbox 277 2520 1854 2595; baseline -0.006 -11"><span class='ocrx_word' id='word_1_320' title='bbox 277 2529 435 2584; x_wconf 85' lang='lat' dir='ltr'><strong>fiunt.</strong></span> <span class='ocrx_word' id='word_1_321' title='bbox 485 2527 541 2582; x_wconf 87' lang='lat' dir='ltr'><strong>Si</strong></span> <span class='ocrx_word' id='word_1_322' title='bbox 598 2528 870 2582; x_wconf 83' lang='lat' dir='ltr'><strong>infirmum</strong></span> <span class='ocrx_word' id='word_1_323' title='bbox 916 2540 1078 2595; x_wconf 86' lang='lat' dir='ltr'><strong>quem</strong></span> <span class='ocrx_word' id='word_1_324' title='bbox 1112 2524 1366 2586; x_wconf 84' lang='lat' dir='ltr'><strong>viderint,</strong></span> <span class='ocrx_word' id='word_1_325' title='bbox 1399 2521 1775 2586; x_wconf 82' lang='lat' dir='ltr'><strong>consolantur;</strong></span> <span class='ocrx_word' id='word_1_326' title='bbox 1807 2520 1854 2576; x_wconf 90' lang='lat' dir='ltr'><strong>si</strong></span> 
     </span>
    </p>
   </div>
   <div class='ocr_carea' id='block_1_43' title="bbox 277 2612 1851 2680">
    <p class='ocr_par' dir='ltr' id='par_1_43' title="bbox 277 2612 1851 2680">
     <span class='ocr_line' id='line_1_43' title="bbox 277 2612 1851 2680; baseline -0.004 -7"><span class='ocrx_word' id='word_1_327' title='bbox 277 2620 332 2673; x_wconf 93' lang='lat' dir='ltr'><strong>in</strong></span> <span class='ocrx_word' id='word_1_328' title='bbox 384 2620 472 2673; x_wconf 86' lang='lat' dir='ltr'><strong>Dei</strong></span> <span class='ocrx_word' id='word_1_329' title='bbox 511 2634 697 2673; x_wconf 88' lang='lat' dir='ltr'><strong>amore</strong></span> <span class='ocrx_word' id='word_1_330' title='bbox 740 2617 1062 2680; x_wconf 89' lang='lat' dir='ltr'><strong>ferventem,</strong></span> <span class='ocrx_word' id='word_1_331' title='bbox 1092 2615 1451 2669; x_wconf 76' lang='lat' dir='ltr'><strong>cohortantur</strong></span> <span class='ocrx_word' id='word_1_332' title='bbox 1480 2612 1548 2667; x_wconf 90' lang='lat' dir='ltr'><strong>ad</strong></span> <span class='ocrx_word' id='word_1_333' title='bbox 1574 2612 1851 2667; x_wconf 88' lang='lat' dir='ltr'><strong>studium:</strong></span> 
     </span>
    </p>
   </div>
   <div class='ocr_carea' id='block_1_44' title="bbox 278 2702 1857 2777">
    <p class='ocr_par' dir='ltr' id='par_1_44' title="bbox 278 2702 1857 2777">
     <span class='ocr_line' id='line_1_44' title="bbox 278 2702 1857 2777; baseline -0.004 -15"><span class='ocrx_word' id='word_1_334' title='bbox 278 2719 364 2771; x_wconf 80' lang='lat' dir='ltr'><strong>et,</strong></span> <span class='ocrx_word' id='word_1_335' title='bbox 394 2708 520 2777; x_wconf 90' lang='lat' dir='ltr'><strong>quia</strong></span> <span class='ocrx_word' id='word_1_336' title='bbox 552 2715 709 2762; x_wconf 90' lang='lat' dir='ltr'><strong>nocte</strong></span> <span class='ocrx_word' id='word_1_337' title='bbox 732 2713 883 2760; x_wconf 83' lang='lat' dir='ltr'><strong>extra</strong></span> <span class='ocrx_word' id='word_1_338' title='bbox 913 2704 1109 2760; x_wconf 52' lang='lat' dir='ltr'><strong>oﬂicia‘</strong></span> <span class='ocrx_word' id='word_1_339' title='bbox 1130 2703 1345 2775; x_wconf 85' lang='lat' dir='ltr'><strong>publica</strong></span> <span class='ocrx_word' id='word_1_340' title='bbox 1391 2702 1621 2772; x_wconf 85' lang='lat' dir='ltr'><strong>quisque</strong></span> <span class='ocrx_word' id='word_1_341' title='bbox 1668 2702 1720 2755; x_wconf 90' lang='lat' dir='ltr'><strong>in</strong></span> <span class='ocrx_word' id='word_1_342' title='bbox 1758 2718 1857 2756; x_wconf 87' lang='lat' dir='ltr'><strong>suo</strong></span> 
     </span>
    </p>
   </div>
   <div class='ocr_carea' id='block_1_45' title="bbox 278 2791 1857 2867">
    <p class='ocr_par' dir='ltr' id='par_1_45' title="bbox 278 2791 1857 2867">
     <span class='ocr_line' id='line_1_45' title="bbox 278 2791 1857 2867; baseline -0.004 -14"><span class='ocrx_word' id='word_1_343' title='bbox 278 2799 466 2867; x_wconf 76' lang='lat' dir='ltr'><strong>vigilat</strong></span> <span class='ocrx_word' id='word_1_344' title='bbox 497 2797 769 2860; x_wconf 88' lang='lat' dir='ltr'><strong>cubiculo,</strong></span> <span class='ocrx_word' id='word_1_345' title='bbox 798 2796 956 2867; x_wconf 88' lang='lat' dir='ltr'><strong>primi</strong></span> <span class='ocrx_word' id='word_1_346' title='bbox 987 2795 1328 2849; x_wconf 89' lang='lat' dir='ltr'><strong>circumeunt</strong></span> <span class='ocrx_word' id='word_1_347' title='bbox 1356 2792 1578 2848; x_wconf 75' lang='lat' dir='ltr'><strong>cellulas</strong></span> <span class='ocrx_word' id='word_1_348' title='bbox 1613 2791 1857 2862; x_wconf 78' lang='lat' dir='ltr'><strong>singulo-</strong></span> 
     </span>
    </p>
   </div>
   <div class='ocr_carea' id='block_1_46' title="bbox 279 2882 1856 2957">
    <p class='ocr_par' dir='ltr' id='par_1_46' title="bbox 279 2882 1856 2957">
     <span class='ocr_line' id='line_1_46' title="bbox 279 2882 1856 2957; baseline -0.006 -12"><span class='ocrx_word' id='word_1_349' title='bbox 279 2906 429 2954; x_wconf 85' lang='lat' dir='ltr'><strong>rum,</strong></span> <span class='ocrx_word' id='word_1_350' title='bbox 471 2899 548 2955; x_wconf 92' lang='lat' dir='ltr'><strong>et,</strong></span> <span class='ocrx_word' id='word_1_351' title='bbox 582 2904 713 2942; x_wconf 91' lang='lat' dir='ltr'><strong>aure</strong></span> <span class='ocrx_word' id='word_1_352' title='bbox 742 2886 1006 2957; x_wconf 76' lang='lat' dir='ltr'><strong>apposita,</strong></span> <span class='ocrx_word' id='word_1_353' title='bbox 1043 2886 1171 2954; x_wconf 87' lang='lat' dir='ltr'><strong>quid</strong></span> <span class='ocrx_word' id='word_1_354' title='bbox 1202 2884 1404 2940; x_wconf 87' lang='lat' dir='ltr'><strong>faciant</strong></span> <span class='ocrx_word' id='word_1_355' title='bbox 1446 2882 1728 2952; x_wconf 79' lang='lat' dir='ltr'><strong>diligenter</strong></span> <span class='ocrx_word' id='word_1_356' title='bbox 1761 2898 1856 2937; x_wconf 73' lang='lat' dir='ltr'><strong>ex-</strong></span> 
     </span>
    </p>
   </div>
   <div class='ocr_carea' id='block_1_47' title="bbox 276 2974 1854 3052">
    <p class='ocr_par' dir='ltr' id='par_1_47' title="bbox 276 2974 1854 3052">
     <span class='ocr_line' id='line_1_47' title="bbox 276 2974 1854 3052; baseline -0.005 -17"><span class='ocrx_word' id='word_1_357' title='bbox 276 2983 496 3052; x_wconf 88' lang='lat' dir='ltr'><strong>plorant</strong></span> <span class='ocrx_word' id='word_1_358' title='bbox 522 2998 538 3034; x_wconf 86' lang='lat'><strong>:</strong></span> <span class='ocrx_word' id='word_1_359' title='bbox 566 2994 724 3048; x_wconf 86' lang='lat' dir='ltr'><strong>quem</strong></span> <span class='ocrx_word' id='word_1_360' title='bbox 757 2976 1203 3049; x_wconf 70' lang='lat' dir='ltr'><strong>negligentiorem</strong></span> <span class='ocrx_word' id='word_1_361' title='bbox 1243 2974 1715 3045; x_wconf 81' lang='lat' dir='ltr'><strong>deprehenderint,</strong></span> <span class='ocrx_word' id='word_1_362' title='bbox 1747 2988 1854 3029; x_wconf 90' lang='lat' dir='ltr'><strong>non</strong></span> 
     </span>
    </p>
   </div>
   <div class='ocr_carea' id='block_1_48' title="bbox 277 3064 1857 3143">
    <p class='ocr_par' dir='ltr' id='par_1_48' title="bbox 277 3064 1857 3143">
     <span class='ocr_line' id='line_1_48' title="bbox 277 3064 1857 3143; baseline -0.006 -14"><span class='ocrx_word' id='word_1_363' title='bbox 277 3074 585 3143; x_wconf 89' lang='lat' dir='ltr'><strong>increpant,</strong></span> <span class='ocrx_word' id='word_1_364' title='bbox 617 3072 710 3127; x_wconf 88' lang='lat' dir='ltr'><strong>sed</strong></span> <span class='ocrx_word' id='word_1_365' title='bbox 762 3064 1104 3127; x_wconf 78' lang='lat' dir='ltr'><strong>dissimulant</strong></span> <span class='ocrx_word' id='word_1_366' title='bbox 1150 3066 1544 3138; x_wconf 65' lang='lat' dir='ltr'><strong>quodnoruut,</strong></span> <span class='ocrx_word' id='word_1_367' title='bbox 1576 3074 1631 3121; x_wconf 88' lang='lat' dir='ltr'><strong>et</strong></span> <span class='ocrx_word' id='word_1_368' title='bbox 1673 3066 1750 3119; x_wconf 90' lang='lat' dir='ltr'><strong>sic</strong></span> <span class='ocrx_word' id='word_1_369' title='bbox 1790 3066 1857 3119; x_wconf 88' lang='lat' dir='ltr'><strong>ad</strong></span> 
     </span>
    </p>
   </div>
   <div class='ocr_carea' id='block_1_49' title="bbox 276 3156 1854 3236">
    <p class='ocr_par' dir='ltr' id='par_1_49' title="bbox 276 3156 1854 3236">
     <span class='ocr_line' id='line_1_49' title="bbox 276 3156 1854 3236; baseline -0.01 -13"><span class='ocrx_word' id='word_1_370' title='bbox 276 3170 583 3224; x_wconf 87' lang='lat' dir='ltr'><strong>orationem</strong></span> <span class='ocrx_word' id='word_1_371' title='bbox 645 3172 978 3236; x_wconf 89' lang='lat' dir='ltr'><strong>provocant;</strong></span> <span class='ocrx_word' id='word_1_372' title='bbox 1040 3172 1096 3216; x_wconf 89' lang='lat' dir='ltr'><strong>et</strong></span> <span class='ocrx_word' id='word_1_373' title='bbox 1142 3160 1437 3216; x_wconf 83' lang='lat' dir='ltr'><strong>secundum</strong></span> <span class='ocrx_word' id='word_1_374' title='bbox 1487 3156 1726 3227; x_wconf 84' lang='lat' dir='ltr'><strong>regulam</strong></span> <span class='ocrx_word' id='word_1_375' title='bbox 1781 3156 1854 3208; x_wconf 90' lang='lat' dir='ltr'><strong>ita</strong></span> 
     </span>
    </p>
   </div>
   <div class='ocr_carea' id='block_1_50' title="bbox 278 3247 1858 3320">
    <p class='ocr_par' dir='ltr' id='par_1_50' title="bbox 278 3247 1858 3320">
     <span class='ocr_line' id='line_1_50' title="bbox 278 3247 1858 3320; baseline -0.01 -6"><span class='ocrx_word' id='word_1_376' title='bbox 278 3259 534 3315; x_wconf 81' lang='lat' dir='ltr'><strong>universa</strong></span> <span class='ocrx_word' id='word_1_377' title='bbox 583 3257 950 3316; x_wconf 83' lang='lat' dir='ltr'><strong>moderantur,</strong></span> <span class='ocrx_word' id='word_1_378' title='bbox 984 3261 1043 3307; x_wconf 92' lang='lat' dir='ltr'><strong>ut</strong></span> <span class='ocrx_word' id='word_1_379' title='bbox 1072 3268 1231 3306; x_wconf 91' lang='lat' dir='ltr'><strong>nemo</strong></span> <span class='ocrx_word' id='word_1_380' title='bbox 1259 3249 1388 3320; x_wconf 88' lang='lat' dir='ltr'><strong>quid</strong></span> <span class='ocrx_word' id='word_1_381' title='bbox 1416 3247 1669 3319; x_wconf 79' lang='lat' dir='ltr'><strong>postulet,</strong></span> <span class='ocrx_word' id='word_1_382' title='bbox 1700 3260 1858 3298; x_wconf 84' lang='lat' dir='ltr'><strong>nemo</strong></span> 
     </span>
    </p>
   </div>
   <div class='ocr_carea' id='block_1_51' title="bbox 277 3337 1858 3422">
    <p class='ocr_par' dir='ltr' id='par_1_51' title="bbox 277 3337 1858 3422">
     <span class='ocr_line' id='line_1_51' title="bbox 277 3337 1858 3422; baseline -0.008 -20"><span class='ocrx_word' id='word_1_383' title='bbox 277 3352 536 3422; x_wconf 86' lang='lat' dir='ltr'><strong>quapiam</strong></span> <span class='ocrx_word' id='word_1_384' title='bbox 571 3364 626 3404; x_wconf 88' lang='lat' dir='ltr'><strong>re</strong></span> <span class='ocrx_word' id='word_1_385' title='bbox 670 3362 832 3417; x_wconf 87' lang='lat' dir='ltr'><strong>parva</strong></span> <span class='ocrx_word' id='word_1_386' title='bbox 878 3345 1149 3414; x_wconf 81' lang='lat' dir='ltr'><strong>indigeat;</strong></span> <span class='ocrx_word' id='word_1_387' title='bbox 1178 3351 1249 3402; x_wconf 85' lang='lat' dir='ltr'><strong>et,</strong></span> <span class='ocrx_word' id='word_1_388' title='bbox 1284 3358 1353 3398; x_wconf 89' lang='lat' dir='ltr'><strong>ne</strong></span> <span class='ocrx_word' id='word_1_389' title='bbox 1385 3339 1569 3394; x_wconf 91' lang='lat' dir='ltr'><strong>multis</strong></span> <span class='ocrx_word' id='word_1_390' title='bbox 1601 3353 1693 3393; x_wconf 87' lang='lat' dir='ltr'><strong>vos</strong></span> <span class='ocrx_word' id='word_1_391' title='bbox 1722 3337 1858 3391; x_wconf 86' lang='lat' dir='ltr'><strong>deti-</strong></span> 
     </span>
    </p>
   </div>
   <div class='ocr_carea' id='block_1_52' title="bbox 279 3427 1855 3504">
    <p class='ocr_par' dir='ltr' id='par_1_52' title="bbox 279 3427 1855 3504">
     <span class='ocr_line' id='line_1_52' title="bbox 279 3427 1855 3504; baseline -0.009 -9"><span class='ocrx_word' id='word_1_392' title='bbox 279 3455 464 3504; x_wconf 84' lang='lat' dir='ltr'><strong>neam,</strong></span> <span class='ocrx_word' id='word_1_393' title='bbox 515 3440 614 3504; x_wconf 88' lang='lat' dir='ltr'><strong>ita,</strong></span> <span class='ocrx_word' id='word_1_394' title='bbox 655 3436 909 3495; x_wconf 89' lang='lat' dir='ltr'><strong>omnibus</strong></span> <span class='ocrx_word' id='word_1_395' title='bbox 950 3432 1258 3501; x_wconf 86' lang='lat' dir='ltr'><strong>hujusniodi</strong></span> <span class='ocrx_word' id='word_1_396' title='bbox 1307 3432 1472 3486; x_wconf 88' lang='lat' dir='ltr'><strong>rebus</strong></span> <span class='ocrx_word' id='word_1_397' title='bbox 1505 3427 1855 3502; x_wconf 71' lang='lat' dir='ltr'><strong>posthabitis,</strong></span> 
     </span>
    </p>
   </div>
   <div class='ocr_carea' id='block_1_53' title="bbox 284 3518 1857 3595">
    <p class='ocr_par' dir='ltr' id='par_1_53' title="bbox 284 3518 1857 3595">
     <span class='ocr_line' id='line_1_53' title="bbox 284 3518 1857 3595; baseline -0.009 -12"><span class='ocrx_word' id='word_1_398' title='bbox 284 3532 512 3593; x_wconf 85' lang='lat' dir='ltr'><strong>vivitur,</strong></span> <span class='ocrx_word' id='word_1_399' title='bbox 539 3538 618 3593; x_wconf 89' lang='lat' dir='ltr'><strong>ut,</strong></span> <span class='ocrx_word' id='word_1_400' title='bbox 644 3544 766 3584; x_wconf 90' lang='lat' dir='ltr'><strong>cum</strong></span> <span class='ocrx_word' id='word_1_401' title='bbox 795 3527 861 3580; x_wconf 86' lang='lat' dir='ltr'><strong>de</strong></span> <span class='ocrx_word' id='word_1_402' title='bbox 890 3540 1053 3595; x_wconf 82' lang='lat' dir='ltr'><strong>regno</strong></span> <span class='ocrx_word' id='word_1_403' title='bbox 1075 3522 1300 3586; x_wconf 85' lang='lat' dir='ltr'><strong>Christi,</strong></span> <span class='ocrx_word' id='word_1_404' title='bbox 1328 3523 1393 3577; x_wconf 89' lang='lat' dir='ltr'><strong>de</strong></span> <span class='ocrx_word' id='word_1_405' title='bbox 1420 3520 1600 3575; x_wconf 88' lang='lat' dir='ltr'><strong>futura</strong></span> <span class='ocrx_word' id='word_1_406' title='bbox 1625 3518 1857 3573; x_wconf 81' lang='lat' dir='ltr'><strong>beatitu-</strong></span> 
     </span>
    </p>
   </div>
   <div class='ocr_carea' id='block_1_54' title="bbox 279 3609 1858 3690">
    <p class='ocr_par' dir='ltr' id='par_1_54' title="bbox 279 3609 1858 3690">
     <span class='ocr_line' id='line_1_54' title="bbox 279 3609 1858 3690; baseline -0.008 -14"><span class='ocrx_word' id='word_1_407' title='bbox 279 3622 425 3676; x_wconf 87' lang='lat' dir='ltr'><strong>dinis</strong></span> <span class='ocrx_word' id='word_1_408' title='bbox 466 3621 654 3690; x_wconf 66' lang='lat' dir='ltr'><strong>gl-»ria,</strong></span> <span class='ocrx_word' id='word_1_409' title='bbox 704 3619 769 3674; x_wconf 88' lang='lat' dir='ltr'><strong>de</strong></span> <span class='ocrx_word' id='word_1_410' title='bbox 812 3615 1171 3687; x_wconf 89' lang='lat' dir='ltr'><strong>gloriosorum</strong></span> <span class='ocrx_word' id='word_1_411' title='bbox 1223 3623 1521 3683; x_wconf 84' lang='lat' dir='ltr'><strong>martyrum</strong></span> <span class='ocrx_word' id='word_1_412' title='bbox 1572 3609 1858 3680; x_wconf 86' lang='lat' dir='ltr'><strong>triumphis</strong></span> 
     </span>
    </p>
   </div>
   <div class='ocr_carea' id='block_1_55' title="bbox 279 3701 1853 3781">
    <p class='ocr_par' dir='ltr' id='par_1_55' title="bbox 279 3701 1853 3781">
     <span class='ocr_line' id='line_1_55' title="bbox 279 3701 1853 3781; baseline -0.007 -14"><span class='ocrx_word' id='word_1_413' title='bbox 279 3715 366 3770; x_wconf 86' lang='lat' dir='ltr'><strong>vel</strong></span> <span class='ocrx_word' id='word_1_414' title='bbox 390 3714 616 3768; x_wconf 90' lang='lat' dir='ltr'><strong>aliorum</strong></span> <span class='ocrx_word' id='word_1_415' title='bbox 641 3711 962 3781; x_wconf 85' lang='lat' dir='ltr'><strong>Sanctorum</strong></span> <span class='ocrx_word' id='word_1_416' title='bbox 996 3708 1154 3762; x_wconf 88' lang='lat' dir='ltr'><strong>rebus</strong></span> <span class='ocrx_word' id='word_1_417' title='bbox 1194 3705 1330 3761; x_wconf 84' lang='lat' dir='ltr'><strong>bene</strong></span> <span class='ocrx_word' id='word_1_418' title='bbox 1344 3706 1532 3777; x_wconf 87' lang='lat' dir='ltr'><strong>gestis.</strong></span> <span class='ocrx_word' id='word_1_419' title='bbox 1555 3719 1649 3759; x_wconf 87' lang='lat' dir='ltr'><strong>seu</strong></span> <span class='ocrx_word' id='word_1_420' title='bbox 1681 3701 1734 3756; x_wconf 93' lang='lat' dir='ltr'><strong>in</strong></span> <span class='ocrx_word' id='word_1_421' title='bbox 1763 3717 1853 3757; x_wconf 87' lang='lat' dir='ltr'><strong>ec-</strong></span> 
     </span>
    </p>
   </div>
   <div class='ocr_carea' id='block_1_56' title="bbox 279 3796 1857 3872">
    <p class='ocr_par' dir='ltr' id='par_1_56' title="bbox 279 3796 1857 3872">
     <span class='ocr_line' id='line_1_56' title="bbox 279 3796 1857 3872; baseline -0.01 -8"><span class='ocrx_word' id='word_1_422' title='bbox 279 3807 445 3864; x_wconf 86' lang='lat' dir='ltr'><strong>clesia</strong></span> <span class='ocrx_word' id='word_1_423' title='bbox 468 3806 583 3860; x_wconf 86' lang='lat' dir='ltr'><strong>sive</strong></span> <span class='ocrx_word' id='word_1_424' title='bbox 601 3803 969 3867; x_wconf 87' lang='lat' dir='ltr'><strong>alibi,nientio</strong></span> <span class='ocrx_word' id='word_1_425' title='bbox 990 3800 1215 3872; x_wconf 88' lang='lat' dir='ltr'><strong>legendo</strong></span> <span class='ocrx_word' id='word_1_426' title='bbox 1241 3801 1321 3855; x_wconf 85' lang='lat' dir='ltr'><strong>vel</strong></span> <span class='ocrx_word' id='word_1_427' title='bbox 1355 3799 1631 3854; x_wconf 88' lang='lat' dir='ltr'><strong>recitando</strong></span> <span class='ocrx_word' id='word_1_428' title='bbox 1649 3797 1760 3861; x_wconf 86' lang='lat' dir='ltr'><strong>llat,</strong></span> <span class='ocrx_word' id='word_1_429' title='bbox 1785 3796 1857 3850; x_wconf 88' lang='lat' dir='ltr'><strong>vi-</strong></span> 
     </span>
    </p>
   </div>
   <div class='ocr_carea' id='block_1_57' title="bbox 281 3889 1853 3972">
    <p class='ocr_par' dir='ltr' id='par_1_57' title="bbox 281 3889 1853 3972">
     <span class='ocr_line' id='line_1_57' title="bbox 281 3889 1853 3972; baseline -0.007 -19"><span class='ocrx_word' id='word_1_430' title='bbox 281 3898 412 3953; x_wconf 86' lang='lat' dir='ltr'><strong>deas</strong></span> <span class='ocrx_word' id='word_1_431' title='bbox 441 3907 665 3953; x_wconf 88' lang='lat' dir='ltr'><strong>cunctos</strong></span> <span class='ocrx_word' id='word_1_432' title='bbox 689 3895 967 3952; x_wconf 89' lang='lat' dir='ltr'><strong>moderato</strong></span> <span class='ocrx_word' id='word_1_433' title='bbox 987 3894 1223 3964; x_wconf 86' lang='lat' dir='ltr'><strong>suspirio</strong></span> <span class='ocrx_word' id='word_1_434' title='bbox 1248 3901 1305 3947; x_wconf 90' lang='lat' dir='ltr'><strong>et</strong></span> <span class='ocrx_word' id='word_1_435' title='bbox 1323 3891 1494 3961; x_wconf 87' lang='lat' dir='ltr'><strong>oculis</strong></span> <span class='ocrx_word' id='word_1_436' title='bbox 1516 3907 1628 3972; x_wconf 73' lang='lat' dir='ltr'><strong>pra:</strong></span> <span class='ocrx_word' id='word_1_437' title='bbox 1652 3889 1853 3960; x_wconf 81' lang='lat' dir='ltr'><strong>ingenti</strong></span> 
     </span>
    </p>
   </div>
   <div class='ocr_carea' id='block_1_58' title="bbox 278 3979 1856 4047">
    <p class='ocr_par' dir='ltr' id='par_1_58' title="bbox 278 3979 1856 4047">
     <span class='ocr_line' id='line_1_58' title="bbox 278 3979 1856 4047; baseline -0.004 -6"><span class='ocrx_word' id='word_1_438' title='bbox 278 4002 466 4043; x_wconf 85' lang='lat' dir='ltr'><strong>amore</strong></span> <span class='ocrx_word' id='word_1_439' title='bbox 513 3987 580 4041; x_wconf 90' lang='lat' dir='ltr'><strong>ad</strong></span> <span class='ocrx_word' id='word_1_440' title='bbox 627 3983 822 4040; x_wconf 63' lang='lat' dir='ltr'><strong>coalum</strong></span> <span class='ocrx_word' id='word_1_441' title='bbox 880 3984 1123 4047; x_wconf 89' lang='lat' dir='ltr'><strong>elevatis,</strong></span> <span class='ocrx_word' id='word_1_442' title='bbox 1187 3983 1331 4038; x_wconf 89' lang='lat' dir='ltr'><strong>intra</strong></span> <span class='ocrx_word' id='word_1_443' title='bbox 1382 3997 1442 4037; x_wconf 92' lang='lat' dir='ltr'><strong>se</strong></span> <span class='ocrx_word' id='word_1_444' title='bbox 1471 3982 1652 4036; x_wconf 87' lang='lat' dir='ltr'><strong>dicere</strong></span> <span class='ocrx_word' id='word_1_445' title='bbox 1681 3997 1694 4034; x_wconf 91' lang='lat'><strong>:</strong></span> <span class='ocrx_word' id='word_1_446' title='bbox 1724 3979 1856 4047; x_wconf 86' lang='lat' dir='ltr'><strong>Quis</strong></span> 
     </span>
    </p>
   </div>
   <div class='ocr_carea' id='block_1_59' title="bbox 279 4072 1860 4145">
    <p class='ocr_par' dir='ltr' id='par_1_59' title="bbox 279 4072 1860 4145">
     <span class='ocr_line' id='line_1_59' title="bbox 279 4072 1860 4145; baseline -0.004 -13"><span class='ocrx_word' id='word_1_447' title='bbox 279 4076 433 4132; x_wconf 86' lang='lat' dir='ltr'><strong>dabit</strong></span> <span class='ocrx_word' id='word_1_448' title='bbox 461 4077 594 4131; x_wconf 88' lang='lat' dir='ltr'><strong>mihi</strong></span> <span class='ocrx_word' id='word_1_449' title='bbox 640 4090 846 4145; x_wconf 87' lang='lat' dir='ltr'><strong>pennas</strong></span> <span class='ocrx_word' id='word_1_450' title='bbox 882 4075 1022 4130; x_wconf 86' lang='lat' dir='ltr'><strong>sicut</strong></span> <span class='ocrx_word' id='word_1_451' title='bbox 1072 4074 1360 4138; x_wconf 74' lang='lat' dir='ltr'><strong>culumbze,</strong></span> <span class='ocrx_word' id='word_1_452' title='bbox 1385 4082 1441 4128; x_wconf 90' lang='lat' dir='ltr'><strong>et</strong></span> <span class='ocrx_word' id='word_1_453' title='bbox 1467 4072 1660 4128; x_wconf 88' lang='lat' dir='ltr'><strong>volabo</strong></span> <span class='ocrx_word' id='word_1_454' title='bbox 1690 4079 1743 4126; x_wconf 92' lang='lat' dir='ltr'><strong>et</strong></span> <span class='ocrx_word' id='word_1_455' title='bbox 1772 4086 1860 4135; x_wconf 57' lang='grc' dir='ltr'><strong>τεο,</strong></span> 
     </span>
    </p>
   </div>
   <div class='ocr_carea' id='block_1_60' title="bbox 280 4161 1854 4238">
    <p class='ocr_par' dir='ltr' id='par_1_60' title="bbox 280 4161 1854 4238">
     <span class='ocr_line' id='line_1_60' title="bbox 280 4161 1854 4238; baseline -0.003 -17"><span class='ocrx_word' id='word_1_456' title='bbox 280 4167 592 4238; x_wconf 83' lang='lat' dir='ltr'><strong>quiescam?</strong></span> <span class='ocrx_word' id='word_1_457' title='bbox 631 4167 698 4222; x_wconf 79' lang='lat' dir='ltr'><strong>Et</strong></span> <span class='ocrx_word' id='word_1_458' title='bbox 745 4183 806 4222; x_wconf 87' lang='lat' dir='ltr'><strong>ea</strong></span> <span class='ocrx_word' id='word_1_459' title='bbox 847 4181 968 4236; x_wconf 70' lang='lat' dir='ltr'><strong>qua:</strong></span> <span class='ocrx_word' id='word_1_460' title='bbox 1020 4166 1268 4220; x_wconf 87' lang='lat' dir='ltr'><strong>videntur</strong></span> <span class='ocrx_word' id='word_1_461' title='bbox 1295 4163 1507 4227; x_wconf 85' lang='lat' dir='ltr'><strong>acerba,</strong></span> <span class='ocrx_word' id='word_1_462' title='bbox 1545 4177 1665 4233; x_wconf 76' lang='lat' dir='ltr'><strong>qua:</strong></span> <span class='ocrx_word' id='word_1_463' title='bbox 1689 4161 1854 4217; x_wconf 89' lang='lat' dir='ltr'><strong>multa</strong></span> 
     </span>
    </p>
   </div>
   <div class='ocr_carea' id='block_1_61' title="bbox 279 4255 1855 4323">
    <p class='ocr_par' dir='ltr' id='par_1_61' title="bbox 279 4255 1855 4323">
     <span class='ocr_line' id='line_1_61' title="bbox 279 4255 1855 4323; baseline -0.003 -11"><span class='ocrx_word' id='word_1_464' title='bbox 279 4267 335 4312; x_wconf 87' lang='lat' dir='ltr'><strong>et</strong></span> <span class='ocrx_word' id='word_1_465' title='bbox 357 4258 508 4311; x_wconf 89' lang='lat' dir='ltr'><strong>varia</strong></span> <span class='ocrx_word' id='word_1_466' title='bbox 538 4258 591 4312; x_wconf 91' lang='lat' dir='ltr'><strong>in</strong></span> <span class='ocrx_word' id='word_1_467' title='bbox 628 4258 1020 4312; x_wconf 87' lang='lat' dir='ltr'><strong>monachorum</strong></span> <span class='ocrx_word' id='word_1_468' title='bbox 1064 4257 1171 4311; x_wconf 88' lang='lat' dir='ltr'><strong>vita</strong></span> <span class='ocrx_word' id='word_1_469' title='bbox 1195 4255 1610 4323; x_wconf 86' lang='lat' dir='ltr'><strong>obedientiaqne</strong></span> <span class='ocrx_word' id='word_1_470' title='bbox 1634 4268 1855 4308; x_wconf 81' lang='lat' dir='ltr'><strong>versan-</strong></span> 
     </span>
    </p>
   </div>
   <div class='ocr_carea' id='block_1_62' title="bbox 1954 1795 3535 1870">
    <p class='ocr_par' dir='ltr' id='par_1_62' title="bbox 1954 1795 3535 1870">
     <span class='ocr_line' id='line_1_62' title="bbox 1954 1795 3535 1870; baseline 0.004 -20"><span class='ocrx_word' id='word_1_471' title='bbox 1954 1795 2217 1863; x_wconf 75' lang='lat' dir='ltr'><strong>diximus,</strong></span> <span class='ocrx_word' id='word_1_472' title='bbox 2255 1807 2312 1852; x_wconf 91' lang='lat' dir='ltr'><strong>et</strong></span> <span class='ocrx_word' id='word_1_473' title='bbox 2330 1798 2497 1853; x_wconf 86' lang='lat' dir='ltr'><strong>variis</strong></span> <span class='ocrx_word' id='word_1_474' title='bbox 2527 1798 2863 1856; x_wconf 65' lang='lat' dir='ltr'><strong>diemonibus</strong></span> <span class='ocrx_word' id='word_1_475' title='bbox 2902 1801 3165 1870; x_wconf 87' lang='lat' dir='ltr'><strong>possideri</strong></span> <span class='ocrx_word' id='word_1_476' title='bbox 3186 1801 3535 1856; x_wconf 79' lang='lat' dir='ltr'><strong>credebatur.</strong></span> 
     </span>
    </p>
   </div>
   <div class='ocr_carea' id='block_1_63' title="bbox 1958 1885 3540 1960">
    <p class='ocr_par' dir='ltr' id='par_1_63' title="bbox 1958 1885 3540 1960">
     <span class='ocr_line' id='line_1_63' title="bbox 1958 1885 3540 1960; baseline 0.004 -20"><span class='ocrx_word' id='word_1_477' title='bbox 1958 1885 2224 1953; x_wconf 82' lang='lat' dir='ltr'><strong>Quocirca</strong></span> <span class='ocrx_word' id='word_1_478' title='bbox 2278 1887 2440 1943; x_wconf 85' lang='lat' dir='ltr'><strong>facile</strong></span> <span class='ocrx_word' id='word_1_479' title='bbox 2489 1889 2897 1954; x_wconf 78' lang='lat' dir='ltr'><strong>ostendebatur,</strong></span> <span class='ocrx_word' id='word_1_480' title='bbox 2940 1890 3060 1959; x_wconf 89' lang='lat' dir='ltr'><strong>plus</strong></span> <span class='ocrx_word' id='word_1_481' title='bbox 3094 1900 3147 1946; x_wconf 88' lang='lat' dir='ltr'><strong>et</strong></span> <span class='ocrx_word' id='word_1_482' title='bbox 3197 1892 3458 1960; x_wconf 85' lang='lat' dir='ltr'><strong>temporis</strong></span> <span class='ocrx_word' id='word_1_483' title='bbox 3482 1901 3540 1947; x_wconf 85' lang='lat' dir='ltr'><strong>et</strong></span> 
     </span>
    </p>
   </div>
   <div class='ocr_carea' id='block_1_64' title="bbox 1958 1976 3538 2048">
    <p class='ocr_par' dir='ltr' id='par_1_64' title="bbox 1958 1976 3538 2048">
     <span class='ocr_line' id='line_1_64' title="bbox 1958 1976 3538 2048; baseline 0.003 -18"><span class='ocrx_word' id='word_1_484' title='bbox 1958 1976 2095 2032; x_wconf 88' lang='lat' dir='ltr'><strong>artis</strong></span> <span class='ocrx_word' id='word_1_485' title='bbox 2146 1991 2275 2047; x_wconf 87' lang='lat' dir='ltr'><strong>erga</strong></span> <span class='ocrx_word' id='word_1_486' title='bbox 2307 1977 2467 2047; x_wconf 87' lang='lat' dir='ltr'><strong>hujus</strong></span> <span class='ocrx_word' id='word_1_487' title='bbox 2523 1980 2835 2048; x_wconf 87' lang='lat' dir='ltr'><strong>sospitatem</strong></span> <span class='ocrx_word' id='word_1_488' title='bbox 2890 1996 2920 2035; x_wconf 71' lang='grc' dir='ltr'><strong>ιι</strong></span> <span class='ocrx_word' id='word_1_489' title='bbox 2968 1981 3249 2036; x_wconf 87' lang='lat' dir='ltr'><strong>monachis</strong></span> <span class='ocrx_word' id='word_1_490' title='bbox 3286 1980 3538 2035; x_wconf 77' lang='lat' dir='ltr'><strong>exhiberi</strong></span> 
     </span>
    </p>
   </div>
   <div class='ocr_carea' id='block_1_65' title="bbox 1955 2068 3534 2140">
    <p class='ocr_par' dir='ltr' id='par_1_65' title="bbox 1955 2068 3534 2140">
     <span class='ocr_line' id='line_1_65' title="bbox 1955 2068 3534 2140; baseline 0.004 -19"><span class='ocrx_word' id='word_1_491' title='bbox 1955 2077 2228 2137; x_wconf 86' lang='lat' dir='ltr'><strong>oportere.</strong></span> <span class='ocrx_word' id='word_1_492' title='bbox 2281 2068 2444 2123; x_wconf 81' lang='lat' dir='ltr'><strong>Fiunt</strong></span> <span class='ocrx_word' id='word_1_493' title='bbox 2477 2069 2661 2139; x_wconf 89' lang='lat' dir='ltr'><strong>itaque</strong></span> <span class='ocrx_word' id='word_1_494' title='bbox 2704 2087 2893 2140; x_wconf 88' lang='lat' dir='ltr'><strong>preces</strong></span> <span class='ocrx_word' id='word_1_495' title='bbox 2916 2087 3067 2127; x_wconf 88' lang='lat' dir='ltr'><strong>more</strong></span> <span class='ocrx_word' id='word_1_496' title='bbox 3087 2073 3266 2137; x_wconf 88' lang='lat' dir='ltr'><strong>solito,</strong></span> <span class='ocrx_word' id='word_1_497' title='bbox 3294 2083 3348 2128; x_wconf 87' lang='lat' dir='ltr'><strong>et</strong></span> <span class='ocrx_word' id='word_1_498' title='bbox 3379 2072 3534 2138; x_wconf 86' lang='lat' dir='ltr'><strong>nihil,</strong></span> 
     </span>
    </p>
   </div>
   <div class='ocr_carea' id='block_1_66' title="bbox 1956 2158 3536 2233">
    <p class='ocr_par' dir='ltr' id='par_1_66' title="bbox 1956 2158 3536 2233">
     <span class='ocr_line' id='line_1_66' title="bbox 1956 2158 3536 2233; baseline 0.005 -22"><span class='ocrx_word' id='word_1_499' title='bbox 1956 2158 2098 2229; x_wconf 90' lang='lat' dir='ltr'><strong>quod</strong></span> <span class='ocrx_word' id='word_1_500' title='bbox 2127 2162 2492 2217; x_wconf 87' lang='lat' dir='ltr'><strong>necessarium</strong></span> <span class='ocrx_word' id='word_1_501' title='bbox 2520 2176 2646 2233; x_wconf 83' lang='lat' dir='ltr'><strong>erga</strong></span> <span class='ocrx_word' id='word_1_502' title='bbox 2673 2161 2790 2230; x_wconf 81' lang='lat' dir='ltr'><strong>ejus</strong></span> <span class='ocrx_word' id='word_1_503' title='bbox 2831 2163 3027 2218; x_wconf 91' lang='lat' dir='ltr'><strong>bonam</strong></span> <span class='ocrx_word' id='word_1_504' title='bbox 3057 2163 3415 2218; x_wconf 87' lang='lat' dir='ltr'><strong>valetudinem</strong></span> <span class='ocrx_word' id='word_1_505' title='bbox 3446 2180 3536 2219; x_wconf 84' lang='lat' dir='ltr'><strong>re-</strong></span> 
     </span>
    </p>
   </div>
   <div class='ocr_carea' id='block_1_67' title="bbox 1956 2251 3551 2322">
    <p class='ocr_par' dir='ltr' id='par_1_67' title="bbox 1956 2251 3551 2322">
     <span class='ocr_line' id='line_1_67' title="bbox 1956 2251 3551 2322; baseline -0.001 -17"><span class='ocrx_word' id='word_1_506' title='bbox 1956 2251 2324 2320; x_wconf 87' lang='lat' dir='ltr'><strong>cuperandam</strong></span> <span class='ocrx_word' id='word_1_507' title='bbox 2354 2252 2575 2316; x_wconf 80' lang='lat' dir='ltr'><strong>existat,</strong></span> <span class='ocrx_word' id='word_1_508' title='bbox 2608 2253 3059 2322; x_wconf 74' lang='lat' dir='ltr'><strong>pnetermittitur.</strong></span> <span class='ocrx_word' id='word_1_509' title='bbox 3084 2253 3217 2307; x_wconf 81' lang='lat' dir='ltr'><strong>Mira</strong></span> <span class='ocrx_word' id='word_1_510' title='bbox 3247 2256 3369 2309; x_wconf 86' lang='lat' dir='ltr'><strong>res!</strong></span> <span class='ocrx_word' id='word_1_511' title='bbox 3396 2254 3551 2309; x_wconf 77' lang='lat' dir='ltr'><strong>inter.</strong></span> 
     </span>
    </p>
   </div>
   <div class='ocr_carea' id='block_1_68' title="bbox 1954 2342 3536 2413">
    <p class='ocr_par' dir='ltr' id='par_1_68' title="bbox 1954 2342 3536 2413">
     <span class='ocr_line' id='line_1_68' title="bbox 1954 2342 3536 2413; baseline 0.003 -19"><span class='ocrx_word' id='word_1_512' title='bbox 1954 2342 2219 2394; x_wconf 86' lang='lat' dir='ltr'><strong>orandum</strong></span> <span class='ocrx_word' id='word_1_513' title='bbox 2246 2342 2443 2410; x_wconf 76' lang='lat' dir='ltr'><strong>szepius</strong></span> <span class='ocrx_word' id='word_1_514' title='bbox 2471 2342 2554 2396; x_wconf 87' lang='lat' dir='ltr'><strong>his</strong></span> <span class='ocrx_word' id='word_1_515' title='bbox 2583 2343 2888 2413; x_wconf 81' lang='lat' dir='ltr'><strong>agitabatur</strong></span> <span class='ocrx_word' id='word_1_516' title='bbox 2918 2344 3096 2408; x_wconf 90' lang='lat' dir='ltr'><strong>furiis,</strong></span> <span class='ocrx_word' id='word_1_517' title='bbox 3127 2354 3179 2397; x_wconf 92' lang='lat' dir='ltr'><strong>ut</strong></span> <span class='ocrx_word' id='word_1_518' title='bbox 3224 2344 3334 2409; x_wconf 78' lang='lat' dir='ltr'><strong>vix,</strong></span> <span class='ocrx_word' id='word_1_519' title='bbox 3370 2344 3536 2399; x_wconf 86' lang='lat' dir='ltr'><strong>etiam</strong></span> 
     </span>
    </p>
   </div>
   <div class='ocr_carea' id='block_1_69' title="bbox 1959 2428 3539 2505">
    <p class='ocr_par' dir='ltr' id='par_1_69' title="bbox 1959 2428 3539 2505">
     <span class='ocr_line' id='line_1_69' title="bbox 1959 2428 3539 2505; baseline 0.007 -25"><span class='ocrx_word' id='word_1_520' title='bbox 1959 2428 2177 2484; x_wconf 85' lang='lat' dir='ltr'><strong>funibus</strong></span> <span class='ocrx_word' id='word_1_521' title='bbox 2200 2440 2253 2484; x_wconf 88' lang='lat' dir='ltr'><strong>et</strong></span> <span class='ocrx_word' id='word_1_522' title='bbox 2284 2438 2472 2484; x_wconf 85' lang='lat' dir='ltr'><strong>catena</strong></span> <span class='ocrx_word' id='word_1_523' title='bbox 2502 2431 2697 2501; x_wconf 84' lang='lat' dir='ltr'><strong>ligatus</strong></span> <span class='ocrx_word' id='word_1_524' title='bbox 2739 2442 2787 2487; x_wconf 87' lang='lat' dir='ltr'><strong>et</strong></span> <span class='ocrx_word' id='word_1_525' title='bbox 2818 2434 3051 2500; x_wconf 88' lang='lat' dir='ltr'><strong>vinctus,</strong></span> <span class='ocrx_word' id='word_1_526' title='bbox 3076 2450 3105 2488; x_wconf 87' lang='lat' dir='ltr'><strong>a</strong></span> <span class='ocrx_word' id='word_1_527' title='bbox 3128 2434 3539 2505; x_wconf 77' lang='lat' dir='ltr'><strong>quampluribtts</strong></span> 
     </span>
    </p>
   </div>
   <div class='ocr_carea' id='block_1_70' title="bbox 1960 2520 3541 2595">
    <p class='ocr_par' dir='ltr' id='par_1_70' title="bbox 1960 2520 3541 2595">
     <span class='ocr_line' id='line_1_70' title="bbox 1960 2520 3541 2595; baseline 0.006 -24"><span class='ocrx_word' id='word_1_528' title='bbox 1960 2520 2089 2575; x_wconf 86' lang='lat' dir='ltr'><strong>viris</strong></span> <span class='ocrx_word' id='word_1_529' title='bbox 2171 2521 2527 2578; x_wconf 83' lang='lat' dir='ltr'><strong>atrocissimis</strong></span> <span class='ocrx_word' id='word_1_530' title='bbox 2589 2533 2882 2579; x_wconf 83' lang='lat' dir='ltr'><strong>teneretur.</strong></span> <span class='ocrx_word' id='word_1_531' title='bbox 2939 2523 3351 2595; x_wconf 72' lang='lat' dir='ltr'><strong>Nonnumquam</strong></span> <span class='ocrx_word' id='word_1_532' title='bbox 3410 2540 3541 2581; x_wconf 88' lang='lat' dir='ltr'><strong>vero</strong></span> 
     </span>
    </p>
   </div>
   <div class='ocr_carea' id='block_1_71' title="bbox 1955 2612 3537 2685">
    <p class='ocr_par' dir='ltr' id='par_1_71' title="bbox 1955 2612 3537 2685">
     <span class='ocr_line' id='line_1_71' title="bbox 1955 2612 3537 2685; baseline 0.006 -23"><span class='ocrx_word' id='word_1_533' title='bbox 1955 2612 2245 2681; x_wconf 84' lang='lat' dir='ltr'><strong>quamdam</strong></span> <span class='ocrx_word' id='word_1_534' title='bbox 2280 2629 2393 2683; x_wconf 71' lang='lat' dir='ltr'><strong>pra:</strong></span> <span class='ocrx_word' id='word_1_535' title='bbox 2416 2628 2477 2668; x_wconf 89' lang='lat' dir='ltr'><strong>se</strong></span> <span class='ocrx_word' id='word_1_536' title='bbox 2506 2614 2651 2670; x_wconf 88' lang='lat' dir='ltr'><strong>ferre</strong></span> <span class='ocrx_word' id='word_1_537' title='bbox 2686 2616 3073 2672; x_wconf 84' lang='lat' dir='ltr'><strong>humanitatem</strong></span> <span class='ocrx_word' id='word_1_538' title='bbox 3100 2626 3156 2673; x_wconf 89' lang='lat' dir='ltr'><strong>et</strong></span> <span class='ocrx_word' id='word_1_539' title='bbox 3193 2618 3537 2685; x_wconf 82' lang='lat' dir='ltr'><strong>modestiam,</strong></span> 
     </span>
    </p>
   </div>
   <div class='ocr_carea' id='block_1_72' title="bbox 1959 2700 3539 2776">
    <p class='ocr_par' dir='ltr' id='par_1_72' title="bbox 1959 2700 3539 2776">
     <span class='ocr_line' id='line_1_72' title="bbox 1959 2700 3539 2776; baseline 0.006 -21"><span class='ocrx_word' id='word_1_540' title='bbox 1959 2712 2038 2765; x_wconf 90' lang='lat' dir='ltr'><strong>ut,</strong></span> <span class='ocrx_word' id='word_1_541' title='bbox 2078 2700 2168 2771; x_wconf 89' lang='lat' dir='ltr'><strong>qui</strong></span> <span class='ocrx_word' id='word_1_542' title='bbox 2215 2702 2460 2769; x_wconf 87' lang='lat' dir='ltr'><strong>aderant,</strong></span> <span class='ocrx_word' id='word_1_543' title='bbox 2506 2703 2620 2759; x_wconf 87' lang='lat' dir='ltr'><strong>fere</strong></span> <span class='ocrx_word' id='word_1_544' title='bbox 2668 2705 2839 2773; x_wconf 87' lang='lat' dir='ltr'><strong>major</strong></span> <span class='ocrx_word' id='word_1_545' title='bbox 2882 2722 3009 2776; x_wconf 89' lang='lat' dir='ltr'><strong>pars</strong></span> <span class='ocrx_word' id='word_1_546' title='bbox 3052 2706 3364 2775; x_wconf 86' lang='lat' dir='ltr'><strong>ailirmarel,</strong></span> <span class='ocrx_word' id='word_1_547' title='bbox 3412 2725 3539 2765; x_wconf 87' lang='lat' dir='ltr'><strong>eum</strong></span> 
     </span>
    </p>
   </div>
   <div class='ocr_carea' id='block_1_73' title="bbox 1958 2792 3551 2865">
    <p class='ocr_par' dir='ltr' id='par_1_73' title="bbox 1958 2792 3551 2865">
     <span class='ocr_line' id='line_1_73' title="bbox 1958 2792 3551 2865; baseline 0.004 -18"><span class='ocrx_word' id='word_1_548' title='bbox 1958 2793 2103 2847; x_wconf 89' lang='lat' dir='ltr'><strong>nullo</strong></span> <span class='ocrx_word' id='word_1_549' title='bbox 2138 2793 2278 2848; x_wconf 81' lang='lat' dir='ltr'><strong>allici</strong></span> <span class='ocrx_word' id='word_1_550' title='bbox 2327 2792 2533 2861; x_wconf 86' lang='lat' dir='ltr'><strong>dolore,</strong></span> <span class='ocrx_word' id='word_1_551' title='bbox 2582 2796 2731 2851; x_wconf 91' lang='lat' dir='ltr'><strong>nullo</strong></span> <span class='ocrx_word' id='word_1_552' title='bbox 2762 2797 3000 2865; x_wconf 88' lang='lat' dir='ltr'><strong>torqueri</strong></span> <span class='ocrx_word' id='word_1_553' title='bbox 3040 2799 3248 2863; x_wconf 90' lang='lat' dir='ltr'><strong>morbo,</strong></span> <span class='ocrx_word' id='word_1_554' title='bbox 3278 2799 3421 2855; x_wconf 90' lang='lat' dir='ltr'><strong>nulla</strong></span> <span class='ocrx_word' id='word_1_555' title='bbox 3451 2801 3551 2854; x_wconf 53' lang='grc' dir='ltr'>ιιι-ι</span> 
     </span>
    </p>
   </div>
   <div class='ocr_carea' id='block_1_74' title="bbox 1959 2883 3585 2954">
    <p class='ocr_par' dir='ltr' id='par_1_74' title="bbox 1959 2883 3585 2954">
     <span class='ocr_line' id='line_1_74' title="bbox 1959 2883 3585 2954; baseline 0.006 -19"><span class='ocrx_word' id='word_1_556' title='bbox 1959 2883 2142 2954; x_wconf 78' lang='lat' dir='ltr'><strong>digere</strong></span> <span class='ocrx_word' id='word_1_557' title='bbox 2183 2884 2464 2939; x_wconf 89' lang='lat' dir='ltr'><strong>curatione</strong></span> <span class='ocrx_word' id='word_1_558' title='bbox 2494 2898 2508 2938; x_wconf 89' lang='lat'><strong>:</strong></span> <span class='ocrx_word' id='word_1_559' title='bbox 2537 2883 2671 2940; x_wconf 83' lang='lat' dir='ltr'><strong>Nam</strong></span> <span class='ocrx_word' id='word_1_560' title='bbox 2726 2885 2778 2940; x_wconf 90' lang='lat' dir='ltr'><strong>in</strong></span> <span class='ocrx_word' id='word_1_561' title='bbox 2824 2887 3067 2942; x_wconf 72' lang='lat' dir='ltr'><strong>dtemone</strong></span> <span class='ocrx_word' id='word_1_562' title='bbox 3125 2896 3306 2943; x_wconf 88' lang='lat' dir='ltr'><strong>tantus</strong></span> <span class='ocrx_word' id='word_1_563' title='bbox 3356 2889 3534 2954; x_wconf 84' lang='lat' dir='ltr'><strong>dolus,</strong></span> <span class='ocrx_word' id='word_1_564' title='bbox 3581 2930 3585 2934; x_wconf 54' lang='grc' dir='ltr'><strong>ι</strong></span> 
     </span>
    </p>
   </div>
   <div class='ocr_carea' id='block_1_75' title="bbox 1908 2973 3540 3049">
    <p class='ocr_par' dir='ltr' id='par_1_75' title="bbox 1908 2973 3540 3049">
     <span class='ocr_line' id='line_1_75' title="bbox 1908 2973 3540 3049; baseline 0.004 -23"><span class='ocrx_word' id='word_1_565' title='bbox 1908 3021 1928 3042; x_wconf 68' lang='grc'><strong>,</strong></span> <span class='ocrx_word' id='word_1_566' title='bbox 1963 2981 2110 3027; x_wconf 89' lang='lat' dir='ltr'><strong>tanta</strong></span> <span class='ocrx_word' id='word_1_567' title='bbox 2142 2973 2410 3028; x_wconf 79' lang='lat' dir='ltr'><strong>calliditas</strong></span> <span class='ocrx_word' id='word_1_568' title='bbox 2428 2984 2484 3029; x_wconf 91' lang='lat' dir='ltr'><strong>et</strong></span> <span class='ocrx_word' id='word_1_569' title='bbox 2524 2976 2722 3030; x_wconf 87' lang='lat' dir='ltr'><strong>astutia</strong></span> <span class='ocrx_word' id='word_1_570' title='bbox 2760 2988 2902 3041; x_wconf 89' lang='lat' dir='ltr'><strong>erat,</strong></span> <span class='ocrx_word' id='word_1_571' title='bbox 2935 2987 2993 3033; x_wconf 90' lang='grc' dir='ltr'><strong>ιιι</strong></span> <span class='ocrx_word' id='word_1_572' title='bbox 3034 2978 3249 3049; x_wconf 84' lang='lat' dir='ltr'><strong>signum</strong></span> <span class='ocrx_word' id='word_1_573' title='bbox 3276 2980 3456 3035; x_wconf 89' lang='lat' dir='ltr'><strong>crucis</strong></span> <span class='ocrx_word' id='word_1_574' title='bbox 3484 2980 3540 3035; x_wconf 91' lang='lat' dir='ltr'><strong>in</strong></span> 
     </span>
    </p>
   </div>
   <div class='ocr_carea' id='block_1_76' title="bbox 1962 3063 3540 3139">
    <p class='ocr_par' dir='ltr' id='par_1_76' title="bbox 1962 3063 3540 3139">
     <span class='ocr_line' id='line_1_76' title="bbox 1962 3063 3540 3139; baseline 0.004 -23"><span class='ocrx_word' id='word_1_575' title='bbox 1962 3064 2194 3119; x_wconf 89' lang='lat' dir='ltr'><strong>hominis</strong></span> <span class='ocrx_word' id='word_1_576' title='bbox 2224 3063 2400 3120; x_wconf 88' lang='lat' dir='ltr'><strong>fronte</strong></span> <span class='ocrx_word' id='word_1_577' title='bbox 2425 3066 2537 3121; x_wconf 85' lang='lat' dir='ltr'><strong>fieri</strong></span> <span class='ocrx_word' id='word_1_578' title='bbox 2574 3067 2933 3136; x_wconf 85' lang='lat' dir='ltr'><strong>permitteret,</strong></span> <span class='ocrx_word' id='word_1_579' title='bbox 2960 3076 3032 3131; x_wconf 92' lang='lat' dir='ltr'><strong>et,</strong></span> <span class='ocrx_word' id='word_1_580' title='bbox 3058 3070 3202 3138; x_wconf 89' lang='lat' dir='ltr'><strong>quod</strong></span> <span class='ocrx_word' id='word_1_581' title='bbox 3226 3068 3399 3139; x_wconf 86' lang='lat' dir='ltr'><strong>majus</strong></span> <span class='ocrx_word' id='word_1_582' title='bbox 3434 3082 3540 3138; x_wconf 77' lang='lat' dir='ltr'><strong>est,</strong></span> 
     </span>
    </p>
   </div>
   <div class='ocr_carea' id='block_1_77' title="bbox 1960 3154 3538 3231">
    <p class='ocr_par' dir='ltr' id='par_1_77' title="bbox 1960 3154 3538 3231">
     <span class='ocr_line' id='line_1_77' title="bbox 1960 3154 3538 3231; baseline 0.005 -21"><span class='ocrx_word' id='word_1_583' title='bbox 1960 3154 2298 3211; x_wconf 87' lang='lat' dir='ltr'><strong>Dominicam</strong></span> <span class='ocrx_word' id='word_1_584' title='bbox 2349 3158 2650 3213; x_wconf 86' lang='lat' dir='ltr'><strong>orationem</strong></span> <span class='ocrx_word' id='word_1_585' title='bbox 2704 3169 2760 3214; x_wconf 89' lang='lat' dir='ltr'><strong>et</strong></span> <span class='ocrx_word' id='word_1_586' title='bbox 2788 3159 3021 3230; x_wconf 80' lang='lat' dir='ltr'><strong>Virginis</strong></span> <span class='ocrx_word' id='word_1_587' title='bbox 3051 3159 3232 3217; x_wconf 65' lang='lat' dir='ltr'><strong>Mariae</strong></span> <span class='ocrx_word' id='word_1_588' title='bbox 3283 3163 3538 3231; x_wconf 86' lang='lat' dir='ltr'><strong>hymnum</strong></span> 
     </span>
    </p>
   </div>
   <div class='ocr_carea' id='block_1_78' title="bbox 1959 3245 3540 3315">
    <p class='ocr_par' dir='ltr' id='par_1_78' title="bbox 1959 3245 3540 3315">
     <span class='ocr_line' id='line_1_78' title="bbox 1959 3245 3540 3315; baseline 0.007 -16"><span class='ocrx_word' id='word_1_589' title='bbox 1959 3245 2132 3315; x_wconf 83' lang='lat' dir='ltr'><strong>ipsum</strong></span> <span class='ocrx_word' id='word_1_590' title='bbox 2183 3245 2412 3314; x_wconf 87' lang='lat' dir='ltr'><strong>proferri</strong></span> <span class='ocrx_word' id='word_1_591' title='bbox 2448 3249 2653 3303; x_wconf 88' lang='lat' dir='ltr'><strong>sineret</strong></span> <span class='ocrx_word' id='word_1_592' title='bbox 2683 3267 2695 3303; x_wconf 76' lang='grc' dir='ltr'><em>ε</em></span> <span class='ocrx_word' id='word_1_593' title='bbox 2720 3251 2792 3304; x_wconf 90' lang='lat' dir='ltr'><strong>ita</strong></span> <span class='ocrx_word' id='word_1_594' title='bbox 2830 3260 2888 3305; x_wconf 93' lang='lat' dir='ltr'><strong>ut</strong></span> <span class='ocrx_word' id='word_1_595' title='bbox 2926 3266 2995 3306; x_wconf 80' lang='lat' dir='ltr'><strong>ex</strong></span> <span class='ocrx_word' id='word_1_596' title='bbox 3047 3254 3327 3309; x_wconf 88' lang='lat' dir='ltr'><strong>monachis</strong></span> <span class='ocrx_word' id='word_1_597' title='bbox 3370 3256 3540 3311; x_wconf 83' lang='lat' dir='ltr'><strong>etiam</strong></span> 
     </span>
    </p>
   </div>
   <div class='ocr_carea' id='block_1_79' title="bbox 1957 3336 3147 3405">
    <p class='ocr_par' dir='ltr' id='par_1_79' title="bbox 1957 3336 3147 3405">
     <span class='ocr_line' id='line_1_79' title="bbox 1957 3336 3147 3405; baseline 0.006 -15"><span class='ocrx_word' id='word_1_598' title='bbox 1957 3336 2197 3392; x_wconf 89' lang='lat' dir='ltr'><strong>nonnulli</strong></span> <span class='ocrx_word' id='word_1_599' title='bbox 2223 3353 2414 3393; x_wconf 88' lang='lat' dir='ltr'><strong>sanmu</strong></span> <span class='ocrx_word' id='word_1_600' title='bbox 2444 3347 2501 3393; x_wconf 89' lang='lat' dir='ltr'><strong>et</strong></span> <span class='ocrx_word' id='word_1_601' title='bbox 2536 3340 2859 3405; x_wconf 85' lang='lat' dir='ltr'><strong>incolumem</strong></span> <span class='ocrx_word' id='word_1_602' title='bbox 2884 3342 3147 3397; x_wconf 88' lang='lat' dir='ltr'><strong>dicerent.</strong></span> 
     </span>
    </p>
   </div>
   <div class='ocr_carea' id='block_1_80' title="bbox 2025 3429 3587 3503">
    <p class='ocr_par' dir='ltr' id='par_1_80' title="bbox 2025 3429 3587 3503">
     <span class='ocr_line' id='line_1_80' title="bbox 2025 3429 3587 3503; baseline 0.001 -20"><span class='ocrx_word' id='word_1_603' title='bbox 2025 3429 2116 3484; x_wconf 71' lang='grc'><strong>43.</strong></span> <span class='ocrx_word' id='word_1_604' title='bbox 2139 3429 2401 3484; x_wconf 72' lang='lat' dir='ltr'><strong>Caeterum</strong></span> <span class='ocrx_word' id='word_1_605' title='bbox 2430 3430 2648 3499; x_wconf 89' lang='lat' dir='ltr'><strong>quidam</strong></span> <span class='ocrx_word' id='word_1_606' title='bbox 2676 3432 2729 3485; x_wconf 93' lang='lat' dir='ltr'><strong>in</strong></span> <span class='ocrx_word' id='word_1_607' title='bbox 2755 3447 2820 3486; x_wconf 87' lang='lat' dir='ltr'><strong>ea</strong></span> <span class='ocrx_word' id='word_1_608' title='bbox 2845 3448 2903 3487; x_wconf 90' lang='lat' dir='ltr'><strong>re</strong></span> <span class='ocrx_word' id='word_1_609' title='bbox 2934 3433 3106 3502; x_wconf 89' lang='lat' dir='ltr'><strong>magis</strong></span> <span class='ocrx_word' id='word_1_610' title='bbox 3126 3432 3359 3503; x_wconf 77' lang='lat' dir='ltr'><strong>experti,</strong></span> <span class='ocrx_word' id='word_1_611' title='bbox 3381 3448 3540 3489; x_wconf 89' lang='lat' dir='ltr'><strong>secus</strong></span> <span class='ocrx_word' id='word_1_612' title='bbox 3583 3482 3587 3485; x_wconf 93' lang='lat'><em>_</em></span> 
     </span>
    </p>
   </div>
   <div class='ocr_carea' id='block_1_81' title="bbox 1958 3520 3540 3594">
    <p class='ocr_par' dir='ltr' id='par_1_81' title="bbox 1958 3520 3540 3594">
     <span class='ocr_line' id='line_1_81' title="bbox 1958 3520 3540 3594; baseline -0.001 -15"><span class='ocrx_word' id='word_1_613' title='bbox 1958 3521 2277 3585; x_wconf 71' lang='lat' dir='ltr'><strong>sentientes,</strong></span> <span class='ocrx_word' id='word_1_614' title='bbox 2326 3520 2510 3577; x_wconf 88' lang='lat' dir='ltr'><strong>multis</strong></span> <span class='ocrx_word' id='word_1_615' title='bbox 2541 3521 2813 3592; x_wconf 82' lang='lat' dir='ltr'><strong>variisque</strong></span> <span class='ocrx_word' id='word_1_616' title='bbox 2841 3523 3101 3594; x_wconf 79' lang='lat' dir='ltr'><strong>exemplis</strong></span> <span class='ocrx_word' id='word_1_617' title='bbox 3127 3523 3400 3578; x_wconf 56' lang='lat' dir='ltr'><strong>daemones</strong></span> <span class='ocrx_word' id='word_1_618' title='bbox 3427 3524 3540 3578; x_wconf 89' lang='lat' dir='ltr'><strong>cal-</strong></span> 
     </span>
    </p>
   </div>
   <div class='ocr_carea' id='block_1_82' title="bbox 1958 3614 3585 3685">
    <p class='ocr_par' dir='ltr' id='par_1_82' title="bbox 1958 3614 3585 3685">
     <span class='ocr_line' id='line_1_82' title="bbox 1958 3614 3585 3685; baseline 0.002 -18"><span class='ocrx_word' id='word_1_619' title='bbox 1958 3614 2252 3668; x_wconf 85' lang='lat' dir='ltr'><strong>lidissimos</strong></span> <span class='ocrx_word' id='word_1_620' title='bbox 2297 3622 2353 3668; x_wconf 92' lang='lat' dir='ltr'><strong>et</strong></span> <span class='ocrx_word' id='word_1_621' title='bbox 2406 3614 2689 3684; x_wconf 86' lang='lat' dir='ltr'><strong>ambiguos</strong></span> <span class='ocrx_word' id='word_1_622' title='bbox 2740 3615 3104 3685; x_wconf 86' lang='lat' dir='ltr'><strong>approbantes</strong></span> <span class='ocrx_word' id='word_1_623' title='bbox 3147 3617 3353 3685; x_wconf 87' lang='lat' dir='ltr'><strong>(utpote</strong></span> <span class='ocrx_word' id='word_1_624' title='bbox 3409 3615 3538 3685; x_wconf 85' lang='lat' dir='ltr'><strong>quia</strong></span> <span class='ocrx_word' id='word_1_625' title='bbox 3581 3667 3585 3671; x_wconf 81' lang='lat'><strong>.</strong></span> 
     </span>
    </p>
   </div>
   <div class='ocr_carea' id='block_1_83' title="bbox 1957 3703 3536 3774">
    <p class='ocr_par' dir='ltr' id='par_1_83' title="bbox 1957 3703 3536 3774">
     <span class='ocr_line' id='line_1_83' title="bbox 1957 3703 3536 3774; baseline 0.001 -16"><span class='ocrx_word' id='word_1_626' title='bbox 1957 3704 2103 3758; x_wconf 89' lang='lat' dir='ltr'><strong>aliud</strong></span> <span class='ocrx_word' id='word_1_627' title='bbox 2130 3715 2277 3769; x_wconf 88' lang='lat' dir='ltr'><strong>sunt,</strong></span> <span class='ocrx_word' id='word_1_628' title='bbox 2302 3704 2448 3758; x_wconf 88' lang='lat' dir='ltr'><strong>aliud</strong></span> <span class='ocrx_word' id='word_1_629' title='bbox 2478 3703 2760 3774; x_wconf 82' lang='lat' dir='ltr'><strong>simulant)</strong></span> <span class='ocrx_word' id='word_1_630' title='bbox 2795 3719 2899 3758; x_wconf 89' lang='lat' dir='ltr'><strong>non</strong></span> <span class='ocrx_word' id='word_1_631' title='bbox 2929 3703 3324 3774; x_wconf 90' lang='lat' dir='ltr'><strong>quamprimum</strong></span> <span class='ocrx_word' id='word_1_632' title='bbox 3347 3719 3536 3760; x_wconf 88' lang='lat' dir='ltr'><strong>eorum</strong></span> 
     </span>
    </p>
   </div>
   <div class='ocr_carea' id='block_1_84' title="bbox 1957 3793 3537 3864">
    <p class='ocr_par' dir='ltr' id='par_1_84' title="bbox 1957 3793 3537 3864">
     <span class='ocr_line' id='line_1_84' title="bbox 1957 3793 3537 3864; baseline -0.001 -16"><span class='ocrx_word' id='word_1_633' title='bbox 1957 3793 2187 3849; x_wconf 86' lang='lat' dir='ltr'><strong>fallaciis</strong></span> <span class='ocrx_word' id='word_1_634' title='bbox 2241 3793 2513 3864; x_wconf 87' lang='lat' dir='ltr'><strong>rebusque</strong></span> <span class='ocrx_word' id='word_1_635' title='bbox 2568 3793 2762 3848; x_wconf 86' lang='lat' dir='ltr'><strong>fucatis</strong></span> <span class='ocrx_word' id='word_1_636' title='bbox 2800 3794 3131 3850; x_wconf 88' lang='lat' dir='ltr'><strong>credendum</strong></span> <span class='ocrx_word' id='word_1_637' title='bbox 3167 3809 3288 3848; x_wconf 87' lang='lat' dir='ltr'><strong>esse</strong></span> <span class='ocrx_word' id='word_1_638' title='bbox 3325 3808 3537 3848; x_wconf 83' lang='lat' dir='ltr'><strong>assere--</strong></span> 
     </span>
    </p>
   </div>
   <div class='ocr_carea' id='block_1_85' title="bbox 1958 3884 3538 3956">
    <p class='ocr_par' dir='ltr' id='par_1_85' title="bbox 1958 3884 3538 3956">
     <span class='ocr_line' id='line_1_85' title="bbox 1958 3884 3538 3956; baseline 0.001 -18"><span class='ocrx_word' id='word_1_639' title='bbox 1958 3885 2107 3939; x_wconf 90' lang='lat' dir='ltr'><strong>baut.</strong></span> <span class='ocrx_word' id='word_1_640' title='bbox 2141 3884 2201 3939; x_wconf 67' lang='grc' dir='ltr'><strong>ιιι</strong></span> <span class='ocrx_word' id='word_1_641' title='bbox 2228 3885 2301 3939; x_wconf 90' lang='lat' dir='ltr'><strong>ita</strong></span> <span class='ocrx_word' id='word_1_642' title='bbox 2324 3900 2465 3951; x_wconf 90' lang='lat' dir='ltr'><strong>esse,</strong></span> <span class='ocrx_word' id='word_1_643' title='bbox 2496 3893 2553 3939; x_wconf 93' lang='lat' dir='ltr'><strong>ut</strong></span> <span class='ocrx_word' id='word_1_644' title='bbox 2590 3886 2829 3949; x_wconf 88' lang='lat' dir='ltr'><strong>aiebant,</strong></span> <span class='ocrx_word' id='word_1_645' title='bbox 2860 3884 3019 3956; x_wconf 87' lang='lat' dir='ltr'><strong>paulo</strong></span> <span class='ocrx_word' id='word_1_646' title='bbox 3047 3898 3168 3956; x_wconf 89' lang='lat' dir='ltr'><strong>post</strong></span> <span class='ocrx_word' id='word_1_647' title='bbox 3191 3902 3247 3940; x_wconf 88' lang='lat' dir='ltr'><strong>re</strong></span> <span class='ocrx_word' id='word_1_648' title='bbox 3274 3886 3386 3955; x_wconf 87' lang='lat' dir='ltr'><strong>ipsa</strong></span> <span class='ocrx_word' id='word_1_649' title='bbox 3411 3901 3538 3955; x_wconf 85' lang='lat' dir='ltr'><strong>pro-</strong></span> 
     </span>
    </p>
   </div>
   <div class='ocr_carea' id='block_1_86' title="bbox 1956 3976 3531 4047">
    <p class='ocr_par' dir='ltr' id='par_1_86' title="bbox 1956 3976 3531 4047">
     <span class='ocr_line' id='line_1_86' title="bbox 1956 3976 3531 4047; baseline 0 -16"><span class='ocrx_word' id='word_1_650' title='bbox 1956 3976 2139 4031; x_wconf 90' lang='lat' dir='ltr'><strong>batum</strong></span> <span class='ocrx_word' id='word_1_651' title='bbox 2162 3986 2263 4032; x_wconf 90' lang='lat' dir='ltr'><strong>est.</strong></span> <span class='ocrx_word' id='word_1_652' title='bbox 2284 3977 2419 4032; x_wconf 69' lang='lat' dir='ltr'><strong>Cum</strong></span> <span class='ocrx_word' id='word_1_653' title='bbox 2444 3977 2586 4032; x_wconf 86' lang='lat' dir='ltr'><strong>enim</strong></span> <span class='ocrx_word' id='word_1_654' title='bbox 2614 3992 2735 4032; x_wconf 89' lang='lat' dir='ltr'><strong>eum</strong></span> <span class='ocrx_word' id='word_1_655' title='bbox 2758 3976 2844 4031; x_wconf 88' lang='lat' dir='ltr'><strong>die</strong></span> <span class='ocrx_word' id='word_1_656' title='bbox 2863 3978 3094 4047; x_wconf 88' lang='lat' dir='ltr'><strong>quadam</strong></span> <span class='ocrx_word' id='word_1_657' title='bbox 3117 3992 3328 4031; x_wconf 85' lang='lat' dir='ltr'><strong>summo</strong></span> <span class='ocrx_word' id='word_1_658' title='bbox 3353 3991 3531 4041; x_wconf 87' lang='lat' dir='ltr'><strong>mane,</strong></span> 
     </span>
    </p>
   </div>
   <div class='ocr_carea' id='block_1_87' title="bbox 1960 4069 3533 4124">
    <p class='ocr_par' dir='ltr' id='par_1_87' title="bbox 1960 4069 3533 4124">
     <span class='ocr_line' id='line_1_87' title="bbox 1960 4069 3533 4124; baseline -0.002 -2"><span class='ocrx_word' id='word_1_659' title='bbox 1960 4069 2060 4123; x_wconf 88' lang='lat' dir='ltr'><strong>hoc</strong></span> <span class='ocrx_word' id='word_1_660' title='bbox 2088 4070 2267 4122; x_wconf 87' lang='lat' dir='ltr'><strong>animo</strong></span> <span class='ocrx_word' id='word_1_661' title='bbox 2307 4079 2365 4121; x_wconf 90' lang='lat' dir='ltr'><strong>ut</strong></span> <span class='ocrx_word' id='word_1_662' title='bbox 2392 4070 2515 4124; x_wconf 91' lang='lat' dir='ltr'><strong>inde</strong></span> <span class='ocrx_word' id='word_1_663' title='bbox 2547 4069 2769 4123; x_wconf 88' lang='lat' dir='ltr'><strong>minime</strong></span> <span class='ocrx_word' id='word_1_664' title='bbox 2806 4069 2984 4123; x_wconf 91' lang='lat' dir='ltr'><strong>abiret</strong></span> <span class='ocrx_word' id='word_1_665' title='bbox 3040 4069 3142 4123; x_wconf 88' lang='lat' dir='ltr'><strong>nisi</strong></span> <span class='ocrx_word' id='word_1_666' title='bbox 3199 4084 3322 4122; x_wconf 90' lang='lat' dir='ltr'><strong>cum</strong></span> <span class='ocrx_word' id='word_1_667' title='bbox 3378 4082 3533 4121; x_wconf 88' lang='lat' dir='ltr'><strong>recu-</strong></span> 
     </span>
    </p>
   </div>
   <div class='ocr_carea' id='block_1_88' title="bbox 1961 4158 3537 4228">
    <p class='ocr_par' dir='ltr' id='par_1_88' title="bbox 1961 4158 3537 4228">
     <span class='ocr_line' id='line_1_88' title="bbox 1961 4158 3537 4228; baseline 0 -17"><span class='ocrx_word' id='word_1_668' title='bbox 1961 4169 2147 4228; x_wconf 69' lang='lat' dir='ltr'><strong>perata</strong></span> <span class='ocrx_word' id='word_1_669' title='bbox 2194 4159 2332 4212; x_wconf 88' lang='lat' dir='ltr'><strong>bona</strong></span> <span class='ocrx_word' id='word_1_670' title='bbox 2364 4158 2692 4224; x_wconf 84' lang='lat' dir='ltr'><strong>valetudine,</strong></span> <span class='ocrx_word' id='word_1_671' title='bbox 2725 4161 2776 4214; x_wconf 93' lang='lat' dir='ltr'><strong>iu</strong></span> <span class='ocrx_word' id='word_1_672' title='bbox 2812 4160 3111 4214; x_wconf 88' lang='lat' dir='ltr'><strong>sacrarium</strong></span> <span class='ocrx_word' id='word_1_673' title='bbox 3153 4158 3452 4221; x_wconf 76' lang='lat' dir='ltr'><strong>duxissent,</strong></span> <span class='ocrx_word' id='word_1_674' title='bbox 3482 4166 3537 4211; x_wconf 89' lang='lat' dir='ltr'><strong>et</strong></span> 
     </span>
    </p>
   </div>
   <div class='ocr_carea' id='block_1_89' title="bbox 1958 4248 3539 4320">
    <p class='ocr_par' dir='ltr' id='par_1_89' title="bbox 1958 4248 3539 4320">
     <span class='ocr_line' id='line_1_89' title="bbox 1958 4248 3539 4320; baseline -0.002 -15"><span class='ocrx_word' id='word_1_675' title='bbox 1958 4253 2210 4306; x_wconf 88' lang='lat' dir='ltr'><strong>monachi</strong></span> <span class='ocrx_word' id='word_1_676' title='bbox 2240 4269 2305 4305; x_wconf 80' lang='lat' dir='ltr'><strong>cx</strong></span> <span class='ocrx_word' id='word_1_677' title='bbox 2329 4267 2477 4305; x_wconf 86' lang='lat' dir='ltr'><strong>more</strong></span> <span class='ocrx_word' id='word_1_678' title='bbox 2507 4252 2784 4305; x_wconf 86' lang='lat' dir='ltr'><strong>orationes</strong></span> <span class='ocrx_word' id='word_1_679' title='bbox 2830 4262 2884 4305; x_wconf 89' lang='lat' dir='ltr'><strong>et</strong></span> <span class='ocrx_word' id='word_1_680' title='bbox 2912 4264 3101 4320; x_wconf 84' lang='lat' dir='ltr'><strong>preces</strong></span> <span class='ocrx_word' id='word_1_681' title='bbox 3123 4265 3243 4304; x_wconf 90' lang='lat' dir='ltr'><strong>cum</strong></span> <span class='ocrx_word' id='word_1_682' title='bbox 3275 4248 3539 4318; x_wconf 76' lang='lat' dir='ltr'><strong>ﬂeliqniis</strong></span> 
     </span>
    </p>
   </div>
   <div class='ocr_carea' id='block_1_90' title="bbox 281 4338 3536 4416">
    <p class='ocr_par' dir='ltr' id='par_1_90' title="bbox 281 4338 3536 4416">
     <span class='ocr_line' id='line_1_90' title="bbox 281 4338 3536 4416; baseline -0.004 -12"><span class='ocrx_word' id='word_1_683' title='bbox 281 4358 388 4413; x_wconf 89' lang='lat' dir='ltr'><strong>tur,</strong></span> <span class='ocrx_word' id='word_1_684' title='bbox 420 4350 494 4405; x_wconf 92' lang='lat' dir='ltr'><strong>ita</strong></span> <span class='ocrx_word' id='word_1_685' title='bbox 520 4349 716 4413; x_wconf 90' lang='lat' dir='ltr'><strong>ferunt,</strong></span> <span class='ocrx_word' id='word_1_686' title='bbox 740 4358 797 4403; x_wconf 94' lang='lat' dir='ltr'><strong>nt</strong></span> <span class='ocrx_word' id='word_1_687' title='bbox 830 4347 961 4403; x_wconf 84' lang='lat' dir='ltr'><strong>nihil</strong></span> <span class='ocrx_word' id='word_1_688' title='bbox 992 4362 1021 4401; x_wconf 90' lang='lat' dir='ltr'><strong>a</strong></span> <span class='ocrx_word' id='word_1_689' title='bbox 1057 4355 1198 4402; x_wconf 89' lang='lat' dir='ltr'><strong>statu</strong></span> <span class='ocrx_word' id='word_1_690' title='bbox 1229 4361 1368 4400; x_wconf 74' lang='lat' dir='ltr'><strong>verae</strong></span> <span class='ocrx_word' id='word_1_691' title='bbox 1401 4345 1522 4399; x_wconf 82' lang='lat' dir='ltr'><strong>fidei</strong></span> <span class='ocrx_word' id='word_1_692' title='bbox 1550 4344 1849 4408; x_wconf 87' lang='lat' dir='ltr'><strong>discedant,</strong></span> <span class='ocrx_word' id='word_1_693' title='bbox 1880 4347 1929 4416; x_wconf 66' lang='grc' dir='ltr'><strong>ί)</strong></span> <span class='ocrx_word' id='word_1_694' title='bbox 1959 4342 2244 4406; x_wconf 86' lang='lat' dir='ltr'><strong>haberent,</strong></span> <span class='ocrx_word' id='word_1_695' title='bbox 2276 4349 2334 4394; x_wconf 92' lang='lat' dir='ltr'><strong>ut</strong></span> <span class='ocrx_word' id='word_1_696' title='bbox 2363 4340 2647 4394; x_wconf 86' lang='lat' dir='ltr'><strong>multitudo</strong></span> <span class='ocrx_word' id='word_1_697' title='bbox 2676 4339 2759 4392; x_wconf 79' lang='lat' dir='ltr'><strong>illa</strong></span> <span class='ocrx_word' id='word_1_698' title='bbox 2787 4340 3091 4394; x_wconf 74' lang='lat' dir='ltr'><strong>dazmonum</strong></span> <span class='ocrx_word' id='word_1_699' title='bbox 3128 4338 3179 4392; x_wconf 93' lang='lat' dir='ltr'><strong>in</strong></span> <span class='ocrx_word' id='word_1_700' title='bbox 3223 4352 3335 4391; x_wconf 89' lang='lat' dir='ltr'><strong>rem</strong></span> <span class='ocrx_word' id='word_1_701' title='bbox 3379 4352 3536 4407; x_wconf 78' lang='lat' dir='ltr'><strong>suam</strong></span> 
     </span>
    </p>
   </div>
   <div class='ocr_carea' id='block_1_91' title="bbox 211 4437 1857 4513">
    <p class='ocr_par' dir='ltr' id='par_1_91' title="bbox 211 4437 1857 4513">
     <span class='ocr_line' id='line_1_91' title="bbox 211 4437 1857 4513; baseline -0.005 -14"><span class='ocrx_word' id='word_1_702' title='bbox 211 4471 221 4479; x_wconf 89' lang='lat'><strong>-</strong></span> <span class='ocrx_word' id='word_1_703' title='bbox 277 4452 333 4499; x_wconf 86' lang='lat' dir='ltr'><strong>et</strong></span> <span class='ocrx_word' id='word_1_704' title='bbox 362 4441 681 4512; x_wconf 69' lang='lat' dir='ltr'><strong>lactijugiter</strong></span> <span class='ocrx_word' id='word_1_705' title='bbox 706 4442 833 4497; x_wconf 84' lang='lat' dir='ltr'><strong>illud</strong></span> <span class='ocrx_word' id='word_1_706' title='bbox 856 4441 1118 4513; x_wconf 85' lang='lat' dir='ltr'><strong>sapientis</strong></span> <span class='ocrx_word' id='word_1_707' title='bbox 1138 4455 1322 4494; x_wconf 88' lang='lat' dir='ltr'><strong>secum</strong></span> <span class='ocrx_word' id='word_1_708' title='bbox 1346 4437 1581 4492; x_wconf 88' lang='lat' dir='ltr'><strong>referant</strong></span> <span class='ocrx_word' id='word_1_709' title='bbox 1610 4455 1623 4491; x_wconf 87' lang='lat'><strong>:</strong></span> <span class='ocrx_word' id='word_1_710' title='bbox 1649 4437 1702 4492; x_wconf 92' lang='lat' dir='ltr'><strong>In</strong></span> <span class='ocrx_word' id='word_1_711' title='bbox 1726 4437 1857 4491; x_wconf 83' lang='lat' dir='ltr'><strong>odo-</strong></span> 
     </span>
    </p>
   </div>
   <div class='ocr_carea' id='block_1_92' title="bbox 280 4532 1854 4609">
    <p class='ocr_par' dir='ltr' id='par_1_92' title="bbox 280 4532 1854 4609">
     <span class='ocr_line' id='line_1_92' title="bbox 280 4532 1854 4609; baseline -0.004 -17"><span class='ocrx_word' id='word_1_712' title='bbox 280 4554 392 4593; x_wconf 89' lang='lat' dir='ltr'><strong>rem</strong></span> <span class='ocrx_word' id='word_1_713' title='bbox 435 4548 832 4609; x_wconf 84' lang='lat' dir='ltr'><strong>unguentorum</strong></span> <span class='ocrx_word' id='word_1_714' title='bbox 902 4545 1116 4591; x_wconf 91' lang='lat' dir='ltr'><strong>tuorum</strong></span> <span class='ocrx_word' id='word_1_715' title='bbox 1178 4547 1478 4588; x_wconf 87' lang='lat' dir='ltr'><strong>currentus.</strong></span> <span class='ocrx_word' id='word_1_716' title='bbox 1542 4532 1638 4587; x_wconf 89' lang='lat' dir='ltr'><strong>llis</strong></span> <span class='ocrx_word' id='word_1_717' title='bbox 1674 4532 1854 4594; x_wconf 87' lang='lat' dir='ltr'><strong>dictis,</strong></span> 
     </span>
    </p>
   </div>
   <div class='ocr_carea' id='block_1_93' title="bbox 280 4623 1858 4693">
    <p class='ocr_par' dir='ltr' id='par_1_93' title="bbox 280 4623 1858 4693">
     <span class='ocr_line' id='line_1_93' title="bbox 280 4623 1858 4693; baseline -0.003 -10"><span class='ocrx_word' id='word_1_718' title='bbox 280 4631 544 4685; x_wconf 84' lang='lat' dir='ltr'><strong>conticuit</strong></span> <span class='ocrx_word' id='word_1_719' title='bbox 588 4630 776 4684; x_wconf 88' lang='lat' dir='ltr'><strong>abbas.</strong></span> <span class='ocrx_word' id='word_1_720' title='bbox 809 4629 961 4683; x_wconf 89' lang='lat' dir='ltr'><strong>Tunc</strong></span> <span class='ocrx_word' id='word_1_721' title='bbox 990 4627 1114 4682; x_wconf 88' lang='lat' dir='ltr'><strong>ille:</strong></span> <span class='ocrx_word' id='word_1_722' title='bbox 1143 4625 1189 4682; x_wconf 88' lang='grc' dir='ltr'>Ο</span> <span class='ocrx_word' id='word_1_723' title='bbox 1234 4641 1362 4680; x_wconf 87' lang='lat' dir='ltr'><strong>vere</strong></span> <span class='ocrx_word' id='word_1_724' title='bbox 1392 4624 1536 4680; x_wconf 82' lang='lat' dir='ltr'><strong>beati</strong></span> <span class='ocrx_word' id='word_1_725' title='bbox 1567 4623 1858 4693; x_wconf 85' lang='lat' dir='ltr'><strong>felicesque</strong></span> 
     </span>
    </p>
   </div>
   <div class='ocr_carea' id='block_1_94' title="bbox 280 4713 1852 4787">
    <p class='ocr_par' dir='ltr' id='par_1_94' title="bbox 280 4713 1852 4787">
     <span class='ocr_line' id='line_1_94' title="bbox 280 4713 1852 4787; baseline -0.003 -17"><span class='ocrx_word' id='word_1_726' title='bbox 280 4717 402 4786; x_wconf 70' lang='lat' dir='ltr'><strong>ipsi,</strong></span> <span class='ocrx_word' id='word_1_727' title='bbox 426 4718 519 4787; x_wconf 88' lang='lat' dir='ltr'><strong>qui</strong></span> <span class='ocrx_word' id='word_1_728' title='bbox 552 4718 623 4772; x_wconf 89' lang='lat' dir='ltr'><strong>ita</strong></span> <span class='ocrx_word' id='word_1_729' title='bbox 649 4725 855 4781; x_wconf 80' lang='lat' dir='ltr'><strong>sancte,</strong></span> <span class='ocrx_word' id='word_1_730' title='bbox 891 4717 962 4770; x_wconf 86' lang='lat' dir='ltr'><strong>ita</strong></span> <span class='ocrx_word' id='word_1_731' title='bbox 992 4726 1137 4771; x_wconf 90' lang='lat' dir='ltr'><strong>recte</strong></span> <span class='ocrx_word' id='word_1_732' title='bbox 1157 4730 1313 4770; x_wconf 87' lang='lat' dir='ltr'><strong>suam</strong></span> <span class='ocrx_word' id='word_1_733' title='bbox 1342 4713 1627 4771; x_wconf 87' lang='lat' dir='ltr'><strong>instituere</strong></span> <span class='ocrx_word' id='word_1_734' title='bbox 1655 4713 1852 4768; x_wconf 85' lang='lat' dir='ltr'><strong>vitam!</strong></span> 
     </span>
    </p>
   </div>
   <div class='ocr_carea' id='block_1_95' title="bbox 279 4806 1856 4879">
    <p class='ocr_par' dir='ltr' id='par_1_95' title="bbox 279 4806 1856 4879">
     <span class='ocr_line' id='line_1_95' title="bbox 279 4806 1856 4879; baseline 0.001 -18"><span class='ocrx_word' id='word_1_735' title='bbox 279 4820 334 4861; x_wconf 85' lang='lat' dir='ltr'><strong>et</strong></span> <span class='ocrx_word' id='word_1_736' title='bbox 382 4811 584 4879; x_wconf 85' lang='lat' dir='ltr'><strong>gratias</strong></span> <span class='ocrx_word' id='word_1_737' title='bbox 638 4809 742 4865; x_wconf 85' lang='lat' dir='ltr'><strong>Deo</strong></span> <span class='ocrx_word' id='word_1_738' title='bbox 786 4808 1071 4878; x_wconf 89' lang='lat' dir='ltr'><strong>imprimis,</strong></span> <span class='ocrx_word' id='word_1_739' title='bbox 1108 4807 1420 4879; x_wconf 85' lang='lat' dir='ltr'><strong>Virginique</strong></span> <span class='ocrx_word' id='word_1_740' title='bbox 1470 4806 1651 4863; x_wconf 73' lang='lat' dir='ltr'><strong>Maria:</strong></span> <span class='ocrx_word' id='word_1_741' title='bbox 1701 4807 1856 4862; x_wconf 73' lang='lat' dir='ltr'><strong>Matri</strong></span> 
     </span>
    </p>
   </div>
   <div class='ocr_carea' id='block_1_96' title="bbox 278 4897 1860 4971">
    <p class='ocr_par' dir='ltr' id='par_1_96' title="bbox 278 4897 1860 4971">
     <span class='ocr_line' id='line_1_96' title="bbox 278 4897 1860 4971; baseline 0.001 -19"><span class='ocrx_word' id='word_1_742' title='bbox 278 4902 400 4966; x_wconf 80' lang='lat' dir='ltr'><strong>ejus</strong></span> <span class='ocrx_word' id='word_1_743' title='bbox 425 4909 483 4955; x_wconf 86' lang='lat' dir='ltr'><strong>et</strong></span> <span class='ocrx_word' id='word_1_744' title='bbox 519 4900 582 4955; x_wconf 89' lang='lat' dir='ltr'><strong>S.</strong></span> <span class='ocrx_word' id='word_1_745' title='bbox 614 4899 806 4956; x_wconf 77' lang='lat' dir='ltr'><strong>Joauni</strong></span> <span class='ocrx_word' id='word_1_746' title='bbox 834 4915 1022 4971; x_wconf 77' lang='lat' dir='ltr'><strong>agetis,</strong></span> <span class='ocrx_word' id='word_1_747' title='bbox 1058 4914 1179 4955; x_wconf 88' lang='lat' dir='ltr'><strong>sese</strong></span> <span class='ocrx_word' id='word_1_748' title='bbox 1200 4897 1543 4954; x_wconf 63' lang='lat' dir='ltr'><strong>orationibus</strong></span> <span class='ocrx_word' id='word_1_749' title='bbox 1570 4898 1780 4954; x_wconf 84' lang='lat' dir='ltr'><strong>abbatis</strong></span> <span class='ocrx_word' id='word_1_750' title='bbox 1804 4908 1860 4954; x_wconf 87' lang='lat' dir='ltr'><strong>et</strong></span> 
     </span>
    </p>
   </div>
   <div class='ocr_carea' id='block_1_97' title="bbox 275 4986 1858 5061">
    <p class='ocr_par' dir='ltr' id='par_1_97' title="bbox 275 4986 1858 5061">
     <span class='ocr_line' id='line_1_97' title="bbox 275 4986 1858 5061; baseline 0 -20"><span class='ocrx_word' id='word_1_751' title='bbox 275 4991 507 5045; x_wconf 86' lang='lat' dir='ltr'><strong>aliorum</strong></span> <span class='ocrx_word' id='word_1_752' title='bbox 554 4990 842 5061; x_wconf 86' lang='lat' dir='ltr'><strong>plurimum</strong></span> <span class='ocrx_word' id='word_1_753' title='bbox 884 4989 1290 5053; x_wconf 89' lang='lat' dir='ltr'><strong>commendans,</strong></span> <span class='ocrx_word' id='word_1_754' title='bbox 1319 4986 1397 5040; x_wconf 86' lang='lat' dir='ltr'><strong>.iu</strong></span> <span class='ocrx_word' id='word_1_755' title='bbox 1427 4988 1680 5056; x_wconf 88' lang='lat' dir='ltr'><strong>patriam,</strong></span> <span class='ocrx_word' id='word_1_756' title='bbox 1711 4987 1858 5056; x_wconf 85' lang='lat' dir='ltr'><strong>opti-</strong></span> 
     </span>
    </p>
   </div>
   <div class='ocr_carea' id='block_1_98' title="bbox 274 5082 1854 5153">
    <p class='ocr_par' dir='ltr' id='par_1_98' title="bbox 274 5082 1854 5153">
     <span class='ocr_line' id='line_1_98' title="bbox 274 5082 1854 5153; baseline -0.001 -17"><span class='ocrx_word' id='word_1_757' title='bbox 274 5084 376 5138; x_wconf 89' lang='lat' dir='ltr'><strong>mis</strong></span> <span class='ocrx_word' id='word_1_758' title='bbox 423 5083 686 5153; x_wconf 74' lang='lat' dir='ltr'><strong>esemplis</strong></span> <span class='ocrx_word' id='word_1_759' title='bbox 733 5082 1124 5139; x_wconf 89' lang='lat' dir='ltr'><strong>monachorum</strong></span> <span class='ocrx_word' id='word_1_760' title='bbox 1150 5090 1205 5137; x_wconf 90' lang='lat' dir='ltr'><strong>et</strong></span> <span class='ocrx_word' id='word_1_761' title='bbox 1250 5082 1610 5135; x_wconf 82' lang='lat' dir='ltr'><strong>monumentis</strong></span> <span class='ocrx_word' id='word_1_762' title='bbox 1650 5083 1854 5136; x_wconf 83' lang='lat' dir='ltr'><strong>instru-</strong></span> 
     </span>
    </p>
   </div>
   <div class='ocr_carea' id='block_1_99' title="bbox 275 5171 1267 5235">
    <p class='ocr_par' dir='ltr' id='par_1_99' title="bbox 275 5171 1267 5235">
     <span class='ocr_line' id='line_1_99' title="bbox 275 5171 1267 5235; baseline -0.002 -11"><span class='ocrx_word' id='word_1_763' title='bbox 275 5181 414 5235; x_wconf 86' lang='lat' dir='ltr'><strong>ctus,</strong></span> <span class='ocrx_word' id='word_1_764' title='bbox 446 5187 614 5227; x_wconf 89' lang='lat' dir='ltr'><strong>sanus</strong></span> <span class='ocrx_word' id='word_1_765' title='bbox 635 5182 691 5227; x_wconf 90' lang='lat' dir='ltr'><strong>et</strong></span> <span class='ocrx_word' id='word_1_766' title='bbox 715 5171 1000 5229; x_wconf 89' lang='lat' dir='ltr'><strong>incolumis</strong></span> <span class='ocrx_word' id='word_1_767' title='bbox 1024 5171 1267 5225; x_wconf 87' lang='lat' dir='ltr'><strong>recessit.</strong></span> 
     </span>
    </p>
   </div>
   <div class='ocr_carea' id='block_1_100' title="bbox 913 5260 1215 5316">
    <p class='ocr_par' dir='ltr' id='par_1_100' title="bbox 913 5260 1215 5316">
     <span class='ocr_line' id='line_1_100' title="bbox 913 5260 1215 5316; baseline 0 -1"><span class='ocrx_word' id='word_1_768' title='bbox 913 5260 1091 5315; x_wconf 78' lang='lat' dir='ltr'><strong>PARS</strong></span> <span class='ocrx_word' id='word_1_769' title='bbox 1126 5260 1215 5316; x_wconf 86' lang='lat' dir='ltr'><strong>IV.</strong></span> 
     </span>
    </p>
   </div>
   <div class='ocr_carea' id='block_1_101' title="bbox 1961 4426 3535 4501">
    <p class='ocr_par' dir='ltr' id='par_1_101' title="bbox 1961 4426 3535 4501">
     <span class='ocr_line' id='line_1_101' title="bbox 1961 4426 3535 4501; baseline -0.003 -16"><span class='ocrx_word' id='word_1_770' title='bbox 1961 4431 2178 4494; x_wconf 87' lang='lat' dir='ltr'><strong>malam,</strong></span> <span class='ocrx_word' id='word_1_771' title='bbox 2229 4446 2337 4501; x_wconf 87' lang='lat' dir='ltr'><strong>quo</strong></span> <span class='ocrx_word' id='word_1_772' title='bbox 2385 4430 2529 4500; x_wconf 88' lang='lat' dir='ltr'><strong>digni</strong></span> <span class='ocrx_word' id='word_1_773' title='bbox 2578 4438 2781 4494; x_wconf 86' lang='lat' dir='ltr'><strong>essent,</strong></span> <span class='ocrx_word' id='word_1_774' title='bbox 2828 4430 3078 4494; x_wconf 86' lang='lat' dir='ltr'><strong>abirent;</strong></span> <span class='ocrx_word' id='word_1_775' title='bbox 3124 4426 3197 4481; x_wconf 92' lang='lat' dir='ltr'><strong>illi</strong></span> <span class='ocrx_word' id='word_1_776' title='bbox 3234 4435 3446 4499; x_wconf 84' lang='lat' dir='ltr'><strong>contra,</strong></span> <span class='ocrx_word' id='word_1_777' title='bbox 3476 4442 3535 4481; x_wconf 60' lang='lat' dir='ltr'><strong>se</strong></span> 
     </span>
    </p>
   </div>
   <div class='ocr_carea' id='block_1_102' title="bbox 1960 4515 3541 4589">
    <p class='ocr_par' dir='ltr' id='par_1_102' title="bbox 1960 4515 3541 4589">
     <span class='ocr_line' id='line_1_102' title="bbox 1960 4515 3541 4589; baseline -0.006 -12"><span class='ocrx_word' id='word_1_778' title='bbox 1960 4538 2061 4577; x_wconf 85' lang='lat' dir='ltr'><strong>nec</strong></span> <span class='ocrx_word' id='word_1_779' title='bbox 2110 4522 2391 4576; x_wconf 88' lang='lat' dir='ltr'><strong>discedere</strong></span> <span class='ocrx_word' id='word_1_780' title='bbox 2440 4518 2573 4574; x_wconf 84' lang='lat' dir='ltr'><strong>velle</strong></span> <span class='ocrx_word' id='word_1_781' title='bbox 2605 4533 2707 4572; x_wconf 91' lang='lat' dir='ltr'><strong>nec</strong></span> <span class='ocrx_word' id='word_1_782' title='bbox 2736 4532 2921 4587; x_wconf 84' lang='lat' dir='ltr'><strong>posse,</strong></span> <span class='ocrx_word' id='word_1_783' title='bbox 2952 4517 3055 4571; x_wconf 86' lang='lat' dir='ltr'><strong>etsi</strong></span> <span class='ocrx_word' id='word_1_784' title='bbox 3100 4516 3327 4571; x_wconf 89' lang='lat' dir='ltr'><strong>summis</strong></span> <span class='ocrx_word' id='word_1_785' title='bbox 3367 4524 3421 4569; x_wconf 90' lang='lat' dir='ltr'><strong>et</strong></span> <span class='ocrx_word' id='word_1_786' title='bbox 3455 4515 3541 4589; x_wconf 43' lang='lat' dir='ltr'><strong>in:</strong></span> 
     </span>
    </p>
   </div>
   <div class='ocr_carea' id='block_1_103' title="bbox 1958 4607 3534 4683">
    <p class='ocr_par' dir='ltr' id='par_1_103' title="bbox 1958 4607 3534 4683">
     <span class='ocr_line' id='line_1_103' title="bbox 1958 4607 3534 4683; baseline -0.003 -17"><span class='ocrx_word' id='word_1_787' title='bbox 1958 4611 2229 4683; x_wconf 81' lang='lat' dir='ltr'><strong>gentibus,</strong></span> <span class='ocrx_word' id='word_1_788' title='bbox 2281 4617 2340 4664; x_wconf 91' lang='lat' dir='ltr'><strong>ut</strong></span> <span class='ocrx_word' id='word_1_789' title='bbox 2386 4609 2487 4678; x_wconf 89' lang='lat' dir='ltr'><strong>ipsi</strong></span> <span class='ocrx_word' id='word_1_790' title='bbox 2542 4608 2879 4673; x_wconf 87' lang='lat' dir='ltr'><strong>asserebant,</strong></span> <span class='ocrx_word' id='word_1_791' title='bbox 2912 4607 3534 4663; x_wconf 86' lang='lat' dir='ltr'><strong>allicerenturcruciati-</strong></span> 
     </span>
    </p>
   </div>
   <div class='ocr_carea' id='block_1_104' title="bbox 1958 4700 3538 4771">
    <p class='ocr_par' dir='ltr' id='par_1_104' title="bbox 1958 4700 3538 4771">
     <span class='ocr_line' id='line_1_104' title="bbox 1958 4700 3538 4771; baseline -0.003 -11"><span class='ocrx_word' id='word_1_792' title='bbox 1958 4706 2080 4760; x_wconf 89' lang='lat' dir='ltr'><strong>bus.</strong></span> <span class='ocrx_word' id='word_1_793' title='bbox 2108 4703 2342 4770; x_wconf 85' lang='lat' dir='ltr'><strong>Eloquar</strong></span> <span class='ocrx_word' id='word_1_794' title='bbox 2369 4715 2437 4755; x_wconf 89' lang='lat' dir='ltr'><strong>an</strong></span> <span class='ocrx_word' id='word_1_795' title='bbox 2465 4700 2686 4756; x_wconf 84' lang='lat' dir='ltr'><strong>sileam?</strong></span> <span class='ocrx_word' id='word_1_796' title='bbox 2706 4700 2835 4771; x_wconf 91' lang='lat' dir='ltr'><strong>quid</strong></span> <span class='ocrx_word' id='word_1_797' title='bbox 2860 4701 2914 4754; x_wconf 90' lang='lat' dir='ltr'><strong>in</strong></span> <span class='ocrx_word' id='word_1_798' title='bbox 2935 4715 3123 4755; x_wconf 91' lang='lat' dir='ltr'><strong>eorum</strong></span> <span class='ocrx_word' id='word_1_799' title='bbox 3150 4700 3297 4755; x_wconf 79' lang='lat' dir='ltr'><strong>exitu</strong></span> <span class='ocrx_word' id='word_1_800' title='bbox 3322 4701 3538 4767; x_wconf 80' lang='lat' dir='ltr'><strong>egerint</strong></span> 
     </span>
    </p>
   </div>
   <div class='ocr_carea' id='block_1_105' title="bbox 1959 4789 3541 4867">
    <p class='ocr_par' dir='ltr' id='par_1_105' title="bbox 1959 4789 3541 4867">
     <span class='ocr_line' id='line_1_105' title="bbox 1959 4789 3541 4867; baseline -0.003 -17"><span class='ocrx_word' id='word_1_801' title='bbox 1959 4799 2173 4867; x_wconf 82' lang='lat' dir='ltr'><strong>ignoro.</strong></span> <span class='ocrx_word' id='word_1_802' title='bbox 2213 4795 2412 4852; x_wconf 80' lang='lat' dir='ltr'><strong>Vereor</strong></span> <span class='ocrx_word' id='word_1_803' title='bbox 2466 4796 2612 4849; x_wconf 90' lang='lat' dir='ltr'><strong>enim</strong></span> <span class='ocrx_word' id='word_1_804' title='bbox 2653 4793 2724 4849; x_wconf 89' lang='lat' dir='ltr'><strong>ob</strong></span> <span class='ocrx_word' id='word_1_805' title='bbox 2748 4792 3129 4848; x_wconf 80' lang='lat' dir='ltr'><strong>nonnullorum</strong></span> <span class='ocrx_word' id='word_1_806' title='bbox 3160 4789 3541 4862; x_wconf 85' lang='lat' dir='ltr'><strong>pertinaciam,</strong></span> 
     </span>
    </p>
   </div>
   <div class='ocr_carea' id='block_1_106' title="bbox 1957 4879 3546 4958">
    <p class='ocr_par' dir='ltr' id='par_1_106' title="bbox 1957 4879 3546 4958">
     <span class='ocr_line' id='line_1_106' title="bbox 1957 4879 3546 4958; baseline -0.009 -16"><span class='ocrx_word' id='word_1_807' title='bbox 1957 4889 2046 4958; x_wconf 94' lang='lat' dir='ltr'><strong>qui</strong></span> <span class='ocrx_word' id='word_1_808' title='bbox 2085 4902 2146 4941; x_wconf 88' lang='lat' dir='ltr'><strong>ea</strong></span> <span class='ocrx_word' id='word_1_809' title='bbox 2179 4901 2298 4957; x_wconf 73' lang='lat' dir='ltr'><strong>qua:</strong></span> <span class='ocrx_word' id='word_1_810' title='bbox 2341 4885 2442 4941; x_wconf 82' lang='lat' dir='ltr'><strong>sibi</strong></span> <span class='ocrx_word' id='word_1_811' title='bbox 2487 4885 2664 4941; x_wconf 88' lang='lat' dir='ltr'><strong>facilia</strong></span> <span class='ocrx_word' id='word_1_812' title='bbox 2705 4882 2849 4939; x_wconf 86' lang='lat' dir='ltr'><strong>factu</strong></span> <span class='ocrx_word' id='word_1_813' title='bbox 2899 4891 3091 4951; x_wconf 87' lang='lat' dir='ltr'><strong>putant</strong></span> <span class='ocrx_word' id='word_1_814' title='bbox 3126 4879 3424 4941; x_wconf 83' lang='lat' dir='ltr'><strong>alllrniant,</strong></span> <span class='ocrx_word' id='word_1_815' title='bbox 3455 4897 3546 4935; x_wconf 79' lang='lat' dir='ltr'><strong>su-</strong></span> 
     </span>
    </p>
   </div>
   <div class='ocr_carea' id='block_1_107' title="bbox 1958 4968 3552 5050">
    <p class='ocr_par' dir='ltr' id='par_1_107' title="bbox 1958 4968 3552 5050">
     <span class='ocr_line' id='line_1_107' title="bbox 1958 4968 3552 5050; baseline -0.009 -16"><span class='ocrx_word' id='word_1_816' title='bbox 1958 4995 2051 5050; x_wconf 87' lang='lat' dir='ltr'><strong>per</strong></span> <span class='ocrx_word' id='word_1_817' title='bbox 2075 4992 2161 5043; x_wconf 90' lang='lat' dir='ltr'><strong>ca,</strong></span> <span class='ocrx_word' id='word_1_818' title='bbox 2198 4976 2362 5030; x_wconf 72' lang='lat' dir='ltr'><strong>Veluti</strong></span> <span class='ocrx_word' id='word_1_819' title='bbox 2394 4974 2538 5042; x_wconf 86' lang='lat' dir='ltr'><strong>ficta,</strong></span> <span class='ocrx_word' id='word_1_820' title='bbox 2559 4990 2655 5044; x_wconf 90' lang='lat' dir='ltr'><strong>pro</strong></span> <span class='ocrx_word' id='word_1_821' title='bbox 2685 4973 2837 5028; x_wconf 83' lang='lat' dir='ltr'><strong>falsis</strong></span> <span class='ocrx_word' id='word_1_822' title='bbox 2861 4970 3087 5025; x_wconf 90' lang='lat' dir='ltr'><strong>ducunt.</strong></span> <span class='ocrx_word' id='word_1_823' title='bbox 3119 4968 3302 5023; x_wconf 87' lang='lat' dir='ltr'><strong>Dicam</strong></span> <span class='ocrx_word' id='word_1_824' title='bbox 3334 4974 3552 5035; x_wconf 82' lang='lat' dir='ltr'><strong>tanien,</strong></span> 
     </span>
    </p>
   </div>
   <div class='ocr_carea' id='block_1_108' title="bbox 1959 5057 3563 5141">
    <p class='ocr_par' dir='ltr' id='par_1_108' title="bbox 1959 5057 3563 5141">
     <span class='ocr_line' id='line_1_108' title="bbox 1959 5057 3563 5141; baseline -0.007 -14"><span class='ocrx_word' id='word_1_825' title='bbox 1959 5074 2042 5127; x_wconf 91' lang='lat' dir='ltr'><strong>bis</strong></span> <span class='ocrx_word' id='word_1_826' title='bbox 2088 5071 2386 5141; x_wconf 70' lang='lat' dir='ltr'><strong>prmsertim</strong></span> <span class='ocrx_word' id='word_1_827' title='bbox 2428 5070 2519 5139; x_wconf 87' lang='lat' dir='ltr'><strong>qui</strong></span> <span class='ocrx_word' id='word_1_828' title='bbox 2562 5070 2726 5123; x_wconf 89' lang='lat' dir='ltr'><strong>Deum</strong></span> <span class='ocrx_word' id='word_1_829' title='bbox 2780 5064 3087 5120; x_wconf 88' lang='lat' dir='ltr'><strong>mirabilem</strong></span> <span class='ocrx_word' id='word_1_830' title='bbox 3135 5062 3191 5116; x_wconf 91' lang='lat' dir='ltr'><strong>in</strong></span> <span class='ocrx_word' id='word_1_831' title='bbox 3244 5057 3482 5115; x_wconf 82' lang='lat' dir='ltr'><strong>Sanctis</strong></span> <span class='ocrx_word' id='word_1_832' title='bbox 3508 5070 3563 5116; x_wconf 85' lang='lat' dir='ltr'><strong>et</strong></span> 
     </span>
    </p>
   </div>
   <div class='ocr_carea' id='block_1_109' title="bbox 1957 5146 3565 5233">
    <p class='ocr_par' dir='ltr' id='par_1_109' title="bbox 1957 5146 3565 5233">
     <span class='ocr_line' id='line_1_109' title="bbox 1957 5146 3565 5233; baseline -0.019 -11"><span class='ocrx_word' id='word_1_833' title='bbox 1957 5166 2184 5222; x_wconf 84' lang='lat' dir='ltr'><strong>credunt</strong></span> <span class='ocrx_word' id='word_1_834' title='bbox 2211 5172 2267 5217; x_wconf 89' lang='lat' dir='ltr'><strong>et</strong></span> <span class='ocrx_word' id='word_1_835' title='bbox 2309 5161 2629 5233; x_wconf 67' lang='lat' dir='ltr'><strong>pratdicanl.</strong></span> <span class='ocrx_word' id='word_1_836' title='bbox 2659 5160 2793 5215; x_wconf 87' lang='lat' dir='ltr'><strong>Cum</strong></span> <span class='ocrx_word' id='word_1_837' title='bbox 2825 5155 2993 5219; x_wconf 89' lang='lat' dir='ltr'><strong>enim,</strong></span> <span class='ocrx_word' id='word_1_838' title='bbox 3019 5165 3079 5209; x_wconf 91' lang='lat' dir='ltr'><strong>nt</strong></span> <span class='ocrx_word' id='word_1_839' title='bbox 3129 5146 3381 5207; x_wconf 73' lang='lat' dir='ltr'><strong>diximus,</strong></span> <span class='ocrx_word' id='word_1_840' title='bbox 3430 5152 3565 5205; x_wconf 72' lang='lat' dir='ltr'><strong>rcli-</strong></span> 
     </span>
    </p>
   </div>
   <div class='ocr_carea' id='block_1_110' title="bbox 1956 5233 3570 5327">
    <p class='ocr_par' dir='ltr' id='par_1_110' title="bbox 1956 5233 3570 5327">
     <span class='ocr_line' id='line_1_110' title="bbox 1956 5233 3570 5327; baseline -0.014 -15"><span class='ocrx_word' id='word_1_841' title='bbox 1956 5255 2091 5327; x_wconf 86' lang='lat' dir='ltr'><strong>giosi</strong></span> <span class='ocrx_word' id='word_1_842' title='bbox 2122 5252 2221 5307; x_wconf 87' lang='lat' dir='ltr'><strong>viri</strong></span> <span class='ocrx_word' id='word_1_843' title='bbox 2270 5270 2299 5306; x_wconf 89' lang='lat' dir='ltr'><strong>a</strong></span> <span class='ocrx_word' id='word_1_844' title='bbox 2349 5253 2436 5321; x_wconf 88' lang='lat' dir='ltr'><strong>pio</strong></span> <span class='ocrx_word' id='word_1_845' title='bbox 2473 5265 2637 5320; x_wconf 88' lang='lat' dir='ltr'><strong>opere</strong></span> <span class='ocrx_word' id='word_1_846' title='bbox 2671 5263 2778 5303; x_wconf 91' lang='lat' dir='ltr'><strong>non</strong></span> <span class='ocrx_word' id='word_1_847' title='bbox 2831 5245 3185 5304; x_wconf 89' lang='lat' dir='ltr'><strong>desisterent,</strong></span> <span class='ocrx_word' id='word_1_848' title='bbox 3234 5243 3290 5288; x_wconf 89' lang='lat' dir='ltr'><strong>et</strong></span> <span class='ocrx_word' id='word_1_849' title='bbox 3323 5233 3482 5327; x_wconf 86' lang='lat' dir='ltr'><strong>idem</strong></span> <span class='ocrx_word' id='word_1_850' title='bbox 3510 5257 3570 5296; x_wconf 79' lang='lat' dir='ltr'><strong>se</strong></span> 
     </span>
    </p>
   </div>
   <div class='ocr_carea' id='block_1_111' title="bbox 2641 5326 3542 5362">
    <p class='ocr_par' dir='ltr' id='par_1_111' title="bbox 2641 5326 3542 5362">
     <span class='ocr_line' id='line_1_111' title="bbox 2641 5326 3542 5362; baseline 0 0"><span class='ocrx_word' id='word_1_851' title='bbox 2641 5343 2653 5362; x_wconf 84' lang='grc' dir='ltr'><strong>ι</strong></span> <span class='ocrx_word' id='word_1_852' title='bbox 2670 5359 2689 5362; x_wconf 92' lang='lat'>_</span> <span class='ocrx_word' id='word_1_853' title='bbox 2708 5358 2752 5362; x_wconf 84' lang='lat'>___</span> <span class='ocrx_word' id='word_1_854' title='bbox 2767 5350 2892 5362; x_wconf 64' lang='lat'><strong>-_....</strong></span> <span class='ocrx_word' id='word_1_855' title='bbox 2936 5336 3148 5362; x_wconf 53' lang='lat' dir='ltr'><strong>ALL.-.”</strong></span> <span class='ocrx_word' id='word_1_856' title='bbox 3203 5326 3542 5362; x_wconf 65' lang='grc' dir='ltr'><strong>οίηίιιῖαοηνο</strong></span> 
     </span>
    </p>
   </div>
  </div>
