4110 5362
589 330 695 387 δῦῒ
726 339 732 351 ’

1628 328 1686 385 S.
1726 328 2010 387 JOANNIS
2048 330 2442 387 GUALBERTI
2481 331 2771 387 ABBATIS
3761 337 3869 390 85?

592 455 712 494 sum
765 436 914 499 foms
968 437 1259 508 arripiens,
1304 451 1428 492 eum
1468 436 1558 491 vix
1609 440 1764 494 turba
1819 441 2096 496 hominum
2126 443 2177 496 in
2208 450 2252 508 Λ
2287 442 2512 508 faceret,
2560 459 2654 498 seu
2694 452 2877 509 vento,
2905 458 2995 511 qtn
3036 451 3263 514 angusta
3307 444 3578 515 ingressus
3619 446 3761 503 tales
3786 465 3857 505 so

593 544 794 585 corona
828 528 1047 584 reducta
1072 537 1353 597 ceperunt.

638 621 757 677 λι.
781 620 897 676 Non
932 636 1097 690 parvo
1143 620 1325 690 itaque
1362 631 1603 692 tempore
1645 622 1697 677 in
1743 622 1829 693 pio
1858 638 2024 694 opere
2056 639 2178 680 con-

597 718 828 780 sumpto,
856 710 1071 765 demum
1099 710 1374 765 clmtnones
1404 726 1542 765 unus
1569 720 1691 781 post
1720 710 1950 766 alterum
1975 728 2178 768 exeun-

598 812 699 866 tes,
744 816 867 857 etun
910 798 1026 856 fere
1078 801 1183 854 vita
1241 802 1345 856 hac
1399 801 1665 872 privatum
1696 802 1981 873 reliquero).
2017 804 2093 859 Eo
2123 805 2176 859 in

596 895 714 949 loco
743 893 832 949 ubi
858 895 961 949 hoc
1002 894 1305 964 prodigium
1331 892 1391 949 S.
1418 892 1644 950 Joannis
1665 894 1862 950 virtute
1891 896 2174 965 cperatn'm

595 992 701 1046 νει,
733 998 855 1039 cum
906 982 1086 1051 plures
1115 997 1225 1038 tum
1274 984 1509 1054 religiosi
1555 993 1665 1038 tum
1702 985 1993 1039 saeculares
2022 988 2178 1040 ades-

594 1084 735 1140 sent,
779 1074 1047 1130 abnuente
1076 1076 1303 1137 Athate,
1337 1091 1458 1129 eum
1486 1075 1635 1129 adire
1659 1090 1751 1129 seu
1780 1075 2044 1145 palpando
2071 1085 2178 1129 tra-

598 1177 749 1220 ctare
781 1180 947 1221 ausus
975 1172 1061 1219 est
1086 1180 1267 1241 nemo.
1299 1164 1434 1220 Cum
1464 1164 1626 1237 igitur
1648 1179 1838 1221 omnes
1867 1165 1944 1219 rei
1971 1164 2175 1218 exitum

595 1258 802 1312 orando
825 1256 1285 1327 prtestolarentur.
1309 1256 1520 1326 expleta
1552 1257 1682 1310 hora
1707 1264 1763 1309 et
1782 1255 2023 1319 dimidia,
2052 1270 2177 1310 sen-

598 1351 700 1406 sim
730 1366 789 1405 se
819 1365 1062 1415 movens,
1092 1351 1332 1415 demum,
1365 1350 1520 1420 quasi
1556 1350 1621 1404 de
1652 1365 1842 1404 somno
1873 1348 2174 1421 evigilaret,

597 1441 932 1504 exsurrexit,
981 1453 1035 1495 et
1092 1453 1454 1512 percunctans
1492 1441 1619 1512 quid
1679 1440 1785 1495 illic
1818 1450 2095 1509 ageretur,
2118 1456 2178 1495 re

598 1529 841 1599 cognita,
898 1528 1185 1599 diligenter
1230 1530 1297 1584 ad
1337 1529 1507 1585 altare
1555 1528 1727 1598 majus
1763 1546 1821 1585 se
1851 1530 2096 1591 contulit,
2123 1539 2178 1585 et

600 1622 744 1685 viva,
767 1628 827 1672 ut
852 1618 1068 1683 dicitur,
1097 1633 1227 1673 voce
1259 1618 1557 1674 orationem
1582 1620 1647 1672 ad
1673 1619 1969 1689 piissimam
1998 1618 2176 1691 Virgi-

601 1724 723 1764 nem
748 1704 973 1763 Mariam
1016 1718 1069 1765 et
1096 1709 1160 1764 ad
1202 1709 1258 1763 S.
1291 1707 1555 1764 Joannem
1590 1710 1777 1764 habuit
1807 1710 1879 1763 ita
1903 1719 2173 1775 ornatam,

601 1801 783 1857 verbis
820 1800 1216 1858 miserabilibus
1254 1803 1489 1872 plenam,
1521 1812 1579 1856 ut
1619 1802 1871 1857 onmibus
1904 1802 2179 1871 prmseuti-
2212 1787 2254 1845 Β

601 1895 702 1949 bus
740 1903 1053 1951 concuteret
1080 1894 1372 1966 lacrymas.
1413 1896 1637 1949 Demum
1677 1894 1982 1950 valedicens
2008 1895 2183 1949 omni-

602 1990 726 2056 bus,
748 2002 851 2042 una
883 2003 1007 2043 cum
1039 1988 1153 2043 suis
1187 1988 1240 2043 in
1282 1988 1513 2058 patriam
1544 1987 1702 2044 laetus
1734 1996 1787 2044 ct
1823 1988 2185 2046 admiratione

603 2075 795 2148 plenus
819 2077 1110 2131 concessit.
1536 2136 1541 2141 ,

634 2220 637 2223 .
673 2167 764 2222 ιε.
791 2167 1090 2235 Quemdam
1123 2167 1323 2239 ingenti
1360 2183 1544 2224 amore
1562 2168 2031 2234 cxardescentem,
2061 2184 2183 2224 eum

603 2274 759 2314 suam
812 2258 1145 2329 voluptatem
1188 2259 1405 2329 explere
1439 2274 1543 2314 non
1576 2258 1832 2314 valuisset
1855 2258 2183 2328 (natnquam

604 2350 825 2406 amabat
853 2350 1009 2407 alteri
1045 2352 1270 2422 nupsit),
1294 2353 1348 2407 in
1391 2351 1660 2406 insaniam
1701 2351 1804 2406 hac
1841 2352 2183 2422 potissinuun

604 2456 768 2497 causa
827 2442 1136 2512 accepimus
1190 2442 1495 2507 devenisse,
1530 2451 1584 2496 et
1617 2441 1757 2497 .inde
1802 2442 1875 2497 ita
1923 2442 2184 2512 agitatum

606 2534 785 2601 furiis,
808 2545 866 2592 ut
894 2552 1014 2593 sese
1044 2554 1417 2608 saepenumero
1449 2538 1662 2593 diabolo
1695 2537 1923 2604 dederit,
1959 2548 2014 2593 et
2044 2539 2185 2594 hunc

604 2625 960 2697 Puppiensem
975 2627 1120 2699 (145)
1137 2628 1302 2683 fuisse
1325 2629 1691 2700 cognovimus.
1709 2628 1870 2684 Forte
1891 2644 1954 2684 ea
1979 2638 2187 2701 tempe-

606 2725 752 2771 state
770 2718 988 2788 quidam
1019 2732 1251 2788 nequam
1278 2720 1329 2772 in
1354 2734 1515 2775 cruce
1543 2734 1840 2790 suspensus
1870 2718 2061 2783 fuerat,
2094 2721 2185 2791 qui

608 2816 667 2862 ιιι
692 2808 760 2863 de
788 2823 846 2864 se
867 2810 1082 2864 (ueteris
1109 2820 1371 2866 terrorem
1415 2812 1697 2876 incuteret,
1732 2812 1805 2866 ita
1832 2823 1893 2865 ut
1931 2812 1989 2866 lit
2015 2811 2186 2866 inter-

608 2896 758 2964 dutn,
780 2900 1093 2969 'prmsertim
1126 2896 1173 2955 si
1203 2900 1491 2956 damnatus
1539 2902 1723 2956 multis
1751 2910 1808 2957 et
1843 2903 2000 2957 malis
2026 2901 2189 2957 fuerit

610 2988 941 3045 facinoribus
962 3001 1270 3060 conpertus,
1296 2992 1474 3047 edicto
1497 2994 1743 3063 pnetoris
1765 2994 1999 3048 nondum
2022 2994 2087 3048 de
2122 3009 2185 3048 ea

609 3097 715 3150 qua
766 3081 1032 3151 pendebat
1064 3097 1225 3139 cruce
1253 3083 1530 3153 depositus
1565 3083 1763 3157 [erat];
1799 3087 1887 3140 hic
1910 3084 2184 3156 equidem,

612 3180 670 3225 ut
692 3172 868 3240 palam
900 3170 1202 3239 dicebatur,
1232 3190 1331 3229 nec
1367 3191 1459 3230 sua
1498 3176 1663 3231 voluit
1692 3176 1896 3233 scelera
1919 3177 2187 3231 sacerdoti

611 3264 879 3331 coulitcri,
908 3280 1009 3321 nec
1028 3275 1211 3336 petere
1232 3267 1465 3334 veniam,
1494 3268 1585 3324 sed
1606 3267 1732 3323 Jesu
1758 3283 1990 3324 renuens
2011 3268 2185 3323 chari-

615 3366 802 3423 tatem,
838 3358 1218 3430 ingentemque
1257 3376 1417 3430 quam
1453 3360 1516 3415 de
1541 3376 1600 3416 se
1632 3360 1948 3416 mortalibus
1977 3359 2191 3415 miseris

613 3458 805 3519 sponte
833 3450 1053 3506 exhibet
1086 3451 1533 3518 misericordiam,
1574 3453 1641 3507 ad
1682 3452 1861 3506 crucis
1890 3449 2188 3522 patibulum

613 3539 776 3595 veluti
800 3540 1118 3612 desperatus
1144 3544 1433 3599 concessit.
1476 3544 1556 3599 Ad
1598 3544 1712 3599 ba'e
1744 3543 1881 3599 mala
1911 3544 2012 3598 hoc
2039 3534 2213 3597 addi?

613 3632 691 3686 dit
719 3632 905 3696 etiam,
931 3633 1300 3704 blasphemias
1329 3633 1381 3688 in
1410 3633 1593 3689 Jesutn
1616 3633 1823 3690 scilicet
1850 3635 1977 3689 etin
2015 3632 2193 3704 piissi-

615 3739 756 3780 mam
785 3723 1009 3780 Mariam
1042 3733 1268 3780 matrem
1292 3727 1410 3797 ejus
1435 3744 1447 3780 :
1473 3727 1606 3781 adeo
1641 3736 1697 3780 ut
1720 3725 2066 3797 quamplures
2090 3725 2189 3779 viri

612 3828 646 3870 ν
674 3814 875 3885 ligiosi,
906 3815 997 3885 qui
1025 3816 1415 3871 consolationis
1442 3818 1612 3887 gratia
1638 3833 1742 3870 una
1773 3832 1895 3872 cum
1920 3816 2192 3871 damnatis

613 3906 721 3959 iter
753 3905 857 3959 tale
887 3906 1297 3976 aggrediuntur,
1329 3908 1379 3962 iu
1417 3908 1590 3977 ipsum
1621 3908 1870 3976 spiritum
1898 3907 2192 3978 malignum

618 3995 918 4065 ingressum
951 4005 1274 4050 assererent.
1293 3996 1405 4051 lleu
1428 3997 1639 4068 quoties
1660 4010 1717 4052 se
1747 4012 2007 4067 suamque
2031 3998 2191 4051 vitam

614 4085 836 4141 diabolo
871 4087 1294 4141 commendavit!
1341 4088 1443 4143 heu
1471 4088 1685 4157 quoties
1705 4088 1868 4141 etiam
1891 4086 2016 4142 Jesu
2039 4087 2195 4142 Chri-

613 4178 687 4234 sti
723 4177 935 4232 Domini
978 4180 1246 4248 picturam
1288 4189 1342 4234 et
1386 4180 1674 4250 imaginem
1715 4179 1881 4234 torvis
1918 4177 2090 4234 oculis
2115 4191 2197 4232 re-

617 4268 822 4339 spexit!
854 4268 900 4339 Q
923 4271 1061 4326 tibus
1084 4271 1581 4341 imprecationibus,
1612 4278 1667 4327 et
1685 4285 1849 4341 eques
1874 4278 1927 4325 et
1954 4270 2045 4339 qui
2068 4271 2196 4325 ade-

620 4371 747 4421 rant
781 4363 893 4428 alii,
926 4379 1111 4420 casum
1150 4365 1514 4421 miserabilem
1552 4372 1875 4435 spectantes,
1911 4363 2012 4419 sibi
2054 4377 2196 4418 com-

2281 532 2428 586 nitus
2467 533 2693 587 reddere
2722 531 2878 595 solet,
2913 533 3179 596 evenerit,
3224 549 3327 589 non
3358 534 3491 589 satis
3523 546 3867 605 compertum

2282 628 2568 683 habemus.
2618 627 2730 682 Hoc
2784 628 2916 683 satis
2942 636 3112 698 patet,
3144 627 3286 682 illico
3316 628 3368 682 in
3394 644 3516 683 eum
3563 632 3867 686 dmmonem

2281 721 2352 775 ob
2407 721 2680 792 ingentem
2736 727 2938 775 metum
2999 721 3346 789 ingressum:
3388 718 3521 773 Nam
3562 728 3624 774 ut
3686 721 3870 790 ipsum

2280 813 2663 884 praedicantem
2716 812 2971 866 audivere
3014 810 3277 875 nonnulli,
3320 825 3582 881 nusquam
3620 814 3868 884 gentium

2277 914 2432 959 tanto
2457 904 2660 974 talique
2687 920 2890 974 pavore
2914 903 3050 958 alias
3078 903 3356 959 confectus
3375 912 3479 967 est,
3503 912 3562 959 ut
3590 920 3714 959 mox
3738 902 3873 959 viri-

2277 993 2380 1049 bus
2426 994 2682 1048 omnibus
2722 993 3015 1047 destitutus
3059 992 3411 1062 procubuerit
3436 992 3607 1048 humi.
3640 994 3697 1048 In
3737 1008 3868 1047 eum

2279 1086 2463 1156 itaque
2508 1086 2580 1141 ita
2621 1086 2979 1155 trepidantem
3003 1085 3235 1148 daemon,
3282 1085 3358 1139 uti
3395 1100 3546 1140 suam
3581 1086 3871 1155 ingressus

2278 1175 2524 1240 domum,
2555 1174 2656 1230 sibi
2695 1174 2963 1229 dominari
2991 1174 3179 1243 coepit,
3220 1173 3292 1227 ita
3333 1184 3391 1228 ut
3422 1188 3487 1229 ex
3512 1173 3681 1229 stulto
3719 1175 3874 1228 insa-

2278 1280 2405 1319 nmn
2458 1264 2732 1330 redderet,
2760 1274 2834 1332 et,
2878 1265 3021 1334 quod
3051 1263 3411 1334 periculosius
3460 1273 3563 1328 est,
3602 1264 3872 1319 formido-

2278 1353 2471 1410 losum.

2347 1445 2436 1502 47.
2469 1446 2740 1502 Continuo
2792 1447 2973 1516 itaque
3021 1455 3172 1501 artus
3209 1446 3429 1502 elevans
3473 1460 3622 1507 suos,
3652 1455 3708 1500 et
3758 1446 3872 1500 iter

2279 1537 2541 1609 Puppium
2567 1552 2755 1592 versus
2779 1537 3006 1604 faciens,
3044 1548 3259 1594 summo
3296 1553 3418 1592 cum
3451 1538 3651 1606 impetu
3680 1538 3739 1591 in
3769 1539 3872 1593 ho-

2278 1629 2454 1683 mines
2472 1628 2734 1699 eujusque
2762 1630 2980 1697 generis
3012 1629 3238 1685 ferebat.
3265 1626 3504 1683 Tandem
3530 1642 3658 1687 vero
3686 1644 3715 1681 a
3739 1629 3869 1697 qui-

2282 1717 2505 1772 busdam
2540 1717 2672 1772 viris
2711 1718 3048 1784 fortissimis,
3095 1719 3308 1788 agmine
3349 1716 3490 1774 facto
3525 1712 3680 1773 etin
3710 1728 3871 1773 cero-

2285 1824 2406 1862 nam
2449 1808 2699 1875 deducto,
2736 1818 2926 1880 captus
2952 1819 3006 1864 et
3050 1811 3299 1866 manibus
3322 1825 3353 1864 a
3382 1818 3532 1882 tergo
3559 1810 3866 1876 devinctus,

2283 1897 2607 1968 funibusque
2656 1907 2768 1957 toto
2802 1900 3171 1956 circumdatus
3210 1914 3457 1970 corpore,
3488 1900 3721 1955 maxima
3750 1909 3864 1954 tum

2284 1989 2580 2045 videntium
2618 1998 2728 2045 tum
2782 1991 3118 2045 audientium
3164 1990 3545 2057 admiratione,
3571 1991 3638 2047 ad
3666 1991 3870 2059 compi-

2286 2090 2397 2136 tum
2428 2096 2522 2137 seu
2552 2081 2952 2146 diverticulum,
2992 2083 3135 2152 quod
3164 2080 3413 2154 vulgares
3432 2090 3497 2138 .ct
3534 2080 3709 2153 plebei
3741 2097 3866 2136 cru-

2285 2171 2518 2226 cichium
2550 2170 2698 2242 (ιιι)
2732 2171 2937 2236 dicunt,
2967 2186 3033 2227 eo
3063 2171 3205 2241 quod
3231 2173 3328 2227 vite
3355 2181 3590 2241 quatuor
3610 2172 3662 2225 in
3682 2172 3867 2228 crucis

2287 2261 2515 2317 formam
2547 2263 2613 2317 ad
2665 2263 2779 2318 loca
2814 2264 3032 2319 tendant
3070 2265 3303 2328 diversa,
3331 2264 3382 2320 vi
3441 2271 3650 2319 tractus
3674 2274 3779 2318 est.
3802 2261 3866 2319 Et

2289 2370 2412 2409 cum
2449 2354 2717 2417 clamores
2745 2357 3045 2412 horrendos
3072 2357 3138 2412 ad
3162 2356 3336 2411 sidera
3366 2356 3593 2420 tolleret,
3620 2371 3680 2412 se.
3698 2356 3867 2410 etiam

2287 2458 2461 2516 neque
2501 2444 2725 2500 ulterius
2752 2446 2829 2500 ire
2862 2445 3501 2516 juramentoamrmaret,
3532 2445 3662 2512 illic,
3694 2444 3867 2501 utdeo

2289 2538 2431 2593 fessa
2483 2545 2793 2593 recreareut
2837 2552 3089 2607 corpora,
3132 2537 3388 2608 quievere
3447 2552 3658 2593 omnes.
3719 2536 3861 2592 lutet

2287 2628 2675 2698 quiescendum
2705 2628 2887 2699 igitur,
2912 2629 3287 2685 necessitatem
3314 2629 3560 2699 corporis
3581 2626 3867 2692 simulans,

2289 2719 2542 2775 missione
2570 2729 2808 2789 accepta,
2844 2736 2965 2775 cum
2999 2718 3270 2790 paululum
3317 2734 3347 2775 a
3397 2721 3481 2775 via
3533 2720 3867 2783 divertisset,

2289 2813 2453 2867 sociis
2493 2812 2633 2867 idem
2657 2812 2879 2867 minime
2904 2812 3243 2878 verentibus,
3275 2811 3582 2883 aufugiens,
3610 2810 3711 2866 iter
3731 2811 3879 2880 Pup:

2288 2902 2435 2972 pium
2461 2917 2653 2958 versus
2703 2903 2921 2957 tendere
2970 2904 3326 2974 properabat;
3373 2911 3428 2959 et
3465 2904 3518 2959 ni
3555 2904 3775 2974 quidam
3800 2906 3871 2959 de

2291 3002 2473 3049 monte
2501 2993 2771 3060 Milliario,
2798 2995 2889 3063 qui
2926 2994 3012 3050 his
3042 2994 3096 3049 in
3125 2995 3346 3065 rupibus
3381 2994 3528 3049 varia
3555 3009 3653 3064 pro
3677 3008 3871 3050 neces-

2290 3083 2454 3137 sitate
2503 3090 2631 3137 tunc
2660 3098 2842 3155 agere,
2872 3083 3200 3139 clamoribus
3254 3083 3648 3152 insequentium
3678 3083 3873 3145 exciti,

2293 3173 2395 3226 iter
2424 3187 2579 3226 suum
2612 3172 2981 3242 impedissent,
3023 3172 3260 3241 profecto
3294 3187 3357 3227 ea
3381 3172 3465 3227 die
3493 3171 3574 3226 vel
3606 3171 3870 3242 Puppium

2292 3266 2372 3319 vel
2395 3265 2501 3320 alio
2541 3266 2751 3336 longius
2780 3281 2899 3321 sese
2942 3265 3281 3321 contulisset.
3324 3266 3456 3321 Nam
3486 3267 3873 3324 concurrenti-

2291 3359 2393 3413 bus
2416 3358 2653 3430 undique
2686 3360 2993 3430 pastoribus
3029 3368 3081 3416 et
3111 3360 3379 3415 montanis
3401 3375 3558 3416 omne
3582 3361 3684 3416 sibi
3723 3360 3875 3416 clauo

2291 3465 2413 3504 sere
2439 3449 2562 3504 iter.

2365 3541 2448 3595 68.
2479 3542 2640 3596 Stetit
2671 3540 2759 3596 ille
2790 3542 3125 3612 prospiciens
3154 3551 3370 3604 cuneta,
3404 3556 3636 3611 cumque
3655 3542 3873 3610 conspi-

2293 3641 2441 3689 ceret
2464 3649 2679 3688 omnem
2706 3633 2807 3688 sibi
2836 3633 3041 3688 aditum
3071 3634 3345 3704 denegari,
3379 3648 3568 3704 parum
3604 3641 3872 3698 moratus,

2295 3724 2525 3801 imit-,1.“
2571 3740 2726 3780 ursus
2763 3727 3023 3789 fremens,
3057 3725 3285 3779 maxima
3328 3739 3449 3779 cum
3500 3724 3789 3778 velocitate
3818 3724 3869 3777 in

2294 3815 2472 3869 minus
2497 3822 2746 3884 potentes
2774 3830 2895 3870 sese
2926 3815 3137 3880 ferens,
3176 3814 3445 3885 paululum
3484 3814 3873 3869 reluctantibus

2296 3906 2420 3972 illis,
2446 3920 2477 3960 e
2514 3907 2761 3962 manibus
2813 3923 2999 3962 eorum
3028 3907 3217 3962 evasit.
3263 3907 3445 3977 Itaque
3481 3906 3568 3961 ille
3595 3906 3871 3976 fugiendo,

2296 3998 2348 4053 hi
2382 3996 2695 4051 insectando
2726 3997 2951 4052 nmltum
2983 3998 3088 4052 diei
3122 4011 3218 4067 per
3238 4012 3474 4053 concava
3508 3996 3874 4065 vallium,'per

2296 4088 2523 4157 abrupta
2554 4087 2815 4142 montium
2857 4086 3058 4143 frustra
3088 4102 3491 4158 consumpsere.
3536 4086 3726 4157 Operae
3744 4100 3868 4156 pre—

2298 4179 2429 4234 tium
2464 4187 2580 4235 erat
2608 4194 2832 4235 cernere
2860 4190 3061 4249 quanta
3102 4177 3327 4234 audacia
3366 4187 3675 4248 quantaque
3706 4176 3871 4232 animi

2296 4270 2367 4335 vi,
2394 4270 2588 4326 diaboli
2638 4270 2851 4340 adjutus
2880 4270 3096 4335 auxilio,
3128 4284 3264 4324 sese
3307 4270 3472 4323 miser
3494 4268 3582 4323 ille
3610 4275 3870 4321 tueretur.

2297 4361 2413 4417 Non
2474 4363 2616 4417 enim
2659 4361 2841 4418 verbis
2873 4369 3078 4417 tantum
3132 4370 3187 4416 et
3211 4359 3540 4415 clamoribus
3567 4357 3752 4422 variis,
3781 4357 3875 4412 sed

617 4456 758 4526 pati,
784 4456 1054 4511 interdum
1097 4457 1314 4524 minari,
1344 4459 1394 4512 ni
1430 4458 1588 4513 linem
1621 4456 1931 4512 bacchandi
1966 4455 2188 4510 faceret.
2219 4461 2270 4521 ι)
2294 4453 2563 4525 lapidibus
2582 4454 2872 4510 sudibusve
2903 4469 2989 4509 res
3013 4453 3080 4508 ab
3114 4467 3179 4508 eo
3200 4452 3457 4507 atrociter
3486 4452 3765 4519 agebatur.
3800 4450 3879 4503 Eo

624 4547 844 4614 Verum,
883 4563 1004 4603 cum
1063 4548 1196 4604 nihil
1235 4549 1577 4618 proﬁcerent,
1611 4548 1813 4603 exitum
1845 4547 1946 4602 sibi
1976 4547 2195 4615 suisque

622 4636 865 4693 moribus
896 4637 1115 4708 dignum
1139 4640 1352 4694 dedcze.

640 4738 645 4741 '
699 4727 785 4783 ιϐ.
820 4727 954 4783 Cum
985 4728 1169 4799 igitur,
1202 4737 1256 4781 ut
1290 4728 1423 4795 dixi,
1467 4728 1699 4784 cadaver
1740 4728 1791 4782 in
1823 4741 1985 4783 cruce
2004 4736 2195 4782 catena

618 4820 849 4891 ligatum
878 4820 1159 4891 penderet,
1189 4822 1276 4876 bic
1312 4821 1403 4892 qui
1429 4836 1494 4876 ex
1520 4836 1702 4875 anmre
1732 4820 1785 4875 in
1813 4821 2076 4874 insaniam
2106 4818 2198 4872 de—

624 4920 872 4977 lrrnerat,
904 4911 1043 4968 forte
1075 4925 1289 4967 crucem
1313 4913 1465 4983 juxta
1503 4915 1606 4968 iter
1632 4912 1840 4977 habuit,
1868 4920 1924 4966 et
1945 4925 2094 4965 more
2119 4910 2200 4964 in-

629 5004 771 5046 r‘mnii
824 5004 1043 5046 humani
1084 5005 1310 5046 ρΙονειιῖα
1344 5005 1513 5046 nmvlic
1562 5005 1797 5046 omlmmr
1845 5003 2172 5046 hnrrpnﬂnm

2295 4554 2455 4617 pacto
2506 4561 2600 4601 eos
2643 4546 2803 4616 longe
2851 4545 3135 4616 repellere;
3189 4543 3453 4599 interdum
3484 4557 3611 4597 vero
3670 4540 3877 4595 immite

2298 4643 2579 4706 percutere
2608 4652 2621 4689 :
2657 4636 2874 4690 tandem
2925 4650 3057 4690 vero
3079 4649 3204 4705 pars
3247 4634 3507 4703 optimum
3530 4630 3644 4695 fere
3667 4633 3766 4685 rati
3798 4632 3878 4698 ip-

2296 4743 2413 4783 sum
2437 4726 2643 4791 fallere,
2676 4727 2801 4783 dum
2825 4726 2878 4782 in
2903 4726 3035 4781 alios
3063 4724 3597 4786 ac’riteriucurreret,
3632 4721 3723 4774 alii
3750 4736 3875 4774 eum

2297 4816 2422 4871 dolo
2474 4815 2734 4887 aggressi,
2779 4815 2907 4887 quia
2959 4813 3090 4869 nihil
3139 4814 3243 4867 tale
3286 4818 3518 4881 putaret,
3568 4809 3875 4864 manibnsa

2301 4915 2453 4977 tergo
2515 4907 2792 4971 revinctis,
2832 4905 2899 4959 ad
2945 4903 3326 4960 monasterium
3354 4902 3551 4955 sudore
3578 4897 3873 4959 madidum,

2300 5008 2355 5044 et
2382 4999 2600 5044 nnlvom
2614 5011 2981 5044 ennenersum-
3001 4997 3223 5042 invitum
3238 5003 3287 5042 et
3309 5002 3456 5042 torva
3479 4991 3676 5042 saeuius
3693 4989 3878 5042 excla-
