4110 5362
202 362 324 421 833

1680 331 1689 337 ’
1748 358 1950 414 acra.

3389 364 3494 421 836

206 477 367 552 dine]
405 491 493 531 res
527 475 580 530 in
610 473 825 546 longam
850 470 1207 528 deduceretur
1242 487 1474 540 moram,
1499 488 1597 528 nec
1629 474 1890 535 (ἷίςιὶιο-’Λ
1923 480 2089 540 retur,
2118 489 2238 529 cum
2259 484 2469 530 caetera:
2492 476 2647 533 make
2678 485 2825 532 artes
2844 479 3036 548 quibus
3063 487 3309 535 amantes
3337 480 3497 533 olim-

205 568 305 622 tus
334 567 479 621 dicta
521 579 643 619 cum
697 562 856 617 factis
885 572 1235 632 componeret
1261 562 1481 633 (quippe
1506 563 1596 633 qui
1633 564 1812 620 verbis

204 672 274 713 se
309 670 413 711 non
445 654 674 723 amplius
694 668 817 708 eum
866 655 1230 724 ingressurum
1267 654 1528 725 polliceri,
1556 662 1810 710 ceterum

205 765 275 805 re
324 763 480 804 sccus
508 746 688 819 agere)
729 745 919 801 statuit
961 755 1114 816 pater
1143 744 1312 801 abbas
1350 753 1408 799 ut
1447 745 1661 816 publice
1705 746 1817 816 pri-

208 841 496 910 vatimque
534 839 811 893 orationes
858 853 954 907 pro
984 850 1048 892 eo
1094 837 1164 891 ab
1209 837 1462 891 omnibus
1503 847 1810 905 agerentur.

210 930 431 997 Quibus
457 928 651 982 devote
684 934 737 981 et
759 926 967 996 prolixe
993 925 1250 995 peractis,
1285 926 1546 994 postridie
1577 924 1690 979 fere
1717 941 1814 997 per

208 1023 387 1075 boras
425 1024 661 1089 quatuor
684 1017 1024 1071 orationibus
1048 1024 1101 1070 et
1122 1015 1376 1086 precibus
1400 1016 1808 1080 monachorum,

209 1120 269 1165 et
320 1109 622 1164 sacerdotis
664 1105 885 1177 iugibus
940 1104 1408 1175 coniurationibus
1439 1106 1831 1162 stomachatus‘

208 1202 454 1264 demen,
481 1198 696 1254 tandem
721 1196 973 1253 omnibus
1016 1196 1359 1252 audientibus
1402 1197 1453 1251 in
1494 1197 1608 1251 hmc
1648 1196 1811 1251 verba

210 1289 465 1360 prorupit
492 1305 507 1343 :
537 1288 639 1355 Qui
683 1302 771 1342 me
817 1287 1088 1341 insontem
1128 1286 1203 1340 ita
1261 1286 1425 1357 impie
1467 1286 1811 1341 orationibus

212 1381 491 1449 torquetis
547 1395 580 1432 ο
631 1377 883 1432 Fratres?
930 1368 987 1430 in
1036 1376 1182 1431 hunc
1233 1387 1489 1446 tanquam
1534 1376 1587 1430 in
1635 1391 1810 1432 meam

210 1471 615 1544 possessionem
665 1468 861 1537 schius
903 1476 1126 1521 vocatus
1171 1466 1393 1531 incessi,
1438 1466 1690 1536 quocirca
1720 1467 1814 1521 de-

215 1581 369 1620 mum
402 1578 432 1617 a
466 1572 573 1617 tam
627 1561 835 1616 nefario
860 1574 1023 1629 opere
1073 1559 1349 1614 absistatis
1377 1574 1495 1614 oro.
1530 1559 1645 1614 Non
1666 1561 1810 1615 enim

213 1653 325 1708 nisi
364 1652 460 1707 Dei
490 1652 771 1706 voluntate
803 1649 907 1704 hoc
956 1664 1077 1703 sum
1106 1662 1416 1719 aggressus,
1444 1650 1530 1704 cui
1565 1649 1700 1704 velle
1724 1665 1829 1705 re-'

214 1745 436 1808 sistere,
491 1742 644 1797 nefas
674 1749 757 1795 est
823 1738 1088 1810 profecto.
1135 1739 1237 1803 Tu,
1265 1739 1439 1808 inquit
1476 1740 1748 1809 sacerdos,
1779 1756 1812 1796 ο

1918 574 2005 619 ιιιι·
2057 565 2159 620 sibi
2205 566 2497 631 deessent,
2552 567 2738 624 omnia
2793 569 3026 639 experiri
3085 568 3274 625 maluit
3326 571 3495 641 magis

1914 670 2075 725 quam
2102 656 2175 711 ita
2205 656 2548 743 impatienter
2572 660 2676 714 uri.

1984 745 2074 800 52.
2114 745 2382 814 Quocirca
2413 764 2515 812 me,
2539 758 2596 803 ut
2623 748 2791 819 ipsam
2829 751 2895 805 ad
2933 751 3015 806 sui
3043 750 3370 823 voluptatem
3400 767 3493 806 co-

1915 850 2119 906 gerem,
2168 837 2440 891 cantando
2464 838 2744 892 excitavit.
2796 837 2925 906 Sed,
2974 850 3034 894 ut
3062 854 3248 895 verum
3299 840 3495 903 iatear,

1916 926 2048 982 nihil
2074 926 2302 999 profeci.
2353 926 2487 983 Nam
2521 940 2579 983 ut
2608 945 2637 983 a
2661 932 2975 1000 parentibus
3007 935 3211 1003 optime
3230 935 3497 991 instructa

1915 1023 2213 1090 peroptime
2260 1021 2620 1077 monumentis
2652 1021 2832 1087 bonis,
2883 1039 2912 1077 a
2965 1026 3166 1079 teneris
3196 1026 3354 1080 annis
3379 1040 3498 1080 sese

1914 1110 2257 1164 orationibus
2274 1111 2425 1177 dare,
2451 1112 2701 1182 precibus
2734 1124 2789 1167 et
2832 1112 3085 1184 lacrymis
3119 1115 3357 1187 Virginis
3388 1116 3507 1170 Ma~

1915 1198 2010 1252 rite
2040 1199 2297 1255 auxilium
2336 1200 2540 1271 iugiter
2580 1202 2889 1274 implorare.
2938 1202 3033 1260 llis
3081 1206 3263 1277 itaque
3296 1216 3350 1262 et
3377 1206 3498 1264 ali's

1914 1292 2168 1360 operibus
2198 1291 2353 1345 bonis
2376 1293 2443 1347 ab
2474 1308 2536 1346 ea
2572 1295 2884 1364 impeditus,
2912 1310 3035 1350 cum
3068 1296 3237 1367 ipsius
3263 1312 3498 1369 nequam

1914 1384 2212 1439 sacerdotis
2234 1399 2329 1454 pes
2360 1385 2521 1440 imam
2535 1387 2867 1441 voluntatem
2890 1389 3221 1443 exsecutioni
3240 1392 3507 1446 mandare

1914 1473 2221 1542 nequirem,
2273 1475 2557 1547 indignans
2604 1492 2725 1530 eam
2772 1477 2967 1530 invasi.
2992 1477 3166 1544 Quam
3212 1480 3357 1533 enim
3394 1481 3497 1534 sibi

1914 1570 2103 1615 contra
2132 1578 2336 1617 morem
2364 1572 2609 1619 nostrum
2645 1565 2913 1620 humanos
2942 1565 3315 1639 benignusque
3333 1570 3501 1623 exsti-

1917 1651 2093 1716 terim,
2136 1653 2366 1721 ipsamet
2408 1654 2565 1708 callet
2584 1646 2914 1726 ’pcroptime.
2946 1655 3080 1710 Nam
3108 1657 3250 1713 inter
3278 1648 3500 1727 uetera,

1913 1744 2360 1814 quotiescumque
2380 1746 2545 1802 corde
2568 1750 2619 1801 et
2637 1759 2816 1803 mente
2838 1749 3026 1818 majori
3051 1752 3231 1807 studio
3254 1753 3499 1818 incensa,

212 1834 457 1905 pessime
479 1833 712 1897 dmuton,
738 1830 832 1886 Dei
866 1830 1074 1885 resistis
1118 1828 1419 1894 voluntati;
1452 1828 1546 1898 qui
1583 1844 1704 1885 eum
1730 1829 1808 1900 ip-

1917 1851 2097 1892 reram
2128 1837 2221 1892 Dei
2247 1838 2562 1909 religionem
2604 1840 2779 1910 sequi,
2811 1841 2894 1896 vel
2930 1845 3139 1899 orando
3168 1844 3224 1898 in
3256 1844 3497 1909 silentio.

215 1926 334 1979 sius
360 1922 606 1994 proberis
630 1920 801 1978 hostis
826 1929 881 1975 et
920 1920 1191 1982 inimicus,
1218 1917 1354 1974 alios
1380 1920 1544 1974 etiam
1568 1920 1632 1972 ad
1668 1919 1807 1974 hanc

214 2017 519 2088 perniciem
569 2016 787 2070 trahere
839 2013 1049 2069 niteris.
1101 2010 1180 2067 Ea
1228 2021 1450 2083 propter
1486 2012 1572 2066 abi
1608 2013 1661 2066 in
1693 2028 1806 2067 rem

217 2120 371 2164 tuam
404 2107 621 2173 malam,
652 2115 707 2160 et
744 2106 880 2161 vade
908 2105 960 2159 in
986 2113 1253 2159 tartareas
1273 2106 1540 2175 regiones,
1569 2120 1675 2174 quo
1699 2121 1806 2159 me—

218 2201 365 2256 rttus
391 2215 453 2255 es
475 2198 650 2265 mihi!
679 2197 773 2252 tibi
798 2198 871 2253 sit
891 2211 1180 2252 commune
1205 2211 1327 2252 cum
1351 2197 1523 2251 servis
1560 2196 1676 2262 Dei,
1695 2196 1808 2267 jam

219 2290 468 2347 coelestia
497 2290 877 2360 cogitantibus.

262 2384 382 2439 '50.
414 2382 539 2438 ι]ωο
563 2392 618 2438 et
647 2382 755 2436 alia
794 2396 915 2437 cum
957 2381 1152 2451 saepius
1206 2381 1482 2448 sacerdos,
1533 2380 1812 2436 monachis

220 2475 509 2531 orantibus
524 2483 579 2528 et
606 2472 969 2536 cantantibus,
995 2471 1313 2537 revolveret,
1340 2472 1555 2526 tandem
1581 2470 1811 2535 tlzetnon,

220 2566 451 2622 Joannis
503 2563 851 2619 sanctitatem
891 2561 1121 2632 amplius
1159 2562 1302 2616 ferre
1329 2577 1434 2616 non
1464 2564 1674 2625 valens,
1701 2558 1814 2615 dis-

218 2675 305 2714 ce>
317 2659 410 2714 sit.
436 2655 598 2712 Miser
617 2655 708 2711 ille
728 2655 875 2710 humi
904 2664 1233 2724 prostratus,
1261 2653 1374 2708 fere
1394 2670 1492 2724 per
1515 2654 1726 2718 horam,
1757 2662 1816 2707 ut

222 2749 519 2815 exanimis,
539 2747 709 2816 jacuit
737 2762 751 2799 :
781 2744 1007 2801 Dcmum
1037 2761 1166 2801 vero
1195 2760 1516 2818 exsurgens,
1546 2740 1601 2800 et
1638 2753 1816 2799 mente

225 2854 279 2900 et
309 2857 543 2915 corpore
590 2856 777 2908 sanus,
809 2841 921 2896 Deo
963 2841 1232 2911 imprimis
1260 2849 1314 2895 et
1335 2840 1583 2912 gloriosae
1606 2838 1813 2910 Virgini

226 2936 408 2992 Harim
437 2944 493 2991 et
517 2933 574 2990 S.
614 2932 810 2989 Joanni
836 2932 1041 3004 gratias
1065 2933 1194 3004 egit.
1221 2931 1402 2987 Voluit
1429 2939 1607 2985 tamen
1630 2929 1690 2983 P.
1724 2931 1819 2983 ab-

226 3027 324 3082 bas
354 3035 413 3081 ut
454 3026 605 3101 prius
628 3025 906 3080 humiliter
932 3024 1283 3080 confiteretur
1307 3024 1416 3078 Deo
1440 3020 1492 3078 et
1528 3023 1817 3088 sacerdoti,

226 3104 389 3187 quam
450 3118 669 3170 domum
698 3115 983 3186 repedaret
1011 3128 1186 3179 suam,
1214 3129 1283 3171 ne
1320 3113 1576 3184 deinceps
1605 3114 1811 3168 dmmun

229 3209 282 3263 in
310 3224 431 3264 eum
465 3217 785 3278 potestatem
816 3207 1151 3277 ingrediendi
1178 3208 1420 3263 haberet.
1457 3208 1622 3263 Facta
1649 3204 1815 3278 igitur

229 3288 515 3371 diligenter
549 3310 603 3355 et
633 3299 908 3354 humiliter
932 3298 1294 3367 confessione,
1335 3288 1542 3356 summa
1570 3315 1691 3354 cum
1719 3298 1813 3353 lce-

230 3390 345 3446 titia
368 3391 636 3461 Puppium
664 3389 872 3445 rediere
896 3405 1113 3457 omnes;
1142 3408 1240 3448 nec
1271 3392 1497 3448 ulterius
1522 3409 1550 3447 a
1574 3393 1814 3449 daemone

232 3480 391 3539 homo
419 3484 511 3539 ille
537 3497 820 3552 possessus
849 3491 953 3537 cst.

424 3588 427 3591 λ
692 3586 695 3591 ·
888 3572 1067 3629 PARS
1106 3573 1170 3630 V.

300 3652 651 3722 5!.Puellam
678 3667 987 3737 quamdam,
1016 3670 1100 3724 cui
1130 3685 1320 3723 nomen
1351 3680 1466 3724 erat
1497 3669 1809 3735 Francisea,

232 3746 302 3810 ex
315 3756 534 3813 civitate
554 3758 857 3814 Castellana
875 3760 1044 3833 (145),
1071 3761 1261 3831 magiis
1284 3772 1335 3815 et
1356 3762 1812 3817 incantationibus

236 3846 579 3904 atrocissime
597 3862 871 3918 vexatam,
899 3852 964 3906 ad
999 3853 1099 3905 hoc
1123 3850 1180 3907 S.
1215 3850 1394 3906 Maria:
1422 3854 1809 3908 monasterium

235 3941 514 3998 deductam
540 3944 873 4014 accepimus.
913 3936 1037 3998 liceo
1078 3944 1349 3999 interdum
1373 3947 1653 4000 adeoboui
1684 3961 1809 4001 sen-

234 4046 323 4085 sus
350 4032 624 4103 etq‘uietze
652 4033 775 4088 vita:
806 4046 942 4096 esse,
989 4045 1045 4089 ut
1071 4050 1189 4089 eam
1219 4050 1248 4089 a
1278 4035 1541 4089 datmouio
1573 4038 1807 4106 torqueri

236 4120 323 4177 vel
345 4118 525 4195 aliqua
566 4127 618 4180 in
651 4136 805 4196 parte
833 4128 1076 4198 corporis
1117 4127 1362 4182 laborare
1406 4128 1609 4183 diceret
1631 4145 1807 4183 neruo.

237 4213 568 4287 Quandoque
599 4233 727 4272 vero
756 4233 812 4272 se
839 4218 1017 4288 gladio
1045 4233 1264 4285 necare,
1290 4219 1426 4274 alios
1456 4220 1711 4275 invadere
1757 4229 1811 4274 et

238 4298 483 4364 dentibus
536 4310 741 4364 laniare
768 4313 1030 4366 tentabat.
1065 4310 1169 4366 Sed
1193 4313 1294 4367 hoc
1317 4313 1600 4382 aegerrime
1626 4328 1808 4366 sacer-

238 4398 406 4467 dotes,
447 4408 498 4456 et
529 4402 621 4471 qui
671 4417 791 4457 eam
835 4403 1191 4471 conjurabant
1247 4406 1520 4469 monachi,
1546 4404 1809 4476 perferre,

1840 3157 1886 3218 C

1911 1927 1993 1980 vel
2021 1928 2276 1983 ecclesias
2304 1928 2597 1997 visitando,
2624 1930 2708 1986 vel
2751 1933 3165 2009 praedicationes
3194 1937 3343 1991 adire
3382 1948 3499 1990 stu-

1911 2018 2139 2085 duisset,
2192 2036 2467 2090 nunquam
2519 2023 2761 2077 recusavi
2814 2024 2945 2093 quin
3002 2040 3105 2080 una
3159 2024 3278 2099 [ad]
3329 2043 3495 2099 opera

1913 2109 2226 2165 inesscritn
2263 2111 2369 2179 pia.
2415 2110 2515 2166 Cui
2542 2113 2842 2168 sacerdos:
2875 2112 2977 2181 Tu,
3002 2130 3035 2170 ο
3063 2117 3305 2171 omnium
3342 2120 3500 2174 sedu-

1912 2209 2051 2261 ctor,
2080 2196 2223 2251 mille
2246 2197 2427 2253 ferens
2454 2214 2632 2264 casus,
2662 2200 2979 2266 discordias,
3008 2204 3139 2270 iras,
3166 2205 3489 2273 simultates,

1913 2288 2216 2358 cmdcsque,
2270 2289 2356 2359 pia
2404 2305 2567 2359 opera
2616 2292 2764 2363 agis?
2803 2291 2882 2347 ita
2907 2296 3149 2350 omnium
3186 2297 3497 2352 daemonum

1915 2378 2149 2448 pessime
2200 2381 2288 2448 qui
2342 2396 2371 2434 a
2419 2381 2671 2451 supernis
2725 2382 2930 2454 delapsi
2990 2394 3118 2440 sunt
3167 2386 3516 2455 regionibus.~

1918 2471 2039 2525 novi
2069 2480 2121 2526 te
2145 2470 2289 2526 intus
2316 2481 2370 2527 et
2398 2473 2451 2528 in
2472 2483 2619 2529 cute.
2655 2472 2924 2546 Quidquid
2942 2484 3128 2532 sancte
3153 2485 3209 2531 et
3229 2478 3371 2549 juste
3406 2480 3505 2533 tle-

1916 2565 2029 2628 bat,
2054 2580 2161 2619 non
2213 2565 2340 2631 tuis,
2370 2566 2466 2621 sed
2505 2565 2741 2638 Virginis
2773 2564 2954 2623 Maria:
2988 2568 3193 2624 meritis
3213 2570 3499 2640 agebatur,

1917 2654 2007 2708 cui
2034 2655 2258 2710 minime
2286 2656 2658 2711 contradicere
2679 2656 2911 2712 audetis.

1987 2744 2075 2801 55.
2103 2744 2256 2801 Tune
2295 2747 2502 2802 daemon
2541 2748 2652 2802 risu
2700 2747 2877 2802 soluto
2909 2746 3241 2805 cachinnans
3276 2749 3500 2821 inquit:

1918 2839 1993 2893 lla
2018 2850 2122 2903 est,
2156 2839 2227 2894 mi
2255 2853 2430 2909 pater,
2455 2848 2514 2895 ut
2533 2840 2634 2895 ais.
2665 2838 2990 2897 Sciscitanle
3021 2844 3184 2898 etiam
3218 2846 3499 2902 sacerdote

1919 2946 2016 2984 cur
2048 2930 2100 2984 iu
2147 2930 2306 2985 talem
2349 2931 2581 3001 puellam
2625 2932 2847 3002 optimis
2890 2936 3134 2991 moribus
3180 2936 3504 2993 instructam

1921 3016 2128 3092 ingredi
2187 3021 2257 3076 sit
2286 3037 2471 3088 ausus,
2522 3022 2698 3092 inquit
2732 3040 2745 3076 :
2776 3022 2890 3078 Non
2919 3025 3126 3095 absque
3168 3028 3389 3082 numine
3416 3029 3498 3083 fa-

1919 3122 2064 3167 ctum
2097 3113 2313 3180 divino;
2341 3109 2656 3184 eaprOpter
2712 3130 2817 3169 non
2875 3130 2997 3171 eSse
3039 3116 3349 3173 mortalium
3380 3102 3507 3195 per}

1916 3204 2149 3259 scrutari
2180 3224 2199 3258 ι
2223 3206 2337 3273 sed,
2386 3214 2440 3261 et
2467 3207 2519 3261 in
2547 3206 2632 3262 his
2660 3216 2715 3261 et
2742 3209 2796 3264 in
2839 3209 2962 3265 aliis
3007 3211 3261 3281 omnibus
3280 3228 3401 3282 qua:
3430 3212 3504 3269 ad

1915 3317 2009 3356 eos
2039 3316 2142 3354 non
2173 3300 2475 3369 pertinent,
2510 3310 2715 3356 aeterno
2763 3314 3015 3374 oportere
3062 3304 3278 3362 silentio
3321 3306 3502 3362 conti--

1916 3406 2153 3446 cescere.
2187 3390 2242 3445 ln
2276 3392 2531 3462 precibus
2560 3391 2725 3462 igitur
2746 3403 2797 3449 et
2824 3395 3163 3449 orationibus
3179 3394 3292 3464 jam
3328 3393 3505 3469 [post].

1916 3480 2050 3539 duos
2080 3484 2198 3539 dies
2251 3483 2450 3538 frustra
2488 3470 2867 3555 consumptos,
2892 3487 3140 3541 diabolus
3188 3486 3245 3541 S.
3273 3487 3501 3543 Joannis

1915 3574 2171 3628 virtutem
2203 3570 2546 3645 impatienter
2578 3575 2841 3641 tolerans,
2866 3576 2981 3631 haec
3009 3577 3229 3633 tandem
3256 3577 3506 3633 intonuit

1915 3667 2076 3720 verba
2103 3685 2115 3720 :
2146 3665 2237 3719 Eia
2267 3677 2363 3722 oro
2383 3662 2512 3744 quid
2542 3654 2627 3722 me
2657 3667 3039 3722 insectamini!
3062 3668 3174 3723 Cur
3200 3678 3279 3724 tot
3300 3679 3355 3724 et
3385 3680 3496 3724 tam

1915 3759 2087 3823 varia,
2114 3768 2172 3813 ut
2216 3756 2341 3814 hinc
2370 3757 2584 3822 abeam,
2620 3759 2831 3816 infertis
2861 3761 3172 3816 tormenta!
3216 3760 3334 3817 Non
3383 3763 3503 3816 dixi

1916 3868 2000 3907 tne
2030 3851 2117 3906 hic
2144 3851 2323 3907 alieno
2353 3853 2584 3923 imperio
2631 3853 2898 3907 detineri?
2933 3851 3125 3907 Veniat
3152 3851 3261 3919 ille,
3287 3854 3377 3925 qui
3412 3871 3497 3908 tne

1915 3945 2174 4009 devinxit,
2208 3936 2446 4014 iniquus
2492 3945 2809 4016 presbyter;
2844 3954 2900 3999 et
2931 3945 3197 4012 absolvat,
3225 3953 3280 4000 et
3305 3944 3503 4000 lubens

1915 4031 2208 4088 tlIscedam.
2241 4033 2401 4098 Tum,
2455 4036 2546 4105 qui
2578 4026 2825 4099 aderant,
2878 4035 3168 4091 saeculares
3219 4036 3342 4101 viri,
3370 4053 3502 4113 cunt

1914 4114 1979 4177 de
2014 4124 2230 4177 nomine
2262 4125 2563 4195 presbyteri
2593 4125 2930 4195 interrogare
2977 4124 3174 4180 vellent
3210 4126 3497 4196 :Apagite.

1913 4216 2091 4285 inquit
2119 4217 2373 4271 sacerdos
2407 4233 2419 4267 :
2449 4214 2580 4268 Nam
2606 4215 2804 4270 diaboli
2830 4216 3065 4270 ollieittm
3088 4226 3184 4270 'est
3207 4225 3261 4269 et
3289 4216 3495 4271 discor—

1913 4307 2031 4359 dias
2053 4320 2259 4367 serere,
2289 4315 2342 4359 et
2387 4304 2645 4374 quidquid
2691 4298 2867 4374 potest
2909 4305 3032 4358 mali
3064 4303 3383 4360 mortalibus
3412 4307 3499 4361 itt—

1916 4398 2077 4452 ferre.
2129 4398 2395 4465 Quocirca
2457 4397 2657 4451 nullam
2709 4397 2757 4451 ei
2810 4397 2967 4451 fidem
3017 4398 3339 4465 adhibeatis,
3370 4415 3497 4455 oro»

238 4488 362 4557 quia
385 4493 614 4560 dzetnon,
651 4492 813 4546 etiam
873 4492 1178 4565 iungentibus
1232 4495 1513 4549 tormentis
1565 4492 1808 4562 allectus,
1842 4496 1889 4553 Ι)
1918 4491 2012 4546 liis
2041 4492 2247 4547 daemon
2295 4492 2622 4563 indignatus,
2655 4492 2800 4547 clara
2850 4509 3000 4558 voce,
3027 4493 3201 4564 inquit
3228 4510 3240 4548 :
3270 4495 3346 4551 [le
3377 4496 3499 4566 ipsa

239 4579 436 4634 nullum
467 4582 620 4637 daret
674 4597 1011 4654 responsum.
1056 4581 1190 4638 Nam
1224 4586 1303 4639 vel
1329 4583 1406 4657 [id
1429 4596 1501 4638 est
1526 4585 1616 4657 an]
1642 4588 1706 4639 de
1729 4586 1811 4639 in-

240 4669 437 4727 dustria
466 4676 516 4729 id
546 4686 752 4747 ageret,
767 4677 848 4731 vel
871 4678 996 4747 quia
1021 4676 1158 4731 forte
1184 4687 1376 4731 natura
1405 4689 1609 4732 mutum
1641 4680 1811 4749 quod-

241 4762 360 4815 dam
399 4780 566 4834 genus
608 4768 994 4824 dminoniorttm
1044 4770 1135 4832 sit,
1171 4770 1323 4824 nobis
1366 4786 1552 4839 parum
1576 4779 1807 4824 constat.

242 4851 370 4908 Cum
407 4869 584 4914 autent
615 4862 703 4915 diu
730 4873 1101 4932 torqueretur,
1140 4871 1195 4916 et
1224 4863 1419 4931 sacpius
1447 4864 1721 4929 sacerdos,
1752 4871 1809 4917 ut

241 4941 296 5000 iit
326 4947 514 5004 Virtute
540 4951 632 5006 Dei
663 4951 853 5007 saltem
879 4954 1245 5021 responderet,
1271 4955 1634 5023 priet-cpisset,
1667 4954 1809 5011 forte

243 5042 298 5086 ut
344 5035 539 5107 aliquid
594 5044 1001 5097 maehiuaretur
1040 5043 1187 5109 mali,
1228 5043 1384 5110 cujus
1424 5045 1596 5113 gratia
1638 5053 1809 5101 teutat

241 5126 437 5194 omnia,
471 5126 681 5187 tandem
716 5127 819 5189 tale
846 5134 990 5186 dedit
1015 5150 1329 5203 responsum
1362 5151 1374 5186 :
1408 5134 1506 5189 llic
1527 5137 1807 5205 cujusdam

243 5210 456 5289 maligni
488 5223 784 5295 presbyteri
811 5224 1266 5279 incantationibus
1298 5223 1454 5294 longe
1483 5212 1826 5280 constrictus

244 5305 484 5348 ὼιῖιίηηιι
564 5317 655 5348 IIII:

315 5320 484 5348 lilinnr
564 5320 650 5348 IIII:

1578 5316 1805 5348 nnnl‘nln

705 5317 918 5348 ι---ἶιΓη--ῖ
971 5316 1213 5348 ἷηιηιηηῑιη
1280 5331 1466 5348 annnam;
1499 5316 1549 5348 in

1914 4586 2073 4654 paulo
2125 4594 2244 4656 post
2278 4584 2667 4652 declarabitur,
2712 4585 2969 4640 mentitus
3015 4587 3138 4651 sim,
3189 4601 3256 4641 an
3298 4602 3501 4642 verum

1914 4676 2165 4731 dixerim.
2198 4675 2241 4731 Ο
2270 4685 2525 4745 quantas,
2571 4677 2802 4746 pessime
2849 4677 3154 4749 presbyter,
3192 4677 3346 4733 dabis
3376 4694 3504 4750 pec-—

1913 4783 2031 4831 nas,
2060 4766 2211 4837 cujus
2255 4767 2424 4841 gratia
2467 4768 2517 4821 in
2551 4776 2627 4823 tot
2656 4783 2846 4823 cruces
2880 4776 2933 4821 et
2967 4775 3234 4823 tormenta
3267 4768 3492 4824 deveni!

1984 4856 2051 4912 54
2100 4856 2366 4913 Caeterum
2390 4856 2517 4913 Jesu
2542 4860 2713 4933 gratia
2739 4869 2793 4914 et
2815 4857 2871 4913 S.
2898 4857 3079 4915 Maria:
3104 4869 3158 4914 et
3180 4857 3238 4913 S.
3268 4858 3333 4915 Jo
3356 4875 3405 4916 .n
3448 4850 3507 4918 is

1911 4950 2161 5021 precibus
2182 4965 2210 5002 a
2235 4951 2476 5005 da:mone
2498 4950 2721 5006 liberata
2762 4949 2959 5021 puella,
2983 4952 3165 5006 nescio
3189 4965 3292 5020 qua
3318 4955 3506 5020 gratia:

1910 5041 2154 5096 evenerit
2184 5048 2245 5095 ut
2263 5058 2293 5096 e
2320 5042 2547 5113 vestigio
2575 5036 2929 5098 intolerabilis
2950 5053 3007 5097 et
3043 5039 3351 5096 fastidiosus
3372 5056 3519 5125 cana

1913 5130 2034 5185 talis
2076 5130 2354 5186 invaderet
2403 5134 2645 5199 morbus,
2675 5143 2752 5200 ut,
2796 5130 3071 5188 ulceribus
3113 5140 3223 5184 toto
3270 5144 3522 5199 corpore-

1911 5222 2133 5285 referta,
2176 5230 2353 5276 atram
2393 5223 2626 5295 undique
2664 5220 2959 5279 Scaluriret
2996 5224 3178 5283 bilem,
3209 5228 3262 5272 et
3282 5212 3525 5282 demum;

1911 5310 2243 5348 iunnnlionIi-s
2271 5323 2318 5348 nl
2356 5314 2544 5348 ιηηι-Ιιη
2571 5313 2777 5348 ηηηῖιιῖο
2810 5311 3005 5348 ("anilia
3033 5308 3230 5348 nvnleic
3283 5323 3478 5348 αηροι..
