4110 5362
629 340 734 398 εδδ

1649 341 1705 396 S.
1749 337 2026 399 103‘le
2066 334 2461 394 CUAIBERTI
2499 333 2784 389 ABBATiS

3769 335 3878 391 836

620 446 932 519 Tmnsa'cﬁg
992 471 1166 516 tamen
1223 459 1491 515 ηοηιιυῃῑς
1562 460 1736 522 mntis,
1787 476 1838 514 ιη
1890 460 2193 529 pristinam,
2229 463 2267 516 Α
2303 468 2440 506 mem
2472 467 2570 506 suo
2600 452 2650 504 in
2675 452 2910 506 discessu
2955 450 3196 520 reliquit;
3231 451 3298 505 ita
3330 460 3388 506 ut
3417 451 3572 507 multi
3603 467 3722 508 eam
3766 457 3876 509 vita

619 554 856 623 Virginis
907 552 1087 606 Marize
1131 559 1186 604 et
1212 549 1268 605 S.
1313 550 1536 604 Joannis
1587 551 1782 618 gratia,
1807 551 2000 619 quibus
2024 550 2193 619 pluri-

619 664 765 700 mum
797 662 856 699 se
885 647 1379 706 commendaverat,
1415 644 1691 697 reducitur
1721 645 2044 706 sanitatem;
2076 652 2197 695 tau—

627 747 736 788 tum
762 735 1015 804 pallorem
1037 743 1091 787 et
1118 733 1358 786 maculas
1409 732 1666 801 quasdam
1701 734 1752 785 in
1777 726 1924 785 vultu
1950 748 2192 796 servans,

627 829 693 880 de
734 837 931 879 r-tetcro
970 823 1172 877 valens.
1211 822 1455 876 Relatum
1502 831 1585 874 est
1615 822 1805 874 deinde
1833 823 1914 874 his
1948 821 2037 887 qui
2070 832 2197 875 tunc

628 917 770 972 hanc
793 917 1081 971 servabant
1115 915 1353 978 domum,
1384 913 1758 982 presbyterum
1801 913 1947 965 illum
1997 913 2062 966 de
2089 928 2194 979 quo

621 1024 781 1077 supra
809 1008 1026 1060 verlmm
1054 1005 1174 1065 feci.
1202 1019 1363 1073 opera
1401 1003 1595 1057 diaboli
1633 1004 1945 1072 parentibus
1971 1003 2192 1056 demou-

619 1108 872 1159 stratum,
931 1112 1024 1150 seu
1073 1096 1421 1163 conjecturas,
1481 1093 1621 1163 quod
1684 1093 1866 1147 verius
1931 1093 2190 1155 creditur,

618 1192 878 1258 agnitum,
938 1189 989 1241 in
1031 1188 1165 1241 alias
1218 1195 1424 1254 partes,
1475 1183 1738 1254 judicium
1766 1201 1863 1255 pro
1890 1185 2193 1239 malefactis

620 1284 837 1341 timens,
884 1295 1002 1332 sese
1032 1278 1345 1340 contulisse,
1381 1285 1437 1329 et
1475 1276 1727 1329 miseram
1783 1277 1878 1329 Dei
1905 1277 2110 1344 judicio
2139 1277 2192 1329 in

617 1372 875 1424 ultionem
927 1370 1116 1438 puellm
1147 1371 1353 1439 dcgisse
1387 1370 1574 1422 vitam.
1631 1367 1868 1422 Fuerunt
1897 1368 1986 1436 qui
2027 1368 2189 1421 etiam

619 1466 947 1518 aﬂirmarent
984 1480 1011 1516 a
1067 1463 1322 1518 fratribus
1349 1464 1458 1533 jam
1486 1463 1644 1517 dicta:
1676 1461 1897 1532 virginis
1921 1470 2073 1515 extra
2098 1473 2195 1527 pa-

617 1554 776 1606 triam
812 1563 1082 1606 nccatmn.
1132 1552 1235 1606 Sed
1268 1552 1312 1606 is
1332 1567 1517 1606 rumor
1564 1559 1795 1612 tantum,
1828 1562 2084 1602 cteterum
2115 1545 2191 1598 rei

616 1648 822 1698 veritas
842 1659 1006 1712 penes
1045 1652 1294 1698 auctores
1337 1644 1424 1696 sit.
1454 1643 1618 1697 Nobis
1645 1641 1776 1695 satis
1806 1649 2038 1701 constat,
2073 1639 2191 1708 plu-

615 1734 766 1786 ribus
789 1735 944 1788 anuis
971 1733 1247 1803 prmfatam
1285 1733 1544 1802 virginem
1580 1732 1632 1785 in
1679 1731 2004 1784 sanetis~itni
2028 1729 2192 1784 Joan-

2300 543 2547 610 ptacsenti
2590 541 2828 596 functam
2869 543 3131 597 dicerent.
3159 543 3421 598 Czefcrum
3463 561 3584 599 cum
3621 547 3713 616 qui
3748 549 3878 601 ade-

2298 647 2438 696 rant,
2485 651 2608 704 pars
2659 635 2846 690 calidis
2874 635 3093 689 brachia
3146 637 3392 690 manibus
3443 637 3722 704 fricat-ent,
3751 655 3880 707 pars

2297 725 2543 778 certatim
2609 725 2732 779 vino
2792 725 3020 794 aliisque
3087 727 3250 780 rebus
3302 743 3422 780 cum
3474 727 3878 783 madefacerent

2297 814 2560 877 membra,
2605 829 2902 882 sensusque
2959 829 3249 884 parumper
3299 824 3540 884 tepentes
3570 821 3880 872 revocando

2299 901 2615 975 [iuvarent],
2670 904 2862 958 mulier
2905 905 3060 972 quasi
3107 921 3134 958 a
3167 920 3360 959 somno
3391 907 3790 977 expergefacta,
3823 911 3873 962 in

2295 1009 2415 1049 sese
2461 995 2735 1064 paululum
2779 995 3013 1060 rediens,
3065 1011 3186 1050 cum
3244 1012 3462 1067 surgere
3517 999 3694 1064 vellet,
3729 1000 3874 1054 illico

2296 1085 2517 1140 decidit.

2363 1173 2451 1228 57.
2498 1173 2829 1229 Dur-antibus
2883 1175 3066 1245 itaque
3110 1176 3160 1230 in
3198 1177 3543 1232 orationibus
3576 1188 3630 1232 et
3651 1179 3875 1247 psalmis

2296 1267 2597 1329 menachis,
2633 1268 2846 1320 tandem
2881 1267 2972 1321 Dei
3001 1269 3176 1335 gratia
3211 1271 3489 1338 sanctique
3507 1269 3904 1331 Joannis,mc-.

2297 1359 2415 1411 ritis
2436 1358 2636 1426 optime
2667 1358 2959 1412 convaluit.
2990 1359 3122 1412 Cum
3163 1360 3305 1414 enim
3337 1362 3512 1414 adhuc
3567 1376 3630 1413 cx
3691 1362 3871 1415 verbis

2293 1461 2411 1514 qua:
2463 1447 2706 1502 diabolus
2747 1462 2908 1516 supra
2951 1446 3202 1501 dixerat:
3231 1448 3305 1501 'l‘e
3328 1447 3469 1502 domi
3513 1448 3818 1518 przestolor,
3840 1465 3873 1501 o

2294 1537 2464 1606 puella
2487 1577 2500 1601 ,
2531 1538 2774 1606 suspensi
2817 1538 3138 1603 existerent,
3187 1541 3392 1593 monitu
3425 1542 3730 1595 sacerdotis
3758 1558 3872 1594 ιιιυ-

2293 1629 2472 1691 nacbi,
2541 1629 2632 1697 qui
2679 1643 2803 1682 eum
2849 1627 3230 1696 conjuraverat
3277 1630 3593 1693 daemonem,
3625 1631 3870 1684 etetiam

2293 1732 2513 1771 suorum
2557 1717 2795 1770 amnium
2851 1717 3032 1772 habita
3071 1719 3333 1772 scelerum
3377 1719 3734 1784 confessione,
3763 1714 3870 1774 Ιωιί

618 1822 706 1875 nis
737 1821 1030 1876 festivitate
1063 1824 1220 1876 nudis
1251 1822 1476 1892 pedibus
1504 1837 1627 1876 cum
1658 1837 1818 1876 cereo
1846 1822 1985 1876 hanc
2017 1820 2190 1891 Virgi-

2295 1807 2346 1860 iu
2372 1807 2600 1876 patriam
2653 1808 2882 1861 rediere.
2918 1806 3048 1862 Vovi
3105 1817 3366 1878 przeterea
3406 1809 3622 1874 mulier,
3649 1810 3720 1864 ob
3749 1820 3869 1864 tan-

617 1915 704 1967 nis
734 1913 915 1968 Maria!
949 1915 1165 1967 domum
1191 1913 1392 1966 adiisse
1421 1914 1629 1967 devote.
1649 1913 1742 1966 llis
1773 1913 1952 1981 itaque
1975 1922 2027 1966 et
2050 1912 2188 1976 aliis,

617 2020 736 2075 quze
772 2005 1056 2060 retulimus
1101 2016 1156 2058 et
1196 2004 1413 2058 relaturi
1462 2019 1676 2067 sumus,
1733 2004 2007 2056 miraculis
2061 2004 2192 2058 satis

617 2106 829 2150 constat
878 2096 1267 2149 incantationes
1293 2110 1324 2148 a
1352 2094 1620 2164 perversis
1645 2093 1948 2147 hominibus
1983 2093 2116 2146 fieri.

812 2185 1068 2239 Memoria
1114 2201 1229 2238 mea
1267 2184 1546 2239 mulierem
1585 2185 1891 2252 quamdam,
1921 2183 2189 2236 'l‘addeam

617 2279 854 2341 nomine,
881 2292 944 2330 ex
975 2277 1118 2331 Prati
1150 2277 1296 2346 (HG)
1324 2266 1541 2346 Oppido,
1563 2276 1702 2346 quod
1732 2275 2005 2328 Florentia
2026 2275 2190 2328 ferme

615 2372 802 2422 decem
854 2368 1314 2438 tnilliapassuum
1357 2369 1530 2432 abest,
1569 2383 1598 2420 a
1631 2367 1946 2437 parentibus
1983 2365 2098 2419 suis
2122 2364 2189 2417 ad

617 2456 720 2510 hoc
745 2456 801 2510 S.
827 2456 1010 2510 Maria:
1035 2457 1419 2510 monasterium
1442 2457 1672 2510 vidimus
1701 2455 2009 2509 deductam.
2043 2453 2192 2507 Hanc

616 2547 744 2600 talis
781 2547 1053 2601 invaserat
1082 2547 1311 2610 dtemon,
1343 2555 1400 2600 ut
1426 2561 1586 2601 cruce
1613 2545 1786 2601 solum
1815 2545 1970 2599 facile
1996 2543 2192 2598 libera-

617 2647 770 2690 retur
814 2637 1027 2692 mulier.
1051 2638 1316 2691 Creterum
1345 2638 1432 2692 ubi
1465 2639 1577 2706 ipsa
1617 2652 1721 2690 una
1752 2651 1872 2690 cum
1903 2633 2190 2690 comitibus

624 2729 728 2782 iter
784 2728 1000 2783 domum
1065 2728 1353 2795 hospitium
1395 2744 1582 2786 versus
1633 2727 1852 2792 faceret,
1881 2736 1935 2782 et
1976 2725 2187 2798 [prope]

626 2819 848 2883 fontem,
885 2819 976 2889 qui
1003 2819 1157 2888 juxta
1187 2820 1443 2890 capellam
1473 2819 1586 2890 jugi
1614 2819 1808 2874 labitur
1843 2834 2004 2888 aqua,
2038 2828 2192 2871 tran-

614 2912 777 2965 situm
819 2913 1045 2966 haberet
1072 2913 1218 2983 (nam
1250 2912 1315 2966 ad
1365 2928 1484 2966 eam
1536 2913 1750 2966 domum
1809 2911 1948 2966 alter
1970 2926 2076 2966 non
2107 2919 2191 2963 est

616 3003 792 3059 facilis
819 3005 1018 3074 aditus)
1057 3005 1124 3059 ab
1165 3005 1353 3060 eodem
1384 3005 1625 3059 diemone
1661 3003 1903 3076 fatigata,
1928 3019 1992 3058 cx
2019 3003 2188 3057 mani-

614 3094 714 3148 bus
757 3094 1044 3148 multorum
1090 3094 1392 3165 prosiliens,
1445 3092 1622 3164 fugam
1667 3093 1846 3149 facere
1867 3094 2183 3149 conabatur.
2215 3132 2258 3192 Β

616 3184 838 3248 Verum,
890 3185 1017 3240 hinc
1060 3186 1181 3239 inde
1223 3185 1668 3240 concurrentibus
1713 3201 1833 3240 cum
1882 3186 2185 3255 opificibus,

522 3347 526 3352 ‘
614 3277 705 3346 qui
765 3277 868 3332 hoc
918 3279 969 3331 in
1019 3279 1368 3341 monasterio,
1397 3278 1668 3348 praecipue
1715 3279 2184 3348 :estivotempore,

613 3369 870 3438 operibus
919 3369 1217 3440 indulgent,
1252 3377 1360 3422 tum
1397 3370 1562 3424 etiam
1585 3370 1828 3425 bubulcis
1857 3379 1912 3424 ct
1937 3370 2188 3440 agricolis

615 3460 957 3527 quibusdam,
1001 3461 1230 3530 capitur,
1274 3461 1525 3525 trahitur,
1578 3469 1652 3524 et,
1702 3461 1950 3515 manibus
1981 3477 2009 3513 a
2040 3471 2188 3531 tergo

614 3550 903 3614 devinctis,
935 3551 1000 3604 ad
1023 3551 1283 3620 capellam
1332 3550 1573 3607 defertur
1611 3552 1684 3606 vi.
1715 3551 1848 3608 Cum
1896 3553 2187 3623 igiturillic

614 3641 684 3694 ab
745 3642 1015 3695 cxoreista
1070 3642 1496 3711 interrogaretur
1541 3657 1640 3696 cur
1695 3652 1800 3696 tam
1839 3641 2050 3697 facilem
2107 3644 2186 3696 in-

613 3748 858 3802 gressum
905 3734 970 3787 ad
1003 3749 1122 3788 eam
1164 3747 1216 3789 et
1247 3750 1524 3804 egressum
1573 3733 1817 3798 haberet,
1867 3735 2182 3804 respondit:

615 3824 728 3892 Ego
756 3839 876 3877 cum
911 3833 1100 3878 natura
1131 3825 1303 3880 facilis
1321 3827 1421 3880 sim
1454 3837 1507 3880 et
1535 3826 1819 3889 humanus,
1850 3835 1903 3880 et
1928 3827 2040 3879 haec
2067 3841 2183 3878 mu.

616 3913 716 3967 licr
741 3915 826 3967 his
850 3915 1054 3983 pariter
1074 3926 1127 3969 et
1167 3916 1286 3970 aliis
1312 3917 1600 3972 virtutibus
1633 3917 1877 3970 redimita
1907 3918 2182 3986 probetur,

616 4019 718 4058 nec
778 4019 969 4059 cruces
1013 4007 1122 4074 pati
1179 4022 1420 4075 possum,
1450 4023 1547 4061 nec
1590 4022 1707 4061 eam
1739 4007 1858 4062 volo
1885 4017 2134 4077 torquere
2168 4025 2182 4060 :

619 4093 693 4148 Ea
720 4105 964 4164 propter,
1012 4097 1294 4151 orantibus
1339 4098 1512 4163 vobis,
1573 4099 1821 4160 discedo,
1874 4098 2186 4153 absentibus

613 4199 766 4246 vero,
799 4187 850 4239 in
877 4187 1039 4250 hanc,
1062 4187 1224 4241 veluti
1263 4188 1481 4242 domum
1513 4189 1672 4243 redeo
1702 4205 1895 4242 meam.

684 4277 770 4331 56.
801 4277 926 4334 ΙΙωο
958 4280 1123 4349 igitur
1152 4291 1200 4335 et
1233 4281 1334 4334 alia
1388 4281 1612 4338 ridicula
1637 4297 1759 4336 curn
1813 4281 2040 4337 referret
2069 4283 2184 4336 dia-

613 4367 788 4426 bolus.
815 4379 869 4424 et
909 4370 1048 4424 idem
1073 4373 1270 4440 smpius
1313 4372 1535 4438 faceret,
1573 4388 1694 4428 cum
1717 4389 1838 4427 eum
1872 4374 2043 4427 lector
2071 4391 2185 4428 am-

2297 1908 2406 1950 tum
2438 1897 2648 1966 taleque
2681 1897 3020 1960 beneficium,
3065 1899 3124 1954 b'.
3154 1896 3378 1952 Joannis
3426 1900 3635 1954 meritis
3659 1900 3760 1954 sibi
3787 1901 3868 1953 al-

2293 1987 2479 2052 latum,
2513 1991 2810 2055 annuatim,
2837 1999 2892 2045 et
2923 1991 2976 2044 in
3013 1992 3192 2059 vigilia
3242 1992 3410 2062 ipsius
3450 1991 3507 2047 S.
3530 1993 3756 2049 Joannis
3789 1997 3870 2064 je.

2289 2083 2499 2151 jnnium
2529 2095 2584 2139 et
2613 2085 2832 2151 festum,
2875 2086 3036 2140 veluti
3075 2087 3143 2140 ab
3180 2087 3419 2142 Ecclesia
3472 2089 3755 2154 indictum,
3781 2106 3869 2145 cc-

2298 2175 2527 2237 lcbrare,
2562 2185 2639 2240 et,
2665 2176 2879 2245 quoties
2905 2175 3006 2230 sibi
3035 2175 3259 2231 facultas
3293 2179 3870 2265 prodeundi.darctur,

2293 2280 2396 2318 non
2442 2267 2696 2334 impedita
2731 2277 2888 2335 partu
2921 2268 3131 2321 scilicet
3174 2269 3254 2322 vel
3303 2269 3406 2323 alia
3440 2285 3497 2324 re
3527 2271 3787 2339 graviori,
3817 2273 3869 2324 in

2295 2357 2461 2426 ipsius
2487 2357 2779 2412 festivitate
2810 2359 2950 2413 hanc
2974 2358 3209 2430 Virginis
3241 2360 3423 2415 Mariae
3453 2362 3666 2416 domum
3689 2363 3864 2416 adire.

2295 2448 2426 2503 Mira
2463 2465 2549 2504 res
2579 2451 2591 2504 !
2629 2458 2683 2504 et
2711 2451 2815 2506 lidc
2854 2452 3022 2521 ipsius
3052 2463 3106 2506 et
3133 2452 3380 2522 gloriosa:
3406 2453 3586 2508 Maria:
3633 2453 3871 2525 Virginis

2293 2544 2548 2614 precibus
2571 2545 2706 2600 etS.
2743 2545 2967 2602 Joannis
3022 2549 3230 2603 meritis
3281 2547 3484 2602 factum
3531 2558 3614 2603 est
3641 2559 3702 2602 ut
3721 2551 3873 2605 dein-

2291 2649 2421 2704 ccps
2449 2650 2550 2690 nec
2575 2637 2818 2692 diabolus
2861 2637 2970 2700 ilic,
3010 2639 3100 2707 qui
3144 2637 3244 2692 sibi
3274 2639 3539 2708 superius,
3568 2653 3626 2693 se
3655 2639 3722 2691 ad
3747 2652 3870 2692 eam

2293 2727 2612 2791 reiiturum,
2671 2729 2813 2782 domi
2843 2729 2969 2783 dum
3022 2739 3188 2794 esset,
3218 2730 3491 2800 pollicitus
3543 2730 3740 2794 fuerat,
3771 2747 3870 2786 nec

2292 2817 2430 2870 alter
2449 2832 2512 2871 ex
2539 2819 2790 2889 malignis
2820 2822 3098 2889 spiritibus
3127 2822 3270 2876 illam
3301 2822 3524 2876 ulterius
3546 2823 3761 2892 aggredi
3789 2833 3873 2876 est

2295 2923 2480 2962 ausus.
2523 2908 2880 2980 Quapropter,
2917 2913 3040 2964 dum
3095 2913 3319 2981 spiritus
3361 2927 3490 2967 suos
3532 2913 3670 2967 rexit
3694 2923 3865 2975 artus,

2293 2999 2614 3055 incolumem
2641 3012 2695 3054 et
2726 3002 2941 3056 beatam
2975 3003 3106 3056 vixit
3144 3003 3334 3056 vitam.

2364 3090 2452 3146 58.
2478 3091 2551 3144 Ex
2577 3093 2773 3161 oppido
2795 3091 3019 3146 Lancisa
3045 3094 3212 3166 (H7),
3231 3094 3372 3164 quod
3398 3097 3447 3148 in
3469 3095 3599 3148 Arni
3622 3095 3870 3163 superioo

2294 3183 2366 3236 ris
2396 3183 2529 3236 valle
2559 3183 2720 3237 situm
2779 3193 2883 3244 est,
2911 3186 3221 3254 quemdam,
3257 3201 3361 3239 non
3405 3187 3588 3239 iulium
3622 3185 3740 3238 loco
3773 3199 3870 3236 na-

2293 3281 2425 3337 tmn,
2463 3282 2681 3343 captum
2712 3289 2740 3326 a
2787 3275 3052 3329 daemonio
3083 3277 3296 3330 venisse
3353 3275 3419 3329 ad
3453 3277 3554 3330 hoc
3597 3274 3656 3328 S.
3685 3275 3867 3329 Mariae

2290 3368 2700 3431 monasterium,
2745 3365 2928 3420 multis
2977 3368 3382 3431 comitantibus,
3420 3368 3674 3421 vidimus.
3705 3368 3869 3422 Forte

2291 3465 2417 3510 tunc
2453 3456 2696 3526 quidam,
2729 3456 2815 3511 cui
2865 3455 3102 3512 Zanobio
3147 3471 3340 3514 nomen
3368 3467 3506 3522 erat,
3538 3460 3865 3526 supervenit,

2289 3565 2577 3621 germanus
2633 3549 2912 3618 cujusdam
2962 3552 3211 3604 monachi
3262 3549 3432 3606 nostri
3491 3549 3729 3614 Ordinis,
3773 3549 3866 3622 qui

2287 3643 2463 3697 adlmc
2495 3643 2653 3705 vivit;
2683 3643 2772 3711 qui
2805 3643 3021 3711 quidem
3046 3641 3282 3696 affinium
3309 3641 3466 3710 hujus
3503 3642 3676 3696 invasi
3705 3658 3735 3694 a
3759 3644 3868 3695 dse-

2289 3750 2446 3788 mone
2476 3735 2730 3802 precibus
2760 3735 3091 3805 compulsus,
3137 3735 3422 3804 quemdam
3454 3747 3859 3790 necromantem

2287 3825 2461 3878 virum
2493 3825 2783 3894 malignum
2808 3835 2863 3879 et
2883 3826 3019 3881 dolis
3042 3825 3280 3895 plenum,
3310 3825 3512 3896 Nepum
3538 3828 3773 3888 nomine,
3793 3826 3866 3878 ob

2287 3914 2510 3968 coasilia
2572 3915 2889 3985 inquirenda
2943 3917 3011 3969 ab
3061 3917 3199 3985 ipso,
3242 3917 3369 3987 quid
3416 3917 3467 3971 in
3518 3917 3622 3971 hoc
3647 3917 3867 3970 homine

2286 4005 2550 4073 agendum
2581 4015 2746 4071 esset,
2779 4007 3041 4060 adiverat.
3087 4007 3207 4071 Cui,
3239 4009 3365 4078 quia
3411 4022 3472 4062 ea
3503 4023 3622 4076 qua:
3655 4007 3861 4062 nefaria

2287 4106 2412 4150 sunt
2463 4112 2623 4168 agere
2677 4107 3001 4164 tentaverat,
3059 4099 3327 4154 diabolica
3380 4100 3633 4154 videlicet
3683 4101 3864 4169 potius

2287 4204 2449 4258 quam
2475 4190 2657 4243 divina
2691 4190 2965 4259 inquirere
3002 4191 3226 4252 auxilia,
3266 4190 3461 4245 tnirum
3504 4191 3864 4258 stupendum-

2287 4296 2394 4348 que
2445 4281 2645 4334 malum
2693 4282 2891 4334 accidit
2934 4282 2985 4334 in
3027 4283 3237 4350 vesperi
3270 4299 3284 4336 :
3317 4280 3452 4335 Nam
3503 4281 3628 4334 dum
3665 4297 3772 4334 uno
3810 4282 3864 4334 in

2286 4367 2404 4422 loco
2435 4370 2484 4423 in
2515 4371 2764 4440 hospitali
2795 4370 3152 4425 consedereut
3203 4372 3381 4440 ambo,
3417 4373 3526 4440 ipse
3554 4371 3780 4434 scilicet,
3811 4382 3867 4425 ct

615 4457 754 4524 plius
788 4459 990 4526 perpeti
1045 4476 1149 4512 non
1180 4472 1380 4530 posset,
1411 4470 1463 4516 et
1503 4462 1683 4516 itidem
1718 4463 2018 4530 hujusmodi
2045 4464 2185 4516 ludi-
2217 4465 2264 4524 D
2289 4472 2320 4511 a
2353 4457 2595 4513 daemone
2626 4459 2859 4522 invasus,
2895 4459 3003 4513 illic
3029 4460 3176 4514 brevi
3209 4461 3492 4515 intervallo
3515 4461 3656 4520 dato.
3690 4461 3863 4516 fessus

616 4547 734 4600 bria
765 4550 1058 4603 nmnacltos
1106 4549 1430 4617 fastidirent,
1472 4561 1777 4606 statuerunt
1825 4561 1884 4606 ttt
1923 4554 2110 4607 eodem
2135 4554 2186 4607 in

617 4635 736 4689 loco
779 4652 900 4690 cum
957 4653 1122 4694 cruce
1183 4640 1469 4710 legeretur,
1521 4643 1613 4697 ubi
1662 4645 1867 4698 daemon
1907 4643 2185 4699 mulierem

615 4728 871 4797 congredi
901 4729 1089 4784 solitus
1133 4741 1294 4785 esset.
1338 4732 1573 4790 Instante
1621 4736 1783 4806 igitur
1809 4739 2104 4800 sacerdote,
2134 4746 2188 4790 et

614 4817 951 4872 orationibus
971 4827 1024 4872 ct
1053 4821 1212 4875 minis
1251 4823 1532 4892 adjuraute
1564 4826 1860 4881 dzemonem
1911 4836 1968 4880 ut
1996 4843 2188 4883 conec-

617 4904 768 4959 deret
790 4906 928 4972 alio;
963 4909 1136 4977 inquit
1166 4913 1372 4967 daemon
1409 4932 1422 4966 :
1454 4916 1781 4970 f‘oneedam.
1809 4915 1902 4979 Te,
1933 4932 1967 4970 ο
1988 4918 2182 4986 puclla,

615 4997 759 5038 dnmi
801 5001 1107 5038 nrmclnlnr-
1141 5020 1262 5038 tun“

1294 5007 1502 5040 ranas-iu
1568 5008 1854 5040 nn\:r\:l:nn|
1886 5010 2159 5042 nulinunm

2293 4549 2486 4604 itinere
2516 4560 2570 4603 et
2592 4565 2802 4614 somno,
2853 4565 2971 4604 sesc
2997 4551 3270 4620 paululum
3308 4551 3443 4604 dans
3488 4553 3677 4621 quieti,
3702 4563 3865 4622 caput

2290 4639 2428 4693 intra
2451 4655 2621 4709 genua
2653 4640 2852 4709 posuit.
2883 4641 2953 4693 At
2981 4641 3140 4708 paulo
3180 4651 3300 4711 post
3327 4653 3676 4711 experrectus
3711 4660 3724 4695 :
3753 4645 3865 4697 Deo

2291 4730 2518 4800 gratias,
2552 4729 2660 4784 Deo
2690 4731 2912 4800 gratias,
2943 4731 3136 4802 inquit,
3169 4733 3440 4786 convalui.

2357 4822 2444 4877 59.
2473 4823 2514 4876 Ε
2539 4833 2724 4876 contra
2757 4823 3029 4879 Zanobius
3080 4823 3188 4888 ille,
3213 4825 3302 4894 qui
3354 4824 3561 4894 Ncpum
3593 4822 3864 4888 adiverat.

2289 4913 2357 4968 ab
2403 4916 2591 4968 eodem
2627 4925 2906 4984 correptus
2950 4917 3224 4981 daemone,
3276 4917 3538 4982 insanire,
3581 4917 3858 4981 bacchari,

2290 5007 2467 5042 furni-ts
2522 5009 2654 5042 σιιΙοΛ
2682 5018 2734 5042 nl
2769 5027 2793 5042 η
2823 5010 3142 5042 ηιιῖΙιηοΑηινι
3197 5011 3286 5042 ηιιῖ
3321 5012 3386 5042 nr‘
3423 5011 3525 5042 Ιιηη
3549 5009 3862 5042 ηειῖοΛιιιηιιῗΙι
