4110 5362
297 344 400 401 837

1794 327 1996 382 ACTA.

3450 317 3555 372 858

299 454 578 518 conversi;
605 459 661 507 et
691 465 814 505 cum
841 447 1080 503 nondum
1104 459 1210 499 nox
1245 453 1446 499 terram
1472 439 1793 510 operuissct.
1821 448 1876 493 et
1904 444 1950 501 Α
1981 432 2206 488 busdam
2241 430 2372 484 foris
2423 439 2550 484 tunc
2579 426 2935 484 existentibus
2973 437 3134 491 esset,
3185 428 3322 482 intra
3367 445 3555 484 mena-

299 559 625 616 quamquam
659 544 787 595 hora
815 549 869 593 et
893 537 1136 592 Ollicium
1159 534 1505 604 Completorii
1541 532 1652 601 jam
1684 545 1876 600 perac-

303 650 416 692 Innt
457 643 622 698 esset,
666 649 788 687 cum
823 642 1001 686 tamen
1044 629 1096 682 in
1123 627 1406 682 ecclesiam
1429 620 1875 695 jussernntdnci.

303 730 412 785 Res
465 736 574 780 tattt
620 723 956 795 prodigiosa,
1015 728 1070 774 et
1117 719 1315 773 nostris
1365 716 1602 770 inaudita
1647 711 1875 773 Stet-olis,

300 822 500 875 mirum
551 815 916 885 spectaculunt
973 811 1095 874 fuit,
1130 808 1343 871 utdixi,
1378 822 1482 862 non
1527 803 1880 876 prtesentibus

306 918 518 964 tantum
543 905 828 960 monachis
855 912 910 958 et
940 902 1238 961 conversis,
1263 898 1579 967 exterisque
1603 894 1880 948 familiari-

307 1003 428 1064 bus,
455 999 547 1068 qtti
571 999 710 1051 hanc
741 1005 867 1048 tunc
888 994 1108 1047 domum
1140 990 1464 1054 incolebant,
1497 1002 1680 1039 verum
1708 985 1882 1037 muni-

307 1091 408 1145 bus
472 1076 775 1159 hospitibus
827 1084 916 1154 qui
967 1090 1403 1152 supervenerant.
1446 1079 1660 1133 Datmoa
1721 1078 1884 1147 igitur

309 1195 435 1236 cum
459 1193 490 1234 a
517 1177 800 1233 sacerdote
826 1175 1250 1241 interrogaretur
1271 1188 1368 1226 cur
1403 1171 1550 1225 illum
1579 1169 1740 1222 alium
1775 1181 1882 1222 tam

309 1280 532 1342 repente
559 1271 878 1324 deseruerat
930 1265 1227 1327 hominem,
1269 1263 1508 1324 ethunc,
1535 1263 1621 1316 ubi
1651 1261 1882 1330 primunt

310 1361 624 1424 advenerat,
657 1359 730 1414 sit
761 1357 1061 1427 ingressus,
1119 1352 1395 1422 respondit
1427 1369 1441 1404 :
1473 1352 1718 1420 Snperno
1749 1361 1882 1404 nttttt

311 1463 489 1508 actum
532 1458 634 1506 est.
658 1451 791 1505 Cum
823 1446 910 1502 ille
956 1446 1197 1500 divinum
1228 1453 1338 1498 tota
1381 1452 1561 1498 mente
1585 1454 1641 1496 et
1669 1442 1770 1496 fide
1804 1455 1887 1495 re-

311 1541 552 1610 quireret
581 1537 866 1602 auxilium,
899 1533 1090 1589 merito
1133 1533 1534 1602 quamprimum
1562 1533 1644 1586 bis
1671 1531 1884 1585 crucia-

313 1631 458 1687 tibus
503 1629 680 1683 fuerat
729 1625 1065 1680 liberattdus.
1113 1623 1210 1678 llic
1233 1637 1362 1677 vero
1405 1623 1588 1686 miser,
1621 1623 1709 1691 qui
1736 1622 1890 1676 indc-

313 1721 488 1776 ceutia
519 1719 698 1790 potius
730 1731 890 1789 quam
921 1715 1292 1771 convenientia
1329 1722 1375 1768 ct
1414 1712 1561 1781 justa
1611 1714 1887 1783 percipere

1979 526 2204 580 sterium
2234 538 2434 578 enrstnt
2465 523 2826 591 irrumpentes
2851 520 2945 583 illi,
2977 521 3228 574 omnibus
3263 535 3542 575 occurrat.

1981 623 2145 686 tibus,
2179 635 2298 690 quae
2327 618 2459 674 foris
2488 619 2758 682 viderant,
2779 615 3126 670 enarrabunt.
3162 615 3237 669 Ex
3267 617 3349 670 his
3373 618 3552 686 igitur.
3622 624 3635 636 ‘

1981 715 2072 785 qui
2127 713 2355 767 comites
2419 720 2473 765 ct
2517 713 2648 766 socii
2711 711 2950 774 fuvrant,
3004 713 3357 781 trepidatione
3404 714 3557 783 rigidi

1981 803 2131 857 foras
2169 811 2582 871 prorumpentes
2616 801 2881 866 nonnulli,
2919 811 2974 854 et
3011 816 3133 854 cum
3165 801 3250 855 bis
3292 803 3379 856 alii
3415 806 3557 858 ruri-

1982 895 2116 950 colae
2148 893 2399 957 immixti,
2431 907 2553 945 eunt
2599 892 2704 945 huc
2746 891 2870 946 illuc
2905 893 3280 955 cursitantem,
3324 902 3381 947 et
3407 906 3463 948 re
3489 891 3540 949 la

1983 987 2200 1058 pidibus
2252 994 2306 1039 ct
2363 984 2509 1037 saxis
2558 997 2657 1051 pro
2704 983 2913 1038 viribus
2968 991 3232 1038 tutantem
3283 997 3387 1039 κοτε
3444 999 3560 1040 sne

1987 1079 2226 1132 maximo
2279 1091 2467 1132 ecrum
2532 1075 2846 1130 discrimine
2912 1078 3127 1129 tandem
3182 1077 3558 1144 corripientes,

1988 1170 2242 1224 innexum
2273 1167 2400 1222 fune
2436 1169 2487 1222 vi
2537 1178 2753 1222 traxere
2804 1168 2966 1221 intra.
3011 1167 3158 1223 Illico
3185 1184 3250 1222 ex
3303 1169 3561 1222 fratribus

1986 1262 2125 1317 alter
2173 1251 2426 1326 tretttere,
2477 1261 2739 1332 signaque
2787 1260 2853 1314 de
2894 1275 2952 1314 se
3013 1262 3146 1315 satis
3187 1262 3557 1316 convenientia

1987 1353 2130 1422 quod
2161 1353 2275 1423 ipse
2299 1353 2351 1406 in
2386 1351 2646 1407 daemonis
2677 1359 2943 1421 potestate
2962 1360 3123 1416 esset,
3166 1352 3295 1406 dare
3327 1366 3340 1405 :
3372 1352 3558 1421 Itaque

1986 1444 2171 1497 statim
2201 1444 2435 1513 capitur.
2486 1443 2580 1496 llis
2627 1453 2682 1496 et
2717 1451 2946 1511 quartus
2983 1442 3198 1495 additur
3228 1442 3415 1505 frater,
3466 1444 3557 1511 qui

1989 1534 2138 1589 ferox
2167 1543 2223 1588 et
2263 1544 2454 1603 suopte
2486 1533 2701 1602 ingenio
2739 1542 2794 1585 et
2843 1531 3101 1585 dmmonis
3130 1531 3408 1595 violent'a,
3439 1547 3561 1584 cum

1987 1641 2050 1680 ca
2082 1640 2201 1694 qute
2236 1625 2304 1677 ab
2357 1625 2600 1678 antistite
2651 1623 2966 1693 legebantur
3018 1623 3158 1677 haud
3202 1623 3310 1692 pati
3363 1633 3560 1692 posset,

1990 1715 2156 1779 foras,
2187 1713 2501 1770 cedentibus
2528 1714 2782 1767 omnibus
2815 1714 2905 1782 qui
2961 1712 3206 1776 aderant,
3254 1714 3456 1782 ingenti
3503 1715 3540 1766 ti

313 1819 370 1865 el
420 1808 719 1878 intelligere
764 1807 1012 1870 curabat.
1069 1820 1173 1858 ηοη
1227 1804 1421 1874 injuria
1469 1805 1542 1856 ita
1571 1804 1754 1857 dclmil
1779 1813 1886 1857 ιον·
1917 1788 1962 1846 Β
1991 1825 2142 1865 tnore
2169 1809 2452 1880 correptis,
2479 1809 2530 1862 ni
2561 1808 2777 1878 quidam
2811 1807 3020 1862 czetcris
3045 1808 3291 1879 sagacior
3319 1807 3562 1862 ecclesia:

315 1899 490 1970 queri.
523 1897 656 1950 Cum
713 1899 857 1949 enim
888 1895 1140 1949 monachi
1171 1893 1224 1946 in
1277 1893 1365 1962 pio
1403 1907 1569 1962 opere
1602 1893 1809 1945 orando
1836 1901 1891 1946 et

315 1987 651 2056 conjurando
675 1994 980 2055 pergerent,
1014 1992 1228 2052 peracta
1248 1983 1358 2052 jant
1383 1981 1496 2036 fere
1534 1981 1708 2036 noctis
1734 1982 1887 2046 hora,

315 2094 421 2132 non
450 2078 566 2131 sine
611 2075 843 2129 hominis
872 2075 1109 2128 maximo
1151 2073 1420 2140 cruciatu,
1470 2075 1564 2128 sed
1593 2074 1672 2126 sui
1700 2073 1888 2142 impri-

318 2169 440 2232 mis,
460 2166 705 2221 diabolus
731 2181 850 2221 eutn
876 2166 1104 2220 liberum
1122 2175 1176 2220 ct
1206 2165 1529 2220 incolumem
1561 2164 1888 2233 relinquens,

319 2263 478 2330 abiit.

395 2355 482 2408 60.
508 2353 764 2423 Equidem
788 2353 892 2407 hoe
923 2350 1158 2404 terribile
1184 2350 1272 2405 Dci
1298 2349 1578 2418 judicium,
1619 2364 1724 2403 non
1755 2362 1892 2418 prmo

319 2446 563 2501 sentibus
587 2454 820 2508 tantum,
837 2443 930 2497 sed
961 2442 1271 2497 absentibus
1294 2441 1698 2510 exstititpavori
1723 2458 1736 2493 :
1762 2439 1890 2492 Nam

323 2536 468 2590 fama
526 2536 656 2590 tanti
714 2532 978 2598 miraculi,
1007 2549 1104 2603 per
1127 2548 1316 2587 ontnes
1351 2533 1607 2586 finitimas
1637 2531 1890 2601 regiones

319 2628 470 2682 brevi
519 2626 808 2695 divulgata,
853 2634 908 2680 et
933 2625 1180 2694 exemplo
1221 2624 1323 2678 fuit
1351 2633 1404 2679 et
1432 2623 1806 2688 admirationi;
1838 2632 1892 2677 et

323 2723 590 2789 pra-cipue
612 2719 916 2789 supradicto
933 2718 1188 2784 Zanobio,
1214 2718 1324 2788 qui,
1348 2717 1495 2780 dum,
1521 2731 1702 2770 amore
1723 2725 1777 2770 et
1803 2732 1893 2771 ca-

325 2814 490 2866 ritate
511 2811 744 2865 fraterna
769 2813 977 2875 ductus,
1010 2811 1149 2864 unde
1191 2809 1410 2863 mininte
1436 2808 1620 2862 debuit
1648 2818 1700 2862 et
1728 2825 1756 2862 a
1788 2824 1893 2878 quo

322 2920 432 2958 non
457 2903 659 2964 decuit,
693 2902 884 2970 quierit
914 2901 1069 2956 alteri
1103 2900 1315 2955 adferre
1346 2899 1629 2963 medelam,
1651 2897 1750 2952 sibi
1773 2912 1896 2950 cru-

326 2995 531 3049 ciatum
558 2993 780 3046 invenit.
807 2992 1022 3046 Discant
1049 2992 1212 3062 igitur
1233 3006 1418 3045 omnes
1442 3006 1544 3044 non
1568 2988 1768 3060 [opem]
1799 2989 1894 3042 hu-

324 3097 566 3148 manam,
600 3083 700 3148 vel,
733 3093 790 3135 ut
811 3081 1014 3137 rectius
1040 3081 1576 3151 loquar,diabolicant
1606 3078 1901 3149 imprimis,

325 3176 421 3230 sed
454 3176 686 3229 divinam
723 3174 774 3227 in
816 3173 1119 3242 hujusmodi
1154 3172 1550 3227 discriminibus
1580 3186 1699 3226 esse
1721 3169 1896 3238 inqui-

326 3268 572 3330 rendam,
607 3268 679 3320 ita
711 3275 770 3319 ut
819 3266 967 3319 multi
1000 3281 1158 3336 egere
1207 3265 1462 3336 religiosi,
1513 3280 1632 3319 cum
1659 3264 1758 3317 viri
1789 3272 1897 3315 tum

329 3359 607 3423 mulieres,
638 3358 725 3426 qui
757 3357 1036 3411 diuturnos
1065 3357 1338 3411 cruciatus
1359 3355 1618 3425 corporis,
1655 3366 1729 3418 et,
1761 3352 1900 3423 quod

329 3451 508 3518 majus
535 3457 636 3514 e‘st,
669 3457 896 3503 mortem
945 3448 1184 3502 maluere
1211 3447 1437 3516 perpeti,
1464 3463 1620 3515 quam
1643 3444 1896 3502 alienum,

334 3551 695 3611 prmtcrquam
734 3540 848 3603 Dei,
877 3537 960 3592 vel
985 3537 1128 3591 unde
1159 3537 1298 3590 haud
1330 3538 1608 3590 honestum
1636 3534 1791 3597 foret,
1816 3532 1900 3584 itt-

330 3633 548 3702 qnircte
600 3631 880 3684 auxilium.
935 3627 1236 3683 Memorare
1290 3643 1498 3696 possein
1533 3624 1899 3696 quantplurcs,

331 3724 422 3790 qui
453 3722 711 3777 memoria
755 3735 871 3774 mea
922 3719 1007 3774 his
1061 3716 1335 3788 pne'claris
1369 3716 1565 3770 fulsere
1593 3714 1899 3778 virtutibus,

334 3813 386 3865 ni
415 3827 474 3865 ea
505 3827 591 3866 res
619 3810 749 3882 [mel
778 3809 986 3875 longius
1017 3809 1086 3863 ab
1119 3809 1331 3877 incepto
1363 3807 1617 3859 traheret.
1650 3803 1785 3857 Male
1807 3801 1904 3871 igi-

335 3913 442 3963 tur,
473 3911 531 3955 ttt
555 3902 620 3954 ad
674 3900 1002 3970 propositum
1035 3899 1270 3961 redeam,
1296 3897 1394 3952 sibi
1437 3895 1668 3951 consulit
1693 3895 1808 3965 qui,
1835 3894 1902 3948 ob

335 3994 620 4047 sanitatem
671 3991 914 4060 corporis
971 3990 1420 4060 recuperandam,
1462 3987 1657 4041 animm
1691 3987 1901 4040 ruinant

335 4086 507 4138 vitare
542 4100 647 4137 non
701 4090 876 4138 curat.
934 4081 1030 4136 llis
1083 4083 1262 4150 itaque
1310 4081 1463 4134 home
1503 4078 1794 4132 valetudini
1851 4087 1903 4131 et

337 4175 578 4244 pristinae
603 4172 822 4227 sanitati
861 4172 1104 4236 redditis,
1134 4187 1237 4225 non
1267 4183 1434 4240 parvo
1459 4169 1650 4237 gaudio
1672 4169 1902 4231 cunctis,

339 4279 476 4334 quos
515 4272 670 4317 antea
704 4277 906 4316 maeror
950 4271 1004 4315 et
1036 4261 1249 4315 tristitia
1289 4261 1580 4321 invaserat,
1626 4257 1902 4320 exstitere,

338 4365 395 4409 et
441 4371 561 4410 cunt
613 4369 753 4408 unus
813 4353 1076 4422 imprimis
1135 4352 1331 4422 oppido
1387 4350 1650 4405 obnoxius
1702 4349 1904 4418 Virgini

1992 1899 2136 1953 fores
2170 1898 2472 1962 clausisset,
2505 1898 2863 1968 proripuisset
2888 1912 3028 1951 sese.

2061 1989 2152 2045 ϐξ.
2192 1989 2324 2044 Cum
2354 1989 2517 2058 igitur
2541 1991 2592 2043 in
2619 1989 2840 2058 ancipiti
2871 1988 3111 2058 periculo
3139 1987 3334 2044 horror
3365 1989 3557 2060 ingens

1997 2090 2309 2152 spectantes
2344 2081 2777 2150 perstrinxissct,
2827 2096 2926 2136 nec
2974 2080 3027 2134 in
3071 2090 3217 2135 tanta
3266 2083 3567 2135 darnrnum

1999 2174 2157 2226 turba
2205 2174 2333 2243 quid
2385 2173 2650 2242 agendum
2706 2186 2879 2240 quove
2905 2186 2965 2225 se
2995 2172 3308 2225 vertendum
3360 2175 3424 2224 ad
3457 2173 3554 2240 ple-

1993 2279 2120 2317 nnnt
2146 2279 2243 2319 nos
2265 2271 2461 2328 ercnt;
2493 2279 2613 2316 cum
2655 2261 2748 2317 alii
2781 2263 3200 2317 vehementioris
3238 2263 3391 2331 ingcn
3420 2261 3432 2316 i
3466 2263 3566 2315 viri

1993 2357 2060 2411 ad
2097 2372 2220 2411 eum
2246 2355 2556 2410 irruendunt
2587 2364 2872 2410 censerent
2897 2355 3042 2424 (nam
3074 2355 3285 2424 parieti,
3326 2369 3433 2422 quo
3462 2370 3563 2406 una

1994 2465 2120 2520 pars
2155 2448 2399 2518 corporis
2426 2448 2594 2502 tutior
2639 2447 2801 2514 foret,
2840 2447 3147 2509 inhaeserat,
3182 2444 3404 2517 [quoat]
3432 2446 3566 2499 alte—

1995 2555 2108 2594 ram
2155 2540 2354 2592 nudato
2383 2538 2562 2607 gladio
2591 2538 2705 2606 ipse
2745 2551 2864 2591 sese
2892 2535 3110 2604 tutare),
3139 2536 3226 2588 alii
3275 2550 3424 2599 vero,
3456 2551 3522 2588 mi
3544 2562 3568 2575 -
3596 2525 3599 2527 ’

1994 2630 2150 2685 nachi
2183 2631 2506 2700 prmscrtim,
2559 2630 2695 2684 lenia
2747 2628 2981 2684 remedia
3016 2629 3220 2698 aptiora
3271 2628 3406 2688 fore,
3441 2641 3569 2679 ron-

1994 2722 2324 2790 citatuutque
2364 2722 2602 2775 animum
2651 2719 2823 2788 frangi
2869 2715 3183 2789 [diliicilius]
3215 2731 3376 2786 quam
3423 2714 3456 2768 ll
3493 2715 3566 2768 cti

1994 2830 2172 2885 posse,
2196 2816 2456 2879 dicerent,
2484 2814 2659 2882 inquit
2690 2821 2843 2883 pater
2872 2812 3036 2866 abbas
3063 2829 3075 2864 :
3101 2810 3236 2864 Cum
3266 2811 3431 2862 tutius
3457 2819 3566 2862 tum

1995 2905 2206 2960 facilius
2235 2907 2422 2976 probo,
2456 2905 2598 2957 hunc
2625 2918 2720 2971 pro
2761 2911 3000 2972 tempore
3037 2901 3193 2954 adeat
3238 2914 3433 2953 nemo:
3471 2899 3566 2951 sed

1997 3005 2054 3049 ιιι
2083 2997 2134 3049 bi
2158 2995 2244 3048 alii
2281 2993 2514 3062 Virginis
2547 2993 2747 3055 Mariae,
2780 2993 3061 3061 sanctique
3089 2989 3315 3046 Joannis
3341 2993 3566 3054 vir;u:e,

1998 3087 2299 3152 vestrisque
2325 3081 2665 3138 orationibus
2697 3082 2854 3138 liberi
2891 3082 3294 3150 incolumesque
3315 3083 3568 3143 evadant,

1999 3191 2159 3246 quam
2187 3176 2418 3245 primunt
2448 3189 2670 3243 operam
2717 3175 2866 3228 date.
2911 3173 3129 3228 lntcrint
3176 3173 3262 3226 ille
3305 3174 3570 3227 diuturni-

2002 3276 2112 3320 tate
2140 3265 2396 3334 teutporis
2424 3275 2478 3319 et
2509 3265 2670 3319 taedio
2711 3263 2953 3330 affectus,
2996 3264 3194 3329 locum,
3242 3279 3398 3334 quem
3430 3279 3571 3318 nunc
3611 3313 3629 3331 ,

2001 3365 2186 3409 contra
2230 3355 2468 3407 omnium
2502 3355 2745 3408 voluntat
2783 3367 2834 3408 nt
2874 3364 3056 3408 tenere
3094 3354 3327 3421 videtur,
3367 3347 3582 3408 invitns'

2000 3445 2131 3497 velit
2174 3444 2306 3498 nolit
2349 3445 2586 3498 deseret.
2636 3443 2722 3498 Fit
2773 3445 2936 3514 igitur
2977 3455 3035 3498 ut
3083 3454 3238 3513 pater
3263 3445 3425 3500 abbas
3455 3462 3574 3499 cen-

2001 3545 2202 3591 suerat.
2233 3537 2434 3591 Instant
2479 3537 2664 3607 igitur,
2712 3537 2889 3607 primo
2942 3541 3229 3606 conjurant
3271 3540 3571 3592 daemonem

2000 3635 2056 3680 et
2079 3626 2414 3692 cxoreizant,
2448 3627 2554 3680 alio
2603 3642 2733 3682 vero
2767 3631 2976 3682 subeat.
3011 3628 3212 3683 Omnes
3257 3629 3401 3682 enim
3448 3644 3569 3683 cum

2006 3716 2238 3787 religiosi
2269 3727 2380 3771 tum
2413 3717 2700 3772 sateularcs
2728 3718 2854 3772 ﬂere
2885 3719 3132 3787 (quisque
3165 3721 3413 3789 equidem
3449 3737 3574 3790 [γὀ-

2004 3808 2122 3876 prio
2147 3808 2358 3877 negotio
2410 3807 2599 3862 relicto
2627 3809 2830 3863 adhoc
2877 3809 3173 3863 inauditum
3219 3812 3572 3878 stupendum-

2004 3911 2108 3966 que
2129 3896 2448 3950 miraculum
2473 3912 2593 3952 sese
2613 3898 2956 3966 contulerat),
2979 3899 3274 3968 piissimam
3299 3897 3571 3969 Virginem

2003 3985 2254 4052 Mariam,
2287 3997 2642 4056 sanctumque
2667 3985 2950 4052 Joannem,
2980 3998 3035 4045 ut
3062 3988 3146 4043 his
3178 3990 3388 4043 miseris
3415 4004 3594 4058 opem.

2007 4076 2208 4143 ferant,
2241 4094 2334 4132 ora
2347 4094 2421 4132 re.
3041 4142 3050 4147 θ

2077 4169 2164 4224 65.
2206 4169 2350 4222 inter
2390 4170 2652 4223 orandum
2701 4171 2899 4240 itaque,
2928 4185 3048 4224 cum
3074 4169 3325 4224 sacerdos
3357 4185 3574 4224 causam

2011 4260 2287 4329 ingressus
2337 4261 2548 4314 illorum
2596 4255 2901 4314 daemonum
2947 4263 3014 4315 ab
3082 4277 3146 4316 co
3197 4263 3438 4316 daemone
3484 4265 3574 4332 qui

2010 4351 2216 4418 primus
2260 4359 2377 4402 erat
2425 4350 2744 4418 inquireret,
2813 4350 2988 4419 inquit
3032 4349 3118 4405 ille
3149 4368 3162 4404 :
3195 4351 3302 4407 llos
3346 4364 3578 4421 quatuor

341 4445 523 4500 Mariae
551 4453 845 4512 sanctoque
872 4441 1064 4497 Joanni
1097 4444 1375 4504 existeret,
1407 4440 1564 4493 antbo
1606 4439 1798 4494 deinde
1839 4454 1903 4490 ex
1940 4460 1982 4514 ι)
2009 4438 2203 4492 fratres
2248 4439 2388 4491 scias
2432 4438 2570 4501 volo,
2604 4439 2654 4490 in
2685 4437 2911 4491 alterius
2951 4441 3237 4508 quamdam
3272 4442 3570 4510 possessio-

341 4536 590 4605 obligatis
619 4533 953 4590 sesefecere
991 4532 1434 4603 obligatissimos,
1467 4539 1521 4585 et
1568 4530 1673 4584 laeti
1708 4545 1905 4584 conce-

343 4624 538 4680 dcrunt
562 4623 872 4679 Lancisam.

986 4710 1162 4768 PARS
1199 4711 1290 4767 Vl.

415 4809 478 4862 δι
490 4848 502 4861 .
520 4809 594 4861 Ex
609 4806 828 4861 civitate
843 4806 1060 4860 Aretina
1074 4815 1304 4874 quatuor
1324 4803 1562 4872 germani
1575 4803 1780 4866 ,multis
1796 4803 1914 4857 aliis

345 4899 752 4962 comitantibus,
775 4898 904 4952 olim
934 4899 1037 4952 hoc
1070 4896 1130 4951 S.
1169 4896 1353 4950 Maria:
1382 4897 1763 4950 monasterium
1788 4909 1917 4964 gra-

346 4991 422 5045 tia
451 4989 602 5044 bonae
629 4987 958 5042 valetudinis
1000 4987 1375 5058 recuperandae
1420 4986 1747 5055 quresivcrc;
1783 5002 1917 5055 quo-

346 5094 470 5135 rum
501 5095 659 5144 unus,
693 5087 750 5132 ut
778 5094 837 5134 re
867 5079 980 5147 ipsa
1027 5077 1426 5142 declarabatur,
1456 5090 1485 5130 a
1527 5078 1766 5132 daemone
1795 5075 1918 5132 fati-

351 5179 505 5194 _-A..-
529 5169 543 5194 I'
565 5179 698 5194 -.υ-ο.
722 5169 739 5194 Ὶ
781 5169 955 5194 -..ιιι-ε
998 5182 1122 5194 ..σι-..ι
1178 5167 1277 5194 ...κζ
1308 5168 1404 5194 ἶνιπῖ
1435 5167 1567 5194 ad-..
1594 5180 1921 5194 ..a_--A..n-._

2013 4543 2132 4583 nent
2165 4531 2462 4591 devenisse,
2489 4545 2717 4599 eamque
2746 4528 3025 4586 fraudibus
3058 4533 3376 4600 quibusdam
3400 4544 3449 4588 et
3483 4551 3578 4588 ca-

2013 4618 2376 4673 villationibus
2419 4621 2518 4674 sibi
2567 4621 2891 4685 vindicasse,
2929 4633 2984 4675 et
3009 4623 3099 4690 jus
3123 4623 3416 4694 denegasse
3443 4625 3580 4679 alte-

2016 4713 2145 4770 rius,
2177 4726 2442 4779 suumque
2481 4721 2655 4765 ratum
2695 4723 2749 4768 et
2793 4713 3005 4769 firmum
3045 4725 3103 4770 ttt
3145 4727 3351 4770 rectum
3393 4719 3579 4773 haberi

2017 4801 2271 4866 voluisse,
2301 4813 2353 4856 et
2383 4819 2446 4856 ex
2495 4813 2621 4858 tunc
2650 4819 2748 4874 pro
2777 4822 2871 4860 sua
2900 4809 3129 4877 quisque
3171 4807 3220 4861 vi
3259 4820 3475 4864 certare
3517 4827 3583 4864 ne

2018 4895 2105 4949 bis
2169 4893 2363 4965 quibus
2404 4894 2528 4964 jure
2601 4899 2942 4953 haereditario
2997 4900 3192 4956 fundus
3242 4904 3583 4961 conveniret.

2021 4983 2380 5038 redderetur:
2424 4988 2674 5054 quocirca
2716 4989 2768 5043 in
2810 4990 2910 5045 has
2957 4991 3207 5046 miserias
3233 5001 3286 5043 et
3316 5005 3594 5044 aerumnas

2019 5075 2202 5129 divino
2238 5077 2456 5128 numine
2497 5078 2843 5148 pnecipitari.
2889 5079 2991 5145 Qui
3041 5082 3094 5136 ni
3142 5080 3287 5150 prius
3321 5080 3599 5146 supplicis

2023 5168 2230 5194 Α...“Α..ι
2289 5165 2560 5194 'nlnnn‘lnnun
2605 5185 2750 5194 Α....-.-

3202 5183 3352 5194 καλ...
3407 5170 3457 5194 Γ-
3477 5191 3483 5193 _
3502 5191 3526 5194 Α,
3556 5177 3564 5194 I
