4110 5362
295 320 395 377 8H

1847 300 2043 370 ACTA.

3472 306 3577 373 Si!

298 442 433 494 tenti
489 451 611 493 eam
660 436 882 492 liberam
911 477 926 504 ,
973 451 1080 508 quo
1124 435 1325 509 cupido
1367 431 1565 502 vellet,
1620 434 1701 491 ire
1752 448 1878 505 per-
1906 433 1962 493 Δ
1985 427 2251 485 charitate
2285 430 2488 501 gratias
2521 445 2643 503 ago,
2670 434 2933 503 agamque
2957 437 3189 502 semper,
3214 432 3453 505 mihique
3483 420 3581 489 vo-

298 527 540 581 mittere.

368 614 459 671 69.
496 614 618 684 ipsa
642 613 829 685 itaque
853 614 982 685 quia
1009 624 1066 670 et
1090 629 1257 671 causa
1286 623 1342 670 et
1368 613 1522 670 locus
1548 623 1890 685 opportunus

299 704 407 762 sibi
432 715 552 761 erat
585 707 842 777 precibus
882 705 1257 772 muliebribus,
1299 721 1329 760 a
1367 707 1616 775 suis‘per
1650 714 1889 775 pratum,

299 810 413 865 quo
438 797 755 853 monasterii
793 811 923 867 pars
962 797 1223 867 cingitur,
1266 795 1428 852 facile
1464 797 1683 851 incessu
1718 796 1892 865 impe-

303 895 471 951 trato,
500 887 583 942 his
618 887 741 941 aliis
767 889 931 942 rebus
963 886 1211 952 intentis,
1242 887 1518 957 extemplo
1548 885 1730 958 lugam
1754 884 1893 940 arri-

300 977 439 1047 puit.
465 977 754 1045 Quodnisi
779 978 1019 1047 undique
1039 977 1237 1043 nostri,
1267 978 1358 1047 qui
1380 977 1516 1033 foris
1540 986 1665 1033 tunc
1685 984 1890 1043 essent,

302 1078 717 1141 j‘roperassent,
764 1079 821 1126 et
859 1084 981 1125 eam
1028 1070 1144 1127 suis
1181 1070 1348 1126 etiam
1379 1069 1639 1125 auxilium
1664 1069 1892 1125 ferenti-

302 1159 438 1225 bus,
485 1160 553 1214 vi
588 1160 912 1231 cepissent,
965 1160 1214 1231 profecto
1262 1176 1327 1217 ea
1368 1162 1456 1217 die
1485 1162 1558 1217 ad
1598 1160 1805 1216 alienas
1833 1175 1894 1216 se

300 1244 626 1308 contulisset
666 1259 1071 1322 extraneasque
1096 1253 1390 1324 regiones:
1426 1252 1562 1307 tales
1608 1260 1895 1323 tantasque

303 1340 411 1396 sibi
448 1341 595 1396 vires
629 1339 879 1396 diabolus
917 1341 1063 1397 inter
1101 1341 1414 1413 fugiendum
1453 1342 1891 1397 administrabat.

305 1430 482 1500 Quam
513 1440 753 1501 captam,
785 1432 1038 1488 manibus
1065 1448 1097 1488 a
1124 1442 1274 1503 tergo
1301 1433 1580 1499 revinctis,
1619 1433 1687 1487 ad
1716 1433 1893 1503 capel-

307 1521 438 1584 lam,
489 1539 612 1593 qua:
641 1522 797 1591 juxta
838 1525 1227 1579 monasterium
1262 1524 1527 1580 aediﬁcata
1557 1534 1662 1590 est,
1689 1524 1895 1580 viribus

308 1616 618 1685 ingentibus
658 1616 956 1685 rapientes,
993 1632 1181 1672 omnes
1212 1617 1326 1683 alii,
1375 1619 1466 1687 qui
1511 1617 1654 1671 domi
1682 1627 1737 1672 ct
1761 1615 1895 1672 foris

308 1715 438 1762 tunc
477 1708 726 1773 aderant,
764 1709 831 1762 ad
864 1724 983 1762 eam
1018 1708 1295 1763 visendam
1332 1723 1681 1764 concurrere.
1707 1708 1895 1763 Edicto

1990 519 2288 575 luntarium
2315 536 2413 591 pro
2443 531 2595 576 tanto
2626 521 2680 576 iu
2709 539 2794 577 me
2816 523 3011 579 collato
3042 522 3305 579 beneﬁcio
3326 524 3379 579 in
3410 523 3579 595 ipsius

1991 609 2174 679 vigilia
2208 607 2473 677 jejunium
2523 609 2739 676 indico;
2790 612 2929 666 addo
2969 611 3211 682 insuper,
3255 625 3289 667 o
3324 607 3581 683 parentes

1984 698 2289 768 aliinesque
2314 698 2418 753 mei
2446 698 2764 766 dulcissimi,
2797 702 3114 757 annuariam
3144 703 3310 772 ipsius
3336 702 3393 758 S.
3417 702 3585 760 Joana

1994 791 2079 845 nis
2104 790 2675 845 commemorationem
2710 793 2977 848 celebrem
3010 794 3063 848 in
3109 791 3168 848 S.
3200 793 3417 849 Antonii
3449 805 3585 851 tem-

1991 882 2107 953 plo,
2131 882 2224 937 ubi
2247 888 2557 937 nostrorum
2579 883 2843 937 cadavera
2867 881 3073 951 iacent,
3132 884 3270 941 ﬂeri.
3312 886 3584 944 Asseruut

1993 990 2053 1032 se
2083 974 2326 1032 facturos
2352 962 2563 1041 amnes,
2590 984 2646 1029 et
2685 975 2867 1031 Statim
2894 975 2954 1032 8.
2981 975 3207 1033 Joannis
3232 977 3458 1035 brachio
3482 979 3585 1040 dea

1992 1073 2119 1122 vote
2186 1064 2433 1122 osculato
2461 1107 2478 1132 ,
2556 1062 2982 1121 valedicen'tibus
3038 1065 3316 1136 nauibus,
3364 1068 3586 1128 domum

1993 1155 2316 1211 discessere.
2367 1153 2541 1224 Quam
2603 1154 2834 1225 puellam
2886 1164 3072 1227 postea
3125 1157 3360 1215 humana
3405 1154 3589 1219 omnia

1994 1248 2330 1318 despexisse,
2376 1254 2648 1317 parentes,
2700 1247 3053 1319 propinquos,
3111 1257 3165 1305 et
3210 1258 3427 1318 caetera,
3468 1262 3591 1323 qua:

1995 1339 2136 1408 apud
2166 1338 2425 1393 mortales
2462 1335 2635 1409 prima
2665 1334 2956 1406 habentur,
3007 1351 3062 1395 et
3108 1340 3425 1411 religionem
3470 1358 3591 1400 mo-

1996 1432 2217 1486 nialium
2247 1431 2433 1487 iniisse
2463 1432 2789 1501 accepimus.
2818 1430 2935 1486 Non
2981 1432 3125 1487 enim
3164 1434 3290 1489 alibi
3325 1434 3517 1495 melius
3536 1444 3593 1492 et

1994 1520 2159 1577 latius
2186 1536 2347 1592 posse
2376 1523 2599 1576 rebatur
2645 1537 2710 1576 ea
2754 1520 2935 1575 divina
2983 1522 3120 1577 bona
3152 1535 3369 1578 sumere
3396 1533 3452 1579 et
3480 1538 3593 1580 mc-

1997 1613 2126 1676 reri,
2154 1628 2275 1683 qua:
2304 1611 2467 1684 paulo
2491 1622 2619 1667 ante
2669 1613 2878 1667 meritis
2906 1611 3089 1668 Maria:
3115 1630 3329 1686 semper
3358 1614 3596 1687 Virginis

1996 1715 2053 1761 et
2092 1705 2318 1761 Joannis
2354 1705 2685 1761 sanctissimi
2715 1707 3046 1776 degustarat.
3446 1722 3449 1723 '

309 1797 532 1865 insuper
565 1812 594 1851 a
620 1798 779 1852 Patre
808 1798 1149 1862 monasterii,
1179 1808 1240 1852 ut
1272 1814 1370 1869 pro
1397 1798 1566 1868 ipsius
1594 1797 1770 1853 salute
1797 1812 1895 1868 pro
1925 1770 1971 1831 Β
2068 1797 2157 1852 72.
2215 1795 2481 1851 Caeterum
2524 1810 2631 1849 non
2655 1794 2751 1850 abs
2780 1810 2839 1851 re
2870 1796 3044 1851 visum
3069 1806 3151 1852 est
3180 1797 3234 1852 in
3258 1792 3407 1853 calce
3429 1793 3596 1853 mira-

308 1900 369 1942 se
389 1888 619 1957 quisque
666 1886 873 1952 Jesuut,
922 1887 1197 1958 Virginem
1241 1889 1488 1954 Mariam,
1542 1898 1896 1961 sanctumque

310 1989 535 2033 orarent
559 1976 846 2043 Joannem,
872 1977 1019 2032 foras
1045 1980 1296 2034 monachi
1329 1994 1519 2033 omnes
1550 1980 1741 2034 ordine
1769 1995 1900 2050 quo-

309 2067 436 2121 dam
478 2082 602 2121 cum
635 2067 693 2122 S.
736 2066 963 2122 Joannis
996 2068 1243 2134 brachio,
1276 2069 1352 2122 uti
1386 2085 1501 2125 nzos
1527 2077 1630 2135 cst,
1661 2074 1782 2124 cunt
1813 2084 1900 2125 res

312 2159 723 2228 necessitasque
745 2157 1077 2228 expostulat,
1108 2158 1419 2214 incedentes
1437 2160 1653 2226 devote,
1679 2167 1733 2216 et
1757 2160 1824 2214 ad
1848 2160 1902 2215 id

314 2246 439 2312 loci,
488 2248 581 2302 ubi
631 2248 840 2303 dannon
886 2248 1132 2319 ingentes
1172 2250 1437 2305 clamores
1484 2265 1579 2320 per
1617 2265 1679 2306 os
1711 2250 1903 2322 puellae

313 2336 383 2390 da
393 2351 474 2400 re,
504 2345 725 2392 ventum
756 2348 860 2392 est.

384 2424 477 2483 70.
520 2428 849 2485 Sciscitante
873 2431 1178 2499 sacerdote,
1209 2432 1351 2488 unde
1370 2431 1474 2488 sibi
1504 2441 1652 2488 tanta
1684 2429 1903 2503 petendi

310 2529 632 2575 creaturam
668 2518 872 2575 Christi
913 2521 1111 2577 iterum
1156 2524 1405 2590 audacia,
1442 2527 1745 2595 praesertim
1781 2542 1903 2581 eum

315 2610 725 2684 gloriosissima:
766 2613 1001 2685 Virginis
1046 2614 1228 2671 Mariae
1272 2618 1482 2672 meritis
1510 2619 1751 2689 pristina:
1788 2618 1909 2673 red-

317 2705 435 2761 dita
491 2704 658 2760 fuerit
705 2707 962 2772 sanitati,
1014 2706 1191 2778 inquit
1238 2709 1623 2765 (lzemon:Cur
1652 2726 1681 2763 a
1715 2725 1800 2765 me
1843 2725 1907 2765 ea

318 2796 579 2867 requiris,
610 2812 729 2866 qua:
757 2798 822 2852 ad
843 2808 895 2851 te
922 2813 1026 2853 non
1052 2800 1343 2869 pertinent,
1362 2816 1394 2855 ο
1420 2802 1672 2857 sacerdos
1694 2802 1717 2854 Ὺ
1737 2801 1909 2856 Tuum

319 2905 540 2960 perage,
571 2906 731 2961 quam
761 2902 910 2946 recte
956 2902 1126 2963 potes,
1174 2893 1429 2961 ollicium,
1476 2902 1529 2949 et
1557 2908 1624 2949 ne
1645 2909 1706 2948 ea
1735 2894 1913 2964 inqui-

321 2996 431 3044 ras,
464 2997 585 3050 qua:
614 2981 682 3034 ad
725 2992 777 3035 te
803 2981 875 3034 nil
918 2978 1166 3036 attinent.
1198 2981 1331 3036 Cum
1356 2983 1500 3036 enim
1547 2982 1616 3035 ab
1664 2982 1914 3038 omnibus

1982 1884 2103 1942 ‘culi
2127 1895 2314 1943 contra
2330 1885 2700 1942 contentiosos
2723 1893 2774 1939 et
2791 1896 3074 1954 pet-verses
3096 1887 3360 1956 quosdam
3383 1883 3594 1960 {agere}

1998 1977 2089 2046 qui
2119 1989 2367 2032 asserere
2394 1977 2667 2041 nituntur,
2693 1989 2761 2031 ex
2790 1991 2897 2046 quo
2919 1977 3149 2048 prefata
3180 1977 3365 2048 puella
3383 1993 3490 2035 non
3522 1979 3600 2045 ibi

2001 2066 2056 2121 in
2085 2065 2143 2120 8.
2179 2064 2364 2120 Maria:
2388 2064 2640 2129 ecclesia,
2674 2066 2764 2120 ubi
2792 2066 2965 2135 prius,
2997 2067 3093 2122 sed
3123 2067 3212 2123 hic
3236 2066 3597 2135 convaluerit,

1984 2152 2222 2212 sanctos
2253 2157 2379 2223 Dei,
2410 2172 2518 2212 non
2549 2155 2641 2211 ubi
2685 2156 2892 2223 volunt,
2930 2158 3027 2213 sed
3066 2158 3156 2213 tibi
3211 2157 3324 2213 Deo
3349 2159 3596 2221 libuerit.

2003 2246 2384 2302 intlrmitatum
2406 2246 2636 2317 gratiam
2662 2246 3138 2318 lmpetrare(l52).
3164 2248 3319 2317 Quod
3347 2250 3599 2320 equidem

2004 2353 2163 2408 quam
2213 2337 2475 2394 insulsum
2544 2336 2923 2409 nefarinmqne
2977 2342 3201 2409 existat,
3252 2342 3483 2399 aliorum
3527 2346 3604 2401 sit

2000 2427 2286 2499 judicium.
2314 2428 2443 2483 Mihi
2471 2438 2557 2483 sat
2578 2430 2705 2496 erit,
2725 2430 2855 2500 quid
2877 2431 2979 2487 hac
3003 2432 3054 2486 in
3087 2447 3145 2488 re
3174 2434 3405 2489 sentiam
3429 2433 3602 2491 disse-

2007 2535 2149 2584 rere,
2191 2520 2235 2575 si
2264 2518 2407 2575 forte
2443 2520 2524 2575 sic
2542 2520 2746 2574 'horum
2771 2519 2908 2575 falsa
2941 2521 3218 2577 refellatur
3256 2523 3459 2594 Opinio.
3484 2523 3601 2580 Ma-

2008 2610 2146 2664 riam
2182 2610 2366 2680 itaque
2411 2607 2691 2681 Virginem
2732 2620 3055 2682 sanctosque
3104 2611 3302 2668 Christi
3330 2611 3459 2669 Jesu
3489 2629 3605 2669 om-

2011 2717 2107 2756 nes
2141 2700 2332 2755 eadem
2359 2699 2520 2765 velle,
2574 2700 2762 2755 eadem
2807 2700 2970 2768 nolle,
3022 2703 3150 2757 dum
3181 2711 3308 2758 sunt
3345 2703 3398 2758 ir.
3432 2705 3604 2776 patria

2011 2802 2234 2856 aeterna,
2259 2807 2379 2863 quae
2399 2791 2526 2846 Jesu
2549 2800 2702 2862 grata
2726 2802 3055 2866 acceptaque
3084 2795 3213 2863 sint,
3230 2811 3456 2851 censeo:
3482 2813 3605 2852 cum

2014 2886 2156 2940 idem
2186 2884 2345 2940 Jesus
2373 2884 2426 2938 in
2445 2884 2619 2939 sacris
2640 2884 2946 2955 Evangeliis
2967 2888 3171 2942 sentire
3192 2887 3454 2956 videatur,
3478 2888 3609 2942 dum

2016 2976 2147 3031 dicit
2173 2994 2185 3030 :
2219 2974 2377 3043 Volo,
2399 2974 2579 3043 Pater,
2608 2977 3135 3046 utquemadmodum
3148 2992 3248 3048 ego
3272 2987 3329 3033 et
3357 2986 3411 3033 tu
3442 2994 3608 3033 unum

311 3070 604 3139 psalleudo
629 3080 684 3125 et
710 3071 979 3125 cantando
1024 3072 1077 3126 in
1123 3071 1339 3141 longum
1392 3071 1697 3126 traheretur
1716 3072 1909 3135 oratio,
1939 3112 1986 3174 Ο
2016 3084 2226 3135 sumus,
2259 3069 2332 3124 ita
2383 3077 2438 3125 et
2481 3069 2569 3124 isti
2601 3070 2652 3124 in
2707 3070 2866 3125 nobis
2918 3086 3084 3124 unum
3143 3071 3273 3127 sint.
3332 3070 3408 3126 Eo
3443 3070 3519 3134 lit,
3553 3082 3612 3125 ut

317 3171 379 3216 et
401 3162 633 3226 daemon,
681 3152 894 3217 tametsi
939 3163 1122 3219 multis
1161 3162 1467 3219 adiceretur
1508 3165 1810 3230 tormentis,
1858 3164 1912 3220 in

312 3268 421 3308 sua
442 3261 640 3327 tamen
672 3240 1015 3326 permaneret
1041 3257 1329 3319 sententia,
1365 3257 1699 3327 Spirituique
1728 3266 1916 3313 sancto

320 3347 505 3401 locum
536 3338 642 3402 non
676 3348 852 3413 daret,
901 3348 1031 3404 utile
1077 3351 1250 3403 visum
1279 3357 1364 3403 est
1389 3350 1442 3403 in
1479 3351 1619 3405 diem
1665 3349 1915 3415 alteram,

323 3438 412 3493 sui
468 3437 903 3507 cciijurationem
955 3449 1010 3495 et
1063 3455 1274 3504 cruces,
1317 3440 1441 3510 quia
1495 3440 1918 3511 puellam’veh’e-

328 3541 545 3588 menter
587 3541 957 3599 concusserat,
1003 3532 1240 3589 ditfcrre.
1289 3533 1511 3589 Interim
1550 3534 1717 3589 abbas
1762 3533 1922 3588 Pater

326 3624 460 3680 Jesu
508 3616 832 3697 'Virginique
889 3612 1071 3680 alariae
1118 3633 1416 3694 sanctoque
1465 3623 1657 3679 Joauni
1709 3624 1923 3695 privata

330 3715 592 3786 supplicia
612 3717 1099 3786 (l5|)decernere:
1128 3717 1180 3771 id
1205 3716 1326 3771 heto
1347 3717 1528 3771 animo
1558 3717 1803 3771 monachi
1826 3729 1925 3787 pro

330 3824 394 3863 se
420 3810 652 3879 quisque
682 3825 865 3878 agerc,
896 3811 964 3865 ab
991 3810 1240 3865 oratione
1263 3825 1369 3864 non
1398 3809 1682 3875 desistere,
1713 3808 1927 3863 diabolo

331 3901 690 3979 intus,vforis,
727 3901 921 3972 singuli
948 3901 1218 3970 simulque
1264 3902 1498 3971 quietem
1546 3900 1745 3954 nullam
1774 3900 1923 3954 dare.
1989 3904 1996 3910 '

408 3989 496 4043 71.
553 3989 820 4045 Postridie
858 4005 987 4045 vero
1013 3991 1348 4045 orationibus
1378 4006 1565 4045 omnes
1617 3991 1827 4055 intenti,
1874 3999 1931 4044 et

336 4081 593 4134 sacerdos
631 4080 851 4151 jugibus
902 4081 1283 4152 contiunisque
1328 4081 1795 4151 conjuratiouihns
1843 4081 1929 4135 in-

337 4181 508 4235 stare,
539 4182 597 4226 ut
632 4173 685 4226 in
715 4188 826 4226 rem
867 4187 1018 4227 suam
1048 4173 1371 4227 concederet
1413 4173 1643 4227 tlaimon.
1691 4172 1930 4226 Tandem

338 4262 512 4318 multo
543 4266 786 4333 tempore
817 4264 869 4318 iu
904 4264 993 4333 pio
1025 4278 1186 4333 opere
1211 4264 1417 4327 attrito,
1448 4263 1507 4317 S.
1564 4261 1791 4317 Joannis
1819 4263 1932 4315 vir-

340 4360 514 4408 tutem
556 4351 701 4407 ferre
727 4352 955 4422 amplius
979 4368 1084 4407 non
1120 4352 1304 4407 valens
1332 4352 1532 4423 ingenti
1556 4369 1677 4407 cum
1701 4352 1936 4406 stridore

2017 3161 2277 3231 quidquid
2303 3162 2476 3217 sancti
2508 3162 2610 3217 viri
2637 3172 2951 3232 operantur,
2975 3163 3068 3218 Dei
3088 3172 3244 3230 nutu,
3270 3164 3612 3236 Virginisque

2018 3254 2199 3309 Maria:
2230 3262 2436 3308 tantum
2485 3254 2737 3324 precibus
2778 3254 3094 3326 praemissis,
3141 3255 3197 3311 id
3226 3266 3408 3327 agant.
3435 3251 3612 3314 Tuam

2020 3349 2209 3418 igitur,
2246 3362 2280 3401 ο
2312 3346 2574 3402 malevole
2606 3354 2662 3401 et
2690 3347 2984 3414 detractor,
3024 3348 3189 3402 vitam
3209 3388 3225 3414 ,
3255 3365 3364 3402 non
3395 3356 3614 3405 sancto-

2020 3455 2140 3494 rum
2174 3441 2366 3494 merita
2393 3438 2600 3510 culpes,
2631 3454 2760 3507 oro;
2787 3440 2987 3503 sinon,
3013 3450 3073 3494 ut
3109 3440 3203 3495 tibi
3230 3449 3445 3510 gratum
3467 3448 3615 3497 esset

2021 3541 2078 3589 et
2105 3533 2194 3588 ubi
2220 3532 2521 3598 velles,sed
2551 3534 2765 3603 quando
2787 3533 2864 3589 cis
2884 3533 3052 3598 lubet,
3079 3543 3129 3589 et
3153 3534 3345 3605 quovis
3372 3534 3615 3605 gentium

2023 3623 2267 3693 prodigia
2296 3622 2477 3678 divino
2513 3632 2646 3678 nutu
2668 3632 2725 3678 et
2751 3623 2950 3680 auxilio
2980 3623 3124 3680 inter
3161 3623 3416 3680 mortales
3434 3631 3619 3681 osten-

2027 3717 2179 3772 dunt.
2212 3714 2317 3771 Sed
2347 3731 2493 3770 nunc
2521 3716 2588 3771 ad
2629 3715 2860 3787 reliqua.

2655 3808 2837 3866 PARS
2880 3808 2989 3865 VII.

2121 3902 2209 3955 75.
2275 3902 2351 3956 Ex
2398 3902 2617 3957 civitate
2663 3902 2888 3958 Aretina
2940 3900 3115 3973 (l55),
3167 3902 3237 3959 de
3282 3916 3390 3972 qua
3453 3914 3619 3971 supra

2030 3993 2254 4046 verbum
2285 3992 2533 4058 fecimus,
2566 3992 2759 4048 mulier
2804 3993 3050 4063 quaedam
3075 3992 3191 4062 jam
3241 3995 3293 4047 in
3344 3993 3619 4063 decrepita

1989 4094 1997 4163 ς
2032 4093 2190 4140 aetate
2218 4086 2511 4139 constituta
2565 4085 2658 4139 tali
2697 4086 2943 4140 daemone
2972 4086 3270 4141 vexabatur
3310 4093 3391 4149 ut,
3423 4085 3622 4138 vinctis

2034 4175 2196 4229 etiam
2249 4187 2369 4245 post
2418 4183 2566 4246 terga
2620 4177 2900 4241 manibus,
2950 4176 3037 4230 vix
3081 4192 3113 4229 a
3155 4176 3438 4231 duodecim
3487 4174 3623 4229 viris

2036 4265 2319 4319 acerrimis
2367 4265 2537 4319 teneri
2576 4265 2826 4336 sistique,
2874 4266 2978 4320 nisi
3011 4281 3133 4320 cum
3164 4267 3366 4337 ingenti
3398 4264 3623 4321 dimoui-

2037 4363 2150 4410 tate
2179 4365 2229 4410 et
2263 4354 2448 4409 labore
2471 4364 2676 4426 posset.
2710 4355 2880 4423 Quam
2906 4372 3021 4411 rem
3050 4357 3210 4411 amici
3248 4371 3353 4412 una
3374 4371 3498 4411 cum
3526 4370 3625 4427 pa-

340 4455 400 4500 et
430 4454 639 4500 terrore
666 4445 780 4499 loca
815 4445 989 4515 petiit.
1022 4444 1202 4499 Puella
1236 4436 1363 4499 vero
1404 4442 1561 4499 Livia
1578 4445 1689 4499 fcre
1717 4459 1813 4515 per
1838 4445 1934 4498 ho-
1966 4447 2015 4509 υ
2043 4442 2290 4499 rentibus
2333 4445 2614 4513 aegerrime
2658 4442 2916 4509 ferentes,
2949 4446 3221 4512 dubitare,
3266 4444 3522 4515 quidnam
3566 4444 3626 4502 in

343 4552 462 4590 ram
518 4536 593 4590 uti
638 4536 891 4590 defuncta
936 4536 1043 4590 vita
1095 4537 1243 4591 humi
1292 4545 1562 4604 prostrata
1600 4535 1790 4606 jacuit.
1841 4532 1940 4592 Lbi

343 4629 586 4683 surrexit
626 4644 732 4682 non
762 4642 929 4698 parva
953 4628 1316 4682 admiratione
1345 4629 1538 4693 teneri,
1567 4628 1786 4682 ubinam
1813 4642 1943 4699 gen-

342 4721 481 4774 tium
531 4729 697 4784 esset,
734 4714 877 4790 quid
930 4719 1147 4789 quidem
1208 4720 1299 4774 ille
1368 4719 1756 4774 nmuacliorum
1810 4717 1944 4772 alio-

348 4824 540 4863 rumve
586 4808 864 4864 hominum
931 4810 1122 4880 globus
1189 4808 1508 4878 inquireret,
1578 4800 1938 4879 interrogans.

350 4898 524 4952 Causa
550 4899 786 4968 cognita,
838 4899 1050 4968 inquit:
1102 4898 1266 4953 Grata
1300 4900 1430 4954 mihi
1465 4915 1549 4954 res
1589 4908 1693 4964 est,
1740 4915 1774 4954 ο
1814 4899 1943 4954 boni

356 4989 501 5054 viri;
530 4991 594 5044 de
622 5006 706 5044 me
732 4991 950 5061 quidem
990 4991 1059 5045 ob
1105 4997 1451 5046 consecutam
1497 4992 1783 5045 sanitatem
1814 5006 1941 5061 με»

355 5077 562 5135 tissima
591 5081 762 5134 sancti
801 5078 1027 5134 Joannis
1064 5080 1375 5143 annuatim,
1419 5081 1545 5134 dum
1585 5080 1805 5150 spiritus
1842 5079 1944 5134 hoc

355 5178 699 5239 regetartus,
731 5168 996 5226 memoria
1043 5170 1181 5235 erit;
1219 5171 1304 5224 cui
1354 5185 1453 5238 pro
1498 5171 1735 5241 Virginis
1765 5170 1945 5225 Maria:

431 5278 578 5348 (l5l)
607 5279 740 5335 Puto
780 5279 871 5333 hic
923 5292 1019 5349 per
1058 5276 1320 5350 supplicia
1347 5277 1568 5348 intelligi
1595 5281 1944 5349 pmnilentias

2045 4543 2192 4589 tanta
2219 4550 2279 4590 re
2303 4537 2570 4606 agendum
2601 4545 2775 4602 esset;
2806 4552 2926 4592 eam
2959 4534 3080 4609 [an]
3113 4536 3342 4602 scilicet,
3369 4538 3422 4590 vi
3448 4535 3626 4592 homi-

2042 4646 2174 4686 num
2208 4632 2494 4695 conducta,
2544 4631 2845 4695 traherent,
2888 4646 3006 4695 seu,
3038 4631 3210 4687 atroci
3246 4628 3494 4705 jumento
3538 4628 3626 4684 in-

2045 4730 2229 4788 vento,
2268 4736 2387 4776 eam
2423 4722 2659 4792 undique
2699 4721 2934 4777 vinctam
2982 4721 3214 4792 desuper
3260 4720 3451 4775 sedere
3472 4718 3628 4788 jube-

2044 4819 2189 4867 rent.
2242 4809 2481 4866 Tandem
2521 4811 2692 4865 satius
2733 4811 2904 4866 visum
2936 4818 3045 4874 est,
3076 4809 3285 4866 mulum
3320 4823 3416 4865 seu
3450 4806 3632 4864 cabal-

2045 4898 2154 4957 lum
2178 4904 2240 4959 ad
2256 4918 2417 4957 auom
2434 4903 2778 4959 deferendam
2802 4903 3112 4961 conducere
3131 4904 3197 4961 ad
3212 4912 3447 4971 tempus,
3471 4914 3632 4971 quam

2000 5060 2003 5065 ί
2047 5002 2127 5048 tot
2154 4994 2284 5048 viris
2308 5004 2363 5049 et
2391 4994 2495 5049 sibi
2526 4992 2679 5048 oneri
2726 4994 3169 5064 detrimentoque
3212 5003 3357 5047 esse.
3408 4986 3638 5044 luvento

2048 5087 2231 5155 itaque
2259 5086 2429 5151 mulo,
2457 5085 2550 5154 Qui
2590 5081 2832 5151 ejusdem
2870 5083 2987 5152 agri
3015 5083 3235 5140 caneris
3264 5075 3525 5133 omnibus
3557 5077 3641 5129 vi-

2048 5175 2200 5230 ribus
2229 5182 2539 5244 praestaret,
2572 5173 2741 5244 ipsam
2765 5173 2989 5229 funibus
3013 5167 3337 5228 fortissimis
3367 5165 3642 5235 irretitam

2047 5303 2166 5343 esse
2189 5285 2306 5342 loca
2362 5285 2568 5342 sanctis
2609 5293 2930 5342 consecrata
2982 5281 3173 5349 adire,
3208 5291 3332 5334 cum
3361 5275 3533 5342 Deus,
3557 5273 3650 5329 ubi
