  <div class='ocr_page' id='page_1' title='image "/cluster/home/n/w/nwhite01/storage/ocr_20150623/146/hvd.32044015471832/437.png"; bbox 0 0 4110 5362; ppageno 0'>
   <div class='ocr_carea' id='block_1_1' title="bbox 562 264 663 340">
    <p class='ocr_par' dir='ltr' id='par_1_1' title="bbox 562 264 663 340">
     <span class='ocr_line' id='line_1_1' title="bbox 562 264 663 340; baseline -0.03 0"><span class='ocrx_word' id='word_1_1' title='bbox 562 264 663 340; x_wconf 64' lang='lat' dir='ltr'><strong>&#39;m</strong></span> 
     </span>
    </p>
   </div>
   <div class='ocr_carea' id='block_1_2' title="bbox 564 478 2129 548">
    <p class='ocr_par' dir='ltr' id='par_1_2' title="bbox 564 478 2129 548">
     <span class='ocr_line' id='line_1_2' title="bbox 564 478 2129 548; baseline -0.004 -10"><span class='ocrx_word' id='word_1_2' title='bbox 564 499 686 539; x_wconf 80' lang='lat' dir='ltr'><strong>eam</strong></span> <span class='ocrx_word' id='word_1_3' title='bbox 716 491 770 538; x_wconf 87' lang='lat' dir='ltr'><strong>et</strong></span> <span class='ocrx_word' id='word_1_4' title='bbox 799 478 1023 545; x_wconf 84' lang='lat' dir='ltr'><strong>nmium,</strong></span> <span class='ocrx_word' id='word_1_5' title='bbox 1049 487 1312 534; x_wconf 90' lang='lat' dir='ltr'><strong>tartareas</strong></span> <span class='ocrx_word' id='word_1_6' title='bbox 1340 479 1595 535; x_wconf 78' lang='lat' dir='ltr'><strong>emittens</strong></span> <span class='ocrx_word' id='word_1_7' title='bbox 1621 494 1797 541; x_wconf 87' lang='lat' dir='ltr'><strong>voces,</strong></span> <span class='ocrx_word' id='word_1_8' title='bbox 1840 482 1976 533; x_wconf 77' lang='lat' dir='ltr'><strong>adeo</strong></span> <span class='ocrx_word' id='word_1_9' title='bbox 1997 494 2129 548; x_wconf 87' lang='lat' dir='ltr'><strong>qua-</strong></span> 
     </span>
    </p>
   </div>
   <div class='ocr_carea' id='block_1_3' title="bbox 564 569 2130 639">
    <p class='ocr_par' dir='ltr' id='par_1_3' title="bbox 564 569 2130 639">
     <span class='ocr_line' id='line_1_3' title="bbox 564 569 2130 639; baseline -0.005 -9"><span class='ocrx_word' id='word_1_10' title='bbox 564 583 701 638; x_wconf 86' lang='lat' dir='ltr'><strong>tere,</strong></span> <span class='ocrx_word' id='word_1_11' title='bbox 733 582 793 627; x_wconf 90' lang='lat' dir='ltr'><strong>ut</strong></span> <span class='ocrx_word' id='word_1_12' title='bbox 819 572 923 626; x_wconf 87' lang='lat' dir='ltr'><strong>nisi</strong></span> <span class='ocrx_word' id='word_1_13' title='bbox 953 586 1020 625; x_wconf 81' lang='lat' dir='ltr'><strong>ex</strong></span> <span class='ocrx_word' id='word_1_14' title='bbox 1049 570 1193 626; x_wconf 90' lang='lat' dir='ltr'><strong>omni</strong></span> <span class='ocrx_word' id='word_1_15' title='bbox 1224 569 1584 633; x_wconf 92' lang='lat' dir='ltr'><strong>multitudine,</strong></span> <span class='ocrx_word' id='word_1_16' title='bbox 1610 585 1728 639; x_wconf 61' lang='lat' dir='ltr'><strong>quae.</strong></span> <span class='ocrx_word' id='word_1_17' title='bbox 1751 570 1815 624; x_wconf 89' lang='lat' dir='ltr'><strong>ad</strong></span> <span class='ocrx_word' id='word_1_18' title='bbox 1847 570 1948 623; x_wconf 87' lang='lat' dir='ltr'><strong>hoc</strong></span> <span class='ocrx_word' id='word_1_19' title='bbox 1971 569 2130 623; x_wconf 81' lang='lat' dir='ltr'><strong>mise—</strong></span> 
     </span>
    </p>
   </div>
   <div class='ocr_carea' id='block_1_4' title="bbox 564 648 2127 731">
    <p class='ocr_par' dir='ltr' id='par_1_4' title="bbox 564 648 2127 731">
     <span class='ocr_line' id='line_1_4' title="bbox 564 648 2127 731; baseline -0.006 -12"><span class='ocrx_word' id='word_1_20' title='bbox 564 666 809 719; x_wconf 77' lang='lat' dir='ltr'><strong>randuar</strong></span> <span class='ocrx_word' id='word_1_21' title='bbox 840 660 1199 731; x_wconf 89' lang='lat' dir='ltr'><strong>spectaculum</strong></span> <span class='ocrx_word' id='word_1_22' title='bbox 1248 676 1312 715; x_wconf 84' lang='lat' dir='ltr'><strong>ex</strong></span> <span class='ocrx_word' id='word_1_23' title='bbox 1346 648 1457 714; x_wconf 83' lang='lat' dir='ltr'><strong>tota</strong></span> <span class='ocrx_word' id='word_1_24' title='bbox 1493 661 1626 714; x_wconf 84' lang='lat' dir='ltr'><strong>urbe</strong></span> <span class='ocrx_word' id='word_1_25' title='bbox 1667 669 1861 730; x_wconf 66' lang='lat' dir='ltr'><strong>praesto</strong></span> <span class='ocrx_word' id='word_1_26' title='bbox 1896 657 2127 722; x_wconf 91' lang='lat' dir='ltr'><strong>fuerant,</strong></span> 
     </span>
    </p>
   </div>
   <div class='ocr_carea' id='block_1_5' title="bbox 566 749 2129 823">
    <p class='ocr_par' dir='ltr' id='par_1_5' title="bbox 566 749 2129 823">
     <span class='ocr_line' id='line_1_5' title="bbox 566 749 2129 823; baseline -0.003 -15"><span class='ocrx_word' id='word_1_27' title='bbox 566 754 842 809; x_wconf 82' lang='lat' dir='ltr'><strong>fortissimi</strong></span> <span class='ocrx_word' id='word_1_28' title='bbox 866 753 1094 823; x_wconf 80' lang='lat' dir='ltr'><strong>juvenes</strong></span> <span class='ocrx_word' id='word_1_29' title='bbox 1123 752 1366 821; x_wconf 88' lang='lat' dir='ltr'><strong>quidam,</strong></span> <span class='ocrx_word' id='word_1_30' title='bbox 1400 750 1728 819; x_wconf 85' lang='lat' dir='ltr'><strong>quamcitius</strong></span> <span class='ocrx_word' id='word_1_31' title='bbox 1754 749 1820 805; x_wconf 86' lang='lat' dir='ltr'><strong>ad</strong></span> <span class='ocrx_word' id='word_1_32' title='bbox 1843 765 1960 805; x_wconf 87' lang='lat' dir='ltr'><strong>eam</strong></span> <span class='ocrx_word' id='word_1_33' title='bbox 1982 750 2129 805; x_wconf 78' lang='lat' dir='ltr'><strong>exci-</strong></span> 
     </span>
    </p>
   </div>
   <div class='ocr_carea' id='block_1_6' title="bbox 566 839 2133 913">
    <p class='ocr_par' dir='ltr' id='par_1_6' title="bbox 566 839 2133 913">
     <span class='ocr_line' id='line_1_6' title="bbox 566 839 2133 913; baseline 0.001 -21"><span class='ocrx_word' id='word_1_34' title='bbox 566 844 815 913; x_wconf 85' lang='lat' dir='ltr'><strong>piendam</strong></span> <span class='ocrx_word' id='word_1_35' title='bbox 870 840 1267 911; x_wconf 88' lang='lat' dir='ltr'><strong>prosiliissent,</strong></span> <span class='ocrx_word' id='word_1_36' title='bbox 1319 839 1615 897; x_wconf 88' lang='lat' dir='ltr'><strong>confractis</strong></span> <span class='ocrx_word' id='word_1_37' title='bbox 1658 855 1724 895; x_wconf 81' lang='lat' dir='ltr'><strong>ex</strong></span> <span class='ocrx_word' id='word_1_38' title='bbox 1777 840 1925 894; x_wconf 91' lang='lat' dir='ltr'><strong>omni</strong></span> <span class='ocrx_word' id='word_1_39' title='bbox 1981 850 2133 909; x_wconf 88' lang='lat' dir='ltr'><strong>parte</strong></span> 
     </span>
    </p>
   </div>
   <div class='ocr_carea' id='block_1_7' title="bbox 565 929 2131 1002">
    <p class='ocr_par' dir='ltr' id='par_1_7' title="bbox 565 929 2131 1002">
     <span class='ocr_line' id='line_1_7' title="bbox 565 929 2131 1002; baseline -0.004 -13"><span class='ocrx_word' id='word_1_40' title='bbox 565 935 816 999; x_wconf 74' lang='lat' dir='ltr'><strong>nexibus,</strong></span> <span class='ocrx_word' id='word_1_41' title='bbox 847 935 1019 1002; x_wconf 85' lang='lat' dir='ltr'><strong>ipsam</strong></span> <span class='ocrx_word' id='word_1_42' title='bbox 1057 944 1112 988; x_wconf 93' lang='lat' dir='ltr'><strong>et</strong></span> <span class='ocrx_word' id='word_1_43' title='bbox 1154 932 1378 996; x_wconf 87' lang='lat' dir='ltr'><strong>mulum,</strong></span> <span class='ocrx_word' id='word_1_44' title='bbox 1410 947 1516 986; x_wconf 93' lang='lat' dir='ltr'><strong>non</strong></span> <span class='ocrx_word' id='word_1_45' title='bbox 1549 932 1665 986; x_wconf 90' lang='lat' dir='ltr'><strong>sine</strong></span> <span class='ocrx_word' id='word_1_46' title='bbox 1694 930 1894 1000; x_wconf 79' lang='lat' dir='ltr'><strong>ingenti</strong></span> <span class='ocrx_word' id='word_1_47' title='bbox 1928 929 2131 983; x_wconf 90' lang='lat' dir='ltr'><strong>utrius-</strong></span> 
     </span>
    </p>
   </div>
   <div class='ocr_carea' id='block_1_8' title="bbox 566 1018 2131 1093">
    <p class='ocr_par' dir='ltr' id='par_1_8' title="bbox 566 1018 2131 1093">
     <span class='ocr_line' id='line_1_8' title="bbox 566 1018 2131 1093; baseline -0.004 -14"><span class='ocrx_word' id='word_1_48' title='bbox 566 1039 671 1093; x_wconf 88' lang='lat' dir='ltr'><strong>que</strong></span> <span class='ocrx_word' id='word_1_49' title='bbox 727 1025 1086 1086; x_wconf 88' lang='lat' dir='ltr'><strong>detrimento,</strong></span> <span class='ocrx_word' id='word_1_50' title='bbox 1139 1021 1206 1077; x_wconf 90' lang='lat' dir='ltr'><strong>ad</strong></span> <span class='ocrx_word' id='word_1_51' title='bbox 1263 1030 1463 1077; x_wconf 90' lang='lat' dir='ltr'><strong>terram</strong></span> <span class='ocrx_word' id='word_1_52' title='bbox 1514 1020 1840 1074; x_wconf 89' lang='lat' dir='ltr'><strong>detrusisset</strong></span> <span class='ocrx_word' id='word_1_53' title='bbox 1901 1018 2131 1073; x_wconf 67' lang='lat' dir='ltr'><strong>dicmon.</strong></span> 
     </span>
    </p>
   </div>
   <div class='ocr_carea' id='block_1_9' title="bbox 566 1107 2134 1180">
    <p class='ocr_par' dir='ltr' id='par_1_9' title="bbox 566 1107 2134 1180">
     <span class='ocr_line' id='line_1_9' title="bbox 566 1107 2134 1180; baseline -0.003 -14"><span class='ocrx_word' id='word_1_54' title='bbox 566 1112 946 1180; x_wconf 81' lang='lat' dir='ltr'><strong>Quamobrem,</strong></span> <span class='ocrx_word' id='word_1_55' title='bbox 979 1121 1037 1166; x_wconf 92' lang='lat' dir='ltr'><strong>ut</strong></span> <span class='ocrx_word' id='word_1_56' title='bbox 1065 1120 1201 1177; x_wconf 88' lang='lat' dir='ltr'><strong>erat,</strong></span> <span class='ocrx_word' id='word_1_57' title='bbox 1234 1120 1392 1165; x_wconf 79' lang='lat' dir='ltr'><strong>atrox</strong></span> <span class='ocrx_word' id='word_1_58' title='bbox 1429 1109 1603 1165; x_wconf 86' lang='lat' dir='ltr'><strong>visum</strong></span> <span class='ocrx_word' id='word_1_59' title='bbox 1648 1116 1731 1162; x_wconf 88' lang='lat' dir='ltr'><strong>est</strong></span> <span class='ocrx_word' id='word_1_60' title='bbox 1762 1107 1813 1162; x_wconf 88' lang='lat' dir='ltr'><strong>id</strong></span> <span class='ocrx_word' id='word_1_61' title='bbox 1843 1107 2134 1178; x_wconf 71' lang='lat' dir='ltr'><strong>pessimum</strong></span> 
     </span>
    </p>
   </div>
   <div class='ocr_carea' id='block_1_10' title="bbox 566 1203 1554 1260">
    <p class='ocr_par' dir='ltr' id='par_1_10' title="bbox 566 1203 1554 1260">
     <span class='ocr_line' id='line_1_10' title="bbox 566 1203 1554 1260; baseline -0.002 -1"><span class='ocrx_word' id='word_1_62' title='bbox 566 1204 780 1260; x_wconf 78' lang='lat' dir='ltr'><strong>facinus</strong></span> <span class='ocrx_word' id='word_1_63' title='bbox 805 1203 1024 1258; x_wconf 89' lang='lat' dir='ltr'><strong>diaboli.</strong></span> <span class='ocrx_word' id='word_1_64' title='bbox 1551 1204 1554 1207; x_wconf 39' lang='grc' dir='ltr'>λ</span> 
     </span>
    </p>
   </div>
   <div class='ocr_carea' id='block_1_11' title="bbox 644 1284 2134 1361">
    <p class='ocr_par' dir='ltr' id='par_1_11' title="bbox 644 1284 2134 1361">
     <span class='ocr_line' id='line_1_11' title="bbox 644 1284 2134 1361; baseline -0.006 -12"><span class='ocrx_word' id='word_1_65' title='bbox 644 1284 736 1349; x_wconf 68' lang='grc'><strong>74.</strong></span> <span class='ocrx_word' id='word_1_66' title='bbox 795 1291 1080 1347; x_wconf 85' lang='lat' dir='ltr'><strong>Silentium</strong></span> <span class='ocrx_word' id='word_1_67' title='bbox 1135 1291 1317 1361; x_wconf 83' lang='lat' dir='ltr'><strong>itaque</strong></span> <span class='ocrx_word' id='word_1_68' title='bbox 1364 1289 1518 1344; x_wconf 87' lang='lat' dir='ltr'><strong>triste</strong></span> <span class='ocrx_word' id='word_1_69' title='bbox 1558 1303 1621 1343; x_wconf 87' lang='lat' dir='ltr'><strong>ac</strong></span> <span class='ocrx_word' id='word_1_70' title='bbox 1677 1288 1836 1342; x_wconf 85' lang='lat' dir='ltr'><strong>tacita</strong></span> <span class='ocrx_word' id='word_1_71' title='bbox 1877 1285 2134 1342; x_wconf 72' lang='lat' dir='ltr'><strong>mmstitia</strong></span> 
     </span>
    </p>
   </div>
   <div class='ocr_carea' id='block_1_12' title="bbox 567 1377 2137 1444">
    <p class='ocr_par' dir='ltr' id='par_1_12' title="bbox 567 1377 2137 1444">
     <span class='ocr_line' id='line_1_12' title="bbox 567 1377 2137 1444; baseline -0.006 -7"><span class='ocrx_word' id='word_1_72' title='bbox 567 1382 637 1437; x_wconf 90' lang='lat' dir='ltr'><strong>ob</strong></span> <span class='ocrx_word' id='word_1_73' title='bbox 668 1381 772 1436; x_wconf 88' lang='lat' dir='ltr'><strong>hoc</strong></span> <span class='ocrx_word' id='word_1_74' title='bbox 803 1381 874 1434; x_wconf 89' lang='lat' dir='ltr'><strong>ita</strong></span> <span class='ocrx_word' id='word_1_75' title='bbox 912 1379 1098 1435; x_wconf 79' lang='lat' dir='ltr'><strong>deﬁxit</strong></span> <span class='ocrx_word' id='word_1_76' title='bbox 1141 1380 1403 1443; x_wconf 90' lang='lat' dir='ltr'><strong>omnium,</strong></span> <span class='ocrx_word' id='word_1_77' title='bbox 1446 1378 1540 1433; x_wconf 85' lang='lat' dir='ltr'><strong>sed</strong></span> <span class='ocrx_word' id='word_1_78' title='bbox 1574 1377 1859 1431; x_wconf 80' lang='lat' dir='ltr'><strong>mulierum</strong></span> <span class='ocrx_word' id='word_1_79' title='bbox 1906 1390 2137 1444; x_wconf 56' lang='lat' dir='ltr'><strong>praeser-</strong></span> 
     </span>
    </p>
   </div>
   <div class='ocr_carea' id='block_1_13' title="bbox 571 1466 2138 1541">
    <p class='ocr_par' dir='ltr' id='par_1_13' title="bbox 571 1466 2138 1541">
     <span class='ocr_line' id='line_1_13' title="bbox 571 1466 2138 1541; baseline -0.004 -16"><span class='ocrx_word' id='word_1_80' title='bbox 571 1471 668 1525; x_wconf 91' lang='lat' dir='ltr'><strong>tim</strong></span> <span class='ocrx_word' id='word_1_81' title='bbox 721 1471 931 1525; x_wconf 89' lang='lat' dir='ltr'><strong>animos</strong></span> <span class='ocrx_word' id='word_1_82' title='bbox 963 1471 1109 1541; x_wconf 80' lang='lat' dir='ltr'><strong>(nam</strong></span> <span class='ocrx_word' id='word_1_83' title='bbox 1138 1470 1205 1523; x_wconf 87' lang='lat' dir='ltr'><strong>ad</strong></span> <span class='ocrx_word' id='word_1_84' title='bbox 1236 1469 1286 1523; x_wconf 87' lang='lat' dir='ltr'><strong>id</strong></span> <span class='ocrx_word' id='word_1_85' title='bbox 1317 1468 1685 1538; x_wconf 81' lang='lat' dir='ltr'><strong>spectaculum</strong></span> <span class='ocrx_word' id='word_1_86' title='bbox 1717 1466 1980 1520; x_wconf 81' lang='lat' dir='ltr'><strong>maximus</strong></span> <span class='ocrx_word' id='word_1_87' title='bbox 2013 1482 2138 1521; x_wconf 86' lang='lat' dir='ltr'><strong>eon-</strong></span> 
     </span>
    </p>
   </div>
   <div class='ocr_carea' id='block_1_14' title="bbox 567 1559 2137 1632">
    <p class='ocr_par' dir='ltr' id='par_1_14' title="bbox 567 1559 2137 1632">
     <span class='ocr_line' id='line_1_14' title="bbox 567 1559 2137 1632; baseline -0.003 -16"><span class='ocrx_word' id='word_1_88' title='bbox 567 1562 796 1617; x_wconf 79' lang='lat' dir='ltr'><strong>ﬂuxerat</strong></span> <span class='ocrx_word' id='word_1_89' title='bbox 823 1564 1193 1632; x_wconf 87' lang='lat' dir='ltr'><strong>numerus),ut</strong></span> <span class='ocrx_word' id='word_1_90' title='bbox 1222 1576 1331 1629; x_wconf 69' lang='grc' dir='ltr'>ιιι-ιιι</span> <span class='ocrx_word' id='word_1_91' title='bbox 1366 1570 1509 1614; x_wconf 89' lang='lat' dir='ltr'><strong>metu</strong></span> <span class='ocrx_word' id='word_1_92' title='bbox 1541 1561 1721 1614; x_wconf 74' lang='lat' dir='ltr'><strong>oblitae</strong></span> <span class='ocrx_word' id='word_1_93' title='bbox 1744 1559 1871 1629; x_wconf 90' lang='lat' dir='ltr'><strong>quid</strong></span> <span class='ocrx_word' id='word_1_94' title='bbox 1895 1568 2137 1629; x_wconf 82' lang='lat' dir='ltr'><strong>agerent,</strong></span> 
     </span>
    </p>
   </div>
   <div class='ocr_carea' id='block_1_15' title="bbox 567 1649 2140 1721">
    <p class='ocr_par' dir='ltr' id='par_1_15' title="bbox 567 1649 2140 1721">
     <span class='ocr_line' id='line_1_15' title="bbox 567 1649 2140 1721; baseline -0.001 -18"><span class='ocrx_word' id='word_1_95' title='bbox 567 1666 677 1721; x_wconf 88' lang='lat' dir='ltr'><strong>quo</strong></span> <span class='ocrx_word' id='word_1_96' title='bbox 697 1667 755 1705; x_wconf 89' lang='lat' dir='ltr'><strong>se</strong></span> <span class='ocrx_word' id='word_1_97' title='bbox 779 1657 1070 1713; x_wconf 78' lang='lat' dir='ltr'><strong>verterent,</strong></span> <span class='ocrx_word' id='word_1_98' title='bbox 1095 1649 1380 1704; x_wconf 83' lang='lat' dir='ltr'><strong>deficiente</strong></span> <span class='ocrx_word' id='word_1_99' title='bbox 1406 1650 1651 1715; x_wconf 81' lang='lat' dir='ltr'><strong>consilio,</strong></span> <span class='ocrx_word' id='word_1_100' title='bbox 1681 1650 1799 1703; x_wconf 76' lang='lat' dir='ltr'><strong>aliae</strong></span> <span class='ocrx_word' id='word_1_101' title='bbox 1819 1649 1953 1703; x_wconf 89' lang='lat' dir='ltr'><strong>alias</strong></span> <span class='ocrx_word' id='word_1_102' title='bbox 1984 1663 2140 1719; x_wconf 80' lang='lat' dir='ltr'><strong>roga-</strong></span> 
     </span>
    </p>
   </div>
   <div class='ocr_carea' id='block_1_16' title="bbox 1607 277 2744 335">
    <p class='ocr_par' dir='ltr' id='par_1_16' title="bbox 1607 277 2744 335">
     <span class='ocr_line' id='line_1_16' title="bbox 1607 277 2744 335; baseline -0.002 0"><span class='ocrx_word' id='word_1_103' title='bbox 1607 280 1663 335; x_wconf 88' lang='lat' dir='ltr'><strong>S.</strong></span> <span class='ocrx_word' id='word_1_104' title='bbox 1706 277 1990 335; x_wconf 74' lang='lat' dir='ltr'><strong>JO.\NNIS</strong></span> <span class='ocrx_word' id='word_1_105' title='bbox 2028 277 2422 334; x_wconf 69' lang='lat' dir='ltr'><strong>CUALBERTI</strong></span> <span class='ocrx_word' id='word_1_106' title='bbox 2457 278 2744 334; x_wconf 56' lang='lat' dir='ltr'><strong>ABBATIS</strong></span> 
     </span>
    </p>
   </div>
   <div class='ocr_carea' id='block_1_17' title="bbox 564 384 2203 462">
    <p class='ocr_par' dir='ltr' id='par_1_17' title="bbox 564 384 2203 462">
     <span class='ocr_line' id='line_1_17' title="bbox 564 384 2203 462; baseline -0.004 -17"><span class='ocrx_word' id='word_1_107' title='bbox 564 393 795 462; x_wconf 77' lang='lat' dir='ltr'><strong>ligavere</strong></span> <span class='ocrx_word' id='word_1_108' title='bbox 843 390 1091 457; x_wconf 83' lang='lat' dir='ltr'><strong>desuper.</strong></span> <span class='ocrx_word' id='word_1_109' title='bbox 1142 384 1276 442; x_wconf 81' lang='lat' dir='ltr'><strong>Tum</strong></span> <span class='ocrx_word' id='word_1_110' title='bbox 1321 387 1530 443; x_wconf 77' lang='lat' dir='ltr'><strong>dzemon</strong></span> <span class='ocrx_word' id='word_1_111' title='bbox 1583 388 1694 442; x_wconf 88' lang='lat' dir='ltr'><strong>suis</strong></span> <span class='ocrx_word' id='word_1_112' title='bbox 1724 387 1925 442; x_wconf 84' lang='lat' dir='ltr'><strong>viribus</strong></span> <span class='ocrx_word' id='word_1_113' title='bbox 1972 401 2120 451; x_wconf 86' lang='lat' dir='ltr'><strong>usus,</strong></span> <span class='ocrx_word' id='word_1_114' title='bbox 2155 394 2203 448; x_wconf 69' lang='grc' dir='ltr'>Α</span> 
     </span>
    </p>
   </div>
   <div class='ocr_carea' id='block_1_18' title="bbox 3706 280 3818 340">
    <p class='ocr_par' dir='ltr' id='par_1_18' title="bbox 3706 280 3818 340">
     <span class='ocr_line' id='line_1_18' title="bbox 3706 280 3818 340; baseline -0.009 -1"><span class='ocrx_word' id='word_1_115' title='bbox 3706 280 3818 340; x_wconf 71' lang='grc' dir='ltr'><strong>8η</strong></span> 
     </span>
    </p>
   </div>
   <div class='ocr_carea' id='block_1_19' title="bbox 2299 377 3819 458">
    <p class='ocr_par' dir='ltr' id='par_1_19' title="bbox 2299 377 3819 458">
     <span class='ocr_line' id='line_1_19' title="bbox 2299 377 3819 458; baseline 0.007 -20"><span class='ocrx_word' id='word_1_116' title='bbox 2299 384 2389 440; x_wconf 85' lang='grc'>76.</span> <span class='ocrx_word' id='word_1_117' title='bbox 2443 377 2786 458; x_wconf 83' lang='lat' dir='ltr'><strong>Tunequicti</strong></span> <span class='ocrx_word' id='word_1_118' title='bbox 2826 401 2922 458; x_wconf 89' lang='lat' dir='ltr'><strong>pro</strong></span> <span class='ocrx_word' id='word_1_119' title='bbox 2974 396 3213 458; x_wconf 85' lang='lat' dir='ltr'><strong>tempore</strong></span> <span class='ocrx_word' id='word_1_120' title='bbox 3238 387 3397 443; x_wconf 81' lang='lat' dir='ltr'><strong>fessis</strong></span> <span class='ocrx_word' id='word_1_121' title='bbox 3440 390 3596 443; x_wconf 66' lang='lat' dir='ltr'><strong>locus</strong></span> <span class='ocrx_word' id='word_1_122' title='bbox 3646 393 3819 448; x_wconf 76' lang='lat' dir='ltr'><strong>datus</strong></span> 
     </span>
    </p>
   </div>
   <div class='ocr_carea' id='block_1_20' title="bbox 2229 474 3819 546">
    <p class='ocr_par' dir='ltr' id='par_1_20' title="bbox 2229 474 3819 546">
     <span class='ocr_line' id='line_1_20' title="bbox 2229 474 3819 546; baseline 0.003 -17"><span class='ocrx_word' id='word_1_123' title='bbox 2229 484 2332 529; x_wconf 91' lang='lat' dir='ltr'><strong>est.</strong></span> <span class='ocrx_word' id='word_1_124' title='bbox 2379 474 2645 531; x_wconf 72' lang='lat' dir='ltr'><strong>Postridie</strong></span> <span class='ocrx_word' id='word_1_125' title='bbox 2682 490 2810 531; x_wconf 91' lang='lat' dir='ltr'><strong>vero</strong></span> <span class='ocrx_word' id='word_1_126' title='bbox 2850 491 3057 530; x_wconf 89' lang='lat' dir='ltr'><strong>summa</strong></span> <span class='ocrx_word' id='word_1_127' title='bbox 3108 476 3226 532; x_wconf 92' lang='lat' dir='ltr'><strong>luce</strong></span> <span class='ocrx_word' id='word_1_128' title='bbox 3255 478 3545 534; x_wconf 78' lang='lat' dir='ltr'><strong>celebratis</strong></span> <span class='ocrx_word' id='word_1_129' title='bbox 3587 480 3819 546; x_wconf 76' lang='lat' dir='ltr'><strong>ciliciis,</strong></span> 
     </span>
    </p>
   </div>
   <div class='ocr_carea' id='block_1_21' title="bbox 2231 562 3821 633">
    <p class='ocr_par' dir='ltr' id='par_1_21' title="bbox 2231 562 3821 633">
     <span class='ocr_line' id='line_1_21' title="bbox 2231 562 3821 633; baseline 0.005 -16"><span class='ocrx_word' id='word_1_130' title='bbox 2231 562 2617 619; x_wconf 80' lang='lat' dir='ltr'><strong>monachorum</strong></span> <span class='ocrx_word' id='word_1_131' title='bbox 2651 580 2800 619; x_wconf 88' lang='lat' dir='ltr'><strong>more</strong></span> <span class='ocrx_word' id='word_1_132' title='bbox 2828 565 3077 633; x_wconf 86' lang='lat' dir='ltr'><strong>capitulis</strong></span> <span class='ocrx_word' id='word_1_133' title='bbox 3101 564 3316 631; x_wconf 74' lang='lat' dir='ltr'><strong>laxatis,</strong></span> <span class='ocrx_word' id='word_1_134' title='bbox 3352 583 3477 622; x_wconf 90' lang='lat' dir='ltr'><strong>cum</strong></span> <span class='ocrx_word' id='word_1_135' title='bbox 3505 583 3571 622; x_wconf 76' lang='lat' dir='ltr'><strong>ex</strong></span> <span class='ocrx_word' id='word_1_136' title='bbox 3617 586 3821 624; x_wconf 83' lang='lat' dir='ltr'><strong>umna-</strong></span> 
     </span>
    </p>
   </div>
   <div class='ocr_carea' id='block_1_22' title="bbox 2230 654 3822 719">
    <p class='ocr_par' dir='ltr' id='par_1_22' title="bbox 2230 654 3822 719">
     <span class='ocr_line' id='line_1_22' title="bbox 2230 654 3822 719; baseline 0.005 -13"><span class='ocrx_word' id='word_1_137' title='bbox 2230 654 2347 708; x_wconf 88' lang='lat' dir='ltr'><strong>ehis</strong></span> <span class='ocrx_word' id='word_1_138' title='bbox 2375 670 2538 719; x_wconf 90' lang='lat' dir='ltr'><strong>unus,</strong></span> <span class='ocrx_word' id='word_1_139' title='bbox 2571 656 2656 710; x_wconf 91' lang='lat' dir='ltr'><strong>cui</strong></span> <span class='ocrx_word' id='word_1_140' title='bbox 2685 655 3140 710; x_wconf 87' lang='lat' dir='ltr'><strong>vicissitudinario</strong></span> <span class='ocrx_word' id='word_1_141' title='bbox 3167 654 3357 712; x_wconf 79' lang='lat' dir='ltr'><strong>ordine</strong></span> <span class='ocrx_word' id='word_1_142' title='bbox 3383 658 3658 714; x_wconf 66' lang='lat' dir='ltr'><strong>daemones</strong></span> <span class='ocrx_word' id='word_1_143' title='bbox 3684 675 3822 714; x_wconf 81' lang='lat' dir='ltr'><strong>cun-</strong></span> 
     </span>
    </p>
   </div>
   <div class='ocr_carea' id='block_1_23' title="bbox 2226 739 3820 813">
    <p class='ocr_par' dir='ltr' id='par_1_23' title="bbox 2226 739 3820 813">
     <span class='ocr_line' id='line_1_23' title="bbox 2226 739 3820 813; baseline 0.004 -18"><span class='ocrx_word' id='word_1_144' title='bbox 2226 739 2415 810; x_wconf 84' lang='lat' dir='ltr'><strong>jurare</strong></span> <span class='ocrx_word' id='word_1_145' title='bbox 2445 742 2676 798; x_wconf 82' lang='lat' dir='ltr'><strong>officium</strong></span> <span class='ocrx_word' id='word_1_146' title='bbox 2707 753 2845 807; x_wconf 89' lang='lat' dir='ltr'><strong>erat,</strong></span> <span class='ocrx_word' id='word_1_147' title='bbox 2871 745 2936 797; x_wconf 88' lang='lat' dir='ltr'><strong>ad</strong></span> <span class='ocrx_word' id='word_1_148' title='bbox 2963 741 3250 813; x_wconf 78' lang='lat' dir='ltr'><strong>capellam,</strong></span> <span class='ocrx_word' id='word_1_149' title='bbox 3278 760 3384 813; x_wconf 92' lang='lat' dir='ltr'><strong>quo</strong></span> <span class='ocrx_word' id='word_1_150' title='bbox 3409 747 3605 801; x_wconf 88' lang='lat' dir='ltr'><strong>mulier</strong></span> <span class='ocrx_word' id='word_1_151' title='bbox 3639 756 3820 803; x_wconf 79' lang='lat' dir='ltr'><strong>tracta</strong></span> 
     </span>
    </p>
   </div>
   <div class='ocr_carea' id='block_1_24' title="bbox 2235 834 3821 905">
    <p class='ocr_par' dir='ltr' id='par_1_24' title="bbox 2235 834 3821 905">
     <span class='ocr_line' id='line_1_24' title="bbox 2235 834 3821 905; baseline 0 -14"><span class='ocrx_word' id='word_1_152' title='bbox 2235 837 2435 900; x_wconf 84' lang='lat' dir='ltr'><strong>fuerat,</strong></span> <span class='ocrx_word' id='word_1_153' title='bbox 2470 849 2590 889; x_wconf 88' lang='lat' dir='ltr'><strong>cum</strong></span> <span class='ocrx_word' id='word_1_154' title='bbox 2643 847 2805 888; x_wconf 90' lang='lat' dir='ltr'><strong>cruce</strong></span> <span class='ocrx_word' id='word_1_155' title='bbox 2849 841 2904 888; x_wconf 91' lang='lat' dir='ltr'><strong>et</strong></span> <span class='ocrx_word' id='word_1_156' title='bbox 2949 849 3086 903; x_wconf 89' lang='lat' dir='ltr'><strong>aqua</strong></span> <span class='ocrx_word' id='word_1_157' title='bbox 3119 834 3231 889; x_wconf 89' lang='lat' dir='ltr'><strong>sale</strong></span> <span class='ocrx_word' id='word_1_158' title='bbox 3275 835 3564 905; x_wconf 87' lang='lat' dir='ltr'><strong>verbisque</strong></span> <span class='ocrx_word' id='word_1_159' title='bbox 3612 837 3821 891; x_wconf 85' lang='lat' dir='ltr'><strong>divinis</strong></span> 
     </span>
    </p>
   </div>
   <div class='ocr_carea' id='block_1_25' title="bbox 2233 923 3823 997">
    <p class='ocr_par' dir='ltr' id='par_1_25' title="bbox 2233 923 3823 997">
     <span class='ocr_line' id='line_1_25' title="bbox 2233 923 3823 997; baseline -0.001 -15"><span class='ocrx_word' id='word_1_160' title='bbox 2233 934 2526 997; x_wconf 73' lang='lat' dir='ltr'><strong>espurgata</strong></span> <span class='ocrx_word' id='word_1_161' title='bbox 2563 924 2913 990; x_wconf 85' lang='lat' dir='ltr'><strong>concederet;</strong></span> <span class='ocrx_word' id='word_1_162' title='bbox 2961 923 3250 994; x_wconf 72' lang='lat' dir='ltr'><strong>praestigiis</strong></span> <span class='ocrx_word' id='word_1_163' title='bbox 3278 932 3505 992; x_wconf 83' lang='lat' dir='ltr'><strong>arteque</strong></span> <span class='ocrx_word' id='word_1_164' title='bbox 3547 925 3823 982; x_wconf 81' lang='lat' dir='ltr'><strong>daemonis</strong></span> 
     </span>
    </p>
   </div>
   <div class='ocr_carea' id='block_1_26' title="bbox 2235 1014 3818 1082">
    <p class='ocr_par' dir='ltr' id='par_1_26' title="bbox 2235 1014 3818 1082">
     <span class='ocr_line' id='line_1_26' title="bbox 2235 1014 3818 1082; baseline -0.001 -12"><span class='ocrx_word' id='word_1_165' title='bbox 2235 1016 2307 1070; x_wconf 82' lang='lat' dir='ltr'><strong>ita</strong></span> <span class='ocrx_word' id='word_1_166' title='bbox 2331 1015 2531 1070; x_wconf 84' lang='lat' dir='ltr'><strong>factum</strong></span> <span class='ocrx_word' id='word_1_167' title='bbox 2577 1021 2683 1079; x_wconf 90' lang='lat' dir='ltr'><strong>est,</strong></span> <span class='ocrx_word' id='word_1_168' title='bbox 2734 1023 2795 1067; x_wconf 89' lang='lat' dir='ltr'><strong>ut</strong></span> <span class='ocrx_word' id='word_1_169' title='bbox 2843 1014 3056 1082; x_wconf 80' lang='lat' dir='ltr'><strong>penitus</strong></span> <span class='ocrx_word' id='word_1_170' title='bbox 3104 1029 3287 1078; x_wconf 88' lang='lat' dir='ltr'><strong>anum,</strong></span> <span class='ocrx_word' id='word_1_171' title='bbox 3321 1014 3534 1069; x_wconf 87' lang='lat' dir='ltr'><strong>cunctis</strong></span> <span class='ocrx_word' id='word_1_172' title='bbox 3584 1014 3818 1071; x_wconf 65' lang='lat' dir='ltr'><strong>liberam</strong></span> 
     </span>
    </p>
   </div>
   <div class='ocr_carea' id='block_1_27' title="bbox 2235 1103 3818 1176">
    <p class='ocr_par' dir='ltr' id='par_1_27' title="bbox 2235 1103 3818 1176">
     <span class='ocr_line' id='line_1_27' title="bbox 2235 1103 3818 1176; baseline 0 -15"><span class='ocrx_word' id='word_1_173' title='bbox 2235 1106 2412 1170; x_wconf 87' lang='lat' dir='ltr'><strong>malis,</strong></span> <span class='ocrx_word' id='word_1_174' title='bbox 2438 1104 2530 1176; x_wconf 87' lang='lat' dir='ltr'><strong>qui</strong></span> <span class='ocrx_word' id='word_1_175' title='bbox 2561 1104 2807 1170; x_wconf 87' lang='lat' dir='ltr'><strong>aderant,</strong></span> <span class='ocrx_word' id='word_1_176' title='bbox 2832 1103 3133 1170; x_wconf 86' lang='lat' dir='ltr'><strong>crederent,</strong></span> <span class='ocrx_word' id='word_1_177' title='bbox 3162 1114 3578 1175; x_wconf 85' lang='lat' dir='ltr'><strong>asscrerentque</strong></span> <span class='ocrx_word' id='word_1_178' title='bbox 3598 1116 3818 1161; x_wconf 81' lang='lat' dir='ltr'><strong>oinues.</strong></span> 
     </span>
    </p>
   </div>
   <div class='ocr_carea' id='block_1_28' title="bbox 2235 1192 3823 1265">
    <p class='ocr_par' dir='ltr' id='par_1_28' title="bbox 2235 1192 3823 1265">
     <span class='ocr_line' id='line_1_28' title="bbox 2235 1192 3823 1265; baseline 0 -14"><span class='ocrx_word' id='word_1_179' title='bbox 2235 1196 2439 1265; x_wconf 84' lang='lat' dir='ltr'><strong>Quibus</strong></span> <span class='ocrx_word' id='word_1_180' title='bbox 2477 1195 2810 1250; x_wconf 84' lang='lat' dir='ltr'><strong>monachus:</strong></span> <span class='ocrx_word' id='word_1_181' title='bbox 2841 1192 2937 1248; x_wconf 84' lang='lat' dir='ltr'><strong>Cui</strong></span> <span class='ocrx_word' id='word_1_182' title='bbox 2989 1193 3206 1250; x_wconf 81' lang='lat' dir='ltr'><strong>nomina</strong></span> <span class='ocrx_word' id='word_1_183' title='bbox 3257 1195 3425 1259; x_wconf 86' lang='lat' dir='ltr'><strong>mille,</strong></span> <span class='ocrx_word' id='word_1_184' title='bbox 3481 1196 3630 1251; x_wconf 88' lang='lat' dir='ltr'><strong>mille</strong></span> <span class='ocrx_word' id='word_1_185' title='bbox 3668 1206 3823 1251; x_wconf 83' lang='lat' dir='ltr'><strong>artes</strong></span> 
     </span>
    </p>
   </div>
   <div class='ocr_carea' id='block_1_29' title="bbox 2238 1284 3824 1357">
    <p class='ocr_par' dir='ltr' id='par_1_29' title="bbox 2238 1284 3824 1357">
     <span class='ocr_line' id='line_1_29' title="bbox 2238 1284 3824 1357; baseline -0.003 -13"><span class='ocrx_word' id='word_1_186' title='bbox 2238 1288 2494 1352; x_wconf 87' lang='lat' dir='ltr'><strong>nocendi;</strong></span> <span class='ocrx_word' id='word_1_187' title='bbox 2524 1284 2781 1357; x_wconf 89' lang='lat' dir='ltr'><strong>perfacile</strong></span> <span class='ocrx_word' id='word_1_188' title='bbox 2808 1294 2910 1348; x_wconf 89' lang='lat' dir='ltr'><strong>est,</strong></span> <span class='ocrx_word' id='word_1_189' title='bbox 2944 1286 3135 1341; x_wconf 88' lang='lat' dir='ltr'><strong>harum</strong></span> <span class='ocrx_word' id='word_1_190' title='bbox 3164 1286 3476 1354; x_wconf 80' lang='lat' dir='ltr'><strong>inexpertos</strong></span> <span class='ocrx_word' id='word_1_191' title='bbox 3502 1302 3688 1341; x_wconf 89' lang='lat' dir='ltr'><strong>rerum</strong></span> <span class='ocrx_word' id='word_1_192' title='bbox 3710 1287 3824 1342; x_wconf 84' lang='lat' dir='ltr'><strong>fal-</strong></span> 
     </span>
    </p>
   </div>
   <div class='ocr_carea' id='block_1_30' title="bbox 2243 1375 3824 1445">
    <p class='ocr_par' dir='ltr' id='par_1_30' title="bbox 2243 1375 3824 1445">
     <span class='ocr_line' id='line_1_30' title="bbox 2243 1375 3824 1445; baseline -0.003 -11"><span class='ocrx_word' id='word_1_193' title='bbox 2243 1380 2375 1434; x_wconf 88' lang='lat' dir='ltr'><strong>lere.</strong></span> <span class='ocrx_word' id='word_1_194' title='bbox 2410 1377 2673 1445; x_wconf 82' lang='lat' dir='ltr'><strong>Quocirca</strong></span> <span class='ocrx_word' id='word_1_195' title='bbox 2705 1377 2776 1429; x_wconf 91' lang='lat' dir='ltr'><strong>ita</strong></span> <span class='ocrx_word' id='word_1_196' title='bbox 2808 1390 2929 1429; x_wconf 85' lang='lat' dir='ltr'><strong>esse</strong></span> <span class='ocrx_word' id='word_1_197' title='bbox 2956 1388 3123 1430; x_wconf 88' lang='lat' dir='ltr'><strong>necne</strong></span> <span class='ocrx_word' id='word_1_198' title='bbox 3151 1385 3208 1429; x_wconf 90' lang='lat' dir='ltr'><strong>ut</strong></span> <span class='ocrx_word' id='word_1_199' title='bbox 3230 1375 3525 1444; x_wconf 86' lang='lat' dir='ltr'><strong>perieulum</strong></span> <span class='ocrx_word' id='word_1_200' title='bbox 3552 1375 3824 1430; x_wconf 82' lang='lat' dir='ltr'><strong>faciamus</strong></span> 
     </span>
    </p>
   </div>
   <div class='ocr_carea' id='block_1_31' title="bbox 2237 1465 3822 1538">
    <p class='ocr_par' dir='ltr' id='par_1_31' title="bbox 2237 1465 3822 1538">
     <span class='ocr_line' id='line_1_31' title="bbox 2237 1465 3822 1538; baseline -0.002 -14"><span class='ocrx_word' id='word_1_201' title='bbox 2237 1484 2357 1524; x_wconf 91' lang='lat' dir='ltr'><strong>oro.</strong></span> <span class='ocrx_word' id='word_1_202' title='bbox 2402 1467 2541 1531; x_wconf 84' lang='lat' dir='ltr'><strong>Fiat,</strong></span> <span class='ocrx_word' id='word_1_203' title='bbox 2573 1467 2824 1537; x_wconf 88' lang='lat' dir='ltr'><strong>inquiunt</strong></span> <span class='ocrx_word' id='word_1_204' title='bbox 2868 1466 2962 1520; x_wconf 92' lang='lat' dir='ltr'><strong>illi.</strong></span> <span class='ocrx_word' id='word_1_205' title='bbox 2993 1465 3320 1533; x_wconf 85' lang='lat' dir='ltr'><strong>Conjuratur</strong></span> <span class='ocrx_word' id='word_1_206' title='bbox 3351 1467 3533 1538; x_wconf 81' lang='lat' dir='ltr'><strong>itaque</strong></span> <span class='ocrx_word' id='word_1_207' title='bbox 3559 1485 3590 1523; x_wconf 92' lang='lat' dir='ltr'><strong>a</strong></span> <span class='ocrx_word' id='word_1_208' title='bbox 3628 1484 3822 1525; x_wconf 72' lang='lat' dir='ltr'><strong>sacer-</strong></span> 
     </span>
    </p>
   </div>
   <div class='ocr_carea' id='block_1_32' title="bbox 2240 1556 3821 1627">
    <p class='ocr_par' dir='ltr' id='par_1_32' title="bbox 2240 1556 3821 1627">
     <span class='ocr_line' id='line_1_32' title="bbox 2240 1556 3821 1627; baseline 0.001 -13"><span class='ocrx_word' id='word_1_209' title='bbox 2240 1560 2366 1614; x_wconf 88' lang='lat' dir='ltr'><strong>dote</strong></span> <span class='ocrx_word' id='word_1_210' title='bbox 2395 1557 2657 1621; x_wconf 84' lang='lat' dir='ltr'><strong>diabolus,</strong></span> <span class='ocrx_word' id='word_1_211' title='bbox 2689 1556 2902 1612; x_wconf 66' lang='lat' dir='ltr'><strong>caeteris</strong></span> <span class='ocrx_word' id='word_1_212' title='bbox 2929 1556 3052 1611; x_wconf 90' lang='lat' dir='ltr'><strong>aliis</strong></span> <span class='ocrx_word' id='word_1_213' title='bbox 3077 1557 3308 1612; x_wconf 81' lang='lat' dir='ltr'><strong>orationi</strong></span> <span class='ocrx_word' id='word_1_214' title='bbox 3334 1573 3397 1612; x_wconf 91' lang='lat' dir='ltr'><strong>ac</strong></span> <span class='ocrx_word' id='word_1_215' title='bbox 3424 1560 3681 1627; x_wconf 87' lang='lat' dir='ltr'><strong>precibus</strong></span> <span class='ocrx_word' id='word_1_216' title='bbox 3718 1561 3821 1615; x_wconf 85' lang='lat' dir='ltr'><strong>de-</strong></span> 
     </span>
    </p>
   </div>
   <div class='ocr_carea' id='block_1_33' title="bbox 2243 1646 3824 1720">
    <p class='ocr_par' dir='ltr' id='par_1_33' title="bbox 2243 1646 3824 1720">
     <span class='ocr_line' id='line_1_33' title="bbox 2243 1646 3824 1720; baseline 0.001 -17"><span class='ocrx_word' id='word_1_217' title='bbox 2243 1659 2365 1706; x_wconf 88' lang='lat' dir='ltr'><strong>vote</strong></span> <span class='ocrx_word' id='word_1_218' title='bbox 2400 1649 2784 1718; x_wconf 83' lang='lat' dir='ltr'><strong>humiliterque</strong></span> <span class='ocrx_word' id='word_1_219' title='bbox 2820 1647 3061 1702; x_wconf 89' lang='lat' dir='ltr'><strong>intentis.</strong></span> <span class='ocrx_word' id='word_1_220' title='bbox 3097 1646 3337 1713; x_wconf 84' lang='lat' dir='ltr'><strong>Quorum</strong></span> <span class='ocrx_word' id='word_1_221' title='bbox 3371 1646 3475 1700; x_wconf 81' lang='lat' dir='ltr'><strong>fide</strong></span> <span class='ocrx_word' id='word_1_222' title='bbox 3501 1649 3824 1720; x_wconf 76' lang='lat' dir='ltr'><strong>virtuteqne</strong></span> 
     </span>
    </p>
   </div>
   <div class='ocr_carea' id='block_1_34' title="bbox 570 1733 3831 1811">
    <p class='ocr_par' dir='ltr' id='par_1_34' title="bbox 570 1733 3831 1811">
     <span class='ocr_line' id='line_1_34' title="bbox 570 1733 3831 1811; baseline -0 -15"><span class='ocrx_word' id='word_1_223' title='bbox 570 1751 713 1808; x_wconf 87' lang='lat' dir='ltr'><strong>rent,</strong></span> <span class='ocrx_word' id='word_1_224' title='bbox 741 1742 785 1797; x_wconf 89' lang='lat' dir='ltr'><strong>si</strong></span> <span class='ocrx_word' id='word_1_225' title='bbox 821 1741 947 1811; x_wconf 88' lang='lat' dir='ltr'><strong>quid</strong></span> <span class='ocrx_word' id='word_1_226' title='bbox 978 1740 1082 1797; x_wconf 84' lang='lat' dir='ltr'><strong>tale</strong></span> <span class='ocrx_word' id='word_1_227' title='bbox 1106 1754 1339 1810; x_wconf 87' lang='lat' dir='ltr'><strong>unquam</strong></span> <span class='ocrx_word' id='word_1_228' title='bbox 1358 1741 1651 1806; x_wconf 89' lang='lat' dir='ltr'><strong>audierint,</strong></span> <span class='ocrx_word' id='word_1_229' title='bbox 1670 1740 1987 1795; x_wconf 82' lang='lat' dir='ltr'><strong>viderintve.</strong></span> <span class='ocrx_word' id='word_1_230' title='bbox 2010 1739 2143 1795; x_wconf 88' lang='lat' dir='ltr'><strong>Cum</strong></span> <span class='ocrx_word' id='word_1_231' title='bbox 2174 1733 2217 1792; x_wconf 81' lang='grc' dir='ltr'><strong>Β</strong></span> <span class='ocrx_word' id='word_1_232' title='bbox 2246 1743 2475 1799; x_wconf 83' lang='lat' dir='ltr'><strong>Joannis</strong></span> <span class='ocrx_word' id='word_1_233' title='bbox 2507 1741 2826 1805; x_wconf 86' lang='lat' dir='ltr'><strong>beatissimi,</strong></span> <span class='ocrx_word' id='word_1_234' title='bbox 2855 1756 2975 1794; x_wconf 78' lang='lat' dir='ltr'><strong>mox</strong></span> <span class='ocrx_word' id='word_1_235' title='bbox 3012 1739 3130 1793; x_wconf 88' lang='lat' dir='ltr'><strong>illas</strong></span> <span class='ocrx_word' id='word_1_236' title='bbox 3156 1737 3415 1795; x_wconf 70' lang='lat' dir='ltr'><strong>dmutouis</strong></span> <span class='ocrx_word' id='word_1_237' title='bbox 3438 1740 3745 1796; x_wconf 86' lang='lat' dir='ltr'><strong>simultates</strong></span> <span class='ocrx_word' id='word_1_238' title='bbox 3768 1753 3831 1795; x_wconf 80' lang='lat' dir='ltr'><strong>et</strong></span> 
     </span>
    </p>
   </div>
   <div class='ocr_carea' id='block_1_35' title="bbox 570 1830 2138 1903">
    <p class='ocr_par' dir='ltr' id='par_1_35' title="bbox 570 1830 2138 1903">
     <span class='ocr_line' id='line_1_35' title="bbox 570 1830 2138 1903; baseline -0.003 -17"><span class='ocrx_word' id='word_1_239' title='bbox 570 1831 787 1887; x_wconf 86' lang='lat' dir='ltr'><strong>interim</strong></span> <span class='ocrx_word' id='word_1_240' title='bbox 820 1846 1015 1903; x_wconf 74' lang='lat' dir='ltr'><strong>magno</strong></span> <span class='ocrx_word' id='word_1_241' title='bbox 1052 1840 1196 1887; x_wconf 91' lang='lat' dir='ltr'><strong>metu</strong></span> <span class='ocrx_word' id='word_1_242' title='bbox 1229 1830 1466 1901; x_wconf 91' lang='lat' dir='ltr'><strong>quidam,</strong></span> <span class='ocrx_word' id='word_1_243' title='bbox 1502 1830 1626 1886; x_wconf 85' lang='lat' dir='ltr'><strong>huic</strong></span> <span class='ocrx_word' id='word_1_244' title='bbox 1675 1830 1798 1884; x_wconf 90' lang='lat' dir='ltr'><strong>anui</strong></span> <span class='ocrx_word' id='word_1_245' title='bbox 1838 1846 1942 1885; x_wconf 90' lang='lat' dir='ltr'><strong>non</strong></span> <span class='ocrx_word' id='word_1_246' title='bbox 1973 1844 2138 1900; x_wconf 88' lang='lat' dir='ltr'><strong>parva</strong></span> 
     </span>
    </p>
   </div>
   <div class='ocr_carea' id='block_1_36' title="bbox 569 1918 2139 1990">
    <p class='ocr_par' dir='ltr' id='par_1_36' title="bbox 569 1918 2139 1990">
     <span class='ocr_line' id='line_1_36' title="bbox 569 1918 2139 1990; baseline -0.001 -15"><span class='ocrx_word' id='word_1_247' title='bbox 569 1921 890 1990; x_wconf 85' lang='lat' dir='ltr'><strong>conjunctus</strong></span> <span class='ocrx_word' id='word_1_248' title='bbox 925 1921 1205 1986; x_wconf 81' lang='lat' dir='ltr'><strong>ali&#39;initate,</strong></span> <span class='ocrx_word' id='word_1_249' title='bbox 1241 1937 1362 1976; x_wconf 88' lang='lat' dir='ltr'><strong>eum</strong></span> <span class='ocrx_word' id='word_1_250' title='bbox 1401 1921 1672 1975; x_wconf 88' lang='lat' dir='ltr'><strong>nonnullis</strong></span> <span class='ocrx_word' id='word_1_251' title='bbox 1701 1919 2026 1989; x_wconf 86' lang='lat' dir='ltr'><strong>primoribus</strong></span> <span class='ocrx_word' id='word_1_252' title='bbox 2065 1918 2139 1973; x_wconf 84' lang='lat' dir='ltr'><strong>ci-</strong></span> 
     </span>
    </p>
   </div>
   <div class='ocr_carea' id='block_1_37' title="bbox 573 2009 2141 2079">
    <p class='ocr_par' dir='ltr' id='par_1_37' title="bbox 573 2009 2141 2079">
     <span class='ocr_line' id='line_1_37' title="bbox 573 2009 2141 2079; baseline -0.001 -15"><span class='ocrx_word' id='word_1_253' title='bbox 573 2012 761 2066; x_wconf 89' lang='lat' dir='ltr'><strong>vitatis</strong></span> <span class='ocrx_word' id='word_1_254' title='bbox 801 2026 859 2066; x_wconf 85' lang='lat' dir='ltr'><strong>se</strong></span> <span class='ocrx_word' id='word_1_255' title='bbox 896 2012 962 2065; x_wconf 88' lang='lat' dir='ltr'><strong>ad</strong></span> <span class='ocrx_word' id='word_1_256' title='bbox 1010 2027 1134 2067; x_wconf 91' lang='lat' dir='ltr'><strong>eum</strong></span> <span class='ocrx_word' id='word_1_257' title='bbox 1171 2012 1367 2077; x_wconf 90' lang='lat' dir='ltr'><strong>locum,</strong></span> <span class='ocrx_word' id='word_1_258' title='bbox 1419 2012 1508 2066; x_wconf 85' lang='lat' dir='ltr'><strong>tibi</strong></span> <span class='ocrx_word' id='word_1_259' title='bbox 1553 2011 1750 2064; x_wconf 89' lang='lat' dir='ltr'><strong>misera</strong></span> <span class='ocrx_word' id='word_1_260' title='bbox 1784 2009 1977 2064; x_wconf 87' lang='lat' dir='ltr'><strong>mulier</strong></span> <span class='ocrx_word' id='word_1_261' title='bbox 2015 2023 2141 2079; x_wconf 88' lang='lat' dir='ltr'><strong>pro-</strong></span> 
     </span>
    </p>
   </div>
   <div class='ocr_carea' id='block_1_38' title="bbox 570 2100 2137 2173">
    <p class='ocr_par' dir='ltr' id='par_1_38' title="bbox 570 2100 2137 2173">
     <span class='ocr_line' id='line_1_38' title="bbox 570 2100 2137 2173; baseline -0.003 -16"><span class='ocrx_word' id='word_1_262' title='bbox 570 2112 738 2157; x_wconf 85' lang='lat' dir='ltr'><strong>strata</strong></span> <span class='ocrx_word' id='word_1_263' title='bbox 755 2100 989 2171; x_wconf 88' lang='lat' dir='ltr'><strong>jaceret,</strong></span> <span class='ocrx_word' id='word_1_264' title='bbox 1012 2103 1295 2173; x_wconf 85' lang='lat' dir='ltr'><strong>processit,</strong></span> <span class='ocrx_word' id='word_1_265' title='bbox 1318 2116 1550 2173; x_wconf 79' lang='lat' dir='ltr'><strong>mosque</strong></span> <span class='ocrx_word' id='word_1_266' title='bbox 1574 2101 1906 2164; x_wconf 78' lang='lat' dir='ltr'><strong>exclamans,</strong></span> <span class='ocrx_word' id='word_1_267' title='bbox 1931 2100 2137 2170; x_wconf 88' lang='lat' dir='ltr'><strong>inquit:</strong></span> 
     </span>
    </p>
   </div>
   <div class='ocr_carea' id='block_1_39' title="bbox 570 2188 2142 2263">
    <p class='ocr_par' dir='ltr' id='par_1_39' title="bbox 570 2188 2142 2263">
     <span class='ocr_line' id='line_1_39' title="bbox 570 2188 2142 2263; baseline -0.004 -16"><span class='ocrx_word' id='word_1_268' title='bbox 570 2192 615 2247; x_wconf 93' lang='lat' dir='ltr'><strong>O</strong></span> <span class='ocrx_word' id='word_1_269' title='bbox 642 2208 757 2247; x_wconf 87' lang='lat' dir='ltr'><strong>mea</strong></span> <span class='ocrx_word' id='word_1_270' title='bbox 786 2201 958 2247; x_wconf 89' lang='lat' dir='ltr'><strong>mater</strong></span> <span class='ocrx_word' id='word_1_271' title='bbox 992 2192 1200 2258; x_wconf 82' lang='lat' dir='ltr'><strong>infelix,</strong></span> <span class='ocrx_word' id='word_1_272' title='bbox 1235 2194 1366 2263; x_wconf 88' lang='lat' dir='ltr'><strong>quid</strong></span> <span class='ocrx_word' id='word_1_273' title='bbox 1408 2200 1618 2247; x_wconf 88' lang='lat' dir='ltr'><strong>tantum</strong></span> <span class='ocrx_word' id='word_1_274' title='bbox 1657 2190 1725 2246; x_wconf 88' lang='lat' dir='ltr'><strong>de</strong></span> <span class='ocrx_word' id='word_1_275' title='bbox 1772 2198 1825 2245; x_wconf 93' lang='lat' dir='ltr'><strong>te</strong></span> <span class='ocrx_word' id='word_1_276' title='bbox 1858 2188 2142 2244; x_wconf 86' lang='lat' dir='ltr'><strong>meruisti?</strong></span> 
     </span>
    </p>
   </div>
   <div class='ocr_carea' id='block_1_40' title="bbox 578 2281 2140 2354">
    <p class='ocr_par' dir='ltr' id='par_1_40' title="bbox 578 2281 2140 2354">
     <span class='ocr_line' id='line_1_40' title="bbox 578 2281 2140 2354; baseline -0.003 -16"><span class='ocrx_word' id='word_1_277' title='bbox 578 2284 676 2338; x_wconf 86' lang='lat' dir='ltr'><strong>Ubi</strong></span> <span class='ocrx_word' id='word_1_278' title='bbox 712 2301 853 2339; x_wconf 84' lang='lat' dir='ltr'><strong>nunc</strong></span> <span class='ocrx_word' id='word_1_279' title='bbox 881 2283 966 2338; x_wconf 88' lang='lat' dir='ltr'><strong>illa</strong></span> <span class='ocrx_word' id='word_1_280' title='bbox 996 2324 1011 2347; x_wconf 93' lang='lat'><strong>,</strong></span> <span class='ocrx_word' id='word_1_281' title='bbox 1050 2299 1153 2354; x_wconf 87' lang='lat' dir='ltr'><strong>qua</strong></span> <span class='ocrx_word' id='word_1_282' title='bbox 1186 2282 1477 2353; x_wconf 89' lang='lat' dir='ltr'><strong>plurimum</strong></span> <span class='ocrx_word' id='word_1_283' title='bbox 1524 2298 1651 2354; x_wconf 80' lang='lat' dir='ltr'><strong>erga</strong></span> <span class='ocrx_word' id='word_1_284' title='bbox 1693 2281 1881 2351; x_wconf 89' lang='lat' dir='ltr'><strong>inopes</strong></span> <span class='ocrx_word' id='word_1_285' title='bbox 1923 2294 2018 2334; x_wconf 89' lang='lat' dir='ltr'><strong>usa</strong></span> <span class='ocrx_word' id='word_1_286' title='bbox 2058 2293 2140 2346; x_wconf 90' lang='lat' dir='ltr'><strong>es,</strong></span> 
     </span>
    </p>
   </div>
   <div class='ocr_carea' id='block_1_41' title="bbox 574 2372 2140 2432">
    <p class='ocr_par' dir='ltr' id='par_1_41' title="bbox 574 2372 2140 2432">
     <span class='ocr_line' id='line_1_41' title="bbox 574 2372 2140 2432; baseline -0.002 -4"><span class='ocrx_word' id='word_1_287' title='bbox 574 2376 984 2430; x_wconf 77' lang='lat' dir='ltr'><strong>misericordia?</strong></span> <span class='ocrx_word' id='word_1_288' title='bbox 1013 2375 1112 2432; x_wconf 80' lang='lat' dir='ltr'><strong>[ibi</strong></span> <span class='ocrx_word' id='word_1_289' title='bbox 1142 2390 1283 2430; x_wconf 91' lang='lat' dir='ltr'><strong>nunc</strong></span> <span class='ocrx_word' id='word_1_290' title='bbox 1301 2374 1504 2430; x_wconf 69' lang='lat' dir='ltr'><strong>crebrae</strong></span> <span class='ocrx_word' id='word_1_291' title='bbox 1525 2375 1764 2430; x_wconf 90' lang='lat' dir='ltr'><strong>omnium</strong></span> <span class='ocrx_word' id='word_1_292' title='bbox 1790 2372 2140 2429; x_wconf 87' lang='lat' dir='ltr'><strong>ecclesiarum</strong></span> 
     </span>
    </p>
   </div>
   <div class='ocr_carea' id='block_1_42' title="bbox 573 2464 2141 2539">
    <p class='ocr_par' dir='ltr' id='par_1_42' title="bbox 573 2464 2141 2539">
     <span class='ocr_line' id='line_1_42' title="bbox 573 2464 2141 2539; baseline -0.003 -18"><span class='ocrx_word' id='word_1_293' title='bbox 573 2468 948 2522; x_wconf 85' lang='lat' dir='ltr'><strong>visitatioues?</strong></span> <span class='ocrx_word' id='word_1_294' title='bbox 976 2467 1182 2535; x_wconf 85' lang='lat' dir='ltr'><strong>Nonne,</strong></span> <span class='ocrx_word' id='word_1_295' title='bbox 1217 2476 1275 2522; x_wconf 92' lang='lat' dir='ltr'><strong>ut</strong></span> <span class='ocrx_word' id='word_1_296' title='bbox 1306 2468 1594 2539; x_wconf 86' lang='lat' dir='ltr'><strong>perspicio,</strong></span> <span class='ocrx_word' id='word_1_297' title='bbox 1617 2467 1773 2523; x_wconf 86' lang='lat' dir='ltr'><strong>Jesus</strong></span> <span class='ocrx_word' id='word_1_298' title='bbox 1802 2474 1853 2521; x_wconf 92' lang='lat' dir='ltr'><strong>le</strong></span> <span class='ocrx_word' id='word_1_299' title='bbox 1883 2464 2141 2529; x_wconf 89' lang='lat' dir='ltr'><strong>deseruit,</strong></span> 
     </span>
    </p>
   </div>
   <div class='ocr_carea' id='block_1_43' title="bbox 573 2553 2144 2625">
    <p class='ocr_par' dir='ltr' id='par_1_43' title="bbox 573 2553 2144 2625">
     <span class='ocr_line' id='line_1_43' title="bbox 573 2553 2144 2625; baseline -0.001 -14"><span class='ocrx_word' id='word_1_300' title='bbox 573 2559 816 2613; x_wconf 80' lang='lat' dir='ltr'><strong>diabolus</strong></span> <span class='ocrx_word' id='word_1_301' title='bbox 859 2573 989 2612; x_wconf 89' lang='lat' dir='ltr'><strong>vero</strong></span> <span class='ocrx_word' id='word_1_302' title='bbox 1041 2569 1090 2614; x_wconf 92' lang='lat' dir='ltr'><strong>te</strong></span> <span class='ocrx_word' id='word_1_303' title='bbox 1134 2567 1303 2613; x_wconf 89' lang='lat' dir='ltr'><strong>totam</strong></span> <span class='ocrx_word' id='word_1_304' title='bbox 1354 2558 1583 2614; x_wconf 76' lang='lat' dir='ltr'><strong>invasit?</strong></span> <span class='ocrx_word' id='word_1_305' title='bbox 1618 2556 1714 2612; x_wconf 84' lang='lat' dir='ltr'><strong>llis</strong></span> <span class='ocrx_word' id='word_1_306' title='bbox 1757 2557 1938 2625; x_wconf 89' lang='lat' dir='ltr'><strong>itaque</strong></span> <span class='ocrx_word' id='word_1_307' title='bbox 1965 2553 2144 2609; x_wconf 86' lang='lat' dir='ltr'><strong>verbis</strong></span> 
     </span>
    </p>
   </div>
   <div class='ocr_carea' id='block_1_44' title="bbox 573 2645 2141 2722">
    <p class='ocr_par' dir='ltr' id='par_1_44' title="bbox 573 2645 2141 2722">
     <span class='ocr_line' id='line_1_44' title="bbox 573 2645 2141 2722; baseline -0.003 -18"><span class='ocrx_word' id='word_1_308' title='bbox 573 2652 828 2705; x_wconf 90' lang='lat' dir='ltr'><strong>omnibus</strong></span> <span class='ocrx_word' id='word_1_309' title='bbox 875 2650 1127 2722; x_wconf 75' lang='lat' dir='ltr'><strong>laet-your</strong></span> <span class='ocrx_word' id='word_1_310' title='bbox 1177 2651 1412 2715; x_wconf 63' lang='lat' dir='ltr'><strong>obortae,</strong></span> <span class='ocrx_word' id='word_1_311' title='bbox 1469 2648 1743 2719; x_wconf 77' lang='lat' dir='ltr'><strong>paululum</strong></span> <span class='ocrx_word' id='word_1_312' title='bbox 1792 2645 2009 2711; x_wconf 85' lang='lat' dir='ltr'><strong>morati,</strong></span> <span class='ocrx_word' id='word_1_313' title='bbox 2055 2645 2141 2699; x_wconf 91' lang='lat' dir='ltr'><strong>iu-</strong></span> 
     </span>
    </p>
   </div>
   <div class='ocr_carea' id='block_1_45' title="bbox 573 2735 2145 2811">
    <p class='ocr_par' dir='ltr' id='par_1_45' title="bbox 573 2735 2145 2811">
     <span class='ocr_line' id='line_1_45' title="bbox 573 2735 2145 2811; baseline -0.003 -16"><span class='ocrx_word' id='word_1_314' title='bbox 573 2744 757 2811; x_wconf 86' lang='lat' dir='ltr'><strong>quiunt</strong></span> <span class='ocrx_word' id='word_1_315' title='bbox 789 2760 801 2796; x_wconf 90' lang='lat'><strong>:</strong></span> <span class='ocrx_word' id='word_1_316' title='bbox 847 2741 1083 2811; x_wconf 76' lang='lat' dir='ltr'><strong>Tempus</strong></span> <span class='ocrx_word' id='word_1_317' title='bbox 1134 2742 1184 2794; x_wconf 90' lang='lat' dir='ltr'><strong>iu</strong></span> <span class='ocrx_word' id='word_1_318' title='bbox 1217 2740 1474 2795; x_wconf 78' lang='lat' dir='ltr'><strong>maestitia</strong></span> <span class='ocrx_word' id='word_1_319' title='bbox 1517 2738 1874 2808; x_wconf 90' lang='lat' dir='ltr'><strong>inanibusque</strong></span> <span class='ocrx_word' id='word_1_320' title='bbox 1911 2735 2145 2806; x_wconf 86' lang='lat' dir='ltr'><strong>querelis</strong></span> 
     </span>
    </p>
   </div>
   <div class='ocr_carea' id='block_1_46' title="bbox 578 2827 2144 2899">
    <p class='ocr_par' dir='ltr' id='par_1_46' title="bbox 578 2827 2144 2899">
     <span class='ocr_line' id='line_1_46' title="bbox 578 2827 2144 2899; baseline -0.002 -15"><span class='ocrx_word' id='word_1_321' title='bbox 578 2849 643 2886; x_wconf 89' lang='lat' dir='ltr'><strong>ne</strong></span> <span class='ocrx_word' id='word_1_322' title='bbox 673 2841 836 2897; x_wconf 82' lang='lat' dir='ltr'><strong>teras,</strong></span> <span class='ocrx_word' id='word_1_323' title='bbox 872 2846 1108 2886; x_wconf 83' lang='lat' dir='ltr'><strong>oramus.</strong></span> <span class='ocrx_word' id='word_1_324' title='bbox 1144 2830 1303 2894; x_wconf 86' lang='lat' dir='ltr'><strong>Cura,</strong></span> <span class='ocrx_word' id='word_1_325' title='bbox 1336 2843 1469 2884; x_wconf 90' lang='lat' dir='ltr'><strong>cura</strong></span> <span class='ocrx_word' id='word_1_326' title='bbox 1507 2829 1940 2899; x_wconf 88' lang='lat' dir='ltr'><strong>quamprimum,</strong></span> <span class='ocrx_word' id='word_1_327' title='bbox 1977 2836 2029 2881; x_wconf 92' lang='lat' dir='ltr'><strong>ut</strong></span> <span class='ocrx_word' id='word_1_328' title='bbox 2076 2827 2144 2881; x_wconf 90' lang='lat' dir='ltr'><strong>ad</strong></span> 
     </span>
    </p>
   </div>
   <div class='ocr_carea' id='block_1_47' title="bbox 576 2917 2146 2985">
    <p class='ocr_par' dir='ltr' id='par_1_47' title="bbox 576 2917 2146 2985">
     <span class='ocr_line' id='line_1_47' title="bbox 576 2917 2146 2985; baseline -0.001 -12"><span class='ocrx_word' id='word_1_329' title='bbox 576 2925 634 2974; x_wconf 66' lang='grc' dir='ltr'><strong>ὃ.</strong></span> <span class='ocrx_word' id='word_1_330' title='bbox 666 2921 844 2976; x_wconf 76' lang='lat' dir='ltr'><strong>Maria:</strong></span> <span class='ocrx_word' id='word_1_331' title='bbox 883 2923 947 2976; x_wconf 80' lang='lat' dir='ltr'><strong>de</strong></span> <span class='ocrx_word' id='word_1_332' title='bbox 988 2921 1136 2976; x_wconf 80' lang='lat' dir='ltr'><strong>Valle</strong></span> <span class='ocrx_word' id='word_1_333' title='bbox 1172 2921 1433 2977; x_wconf 88' lang='lat' dir='ltr'><strong>Umbrosa</strong></span> <span class='ocrx_word' id='word_1_334' title='bbox 1488 2920 1899 2985; x_wconf 88' lang='lat' dir='ltr'><strong>monasterium,</strong></span> <span class='ocrx_word' id='word_1_335' title='bbox 1931 2917 2015 2973; x_wconf 88' lang='lat' dir='ltr'><strong>sin</strong></span> <span class='ocrx_word' id='word_1_336' title='bbox 2046 2917 2146 2971; x_wconf 91' lang='lat' dir='ltr'><strong>mi-</strong></span> 
     </span>
    </p>
   </div>
   <div class='ocr_carea' id='block_1_48' title="bbox 578 3009 2147 3082">
    <p class='ocr_par' dir='ltr' id='par_1_48' title="bbox 578 3009 2147 3082">
     <span class='ocr_line' id='line_1_48' title="bbox 578 3009 2147 3082; baseline 0 -19"><span class='ocrx_word' id='word_1_337' title='bbox 578 3027 679 3065; x_wconf 85' lang='lat' dir='ltr'><strong>nus</strong></span> <span class='ocrx_word' id='word_1_338' title='bbox 704 3010 827 3066; x_wconf 90' lang='lat' dir='ltr'><strong>duci</strong></span> <span class='ocrx_word' id='word_1_339' title='bbox 856 3020 1050 3082; x_wconf 88' lang='lat' dir='ltr'><strong>potest,</strong></span> <span class='ocrx_word' id='word_1_340' title='bbox 1076 3013 1420 3072; x_wconf 83' lang='lat' dir='ltr'><strong>multitudine</strong></span> <span class='ocrx_word' id='word_1_341' title='bbox 1445 3012 1705 3082; x_wconf 87' lang='lat' dir='ltr'><strong>juvenum</strong></span> <span class='ocrx_word' id='word_1_342' title='bbox 1728 3018 1935 3076; x_wconf 88' lang='lat' dir='ltr'><strong>coacta,</strong></span> <span class='ocrx_word' id='word_1_343' title='bbox 1970 3009 2147 3065; x_wconf 84' lang='lat' dir='ltr'><strong>traba-</strong></span> 
     </span>
    </p>
   </div>
   <div class='ocr_carea' id='block_1_49' title="bbox 587 3102 1879 3177">
    <p class='ocr_par' dir='ltr' id='par_1_49' title="bbox 587 3102 1879 3177">
     <span class='ocr_line' id='line_1_49' title="bbox 587 3102 1879 3177; baseline 0.001 -24"><span class='ocrx_word' id='word_1_344' title='bbox 587 3111 671 3154; x_wconf 92' lang='lat' dir='ltr'><strong>tur</strong></span> <span class='ocrx_word' id='word_1_345' title='bbox 699 3102 770 3154; x_wconf 91' lang='lat' dir='ltr'><strong>vi.</strong></span> <span class='ocrx_word' id='word_1_346' title='bbox 1874 3172 1879 3177; x_wconf 22' lang='grc'><em>1</em></span> 
     </span>
    </p>
   </div>
   <div class='ocr_carea' id='block_1_50' title="bbox 650 3189 2148 3262">
    <p class='ocr_par' dir='ltr' id='par_1_50' title="bbox 650 3189 2148 3262">
     <span class='ocr_line' id='line_1_50' title="bbox 650 3189 2148 3262; baseline -0.002 -15"><span class='ocrx_word' id='word_1_347' title='bbox 650 3194 738 3249; x_wconf 83' lang='lat'><strong>75.</strong></span> <span class='ocrx_word' id='word_1_348' title='bbox 802 3193 965 3248; x_wconf 82' lang='lat' dir='ltr'><strong>Movit</strong></span> <span class='ocrx_word' id='word_1_349' title='bbox 996 3192 1203 3249; x_wconf 88' lang='lat' dir='ltr'><strong>feroces</strong></span> <span class='ocrx_word' id='word_1_350' title='bbox 1248 3192 1477 3262; x_wconf 83' lang='lat' dir='ltr'><strong>juvenes</strong></span> <span class='ocrx_word' id='word_1_351' title='bbox 1511 3192 1579 3247; x_wconf 90' lang='lat' dir='ltr'><strong>ad</strong></span> <span class='ocrx_word' id='word_1_352' title='bbox 1614 3205 1749 3262; x_wconf 87' lang='lat' dir='ltr'><strong>opus</strong></span> <span class='ocrx_word' id='word_1_353' title='bbox 1786 3189 2148 3255; x_wconf 88' lang='lat' dir='ltr'><strong>subeundum,</strong></span> 
     </span>
    </p>
   </div>
   <div class='ocr_carea' id='block_1_51' title="bbox 581 3271 2150 3352">
    <p class='ocr_par' dir='ltr' id='par_1_51' title="bbox 581 3271 2150 3352">
     <span class='ocr_line' id='line_1_51' title="bbox 581 3271 2150 3352; baseline -0.002 -16"><span class='ocrx_word' id='word_1_354' title='bbox 581 3291 693 3338; x_wconf 90' lang='lat' dir='ltr'><strong>tum</strong></span> <span class='ocrx_word' id='word_1_355' title='bbox 720 3298 855 3337; x_wconf 89' lang='lat' dir='ltr'><strong>anus</strong></span> <span class='ocrx_word' id='word_1_356' title='bbox 879 3271 1126 3338; x_wconf 84' lang='lat' dir='ltr'><strong>insolitus</strong></span> <span class='ocrx_word' id='word_1_357' title='bbox 1155 3284 1535 3352; x_wconf 86' lang='lat' dir='ltr'><strong>inauditusque</strong></span> <span class='ocrx_word' id='word_1_358' title='bbox 1549 3294 1728 3345; x_wconf 81' lang='lat' dir='ltr'><strong>casus,</strong></span> <span class='ocrx_word' id='word_1_359' title='bbox 1745 3290 1856 3335; x_wconf 89' lang='lat' dir='ltr'><strong>tttm</strong></span> <span class='ocrx_word' id='word_1_360' title='bbox 1869 3281 2033 3335; x_wconf 88' lang='lat' dir='ltr'><strong>etiam</strong></span> <span class='ocrx_word' id='word_1_361' title='bbox 2048 3279 2150 3335; x_wconf 89' lang='lat' dir='ltr'><strong>viri</strong></span> 
     </span>
    </p>
   </div>
   <div class='ocr_carea' id='block_1_52' title="bbox 578 3372 2149 3445">
    <p class='ocr_par' dir='ltr' id='par_1_52' title="bbox 578 3372 2149 3445">
     <span class='ocr_line' id='line_1_52' title="bbox 578 3372 2149 3445; baseline -0.003 -16"><span class='ocrx_word' id='word_1_362' title='bbox 578 3374 830 3445; x_wconf 85' lang='lat' dir='ltr'><strong>dignitas.</strong></span> <span class='ocrx_word' id='word_1_363' title='bbox 864 3372 1148 3440; x_wconf 83' lang='lat' dir='ltr'><strong>Quocirca,</strong></span> <span class='ocrx_word' id='word_1_364' title='bbox 1179 3389 1288 3429; x_wconf 89' lang='lat' dir='ltr'><strong>non</strong></span> <span class='ocrx_word' id='word_1_365' title='bbox 1326 3372 1489 3428; x_wconf 88' lang='lat' dir='ltr'><strong>multa</strong></span> <span class='ocrx_word' id='word_1_366' title='bbox 1525 3373 1773 3428; x_wconf 89' lang='lat' dir='ltr'><strong>oratione</strong></span> <span class='ocrx_word' id='word_1_367' title='bbox 1809 3379 2149 3441; x_wconf 88' lang='lat' dir='ltr'><strong>consumpta,</strong></span> 
     </span>
    </p>
   </div>
   <div class='ocr_carea' id='block_1_53' title="bbox 580 3461 2153 3535">
    <p class='ocr_par' dir='ltr' id='par_1_53' title="bbox 580 3461 2153 3535">
     <span class='ocr_line' id='line_1_53' title="bbox 580 3461 2153 3535; baseline -0.002 -16"><span class='ocrx_word' id='word_1_368' title='bbox 580 3482 716 3520; x_wconf 88' lang='lat' dir='ltr'><strong>anus</strong></span> <span class='ocrx_word' id='word_1_369' title='bbox 746 3465 831 3521; x_wconf 88' lang='lat' dir='ltr'><strong>illa</strong></span> <span class='ocrx_word' id='word_1_370' title='bbox 855 3475 1043 3521; x_wconf 89' lang='lat' dir='ltr'><strong>catena</strong></span> <span class='ocrx_word' id='word_1_371' title='bbox 1075 3466 1270 3520; x_wconf 81' lang='lat' dir='ltr'><strong>innexa</strong></span> <span class='ocrx_word' id='word_1_372' title='bbox 1301 3479 1331 3519; x_wconf 90' lang='lat' dir='ltr'><strong>a</strong></span> <span class='ocrx_word' id='word_1_373' title='bbox 1365 3463 1693 3521; x_wconf 85' lang='lat' dir='ltr'><strong>circumfusa</strong></span> <span class='ocrx_word' id='word_1_374' title='bbox 1711 3461 1969 3535; x_wconf 71' lang='lat' dir='ltr'><strong>iuvenum</strong></span> <span class='ocrx_word' id='word_1_375' title='bbox 1995 3463 2153 3517; x_wconf 89' lang='lat' dir='ltr'><strong>turba</strong></span> 
     </span>
    </p>
   </div>
   <div class='ocr_carea' id='block_1_54' title="bbox 583 3561 2154 3631">
    <p class='ocr_par' dir='ltr' id='par_1_54' title="bbox 583 3561 2154 3631">
     <span class='ocr_line' id='line_1_54' title="bbox 583 3561 2154 3631; baseline -0.001 -17"><span class='ocrx_word' id='word_1_376' title='bbox 583 3564 741 3615; x_wconf 85' lang='lat' dir='ltr'><strong>modo</strong></span> <span class='ocrx_word' id='word_1_377' title='bbox 756 3563 1006 3626; x_wconf 88' lang='lat' dir='ltr'><strong>trahitur,</strong></span> <span class='ocrx_word' id='word_1_378' title='bbox 1028 3562 1186 3617; x_wconf 89' lang='lat' dir='ltr'><strong>modo</strong></span> <span class='ocrx_word' id='word_1_379' title='bbox 1205 3561 1430 3617; x_wconf 79' lang='lat' dir='ltr'><strong>subnixa</strong></span> <span class='ocrx_word' id='word_1_380' title='bbox 1448 3562 1501 3617; x_wconf 92' lang='lat' dir='ltr'><strong>in</strong></span> <span class='ocrx_word' id='word_1_381' title='bbox 1515 3576 1695 3617; x_wconf 82' lang='lat' dir='ltr'><strong>aerem</strong></span> <span class='ocrx_word' id='word_1_382' title='bbox 1713 3575 1811 3631; x_wconf 91' lang='lat' dir='ltr'><strong>per</strong></span> <span class='ocrx_word' id='word_1_383' title='bbox 1835 3574 2021 3614; x_wconf 91' lang='lat' dir='ltr'><strong>eorum</strong></span> <span class='ocrx_word' id='word_1_384' title='bbox 2037 3574 2154 3613; x_wconf 90' lang='lat' dir='ltr'><strong>ma-</strong></span> 
     </span>
    </p>
   </div>
   <div class='ocr_carea' id='block_1_55' title="bbox 584 3649 2149 3723">
    <p class='ocr_par' dir='ltr' id='par_1_55' title="bbox 584 3649 2149 3723">
     <span class='ocr_line' id='line_1_55' title="bbox 584 3649 2149 3723; baseline -0.001 -18"><span class='ocrx_word' id='word_1_385' title='bbox 584 3649 959 3706; x_wconf 86' lang='lat' dir='ltr'><strong>nusdefertur.</strong></span> <span class='ocrx_word' id='word_1_386' title='bbox 985 3650 1081 3707; x_wconf 83' lang='lat' dir='ltr'><strong>His</strong></span> <span class='ocrx_word' id='word_1_387' title='bbox 1103 3650 1326 3707; x_wconf 86' lang='lat' dir='ltr'><strong>additur</strong></span> <span class='ocrx_word' id='word_1_388' title='bbox 1344 3651 1628 3723; x_wconf 80' lang='lat' dir='ltr'><strong>religiosus</strong></span> <span class='ocrx_word' id='word_1_389' title='bbox 1641 3651 1859 3721; x_wconf 89' lang='lat' dir='ltr'><strong>quidam</strong></span> <span class='ocrx_word' id='word_1_390' title='bbox 1875 3650 2149 3717; x_wconf 87' lang='lat' dir='ltr'><strong>sacerdos,</strong></span> 
     </span>
    </p>
   </div>
   <div class='ocr_carea' id='block_1_56' title="bbox 580 3739 2150 3815">
    <p class='ocr_par' dir='ltr' id='par_1_56' title="bbox 580 3739 2150 3815">
     <span class='ocr_line' id='line_1_56' title="bbox 580 3739 2150 3815; baseline -0.001 -20"><span class='ocrx_word' id='word_1_391' title='bbox 580 3743 671 3815; x_wconf 77' lang='lat' dir='ltr'><strong>qui</strong></span> <span class='ocrx_word' id='word_1_392' title='bbox 702 3739 811 3796; x_wconf 83' lang='lat' dir='ltr'><strong>Deo</strong></span> <span class='ocrx_word' id='word_1_393' title='bbox 841 3741 1155 3811; x_wconf 77' lang='lat' dir='ltr'><strong>Virginique</strong></span> <span class='ocrx_word' id='word_1_394' title='bbox 1185 3741 1365 3797; x_wconf 70' lang='lat' dir='ltr'><strong>Maria:</strong></span> <span class='ocrx_word' id='word_1_395' title='bbox 1419 3750 1475 3798; x_wconf 90' lang='lat' dir='ltr'><strong>et</strong></span> <span class='ocrx_word' id='word_1_396' title='bbox 1514 3742 1733 3797; x_wconf 84' lang='lat' dir='ltr'><strong>crebras</strong></span> <span class='ocrx_word' id='word_1_397' title='bbox 1763 3739 1992 3795; x_wconf 88' lang='lat' dir='ltr'><strong>fundens</strong></span> <span class='ocrx_word' id='word_1_398' title='bbox 2020 3757 2150 3794; x_wconf 91' lang='lat' dir='ltr'><strong>ora-</strong></span> 
     </span>
    </p>
   </div>
   <div class='ocr_carea' id='block_1_57' title="bbox 581 3829 2149 3902">
    <p class='ocr_par' dir='ltr' id='par_1_57' title="bbox 581 3829 2149 3902">
     <span class='ocr_line' id='line_1_57' title="bbox 581 3829 2149 3902; baseline 0.001 -18"><span class='ocrx_word' id='word_1_399' title='bbox 581 3832 781 3895; x_wconf 76' lang='lat' dir='ltr'><strong>tiones,</strong></span> <span class='ocrx_word' id='word_1_400' title='bbox 804 3829 1016 3884; x_wconf 87' lang='lat' dir='ltr'><strong>diabolo</strong></span> <span class='ocrx_word' id='word_1_401' title='bbox 1034 3831 1275 3885; x_wconf 88' lang='lat' dir='ltr'><strong>demeret</strong></span> <span class='ocrx_word' id='word_1_402' title='bbox 1306 3832 1472 3895; x_wconf 90' lang='lat' dir='ltr'><strong>vires,</strong></span> <span class='ocrx_word' id='word_1_403' title='bbox 1500 3831 1741 3902; x_wconf 88' lang='lat' dir='ltr'><strong>ipsisque</strong></span> <span class='ocrx_word' id='word_1_404' title='bbox 1768 3845 1927 3901; x_wconf 91' lang='lat' dir='ltr'><strong>opem</strong></span> <span class='ocrx_word' id='word_1_405' title='bbox 1960 3829 2149 3886; x_wconf 89' lang='lat' dir='ltr'><strong>ferret.</strong></span> 
     </span>
    </p>
   </div>
   <div class='ocr_carea' id='block_1_58' title="bbox 583 3919 2156 3992">
    <p class='ocr_par' dir='ltr' id='par_1_58' title="bbox 583 3919 2156 3992">
     <span class='ocr_line' id='line_1_58' title="bbox 583 3919 2156 3992; baseline 0 -17"><span class='ocrx_word' id='word_1_406' title='bbox 583 3919 728 3975; x_wconf 87' lang='lat' dir='ltr'><strong>Inter</strong></span> <span class='ocrx_word' id='word_1_407' title='bbox 767 3919 1083 3974; x_wconf 81' lang='lat' dir='ltr'><strong>trahendum</strong></span> <span class='ocrx_word' id='word_1_408' title='bbox 1130 3921 1311 3990; x_wconf 84' lang='lat' dir='ltr'><strong>itaque</strong></span> <span class='ocrx_word' id='word_1_409' title='bbox 1372 3922 1562 3991; x_wconf 80' lang='lat' dir='ltr'><strong>ingens</strong></span> <span class='ocrx_word' id='word_1_410' title='bbox 1615 3920 1824 3977; x_wconf 83' lang='lat' dir='ltr'><strong>clamor</strong></span> <span class='ocrx_word' id='word_1_411' title='bbox 1865 3931 1919 3976; x_wconf 91' lang='lat' dir='ltr'><strong>et</strong></span> <span class='ocrx_word' id='word_1_412' title='bbox 1966 3930 2156 3992; x_wconf 88' lang='lat' dir='ltr'><strong>stupor</strong></span> 
     </span>
    </p>
   </div>
   <div class='ocr_carea' id='block_1_59' title="bbox 584 4011 2149 4084">
    <p class='ocr_par' dir='ltr' id='par_1_59' title="bbox 584 4011 2149 4084">
     <span class='ocr_line' id='line_1_59' title="bbox 584 4011 2149 4084; baseline 0.001 -18"><span class='ocrx_word' id='word_1_413' title='bbox 584 4011 857 4066; x_wconf 86' lang='lat' dir='ltr'><strong>civitatem</strong></span> <span class='ocrx_word' id='word_1_414' title='bbox 905 4019 1071 4066; x_wconf 86' lang='lat' dir='ltr'><strong>totam</strong></span> <span class='ocrx_word' id='word_1_415' title='bbox 1117 4011 1334 4065; x_wconf 86' lang='lat' dir='ltr'><strong>invasit.</strong></span> <span class='ocrx_word' id='word_1_416' title='bbox 1385 4011 1652 4066; x_wconf 85' lang='lat' dir='ltr'><strong>Advolant</strong></span> <span class='ocrx_word' id='word_1_417' title='bbox 1685 4011 1851 4081; x_wconf 75' lang='lat' dir='ltr'><strong>igitur</strong></span> <span class='ocrx_word' id='word_1_418' title='bbox 1890 4012 2149 4084; x_wconf 86' lang='lat' dir='ltr'><strong>undique,</strong></span> 
     </span>
    </p>
   </div>
   <div class='ocr_carea' id='block_1_60' title="bbox 583 4100 2177 4172">
    <p class='ocr_par' dir='ltr' id='par_1_60' title="bbox 583 4100 2177 4172">
     <span class='ocr_line' id='line_1_60' title="bbox 583 4100 2177 4172; baseline 0.001 -16"><span class='ocrx_word' id='word_1_419' title='bbox 583 4116 707 4157; x_wconf 89' lang='lat' dir='ltr'><strong>cum</strong></span> <span class='ocrx_word' id='word_1_420' title='bbox 752 4101 880 4166; x_wconf 84' lang='lat' dir='ltr'><strong>viri,</strong></span> <span class='ocrx_word' id='word_1_421' title='bbox 931 4116 1040 4155; x_wconf 84' lang='lat' dir='ltr'><strong>tum</strong></span> <span class='ocrx_word' id='word_1_422' title='bbox 1106 4100 1393 4168; x_wconf 88' lang='lat' dir='ltr'><strong>mulieres;</strong></span> <span class='ocrx_word' id='word_1_423' title='bbox 1443 4101 1596 4172; x_wconf 87' lang='lat' dir='ltr'><strong>pueri</strong></span> <span class='ocrx_word' id='word_1_424' title='bbox 1647 4101 1812 4157; x_wconf 86' lang='lat' dir='ltr'><strong>etiam</strong></span> <span class='ocrx_word' id='word_1_425' title='bbox 1873 4101 2177 4171; x_wconf 85' lang='lat' dir='ltr'><strong>utriusque</strong></span> 
     </span>
    </p>
   </div>
   <div class='ocr_carea' id='block_1_61' title="bbox 584 4191 2151 4263">
    <p class='ocr_par' dir='ltr' id='par_1_61' title="bbox 584 4191 2151 4263">
     <span class='ocr_line' id='line_1_61' title="bbox 584 4191 2151 4263; baseline 0.001 -19"><span class='ocrx_word' id='word_1_426' title='bbox 584 4207 745 4247; x_wconf 83' lang='lat' dir='ltr'><strong>sexus</strong></span> <span class='ocrx_word' id='word_1_427' title='bbox 772 4201 826 4246; x_wconf 89' lang='lat' dir='ltr'><strong>et</strong></span> <span class='ocrx_word' id='word_1_428' title='bbox 854 4193 1050 4253; x_wconf 80' lang='lat' dir='ltr'><strong>aetatis,</strong></span> <span class='ocrx_word' id='word_1_429' title='bbox 1088 4192 1160 4246; x_wconf 89' lang='lat' dir='ltr'><strong>ita</strong></span> <span class='ocrx_word' id='word_1_430' title='bbox 1201 4199 1261 4245; x_wconf 91' lang='lat' dir='ltr'><strong>ut</strong></span> <span class='ocrx_word' id='word_1_431' title='bbox 1302 4207 1363 4248; x_wconf 90' lang='lat' dir='ltr'><strong>se</strong></span> <span class='ocrx_word' id='word_1_432' title='bbox 1419 4191 1676 4247; x_wconf 87' lang='lat' dir='ltr'><strong>tumultus</strong></span> <span class='ocrx_word' id='word_1_433' title='bbox 1721 4206 1818 4263; x_wconf 91' lang='lat' dir='ltr'><strong>per</strong></span> <span class='ocrx_word' id='word_1_434' title='bbox 1867 4193 2017 4247; x_wconf 87' lang='lat' dir='ltr'><strong>vicos</strong></span> <span class='ocrx_word' id='word_1_435' title='bbox 2045 4206 2151 4246; x_wconf 92' lang='lat' dir='ltr'><strong>non</strong></span> 
     </span>
    </p>
   </div>
   <div class='ocr_carea' id='block_1_62' title="bbox 585 4281 2149 4353">
    <p class='ocr_par' dir='ltr' id='par_1_62' title="bbox 585 4281 2149 4353">
     <span class='ocr_line' id='line_1_62' title="bbox 585 4281 2149 4353; baseline 0.003 -20"><span class='ocrx_word' id='word_1_436' title='bbox 585 4281 897 4344; x_wconf 62' lang='lat' dir='ltr'><strong>sustineret,</strong></span> <span class='ocrx_word' id='word_1_437' title='bbox 952 4281 1048 4336; x_wconf 82' lang='lat' dir='ltr'><strong>&#39;sed</strong></span> <span class='ocrx_word' id='word_1_438' title='bbox 1102 4282 1302 4352; x_wconf 89' lang='lat' dir='ltr'><strong>passim</strong></span> <span class='ocrx_word' id='word_1_439' title='bbox 1352 4281 1537 4338; x_wconf 87' lang='lat' dir='ltr'><strong>urbem</strong></span> <span class='ocrx_word' id='word_1_440' title='bbox 1586 4290 1751 4337; x_wconf 90' lang='lat' dir='ltr'><strong>totam</strong></span> <span class='ocrx_word' id='word_1_441' title='bbox 1794 4284 2149 4353; x_wconf 87' lang='lat' dir='ltr'><strong>pervaderet.</strong></span> 
     </span>
    </p>
   </div>
   <div class='ocr_carea' id='block_1_63' title="bbox 584 4370 2149 4445">
    <p class='ocr_par' dir='ltr' id='par_1_63' title="bbox 584 4370 2149 4445">
     <span class='ocr_line' id='line_1_63' title="bbox 584 4370 2149 4445; baseline 0.003 -21"><span class='ocrx_word' id='word_1_442' title='bbox 584 4370 789 4438; x_wconf 84' lang='lat' dir='ltr'><strong>Quibus</strong></span> <span class='ocrx_word' id='word_1_443' title='bbox 811 4373 1029 4427; x_wconf 89' lang='lat' dir='ltr'><strong>civitate</strong></span> <span class='ocrx_word' id='word_1_444' title='bbox 1058 4373 1293 4443; x_wconf 77' lang='lat' dir='ltr'><strong>egressis</strong></span> <span class='ocrx_word' id='word_1_445' title='bbox 1313 4388 1380 4427; x_wconf 81' lang='lat' dir='ltr'><strong>ex</strong></span> <span class='ocrx_word' id='word_1_446' title='bbox 1403 4374 1548 4444; x_wconf 78' lang='lat' dir='ltr'><strong>agris</strong></span> <span class='ocrx_word' id='word_1_447' title='bbox 1578 4381 1634 4429; x_wconf 91' lang='lat' dir='ltr'><strong>et</strong></span> <span class='ocrx_word' id='word_1_448' title='bbox 1658 4373 1965 4445; x_wconf 88' lang='lat' dir='ltr'><strong>mapalibus</strong></span> <span class='ocrx_word' id='word_1_449' title='bbox 2002 4384 2149 4443; x_wconf 81' lang='lat' dir='ltr'><strong>tugu-</strong></span> 
     </span>
    </p>
   </div>
   <div class='ocr_carea' id='block_1_64' title="bbox 583 4459 2153 4534">
    <p class='ocr_par' dir='ltr' id='par_1_64' title="bbox 583 4459 2153 4534">
     <span class='ocr_line' id='line_1_64' title="bbox 583 4459 2153 4534; baseline 0.002 -19"><span class='ocrx_word' id='word_1_450' title='bbox 583 4459 858 4529; x_wconf 87' lang='lat' dir='ltr'><strong>riolisque,</strong></span> <span class='ocrx_word' id='word_1_451' title='bbox 884 4461 1080 4530; x_wconf 90' lang='lat' dir='ltr'><strong>quibus</strong></span> <span class='ocrx_word' id='word_1_452' title='bbox 1103 4476 1231 4531; x_wconf 79' lang='lat' dir='ltr'><strong>ager</strong></span> <span class='ocrx_word' id='word_1_453' title='bbox 1270 4460 1358 4516; x_wconf 88' lang='lat' dir='ltr'><strong>ille</strong></span> <span class='ocrx_word' id='word_1_454' title='bbox 1397 4462 1524 4516; x_wconf 90' lang='lat' dir='ltr'><strong>olim</strong></span> <span class='ocrx_word' id='word_1_455' title='bbox 1558 4462 1793 4518; x_wconf 88' lang='lat' dir='ltr'><strong>refertus</strong></span> <span class='ocrx_word' id='word_1_456' title='bbox 1835 4476 1958 4518; x_wconf 88' lang='lat' dir='ltr'><strong>esse</strong></span> <span class='ocrx_word' id='word_1_457' title='bbox 1990 4461 2153 4534; x_wconf 85' lang='lat' dir='ltr'><strong>[sole-</strong></span> 
     </span>
    </p>
   </div>
   <div class='ocr_carea' id='block_1_65' title="bbox 581 4547 2151 4621">
    <p class='ocr_par' dir='ltr' id='par_1_65' title="bbox 581 4547 2151 4621">
     <span class='ocr_line' id='line_1_65' title="bbox 581 4547 2151 4621; baseline -0.001 -16"><span class='ocrx_word' id='word_1_458' title='bbox 581 4547 723 4621; x_wconf 80' lang='lat' dir='ltr'><strong>bat],</strong></span> <span class='ocrx_word' id='word_1_459' title='bbox 776 4549 990 4603; x_wconf 88' lang='lat' dir='ltr'><strong>obviam</strong></span> <span class='ocrx_word' id='word_1_460' title='bbox 1039 4550 1257 4605; x_wconf 90' lang='lat' dir='ltr'><strong>veniunt</strong></span> <span class='ocrx_word' id='word_1_461' title='bbox 1299 4550 1545 4606; x_wconf 58' lang='lat' dir='ltr'><strong>ruricola}</strong></span> <span class='ocrx_word' id='word_1_462' title='bbox 1572 4551 1896 4620; x_wconf 87' lang='lat' dir='ltr'><strong>bubulcique</strong></span> <span class='ocrx_word' id='word_1_463' title='bbox 1941 4566 2151 4614; x_wconf 90' lang='lat' dir='ltr'><strong>omnes,</strong></span> 
     </span>
    </p>
   </div>
   <div class='ocr_carea' id='block_1_66' title="bbox 586 4639 2152 4710">
    <p class='ocr_par' dir='ltr' id='par_1_66' title="bbox 586 4639 2152 4710">
     <span class='ocr_line' id='line_1_66' title="bbox 586 4639 2152 4710; baseline -0.002 -16"><span class='ocrx_word' id='word_1_464' title='bbox 586 4651 699 4694; x_wconf 84' lang='lat' dir='ltr'><strong>rem</strong></span> <span class='ocrx_word' id='word_1_465' title='bbox 750 4639 1023 4694; x_wconf 89' lang='lat' dir='ltr'><strong>insolitam</strong></span> <span class='ocrx_word' id='word_1_466' title='bbox 1076 4640 1401 4695; x_wconf 89' lang='lat' dir='ltr'><strong>admirantes</strong></span> <span class='ocrx_word' id='word_1_467' title='bbox 1434 4659 1446 4694; x_wconf 92' lang='lat'><strong>:</strong></span> <span class='ocrx_word' id='word_1_468' title='bbox 1485 4641 1624 4696; x_wconf 86' lang='lat' dir='ltr'><strong>idem</strong></span> <span class='ocrx_word' id='word_1_469' title='bbox 1659 4641 1795 4704; x_wconf 88' lang='lat' dir='ltr'><strong>fieri,</strong></span> <span class='ocrx_word' id='word_1_470' title='bbox 1835 4657 1943 4710; x_wconf 90' lang='lat' dir='ltr'><strong>quo</strong></span> <span class='ocrx_word' id='word_1_471' title='bbox 1982 4642 2152 4705; x_wconf 82' lang='lat' dir='ltr'><strong>ibant,</strong></span> 
     </span>
    </p>
   </div>
   <div class='ocr_carea' id='block_1_67' title="bbox 587 4729 2153 4802">
    <p class='ocr_par' dir='ltr' id='par_1_67' title="bbox 587 4729 2153 4802">
     <span class='ocr_line' id='line_1_67' title="bbox 587 4729 2153 4802; baseline 0.001 -19"><span class='ocrx_word' id='word_1_472' title='bbox 587 4731 762 4799; x_wconf 88' lang='lat' dir='ltr'><strong>quoad</strong></span> <span class='ocrx_word' id='word_1_473' title='bbox 793 4729 893 4785; x_wconf 87' lang='lat' dir='ltr'><strong>hoc</strong></span> <span class='ocrx_word' id='word_1_474' title='bbox 925 4731 982 4785; x_wconf 84' lang='lat' dir='ltr'><strong>S.</strong></span> <span class='ocrx_word' id='word_1_475' title='bbox 1024 4729 1203 4786; x_wconf 68' lang='lat' dir='ltr'><strong>Mariae</strong></span> <span class='ocrx_word' id='word_1_476' title='bbox 1242 4734 1628 4787; x_wconf 87' lang='lat' dir='ltr'><strong>monasterium</strong></span> <span class='ocrx_word' id='word_1_477' title='bbox 1668 4734 1889 4802; x_wconf 86' lang='lat' dir='ltr'><strong>petiere.</strong></span> <span class='ocrx_word' id='word_1_478' title='bbox 1921 4731 2045 4785; x_wconf 71' lang='lat' dir='ltr'><strong>lltec</strong></span> <span class='ocrx_word' id='word_1_479' title='bbox 2085 4733 2153 4785; x_wconf 89' lang='lat' dir='ltr'><strong>ab</strong></span> 
     </span>
    </p>
   </div>
   <div class='ocr_carea' id='block_1_68' title="bbox 590 4820 2149 4892">
    <p class='ocr_par' dir='ltr' id='par_1_68' title="bbox 590 4820 2149 4892">
     <span class='ocr_line' id='line_1_68' title="bbox 590 4820 2149 4892; baseline 0 -18"><span class='ocrx_word' id='word_1_480' title='bbox 590 4820 695 4885; x_wconf 87' lang='lat' dir='ltr'><strong>his,</strong></span> <span class='ocrx_word' id='word_1_481' title='bbox 728 4823 817 4892; x_wconf 85' lang='lat' dir='ltr'><strong>qui</strong></span> <span class='ocrx_word' id='word_1_482' title='bbox 862 4822 963 4875; x_wconf 89' lang='lat' dir='ltr'><strong>iter</strong></span> <span class='ocrx_word' id='word_1_483' title='bbox 1009 4838 1111 4877; x_wconf 84' lang='lat' dir='ltr'><strong>una</strong></span> <span class='ocrx_word' id='word_1_484' title='bbox 1162 4822 1426 4887; x_wconf 88' lang='lat' dir='ltr'><strong>fecerunt,</strong></span> <span class='ocrx_word' id='word_1_485' title='bbox 1460 4824 1740 4878; x_wconf 87' lang='lat' dir='ltr'><strong>monachis</strong></span> <span class='ocrx_word' id='word_1_486' title='bbox 1789 4823 1958 4875; x_wconf 82' lang='lat' dir='ltr'><strong>relata</strong></span> <span class='ocrx_word' id='word_1_487' title='bbox 2005 4831 2149 4876; x_wconf 85' lang='lat' dir='ltr'><strong>sunt.</strong></span> 
     </span>
    </p>
   </div>
   <div class='ocr_carea' id='block_1_69' title="bbox 573 4908 2155 4984">
    <p class='ocr_par' dir='ltr' id='par_1_69' title="bbox 573 4908 2155 4984">
     <span class='ocr_line' id='line_1_69' title="bbox 573 4908 2155 4984; baseline -0.001 -17"><span class='ocrx_word' id='word_1_488' title='bbox 573 4908 868 4967; x_wconf 18' lang='lat' dir='ltr'><strong>’Addcbant</strong></span> <span class='ocrx_word' id='word_1_489' title='bbox 896 4914 1116 4983; x_wconf 89' lang='lat' dir='ltr'><strong>insuper</strong></span> <span class='ocrx_word' id='word_1_490' title='bbox 1143 4932 1156 4944; x_wconf 89' lang='grc'><strong>·</strong></span> <span class='ocrx_word' id='word_1_491' title='bbox 1190 4913 1522 4984; x_wconf 85' lang='lat' dir='ltr'><strong>Quaeuuqne</strong></span> <span class='ocrx_word' id='word_1_492' title='bbox 1564 4916 1665 4968; x_wconf 90' lang='lat' dir='ltr'><strong>iter</strong></span> <span class='ocrx_word' id='word_1_493' title='bbox 1692 4914 2018 4984; x_wconf 77' lang='lat' dir='ltr'><strong>dirigeretur</strong></span> <span class='ocrx_word' id='word_1_494' title='bbox 2057 4929 2155 4966; x_wconf 91' lang='lat' dir='ltr'><strong>no-</strong></span> 
     </span>
    </p>
   </div>
   <div class='ocr_carea' id='block_1_70' title="bbox 2247 1818 3830 1903">
    <p class='ocr_par' dir='ltr' id='par_1_70' title="bbox 2247 1818 3830 1903">
     <span class='ocr_line' id='line_1_70' title="bbox 2247 1818 3830 1903; baseline 0 -16"><span class='ocrx_word' id='word_1_495' title='bbox 2247 1833 2538 1899; x_wconf 81' lang='lat' dir='ltr'><strong>versutias,</strong></span> <span class='ocrx_word' id='word_1_496' title='bbox 2566 1834 2761 1903; x_wconf 88' lang='lat' dir='ltr'><strong>quibus</strong></span> <span class='ocrx_word' id='word_1_497' title='bbox 2792 1832 2843 1885; x_wconf 92' lang='lat' dir='ltr'><strong>in</strong></span> <span class='ocrx_word' id='word_1_498' title='bbox 2871 1818 3029 1885; x_wconf 82' lang='lat' dir='ltr'><strong>rebus</strong></span> <span class='ocrx_word' id='word_1_499' title='bbox 3052 1844 3243 1902; x_wconf 89' lang='lat' dir='ltr'><strong>parum</strong></span> <span class='ocrx_word' id='word_1_500' title='bbox 3273 1831 3419 1886; x_wconf 87' lang='lat' dir='ltr'><strong>cauti</strong></span> <span class='ocrx_word' id='word_1_501' title='bbox 3450 1831 3830 1902; x_wconf 85' lang='lat' dir='ltr'><strong>illaqueantur</strong></span> 
     </span>
    </p>
   </div>
   <div class='ocr_carea' id='block_1_71' title="bbox 2241 1918 2895 1993">
    <p class='ocr_par' dir='ltr' id='par_1_71' title="bbox 2241 1918 2895 1993">
     <span class='ocr_line' id='line_1_71' title="bbox 2241 1918 2895 1993; baseline -0.008 -15"><span class='ocrx_word' id='word_1_502' title='bbox 2241 1924 2532 1988; x_wconf 79' lang='lat' dir='ltr'><strong>mortales,</strong></span> <span class='ocrx_word' id='word_1_503' title='bbox 2549 1935 2667 1978; x_wconf 88' lang='lat' dir='ltr'><strong>esse</strong></span> <span class='ocrx_word' id='word_1_504' title='bbox 2704 1918 2895 1993; x_wconf 87' lang='lat' dir='ltr'><strong>patuit.</strong></span> 
     </span>
    </p>
   </div>
   <div class='ocr_carea' id='block_1_72' title="bbox 2312 2012 3829 2086">
    <p class='ocr_par' dir='ltr' id='par_1_72' title="bbox 2312 2012 3829 2086">
     <span class='ocr_line' id='line_1_72' title="bbox 2312 2012 3829 2086; baseline -0.001 -18"><span class='ocrx_word' id='word_1_505' title='bbox 2312 2015 2399 2068; x_wconf 87' lang='grc'>77.</span> <span class='ocrx_word' id='word_1_506' title='bbox 2464 2014 2599 2069; x_wconf 79' lang='lat' dir='ltr'><strong>Cum</strong></span> <span class='ocrx_word' id='word_1_507' title='bbox 2624 2015 2832 2069; x_wconf 79' lang='lat' dir='ltr'><strong>daemon</strong></span> <span class='ocrx_word' id='word_1_508' title='bbox 2895 2012 3148 2067; x_wconf 86' lang='lat' dir='ltr'><strong>virtutem</strong></span> <span class='ocrx_word' id='word_1_509' title='bbox 3194 2013 3642 2086; x_wconf 86' lang='lat' dir='ltr'><strong>sanctitatemque</strong></span> <span class='ocrx_word' id='word_1_510' title='bbox 3694 2013 3829 2068; x_wconf 84' lang='lat' dir='ltr'><strong>bea-</strong></span> 
     </span>
    </p>
   </div>
   <div class='ocr_carea' id='block_1_73' title="bbox 2243 2104 3827 2186">
    <p class='ocr_par' dir='ltr' id='par_1_73' title="bbox 2243 2104 3827 2186">
     <span class='ocr_line' id='line_1_73' title="bbox 2243 2104 3827 2186; baseline -0.001 -24"><span class='ocrx_word' id='word_1_511' title='bbox 2243 2107 2436 2163; x_wconf 87' lang='lat' dir='ltr'><strong>tissimi</strong></span> <span class='ocrx_word' id='word_1_512' title='bbox 2483 2104 2706 2186; x_wconf 82' lang='lat' dir='ltr'><strong>_Joannis</strong></span> <span class='ocrx_word' id='word_1_513' title='bbox 2752 2120 2858 2160; x_wconf 92' lang='lat' dir='ltr'><strong>non</strong></span> <span class='ocrx_word' id='word_1_514' title='bbox 2892 2104 3070 2162; x_wconf 91' lang='lat' dir='ltr'><strong>ferens</strong></span> <span class='ocrx_word' id='word_1_515' title='bbox 3098 2106 3429 2162; x_wconf 78' lang='lat' dir='ltr'><strong>exclamaret</strong></span> <span class='ocrx_word' id='word_1_516' title='bbox 3464 2104 3548 2161; x_wconf 91' lang='lat' dir='ltr'><strong>:O</strong></span> <span class='ocrx_word' id='word_1_517' title='bbox 3601 2121 3827 2170; x_wconf 88' lang='lat' dir='ltr'><strong>cruces,</strong></span> 
     </span>
    </p>
   </div>
   <div class='ocr_carea' id='block_1_74' title="bbox 2239 2183 3828 2262">
    <p class='ocr_par' dir='ltr' id='par_1_74' title="bbox 2239 2183 3828 2262">
     <span class='ocr_line' id='line_1_74' title="bbox 2239 2183 3828 2262; baseline -0.003 -8"><span class='ocrx_word' id='word_1_518' title='bbox 2239 2213 2274 2254; x_wconf 90' lang='grc' dir='ltr'><strong>ο</strong></span> <span class='ocrx_word' id='word_1_519' title='bbox 2303 2183 2592 2262; x_wconf 85' lang='lat' dir='ltr'><strong>tormenta,</strong></span> <span class='ocrx_word' id='word_1_520' title='bbox 2632 2210 2718 2251; x_wconf 91' lang='lat' dir='ltr'><strong>me</strong></span> <span class='ocrx_word' id='word_1_521' title='bbox 2750 2197 3028 2259; x_wconf 89' lang='lat' dir='ltr'><strong>miserum,</strong></span> <span class='ocrx_word' id='word_1_522' title='bbox 3073 2196 3194 2257; x_wconf 90' lang='lat' dir='ltr'><strong>bcu,</strong></span> <span class='ocrx_word' id='word_1_523' title='bbox 3227 2183 3351 2260; x_wconf 89' lang='lat' dir='ltr'><strong>heu,</strong></span> <span class='ocrx_word' id='word_1_524' title='bbox 3402 2198 3665 2251; x_wconf 89' lang='lat' dir='ltr'><strong>atrociter</strong></span> <span class='ocrx_word' id='word_1_525' title='bbox 3706 2206 3828 2250; x_wconf 89' lang='lat' dir='ltr'><strong>tor-</strong></span> 
     </span>
    </p>
   </div>
   <div class='ocr_carea' id='block_1_75' title="bbox 2241 2285 3829 2358">
    <p class='ocr_par' dir='ltr' id='par_1_75' title="bbox 2241 2285 3829 2358">
     <span class='ocr_line' id='line_1_75' title="bbox 2241 2285 3829 2358; baseline -0.001 -18"><span class='ocrx_word' id='word_1_526' title='bbox 2241 2287 2443 2358; x_wconf 86' lang='lat' dir='ltr'><strong>queor!</strong></span> <span class='ocrx_word' id='word_1_527' title='bbox 2474 2285 2685 2350; x_wconf 84' lang='lat' dir='ltr'><strong>Desine,</strong></span> <span class='ocrx_word' id='word_1_528' title='bbox 2718 2301 2751 2339; x_wconf 89' lang='grc' dir='ltr'>ο</span> <span class='ocrx_word' id='word_1_529' title='bbox 2776 2285 3050 2350; x_wconf 89' lang='lat' dir='ltr'><strong>sacerdos,</strong></span> <span class='ocrx_word' id='word_1_530' title='bbox 3090 2285 3296 2352; x_wconf 74' lang='lat' dir='ltr'><strong>desine,</strong></span> <span class='ocrx_word' id='word_1_531' title='bbox 3329 2286 3373 2341; x_wconf 93' lang='lat' dir='ltr'><strong>si</strong></span> <span class='ocrx_word' id='word_1_532' title='bbox 3411 2301 3517 2356; x_wconf 89' lang='lat' dir='ltr'><strong>qua</strong></span> <span class='ocrx_word' id='word_1_533' title='bbox 3547 2287 3599 2341; x_wconf 91' lang='lat' dir='ltr'><strong>in</strong></span> <span class='ocrx_word' id='word_1_534' title='bbox 3642 2294 3695 2342; x_wconf 93' lang='lat' dir='ltr'><strong>te</strong></span> <span class='ocrx_word' id='word_1_535' title='bbox 3738 2294 3829 2341; x_wconf 86' lang='lat' dir='ltr'><strong>est</strong></span> 
     </span>
    </p>
   </div>
   <div class='ocr_carea' id='block_1_76' title="bbox 2242 2378 3830 2450">
    <p class='ocr_par' dir='ltr' id='par_1_76' title="bbox 2242 2378 3830 2450">
     <span class='ocr_line' id='line_1_76' title="bbox 2242 2378 3830 2450; baseline 0 -16"><span class='ocrx_word' id='word_1_536' title='bbox 2242 2380 2446 2450; x_wconf 88' lang='lat' dir='ltr'><strong>pietas!</strong></span> <span class='ocrx_word' id='word_1_537' title='bbox 2480 2378 2685 2434; x_wconf 85' lang='lat' dir='ltr'><strong>Instare</strong></span> <span class='ocrx_word' id='word_1_538' title='bbox 2727 2385 2928 2442; x_wconf 91' lang='lat' dir='ltr'><strong>tamen,</strong></span> <span class='ocrx_word' id='word_1_539' title='bbox 2974 2378 3247 2442; x_wconf 88' lang='lat' dir='ltr'><strong>sacerdos,</strong></span> <span class='ocrx_word' id='word_1_540' title='bbox 3299 2394 3397 2434; x_wconf 91' lang='lat' dir='ltr'><strong>nec</strong></span> <span class='ocrx_word' id='word_1_541' title='bbox 3437 2394 3466 2432; x_wconf 90' lang='lat' dir='ltr'><strong>a</strong></span> <span class='ocrx_word' id='word_1_542' title='bbox 3517 2380 3608 2449; x_wconf 91' lang='lat' dir='ltr'><strong>pio</strong></span> <span class='ocrx_word' id='word_1_543' title='bbox 3655 2392 3830 2449; x_wconf 81' lang='lat' dir='ltr'><strong>opere</strong></span> 
     </span>
    </p>
   </div>
   <div class='ocr_carea' id='block_1_77' title="bbox 2241 2468 3829 2539">
    <p class='ocr_par' dir='ltr' id='par_1_77' title="bbox 2241 2468 3829 2539">
     <span class='ocr_line' id='line_1_77' title="bbox 2241 2468 3829 2539; baseline -0.001 -13"><span class='ocrx_word' id='word_1_544' title='bbox 2241 2485 2476 2527; x_wconf 88' lang='lat' dir='ltr'><strong>cessare.</strong></span> <span class='ocrx_word' id='word_1_545' title='bbox 2519 2468 2835 2524; x_wconf 86' lang='lat' dir='ltr'><strong>Commotus</strong></span> <span class='ocrx_word' id='word_1_546' title='bbox 2866 2469 3190 2539; x_wconf 90' lang='lat' dir='ltr'><strong>quandoque</strong></span> <span class='ocrx_word' id='word_1_547' title='bbox 3238 2480 3399 2524; x_wconf 88' lang='lat' dir='ltr'><strong>cruce</strong></span> <span class='ocrx_word' id='word_1_548' title='bbox 3432 2485 3669 2535; x_wconf 80' lang='lat' dir='ltr'><strong>vexare,</strong></span> <span class='ocrx_word' id='word_1_549' title='bbox 3701 2487 3829 2525; x_wconf 87' lang='lat' dir='ltr'><strong>ver-</strong></span> 
     </span>
    </p>
   </div>
   <div class='ocr_carea' id='block_1_78' title="bbox 2243 2559 3829 2630">
    <p class='ocr_par' dir='ltr' id='par_1_78' title="bbox 2243 2559 3829 2630">
     <span class='ocr_line' id='line_1_78' title="bbox 2243 2559 3829 2630; baseline -0.002 -13"><span class='ocrx_word' id='word_1_550' title='bbox 2243 2562 2433 2630; x_wconf 88' lang='lat' dir='ltr'><strong>hisque</strong></span> <span class='ocrx_word' id='word_1_551' title='bbox 2482 2559 2784 2615; x_wconf 85' lang='lat' dir='ltr'><strong>minacibus</strong></span> <span class='ocrx_word' id='word_1_552' title='bbox 2827 2560 3120 2614; x_wconf 70' lang='lat' dir='ltr'><strong>daemonem</strong></span> <span class='ocrx_word' id='word_1_553' title='bbox 3153 2560 3231 2614; x_wconf 84' lang='lat' dir='ltr'><strong>sic</strong></span> <span class='ocrx_word' id='word_1_554' title='bbox 3274 2573 3572 2629; x_wconf 87' lang='lat' dir='ltr'><strong>provocare</strong></span> <span class='ocrx_word' id='word_1_555' title='bbox 3616 2578 3629 2613; x_wconf 93' lang='lat'><strong>:</strong></span> <span class='ocrx_word' id='word_1_556' title='bbox 3685 2561 3829 2615; x_wconf 84' lang='lat' dir='ltr'><strong>Istae</strong></span> 
     </span>
    </p>
   </div>
   <div class='ocr_carea' id='block_1_79' title="bbox 2244 2649 3827 2722">
    <p class='ocr_par' dir='ltr' id='par_1_79' title="bbox 2244 2649 3827 2722">
     <span class='ocr_line' id='line_1_79' title="bbox 2244 2649 3827 2722; baseline -0.001 -15"><span class='ocrx_word' id='word_1_557' title='bbox 2244 2651 2402 2719; x_wconf 87' lang='lat' dir='ltr'><strong>faeie,</strong></span> <span class='ocrx_word' id='word_1_558' title='bbox 2429 2651 2546 2706; x_wconf 85' lang='lat' dir='ltr'><strong>istis</strong></span> <span class='ocrx_word' id='word_1_559' title='bbox 2575 2649 2730 2714; x_wconf 90' lang='lat' dir='ltr'><strong>dolis,</strong></span> <span class='ocrx_word' id='word_1_560' title='bbox 2753 2665 2789 2705; x_wconf 81' lang='grc' dir='ltr'>ι)</span> <span class='ocrx_word' id='word_1_561' title='bbox 2816 2651 3068 2720; x_wconf 86' lang='lat' dir='ltr'><strong>pessime,</strong></span> <span class='ocrx_word' id='word_1_562' title='bbox 3104 2652 3330 2706; x_wconf 85' lang='lat' dir='ltr'><strong>miseros</strong></span> <span class='ocrx_word' id='word_1_563' title='bbox 3373 2666 3658 2722; x_wconf 66' lang='lat' dir='ltr'><strong>caecosque</strong></span> <span class='ocrx_word' id='word_1_564' title='bbox 3682 2652 3827 2706; x_wconf 85' lang='lat' dir='ltr'><strong>ludi-</strong></span> 
     </span>
    </p>
   </div>
   <div class='ocr_carea' id='block_1_80' title="bbox 2244 2739 3827 2810">
    <p class='ocr_par' dir='ltr' id='par_1_80' title="bbox 2244 2739 3827 2810">
     <span class='ocr_line' id='line_1_80' title="bbox 2244 2739 3827 2810; baseline -0.001 -13"><span class='ocrx_word' id='word_1_565' title='bbox 2244 2742 2375 2798; x_wconf 87' lang='lat' dir='ltr'><strong>ficas</strong></span> <span class='ocrx_word' id='word_1_566' title='bbox 2403 2739 2699 2797; x_wconf 81' lang='lat' dir='ltr'><strong>mortales?</strong></span> <span class='ocrx_word' id='word_1_567' title='bbox 2725 2740 2848 2806; x_wconf 81' lang='lat' dir='ltr'><strong>Abi,</strong></span> <span class='ocrx_word' id='word_1_568' title='bbox 2879 2754 2986 2809; x_wconf 87' lang='lat' dir='ltr'><strong>quo</strong></span> <span class='ocrx_word' id='word_1_569' title='bbox 3014 2741 3209 2810; x_wconf 82' lang='lat' dir='ltr'><strong>dignus</strong></span> <span class='ocrx_word' id='word_1_570' title='bbox 3242 2757 3326 2806; x_wconf 89' lang='lat' dir='ltr'><strong>es,</strong></span> <span class='ocrx_word' id='word_1_571' title='bbox 3379 2756 3485 2795; x_wconf 92' lang='lat' dir='ltr'><strong>non</strong></span> <span class='ocrx_word' id='word_1_572' title='bbox 3527 2743 3827 2796; x_wconf 71' lang='lat' dir='ltr'><strong>rediturus.</strong></span> 
     </span>
    </p>
   </div>
   <div class='ocr_carea' id='block_1_81' title="bbox 2242 2830 3829 2904">
    <p class='ocr_par' dir='ltr' id='par_1_81' title="bbox 2242 2830 3829 2904">
     <span class='ocr_line' id='line_1_81' title="bbox 2242 2830 3829 2904; baseline -0.002 -16"><span class='ocrx_word' id='word_1_573' title='bbox 2242 2833 2420 2888; x_wconf 79' lang='lat' dir='ltr'><strong>Aliam</strong></span> <span class='ocrx_word' id='word_1_574' title='bbox 2473 2841 2525 2889; x_wconf 89' lang='lat' dir='ltr'><strong>te</strong></span> <span class='ocrx_word' id='word_1_575' title='bbox 2570 2840 2810 2904; x_wconf 89' lang='lat' dir='ltr'><strong>oportet,</strong></span> <span class='ocrx_word' id='word_1_576' title='bbox 2842 2846 2876 2887; x_wconf 91' lang='grc' dir='ltr'>ο</span> <span class='ocrx_word' id='word_1_577' title='bbox 2924 2830 3155 2898; x_wconf 60' lang='lat' dir='ltr'><strong>damon,</strong></span> <span class='ocrx_word' id='word_1_578' title='bbox 3210 2831 3425 2903; x_wconf 75' lang='lat' dir='ltr'><strong>aggredi</strong></span> <span class='ocrx_word' id='word_1_579' title='bbox 3484 2832 3660 2897; x_wconf 89' lang='lat' dir='ltr'><strong>viam,</strong></span> <span class='ocrx_word' id='word_1_580' title='bbox 3720 2831 3829 2887; x_wconf 86' lang='lat' dir='ltr'><strong>etsi</strong></span> 
     </span>
    </p>
   </div>
   <div class='ocr_carea' id='block_1_82' title="bbox 2246 2923 3826 2997">
    <p class='ocr_par' dir='ltr' id='par_1_82' title="bbox 2246 2923 3826 2997">
     <span class='ocr_line' id='line_1_82' title="bbox 2246 2923 3826 2997; baseline -0.003 -16"><span class='ocrx_word' id='word_1_581' title='bbox 2246 2926 2392 2982; x_wconf 76' lang='lat' dir='ltr'><strong>nulla</strong></span> <span class='ocrx_word' id='word_1_582' title='bbox 2438 2924 2531 2992; x_wconf 88' lang='lat' dir='ltr'><strong>sit,</strong></span> <span class='ocrx_word' id='word_1_583' title='bbox 2565 2939 2671 2997; x_wconf 88' lang='lat' dir='ltr'><strong>qua</strong></span> <span class='ocrx_word' id='word_1_584' title='bbox 2721 2940 2826 2980; x_wconf 91' lang='lat' dir='ltr'><strong>non</strong></span> <span class='ocrx_word' id='word_1_585' title='bbox 2874 2924 2983 2979; x_wconf 88' lang='lat' dir='ltr'><strong>tuis</strong></span> <span class='ocrx_word' id='word_1_586' title='bbox 3032 2923 3257 2979; x_wconf 78' lang='lat' dir='ltr'><strong>fallaciis</strong></span> <span class='ocrx_word' id='word_1_587' title='bbox 3290 2924 3631 2980; x_wconf 87' lang='lat' dir='ltr'><strong>circumieris</strong></span> <span class='ocrx_word' id='word_1_588' title='bbox 3669 2924 3826 2980; x_wconf 81' lang='lat' dir='ltr'><strong>false.</strong></span> 
     </span>
    </p>
   </div>
   <div class='ocr_carea' id='block_1_83' title="bbox 2249 3011 3824 3083">
    <p class='ocr_par' dir='ltr' id='par_1_83' title="bbox 2249 3011 3824 3083">
     <span class='ocr_line' id='line_1_83' title="bbox 2249 3011 3824 3083; baseline -0.003 -14"><span class='ocrx_word' id='word_1_589' title='bbox 2249 3015 2414 3071; x_wconf 83' lang='lat' dir='ltr'><strong>Tacet</strong></span> <span class='ocrx_word' id='word_1_590' title='bbox 2442 3016 2676 3080; x_wconf 64' lang='lat' dir='ltr'><strong>damon,</strong></span> <span class='ocrx_word' id='word_1_591' title='bbox 2723 3014 2828 3078; x_wconf 88' lang='lat' dir='ltr'><strong>ira,</strong></span> <span class='ocrx_word' id='word_1_592' title='bbox 2861 3027 2967 3067; x_wconf 88' lang='lat' dir='ltr'><strong>non</strong></span> <span class='ocrx_word' id='word_1_593' title='bbox 2996 3013 3198 3083; x_wconf 90' lang='lat' dir='ltr'><strong>pudore</strong></span> <span class='ocrx_word' id='word_1_594' title='bbox 3240 3013 3450 3068; x_wconf 84' lang='lat' dir='ltr'><strong>ductus.</strong></span> <span class='ocrx_word' id='word_1_595' title='bbox 3489 3011 3589 3067; x_wconf 89' lang='lat' dir='ltr'><strong>llic</strong></span> <span class='ocrx_word' id='word_1_596' title='bbox 3614 3022 3824 3077; x_wconf 86' lang='lat' dir='ltr'><strong>tamen,</strong></span> 
     </span>
    </p>
   </div>
   <div class='ocr_carea' id='block_1_84' title="bbox 2250 3101 3822 3169">
    <p class='ocr_par' dir='ltr' id='par_1_84' title="bbox 2250 3101 3822 3169">
     <span class='ocr_line' id='line_1_84' title="bbox 2250 3101 3822 3169; baseline -0.004 -7"><span class='ocrx_word' id='word_1_597' title='bbox 2250 3116 2309 3162; x_wconf 91' lang='lat' dir='ltr'><strong>ut</strong></span> <span class='ocrx_word' id='word_1_598' title='bbox 2335 3107 2441 3161; x_wconf 91' lang='lat' dir='ltr'><strong>alio</strong></span> <span class='ocrx_word' id='word_1_599' title='bbox 2466 3119 2679 3162; x_wconf 89' lang='lat' dir='ltr'><strong>versum</strong></span> <span class='ocrx_word' id='word_1_600' title='bbox 2717 3104 2921 3169; x_wconf 89' lang='lat' dir='ltr'><strong>tendat,</strong></span> <span class='ocrx_word' id='word_1_601' title='bbox 2951 3103 3191 3169; x_wconf 88' lang='lat' dir='ltr'><strong>instare;</strong></span> <span class='ocrx_word' id='word_1_602' title='bbox 3226 3102 3409 3167; x_wconf 88' lang='lat' dir='ltr'><strong>minis,</strong></span> <span class='ocrx_word' id='word_1_603' title='bbox 3451 3101 3822 3165; x_wconf 84' lang='lat' dir='ltr'><strong>orationibus,</strong></span> 
     </span>
    </p>
   </div>
   <div class='ocr_carea' id='block_1_85' title="bbox 2250 3190 3831 3267">
    <p class='ocr_par' dir='ltr' id='par_1_85' title="bbox 2250 3190 3831 3267">
     <span class='ocr_line' id='line_1_85' title="bbox 2250 3190 3831 3267; baseline -0.003 -15"><span class='ocrx_word' id='word_1_604' title='bbox 2250 3196 2817 3267; x_wconf 86' lang='lat' dir='ltr'><strong>conjurationibusque</strong></span> <span class='ocrx_word' id='word_1_605' title='bbox 2849 3194 3032 3249; x_wconf 79' lang='lat' dir='ltr'><strong>mixtis</strong></span> <span class='ocrx_word' id='word_1_606' title='bbox 3059 3207 3172 3247; x_wconf 89' lang='lat' dir='ltr'><strong>rem</strong></span> <span class='ocrx_word' id='word_1_607' title='bbox 3213 3190 3552 3247; x_wconf 87' lang='lat' dir='ltr'><strong>accelerare:</strong></span> <span class='ocrx_word' id='word_1_608' title='bbox 3590 3193 3679 3246; x_wconf 85' lang='lat' dir='ltr'><strong>cui</strong></span> <span class='ocrx_word' id='word_1_609' title='bbox 3720 3191 3831 3247; x_wconf 63' lang='lat' dir='ltr'><strong>daa-</strong></span> 
     </span>
    </p>
   </div>
   <div class='ocr_carea' id='block_1_86' title="bbox 2253 3283 3831 3353">
    <p class='ocr_par' dir='ltr' id='par_1_86' title="bbox 2253 3283 3831 3353">
     <span class='ocr_line' id='line_1_86' title="bbox 2253 3283 3831 3353; baseline -0.003 -8"><span class='ocrx_word' id='word_1_610' title='bbox 2253 3306 2375 3345; x_wconf 88' lang='lat' dir='ltr'><strong>mon</strong></span> <span class='ocrx_word' id='word_1_611' title='bbox 2408 3289 2565 3344; x_wconf 87' lang='lat' dir='ltr'><strong>baud&#39;</strong></span> <span class='ocrx_word' id='word_1_612' title='bbox 2585 3286 2871 3353; x_wconf 89' lang='lat' dir='ltr'><strong>assentire,</strong></span> <span class='ocrx_word' id='word_1_613' title='bbox 2895 3287 2988 3342; x_wconf 89' lang='lat' dir='ltr'><strong>sed</strong></span> <span class='ocrx_word' id='word_1_614' title='bbox 3021 3287 3147 3342; x_wconf 87' lang='lat' dir='ltr'><strong>totis</strong></span> <span class='ocrx_word' id='word_1_615' title='bbox 3185 3283 3388 3340; x_wconf 88' lang='lat' dir='ltr'><strong>viribus</strong></span> <span class='ocrx_word' id='word_1_616' title='bbox 3422 3284 3684 3341; x_wconf 87' lang='lat' dir='ltr'><strong>resistere</strong></span> <span class='ocrx_word' id='word_1_617' title='bbox 3716 3302 3730 3352; x_wconf 88' lang='lat'><strong>;</strong></span> <span class='ocrx_word' id='word_1_618' title='bbox 3765 3300 3831 3340; x_wconf 88' lang='lat' dir='ltr'><strong>ac</strong></span> 
     </span>
    </p>
   </div>
   <div class='ocr_carea' id='block_1_87' title="bbox 2251 3377 3830 3451">
    <p class='ocr_par' dir='ltr' id='par_1_87' title="bbox 2251 3377 3830 3451">
     <span class='ocr_line' id='line_1_87' title="bbox 2251 3377 3830 3451; baseline 0.001 -17"><span class='ocrx_word' id='word_1_619' title='bbox 2251 3379 2467 3435; x_wconf 89' lang='lat' dir='ltr'><strong>demum</strong></span> <span class='ocrx_word' id='word_1_620' title='bbox 2504 3379 2706 3451; x_wconf 83' lang='lat' dir='ltr'><strong>ingenti</strong></span> <span class='ocrx_word' id='word_1_621' title='bbox 2732 3393 2883 3445; x_wconf 91' lang='lat' dir='ltr'><strong>voce,</strong></span> <span class='ocrx_word' id='word_1_622' title='bbox 2903 3394 3025 3434; x_wconf 91' lang='lat' dir='ltr'><strong>eum</strong></span> <span class='ocrx_word' id='word_1_623' title='bbox 3050 3393 3170 3434; x_wconf 88' lang='lat' dir='ltr'><strong>eum</strong></span> <span class='ocrx_word' id='word_1_624' title='bbox 3200 3377 3430 3445; x_wconf 88' lang='lat' dir='ltr'><strong>amplius</strong></span> <span class='ocrx_word' id='word_1_625' title='bbox 3449 3378 3699 3449; x_wconf 89' lang='lat' dir='ltr'><strong>perferre</strong></span> <span class='ocrx_word' id='word_1_626' title='bbox 3722 3394 3830 3435; x_wconf 88' lang='lat' dir='ltr'><strong>non</strong></span> 
     </span>
    </p>
   </div>
   <div class='ocr_carea' id='block_1_88' title="bbox 2252 3468 3833 3542">
    <p class='ocr_par' dir='ltr' id='par_1_88' title="bbox 2252 3468 3833 3542">
     <span class='ocr_line' id='line_1_88' title="bbox 2252 3468 3833 3542; baseline -0.002 -14"><span class='ocrx_word' id='word_1_627' title='bbox 2252 3480 2457 3542; x_wconf 85' lang='lat' dir='ltr'><strong>posset,</strong></span> <span class='ocrx_word' id='word_1_628' title='bbox 2496 3471 2674 3541; x_wconf 88' lang='lat' dir='ltr'><strong>inquit</strong></span> <span class='ocrx_word' id='word_1_629' title='bbox 2698 3488 2711 3524; x_wconf 88' lang='lat'><strong>:</strong></span> <span class='ocrx_word' id='word_1_630' title='bbox 2740 3468 2907 3536; x_wconf 86' lang='lat' dir='ltr'><strong>Tuas,</strong></span> <span class='ocrx_word' id='word_1_631' title='bbox 2935 3485 2968 3525; x_wconf 88' lang='grc' dir='ltr'><strong>ο</strong></span> <span class='ocrx_word' id='word_1_632' title='bbox 2997 3469 3251 3525; x_wconf 84' lang='lat' dir='ltr'><strong>sacerdos</strong></span> <span class='ocrx_word' id='word_1_633' title='bbox 3283 3470 3467 3539; x_wconf 89' lang='lat' dir='ltr'><strong>impie,</strong></span> <span class='ocrx_word' id='word_1_634' title='bbox 3491 3468 3833 3540; x_wconf 62' lang='lat' dir='ltr'><strong>conjmatioo</strong></span> 
     </span>
    </p>
   </div>
   <div class='ocr_carea' id='block_1_89' title="bbox 2253 3560 3808 3630">
    <p class='ocr_par' dir='ltr' id='par_1_89' title="bbox 2253 3560 3808 3630">
     <span class='ocr_line' id='line_1_89' title="bbox 2253 3560 3808 3630; baseline -0.003 -10"><span class='ocrx_word' id='word_1_635' title='bbox 2253 3579 2376 3628; x_wconf 89' lang='lat' dir='ltr'><strong>nes,</strong></span> <span class='ocrx_word' id='word_1_636' title='bbox 2402 3563 2699 3626; x_wconf 75' lang='lat' dir='ltr'><strong>Orationes,</strong></span> <span class='ocrx_word' id='word_1_637' title='bbox 2730 3561 2927 3629; x_wconf 87' lang='lat' dir='ltr'><strong>minas,</strong></span> <span class='ocrx_word' id='word_1_638' title='bbox 2955 3561 3166 3617; x_wconf 88' lang='lat' dir='ltr'><strong>etiamsi</strong></span> <span class='ocrx_word' id='word_1_639' title='bbox 3207 3562 3274 3615; x_wconf 84' lang='lat' dir='ltr'><strong>ad</strong></span> <span class='ocrx_word' id='word_1_640' title='bbox 3305 3574 3557 3630; x_wconf 88' lang='lat' dir='ltr'><strong>vesperas</strong></span> <span class='ocrx_word' id='word_1_641' title='bbox 3594 3560 3808 3616; x_wconf 81' lang='lat' dir='ltr'><strong>deduce</strong></span> 
     </span>
    </p>
   </div>
   <div class='ocr_carea' id='block_1_90' title="bbox 2253 3647 3833 3719">
    <p class='ocr_par' dir='ltr' id='par_1_90' title="bbox 2253 3647 3833 3719">
     <span class='ocr_line' id='line_1_90' title="bbox 2253 3647 3833 3719; baseline -0.004 -11"><span class='ocrx_word' id='word_1_642' title='bbox 2253 3669 2364 3717; x_wconf 89' lang='lat' dir='ltr'><strong>res,</strong></span> <span class='ocrx_word' id='word_1_643' title='bbox 2396 3650 2692 3706; x_wconf 87' lang='lat' dir='ltr'><strong>floccifaeio</strong></span> <span class='ocrx_word' id='word_1_644' title='bbox 2726 3669 2738 3704; x_wconf 93' lang='lat'>:</span> <span class='ocrx_word' id='word_1_645' title='bbox 2779 3649 3132 3719; x_wconf 89' lang='lat' dir='ltr'><strong>quamobrem</strong></span> <span class='ocrx_word' id='word_1_646' title='bbox 3163 3647 3207 3703; x_wconf 80' lang='lat' dir='ltr'><strong>si</strong></span> <span class='ocrx_word' id='word_1_647' title='bbox 3236 3648 3330 3703; x_wconf 91' lang='lat' dir='ltr'><strong>tibi</strong></span> <span class='ocrx_word' id='word_1_648' title='bbox 3360 3648 3466 3701; x_wconf 88' lang='lat' dir='ltr'><strong>alia</strong></span> <span class='ocrx_word' id='word_1_649' title='bbox 3504 3648 3833 3702; x_wconf 86' lang='lat' dir='ltr'><strong>incumbunt</strong></span> 
     </span>
    </p>
   </div>
   <div class='ocr_carea' id='block_1_91' title="bbox 2254 3737 3831 3811">
    <p class='ocr_par' dir='ltr' id='par_1_91' title="bbox 2254 3737 3831 3811">
     <span class='ocr_line' id='line_1_91' title="bbox 2254 3737 3831 3811; baseline -0.003 -14"><span class='ocrx_word' id='word_1_650' title='bbox 2254 3743 2490 3811; x_wconf 84' lang='lat' dir='ltr'><strong>negotia,</strong></span> <span class='ocrx_word' id='word_1_651' title='bbox 2540 3755 2623 3799; x_wconf 89' lang='lat' dir='ltr'><strong>ea.</strong></span> <span class='ocrx_word' id='word_1_652' title='bbox 2675 3741 2718 3795; x_wconf 83' lang='lat' dir='ltr'><strong>si</strong></span> <span class='ocrx_word' id='word_1_653' title='bbox 2774 3740 2936 3809; x_wconf 89' lang='lat' dir='ltr'><strong>sapis,</strong></span> <span class='ocrx_word' id='word_1_654' title='bbox 2991 3753 3210 3808; x_wconf 83' lang='lat' dir='ltr'><strong>perage,</strong></span> <span class='ocrx_word' id='word_1_655' title='bbox 3264 3746 3319 3792; x_wconf 87' lang='lat' dir='ltr'><strong>et</strong></span> <span class='ocrx_word' id='word_1_656' title='bbox 3367 3737 3436 3793; x_wconf 87' lang='lat' dir='ltr'><strong>ab</strong></span> <span class='ocrx_word' id='word_1_657' title='bbox 3485 3737 3572 3794; x_wconf 87' lang='lat' dir='ltr'><strong>his</strong></span> <span class='ocrx_word' id='word_1_658' title='bbox 3637 3738 3831 3792; x_wconf 88' lang='lat' dir='ltr'><strong>desine</strong></span> 
     </span>
    </p>
   </div>
   <div class='ocr_carea' id='block_1_92' title="bbox 2257 3834 2489 3888">
    <p class='ocr_par' dir='ltr' id='par_1_92' title="bbox 2257 3834 2489 3888">
     <span class='ocr_line' id='line_1_92' title="bbox 2257 3834 2489 3888; baseline -0.009 -1"><span class='ocrx_word' id='word_1_659' title='bbox 2257 3834 2489 3888; x_wconf 72' lang='lat' dir='ltr'><strong>tandenn</strong></span> 
     </span>
    </p>
   </div>
   <div class='ocr_carea' id='block_1_93' title="bbox 2322 3917 3829 3995">
    <p class='ocr_par' dir='ltr' id='par_1_93' title="bbox 2322 3917 3829 3995">
     <span class='ocr_line' id='line_1_93' title="bbox 2322 3917 3829 3995; baseline -0.005 -16"><span class='ocrx_word' id='word_1_660' title='bbox 2322 3923 2405 3979; x_wconf 88' lang='lat'><strong>78.</strong></span> <span class='ocrx_word' id='word_1_661' title='bbox 2464 3923 2557 3979; x_wconf 87' lang='lat' dir='ltr'><strong>llis</strong></span> <span class='ocrx_word' id='word_1_662' title='bbox 2587 3922 2751 3995; x_wconf 77' lang='lat' dir='ltr'><strong>igitur</strong></span> <span class='ocrx_word' id='word_1_663' title='bbox 2799 3920 3266 3977; x_wconf 85' lang='lat' dir='ltr'><strong>vieissitudinariis</strong></span> <span class='ocrx_word' id='word_1_664' title='bbox 3294 3918 3684 3975; x_wconf 89' lang='lat' dir='ltr'><strong>controversiis</strong></span> <span class='ocrx_word' id='word_1_665' title='bbox 3709 3917 3829 3988; x_wconf 83' lang='lat' dir='ltr'><strong>jam</strong></span> 
     </span>
    </p>
   </div>
   <div class='ocr_carea' id='block_1_94' title="bbox 2255 4009 3834 4083">
    <p class='ocr_par' dir='ltr' id='par_1_94' title="bbox 2255 4009 3834 4083">
     <span class='ocr_line' id='line_1_94' title="bbox 2255 4009 3834 4083; baseline -0.006 -12"><span class='ocrx_word' id='word_1_666' title='bbox 2255 4015 2359 4071; x_wconf 87' lang='lat' dir='ltr'><strong>diei</strong></span> <span class='ocrx_word' id='word_1_667' title='bbox 2390 4017 2522 4070; x_wconf 78' lang='lat' dir='ltr'><strong>liora</strong></span> <span class='ocrx_word' id='word_1_668' title='bbox 2549 4022 2740 4083; x_wconf 88' lang='lat' dir='ltr'><strong>quarta</strong></span> <span class='ocrx_word' id='word_1_669' title='bbox 2771 4012 2885 4068; x_wconf 89' lang='lat' dir='ltr'><strong>fere</strong></span> <span class='ocrx_word' id='word_1_670' title='bbox 2921 4020 3162 4083; x_wconf 88' lang='lat' dir='ltr'><strong>peracta,</strong></span> <span class='ocrx_word' id='word_1_671' title='bbox 3195 4026 3315 4066; x_wconf 87' lang='lat' dir='ltr'><strong>eum</strong></span> <span class='ocrx_word' id='word_1_672' title='bbox 3352 4009 3609 4065; x_wconf 87' lang='lat' dir='ltr'><strong>sacerdos</strong></span> <span class='ocrx_word' id='word_1_673' title='bbox 3636 4025 3834 4065; x_wconf 84' lang='lat' dir='ltr'><strong>mona—</strong></span> 
     </span>
    </p>
   </div>
   <div class='ocr_carea' id='block_1_95' title="bbox 2263 4101 3830 4175">
    <p class='ocr_par' dir='ltr' id='par_1_95' title="bbox 2263 4101 3830 4175">
     <span class='ocr_line' id='line_1_95' title="bbox 2263 4101 3830 4175; baseline -0.005 -13"><span class='ocrx_word' id='word_1_674' title='bbox 2263 4108 2399 4162; x_wconf 87' lang='lat' dir='ltr'><strong>chus</strong></span> <span class='ocrx_word' id='word_1_675' title='bbox 2427 4121 2487 4161; x_wconf 89' lang='lat' dir='ltr'><strong>se</strong></span> <span class='ocrx_word' id='word_1_676' title='bbox 2516 4105 2647 4161; x_wconf 78' lang='lat' dir='ltr'><strong>nihil</strong></span> <span class='ocrx_word' id='word_1_677' title='bbox 2678 4103 2962 4175; x_wconf 84' lang='lat' dir='ltr'><strong>proficere,</strong></span> <span class='ocrx_word' id='word_1_678' title='bbox 2994 4111 3050 4158; x_wconf 89' lang='lat' dir='ltr'><strong>et</strong></span> <span class='ocrx_word' id='word_1_679' title='bbox 3077 4101 3344 4157; x_wconf 85' lang='lat' dir='ltr'><strong>diabolum</strong></span> <span class='ocrx_word' id='word_1_680' title='bbox 3376 4116 3438 4157; x_wconf 90' lang='lat' dir='ltr'><strong>re</strong></span> <span class='ocrx_word' id='word_1_681' title='bbox 3463 4102 3830 4172; x_wconf 83' lang='lat' dir='ltr'><strong>asperiorem,</strong></span> 
     </span>
    </p>
   </div>
   <div class='ocr_carea' id='block_1_96' title="bbox 2255 4190 3830 4264">
    <p class='ocr_par' dir='ltr' id='par_1_96' title="bbox 2255 4190 3830 4264">
     <span class='ocr_line' id='line_1_96' title="bbox 2255 4190 3830 4264; baseline -0.003 -14"><span class='ocrx_word' id='word_1_682' title='bbox 2255 4195 2682 4264; x_wconf 89' lang='lat' dir='ltr'><strong>atrocioremque</strong></span> <span class='ocrx_word' id='word_1_683' title='bbox 2729 4190 2843 4247; x_wconf 86' lang='lat' dir='ltr'><strong>fieri</strong></span> <span class='ocrx_word' id='word_1_684' title='bbox 2891 4192 3252 4260; x_wconf 68' lang='lat' dir='ltr'><strong>intelligeret,</strong></span> <span class='ocrx_word' id='word_1_685' title='bbox 3301 4191 3428 4245; x_wconf 89' lang='lat' dir='ltr'><strong>anui</strong></span> <span class='ocrx_word' id='word_1_686' title='bbox 3467 4191 3830 4260; x_wconf 84' lang='lat' dir='ltr'><strong>compatieus,</strong></span> 
     </span>
    </p>
   </div>
   <div class='ocr_carea' id='block_1_97' title="bbox 2210 4279 3832 4354">
    <p class='ocr_par' dir='ltr' id='par_1_97' title="bbox 2210 4279 3832 4354">
     <span class='ocr_line' id='line_1_97' title="bbox 2210 4279 3832 4354; baseline -0.001 -15"><span class='ocrx_word' id='word_1_687' title='bbox 2210 4304 2217 4309; x_wconf 51' lang='grc' dir='ltr'>δ</span> <span class='ocrx_word' id='word_1_688' title='bbox 2252 4299 2376 4354; x_wconf 74' lang='lat' dir='ltr'><strong>quae</strong></span> <span class='ocrx_word' id='word_1_689' title='bbox 2398 4283 2538 4339; x_wconf 88' lang='lat' dir='ltr'><strong>fessa</strong></span> <span class='ocrx_word' id='word_1_690' title='bbox 2568 4297 2811 4353; x_wconf 89' lang='lat' dir='ltr'><strong>corpore,</strong></span> <span class='ocrx_word' id='word_1_691' title='bbox 2840 4295 2982 4352; x_wconf 68' lang='lat' dir='ltr'><strong>nigra</strong></span> <span class='ocrx_word' id='word_1_692' title='bbox 3028 4289 3206 4337; x_wconf 89' lang='lat' dir='ltr'><strong>mente</strong></span> <span class='ocrx_word' id='word_1_693' title='bbox 3232 4280 3322 4335; x_wconf 74' lang='lat' dir='ltr'><strong>vix</strong></span> <span class='ocrx_word' id='word_1_694' title='bbox 3361 4279 3587 4353; x_wconf 89' lang='lat' dir='ltr'><strong>spiritus</strong></span> <span class='ocrx_word' id='word_1_695' title='bbox 3630 4281 3832 4337; x_wconf 85' lang='lat' dir='ltr'><strong>vitales</strong></span> 
     </span>
    </p>
   </div>
   <div class='ocr_carea' id='block_1_98' title="bbox 2182 4369 3830 4459">
    <p class='ocr_par' dir='ltr' id='par_1_98' title="bbox 2182 4369 3830 4459">
     <span class='ocr_line' id='line_1_98' title="bbox 2182 4369 3830 4459; baseline -0.001 -31"><span class='ocrx_word' id='word_1_696' title='bbox 2182 4398 2231 4459; x_wconf 72' lang='grc' dir='ltr'>ι)</span> <span class='ocrx_word' id='word_1_697' title='bbox 2257 4375 2407 4438; x_wconf 87' lang='lat' dir='ltr'><strong>dare,</strong></span> <span class='ocrx_word' id='word_1_698' title='bbox 2438 4389 2468 4428; x_wconf 90' lang='lat' dir='ltr'><strong>a</strong></span> <span class='ocrx_word' id='word_1_699' title='bbox 2499 4374 2588 4443; x_wconf 91' lang='lat' dir='ltr'><strong>pio</strong></span> <span class='ocrx_word' id='word_1_700' title='bbox 2629 4385 2793 4442; x_wconf 89' lang='lat' dir='ltr'><strong>opere</strong></span> <span class='ocrx_word' id='word_1_701' title='bbox 2827 4371 3115 4437; x_wconf 84' lang='lat' dir='ltr'><strong>desistens,</strong></span> <span class='ocrx_word' id='word_1_702' title='bbox 3145 4370 3395 4440; x_wconf 88' lang='lat' dir='ltr'><strong>introque</strong></span> <span class='ocrx_word' id='word_1_703' title='bbox 3436 4369 3673 4436; x_wconf 86' lang='lat' dir='ltr'><strong>rediens,</strong></span> <span class='ocrx_word' id='word_1_704' title='bbox 3705 4385 3830 4426; x_wconf 86' lang='lat' dir='ltr'><strong>rem</strong></span> 
     </span>
    </p>
   </div>
   <div class='ocr_carea' id='block_1_99' title="bbox 2255 4460 3828 4529">
    <p class='ocr_par' dir='ltr' id='par_1_99' title="bbox 2255 4460 3828 4529">
     <span class='ocr_line' id='line_1_99' title="bbox 2255 4460 3828 4529; baseline 0 -12"><span class='ocrx_word' id='word_1_705' title='bbox 2255 4477 2471 4517; x_wconf 86' lang='lat' dir='ltr'><strong>omnem</strong></span> <span class='ocrx_word' id='word_1_706' title='bbox 2516 4461 2663 4516; x_wconf 83' lang='lat' dir='ltr'><strong>Patri</strong></span> <span class='ocrx_word' id='word_1_707' title='bbox 2699 4460 2879 4515; x_wconf 89' lang='lat' dir='ltr'><strong>abbati</strong></span> <span class='ocrx_word' id='word_1_708' title='bbox 2913 4468 3069 4514; x_wconf 90' lang='lat' dir='ltr'><strong>curat</strong></span> <span class='ocrx_word' id='word_1_709' title='bbox 3100 4472 3361 4514; x_wconf 86' lang='lat' dir='ltr'><strong>enarrare</strong></span> <span class='ocrx_word' id='word_1_710' title='bbox 3396 4461 3828 4529; x_wconf 84' lang='lat' dir='ltr'><strong>quamprimum.</strong></span> 
     </span>
    </p>
   </div>
   <div class='ocr_carea' id='block_1_100' title="bbox 2256 4549 3826 4618">
    <p class='ocr_par' dir='ltr' id='par_1_100' title="bbox 2256 4549 3826 4618">
     <span class='ocr_line' id='line_1_100' title="bbox 2256 4549 3826 4618; baseline 0.003 -13"><span class='ocrx_word' id='word_1_711' title='bbox 2256 4552 2377 4607; x_wconf 80' lang='lat' dir='ltr'><strong>Mox</strong></span> <span class='ocrx_word' id='word_1_712' title='bbox 2408 4551 2575 4606; x_wconf 86' lang='lat' dir='ltr'><strong>Pater</strong></span> <span class='ocrx_word' id='word_1_713' title='bbox 2605 4549 2793 4617; x_wconf 87' lang='lat' dir='ltr'><strong>abbas,</strong></span> <span class='ocrx_word' id='word_1_714' title='bbox 2822 4558 3116 4605; x_wconf 86' lang='lat' dir='ltr'><strong>convocato</strong></span> <span class='ocrx_word' id='word_1_715' title='bbox 3158 4550 3540 4605; x_wconf 84' lang='lat' dir='ltr'><strong>monachorum</strong></span> <span class='ocrx_word' id='word_1_716' title='bbox 3570 4552 3826 4618; x_wconf 80' lang='lat' dir='ltr'><strong>consilio,</strong></span> 
     </span>
    </p>
   </div>
   <div class='ocr_carea' id='block_1_101' title="bbox 2254 4638 3829 4710">
    <p class='ocr_par' dir='ltr' id='par_1_101' title="bbox 2254 4638 3829 4710">
     <span class='ocr_line' id='line_1_101' title="bbox 2254 4638 3829 4710; baseline 0.003 -16"><span class='ocrx_word' id='word_1_717' title='bbox 2254 4640 2487 4710; x_wconf 87' lang='lat' dir='ltr'><strong>imperat</strong></span> <span class='ocrx_word' id='word_1_718' title='bbox 2528 4639 2583 4693; x_wconf 90' lang='lat' dir='ltr'><strong>in</strong></span> <span class='ocrx_word' id='word_1_719' title='bbox 2625 4639 2841 4694; x_wconf 90' lang='lat' dir='ltr'><strong>silentio</strong></span> <span class='ocrx_word' id='word_1_720' title='bbox 2886 4653 2983 4708; x_wconf 93' lang='lat' dir='ltr'><strong>pro</strong></span> <span class='ocrx_word' id='word_1_721' title='bbox 3038 4654 3095 4693; x_wconf 90' lang='lat' dir='ltr'><strong>se</strong></span> <span class='ocrx_word' id='word_1_722' title='bbox 3140 4638 3368 4706; x_wconf 88' lang='lat' dir='ltr'><strong>quisque</strong></span> <span class='ocrx_word' id='word_1_723' title='bbox 3394 4648 3570 4694; x_wconf 87' lang='lat' dir='ltr'><strong>orent.</strong></span> <span class='ocrx_word' id='word_1_724' title='bbox 3619 4641 3829 4698; x_wconf 85' lang='lat' dir='ltr'><strong>Deinde</strong></span> 
     </span>
    </p>
   </div>
   <div class='ocr_carea' id='block_1_102' title="bbox 2253 4728 3828 4797">
    <p class='ocr_par' dir='ltr' id='par_1_102' title="bbox 2253 4728 3828 4797">
     <span class='ocr_line' id='line_1_102' title="bbox 2253 4728 3828 4797; baseline 0.004 -16"><span class='ocrx_word' id='word_1_725' title='bbox 2253 4743 2420 4797; x_wconf 85' lang='lat' dir='ltr'><strong>parvo</strong></span> <span class='ocrx_word' id='word_1_726' title='bbox 2471 4729 2599 4782; x_wconf 90' lang='lat' dir='ltr'><strong>dato</strong></span> <span class='ocrx_word' id='word_1_727' title='bbox 2636 4728 2939 4794; x_wconf 88' lang='lat' dir='ltr'><strong>intervallo,</strong></span> <span class='ocrx_word' id='word_1_728' title='bbox 2972 4728 3048 4782; x_wconf 91' lang='lat' dir='ltr'><strong>uti</strong></span> <span class='ocrx_word' id='word_1_729' title='bbox 3088 4729 3204 4783; x_wconf 85' lang='lat' dir='ltr'><strong>nios</strong></span> <span class='ocrx_word' id='word_1_730' title='bbox 3229 4734 3331 4792; x_wconf 82' lang='lat' dir='ltr'><strong>est,</strong></span> <span class='ocrx_word' id='word_1_731' title='bbox 3380 4729 3541 4784; x_wconf 89' lang='lat' dir='ltr'><strong>rebus</strong></span> <span class='ocrx_word' id='word_1_732' title='bbox 3566 4733 3828 4787; x_wconf 87' lang='lat' dir='ltr'><strong>omnibus</strong></span> 
     </span>
    </p>
   </div>
   <div class='ocr_carea' id='block_1_103' title="bbox 2254 4820 3830 4891">
    <p class='ocr_par' dir='ltr' id='par_1_103' title="bbox 2254 4820 3830 4891">
     <span class='ocr_line' id='line_1_103' title="bbox 2254 4820 3830 4891; baseline 0.001 -16"><span class='ocrx_word' id='word_1_733' title='bbox 2254 4821 2539 4891; x_wconf 80' lang='lat' dir='ltr'><strong>diligenter</strong></span> <span class='ocrx_word' id='word_1_734' title='bbox 2565 4821 2865 4885; x_wconf 88' lang='lat' dir='ltr'><strong>instructis,</strong></span> <span class='ocrx_word' id='word_1_735' title='bbox 2896 4821 3043 4876; x_wconf 87' lang='lat' dir='ltr'><strong>foras</strong></span> <span class='ocrx_word' id='word_1_736' title='bbox 3075 4820 3319 4875; x_wconf 88' lang='lat' dir='ltr'><strong>canendo</strong></span> <span class='ocrx_word' id='word_1_737' title='bbox 3358 4827 3412 4874; x_wconf 91' lang='lat' dir='ltr'><strong>et</strong></span> <span class='ocrx_word' id='word_1_738' title='bbox 3458 4823 3669 4875; x_wconf 88' lang='lat' dir='ltr'><strong>orando</strong></span> <span class='ocrx_word' id='word_1_739' title='bbox 3704 4836 3830 4890; x_wconf 83' lang='lat' dir='ltr'><strong>pro-</strong></span> 
     </span>
    </p>
   </div>
   <div class='ocr_carea' id='block_1_104' title="bbox 2254 4910 3824 4981">
    <p class='ocr_par' dir='ltr' id='par_1_104' title="bbox 2254 4910 3824 4981">
     <span class='ocr_line' id='line_1_104' title="bbox 2254 4910 3824 4981; baseline 0.003 -18"><span class='ocrx_word' id='word_1_740' title='bbox 2254 4910 2419 4963; x_wconf 90' lang='lat' dir='ltr'><strong>deunt</strong></span> <span class='ocrx_word' id='word_1_741' title='bbox 2472 4911 2719 4965; x_wconf 88' lang='lat' dir='ltr'><strong>monachi</strong></span> <span class='ocrx_word' id='word_1_742' title='bbox 2752 4924 2960 4975; x_wconf 89' lang='lat' dir='ltr'><strong>omnes,</strong></span> <span class='ocrx_word' id='word_1_743' title='bbox 2988 4920 3065 4976; x_wconf 89' lang='lat' dir='ltr'><strong>et,</strong></span> <span class='ocrx_word' id='word_1_744' title='bbox 3100 4911 3191 4980; x_wconf 91' lang='lat' dir='ltr'><strong>qui</strong></span> <span class='ocrx_word' id='word_1_745' title='bbox 3240 4920 3446 4981; x_wconf 86' lang='lat' dir='ltr'><strong>partem</strong></span> <span class='ocrx_word' id='word_1_746' title='bbox 3505 4910 3824 4967; x_wconf 79' lang='lat' dir='ltr'><strong>inferiorem</strong></span> 
     </span>
    </p>
   </div>
  </div>
