4110 5362
375 343 480 399 Μὸ

1917 342 2117 407 ACTA.

3516 365 3621 420 εισ

375 460 556 515 verbis
609 459 910 516 minacibus
938 462 1109 532 inquit
1137 479 1152 518 :
1188 463 1303 519 Non
1341 466 1468 531 tuis,
1493 480 1526 521 o
1552 455 1791 522 omnium
1824 482 1948 538 ρω-
1977 474 2023 530 Α
2050 467 2315 523 deductus
2340 477 2442 534 est,
2466 485 2592 526 cum
2616 480 2775 528 antea
2804 470 3182 532 Passinianum
3210 476 3623 549 monttsteﬁum,

374 549 535 613 sime,
567 551 767 614 verbis,
797 552 896 608 sed
928 553 1020 609 Dei
1047 562 1202 620 nutu,
1232 556 1395 609 etiam
1424 564 1478 609 et
1498 554 1725 613 Joannis
1751 558 1951 614 virtute

376 640 505 692 hinc
551 639 713 705 paulo
766 652 888 710 post
940 642 1168 698 invitum
1222 643 1329 698 alio
1369 656 1663 715 properare
1716 654 1946 717 oportet.

375 728 517 784 Nihil
549 732 735 798 refert,
764 733 939 803 inquit
961 735 1241 800 sacerdos,
1267 750 1312 790 st
1341 735 1499 791 dictis
1525 736 1665 792 facta
1694 752 1951 807 compen-

375 834 497 883 ses;
526 833 717 877 vereor
757 831 955 887 tamen,
988 840 1055 879 ne
1081 823 1179 879 tua'
1201 825 1359 880 solita
1401 825 1606 881 nefaria
1638 842 1769 884 usus
1795 828 1950 883 calli-

373 911 566 977 ditate,
614 916 673 966 et,
717 915 975 980 versutia,
1032 915 1454 987 tergiversando,
1508 933 1715 988 nosque
1768 919 1950 975 verbis

369 998 648 1071 iactando.
693 1006 745 1060 in
776 1005 988 1076 longam
1029 1022 1233 1063 moram
1288 1008 1429 1066 hanc
1464 1019 1610 1065 tuam
1659 1011 1950 1082 protrahas

282 1089 291 1099 ’
375 1097 576 1167 fugam.
630 1096 725 1152 His
763 1097 1009 1153 diabolus
1058 1100 1364 1167 subridens,
1405 1100 1679 1173 paululum
1710 1112 1950 1159 moratus

375 1187 453 1239 ait
478 1196 493 1238 :
533 1185 724 1247 Velim,
755 1186 944 1251 nolim,
972 1187 1272 1245 abeundum
1312 1201 1416 1247 est.
1447 1191 1658 1247 Diutius
1687 1192 1831 1248 enim
1862 1194 1948 1250 hic

373 1290 519 1339 esse,
547 1276 762 1332 etiamsi
793 1278 865 1332 sit
891 1277 1139 1335 voluntas
1161 1289 1218 1336 et
1249 1272 1470 1352 cupido,
1503 1282 1596 1339 Dei
1624 1284 1795 1341 virtus
1824 1302 1944 1356 pro-

378 1368 548 1420 hibet.
586 1366 688 1422 Tui
716 1382 969 1439 egressus
990 1370 1200 1440 signum
1231 1371 1345 1436 des,
1376 1387 1443 1428 ne
1469 1373 1697 1443 amplius
1722 1374 1948 1433 frustras

377 1470 517 1519 mur,
550 1463 626 1519 te,
662 1456 839 1525 inquit
866 1459 1144 1523 sacerdos,
1180 1460 1423 1528 conjuro.
1454 1461 1703 1528 Dabitur,
1739 1466 1944 1521 dromon

375 1548 474 1608 ait.
511 1547 932 1616 quamprimum,
974 1548 1224 1620 illicoque
1253 1566 1388 1607 anus
1430 1553 1599 1622 ipsius
1642 1555 1787 1612 solea
1837 1572 1946 1612 uno

374 1645 538 1690 exuta
562 1638 718 1708 pede,
762 1647 916 1693 extra
946 1640 1136 1705 valles,
1160 1640 1252 1711 qui
1273 1643 1533 1712 capellam
1563 1655 1669 1699 una
1696 1652 1766 1701 ex
1792 1657 1944 1717 parte

376 1729 643 1793 muniunt,
675 1728 890 1784 diabolo
916 1729 1151 1798 volente,
1176 1745 1301 1787 cum
1345 1731 1745 1792 admirarentur
1788 1737 1941 1807 quid-

2053 554 2142 609 nbi
2194 553 2253 610 S.
2282 553 2530 623 Joannis,
2583 560 2743 629 hujus
2788 562 3067 634 religionis
3114 567 3374 638 auctoris,
3424 584 3622 642 corpus

2051 644 2351 703 honoriﬁce
2380 649 2696 718 requiescit,
2718 652 3002 719 adivisset,
3034 670 3135 712 nec
3159 672 3248 723 ea,
3283 674 3443 729 quam
3466 671 3626 732 apta-

2050 745 2226 801 verat,
2258 741 2518 807 sospitate
2541 752 2687 797 esset
2709 745 2930 812 potitus.
2959 745 3092 801 Cum
3121 761 3249 804 vero
3270 750 3326 805 in
3369 752 3472 818 bis,
3497 764 3621 824 qua:

2051 826 2299 882 diabolus
2332 830 2446 883 suis
2493 830 2581 885 hic
2604 832 2750 886 'dolis
2793 837 3043 903 gesserit,
3071 839 3215 906 quod
3255 854 3388 895 sane
3420 839 3626 899 facien-

2050 917 2177 972 dum
2216 927 2383 985 esset,
2418 919 2584 975 nolim
2631 921 2929 989 immorari,
2967 942 3092 980 nam
3122 936 3330 999 tempus
3382 931 3652 1002 profecto.

2050 1010 2336 1075 maturius,
2367 1027 2532 1081 quam
2581 1027 2668 1068 res
2706 1029 2792 1070 me
2820 1016 3061 1083 deseret;
3096 1012 3253 1088 juvat
3282 1030 3464 1080 tamen
3511 1039 3627 1083 non

2048 1100 2350 1169 prmterire,
2389 1116 2557 1172 quam
2586 1102 2782 1160 callide
2827 1114 3110 1178 astuteque
3147 1111 3445 1171 monachos
3478 1113 3628 1175 decl-

2049 1203 2179 1265 pere
2216 1199 2468 1257 tentaret,
2495 1207 2619 1247 cum
2649 1208 2775 1248 eum
2823 1193 2979 1250 ﬂexis
3027 1200 3256 1267 genibus
3292 1202 3515 1272 supinas
3558 1206 3625 1260 ad

2050 1262 2217 1333 Deum
2269 1296 2460 1337 manus
2510 1282 2746 1344 tendere.
2795 1300 2858 1339 ac
2898 1262 3155 1343 instabtia
3207 1262 3624 1365 frequentiaque

2047 1369 2355 1424 orationum
2394 1370 2725 1439 prolixarum
2753 1374 2943 1442 Deum,
2987 1376 3365 1451 Virginemque
3397 1382 3625 1441 Mariam

2047 1454 2298 1527 fat‘gare,
2326 1458 2589 1515 Joannem
2633 1462 2918 1533 praefatum
2949 1466 3297 1535 iu'eccicsia,
3343 1476 3626 1533 monachis

2045 1544 2281 1603 oﬂicium
2314 1550 2517 1606 intente
2546 1554 2924 1624 psallentibus,
2958 1556 3150 1628 bisque
3176 1575 3300 1616 eum
3347 1565 3626 1622 admiran-

2048 1636 2211 1699 tibus,
2244 1640 2610 1709 permitteret.

2114 1728 2203 1783 82.
2249 1730 2445 1786 Verum
2485 1748 2608 1787 cum
2655 1738 2928 1802 monachi,
2960 1738 3145 1797 divino
3189 1741 3463 1799 celebrato
3496 1737 3617 1802 om.

376 1833 501 1871 nam
550 1827 732 1874 actum
779 1829 929 1875 esset
969 1819 1037 1876 de
1086 1820 1225 1892 ipsa,
1268 1824 1360 1894 qui
1399 1824 1619 1882 aderant
1663 1827 1939 1894 mortales,

2045 1818 2150 1887 cio,
2183 1819 2395 1890 signum
2426 1824 2603 1879 crucis
2640 1825 2694 1880 in
2725 1841 2847 1881 eum
2889 1829 3136 1895 ederent,
3166 1839 3298 1898 tum,
3322 1834 3414 1903 qui
3443 1845 3614 1903 esset,

375 1913 591 1966 inventa
620 1919 725 1969 est.

444 1996 534 2056 80.
585 2003 790 2058 Exinde
834 2002 1008 2072 majus
1054 2005 1258 2070 datum,
1289 2006 1399 2062 Deo
1430 2007 1662 2074 volente,
1690 2009 1942 2081 signum:

377 2090 513 2147 Dum
537 2094 683 2148 enim
714 2094 769 2148 in
801 2110 913 2149 rem
961 2111 1114 2151 suam
1165 2097 1359 2152 malam
1414 2100 1515 2154 iret
1567 2101 1797 2165 daemon.
1844 2117 1944 2158 ceu

375 2183 555 2239 fumus
584 2200 651 2240 ex
689 2200 785 2241 ore
815 2185 1053 2243 mulieris
1086 2188 1235 2242 risus
1280 2197 1364 2244 est
1410 2188 1653 2245 diabolus
1682 2192 1943 2260 paulatim

374 2274 657 2342 superiora
683 2283 739 2330 et
767 2291 922 2330 aerea
964 2285 1165 2345 petere.
1197 2277 1337 2332 Proh
1360 2278 1502 2334 bone
1546 2280 1713 2336 Jesu!
1749 2281 1944 2337 mirum

374 2374 636 2433 Quantum
695 2366 934 2436 stuporis
994 2366 1432 2423 admirationisve
1484 2370 1584 2424 hoc
1640 2369 1944 2440 prodigium

372 2452 645 2515 omnibus,
674 2454 764 2523 qui
797 2455 1040 2521 aderant,
1067 2454 1306 2521 dederit;
1336 2459 1635 2526 pmsertim
1661 2459 1785 2529 quia
1812 2459 1948 2515 alias

372 2543 580 2599 Aretini
625 2544 700 2599 illi
734 2544 911 2600 simile
955 2544 1199 2602 viderant
1244 2561 1345 2602 nec
1386 2548 1691 2604 audierant.
1726 2548 1944 2603 Gratias

376 2633 558 2703 itaque
585 2634 827 2705 ingentes
856 2633 987 2699 Deo,
1031 2635 1346 2706 Virginique
1374 2636 1558 2693 Maria:
1584 2647 1637 2694 et
1666 2638 1724 2703 S.
1750 2638 1942 2694 Joanui

374 2732 616 2792 agentes,
647 2724 906 2779 auxilium
937 2726 1186 2795 precibus
1213 2737 1530 2797 exposcunt,
1575 2730 1652 2784 uti
1698 2730 1944 2786 volentes

376 2825 536 2867 anum
568 2814 735 2885 ipsam
763 2830 927 2885 seque
955 2825 1009 2871 et
1036 2816 1399 2872 Christianam
1430 2818 1743 2890 religionem
1765 2822 1942 2893 sospi-

376 2907 496 2955 teut
523 2903 851 2958 universam.
895 2905 1119 2959 Demum
1165 2906 1526 2964 Valedicentes
1560 2910 1740 2964 abbati
1783 2921 1945 2967 exele-

375 2992 581 3061 risque,
635 2992 741 3049 laeti
806 2995 874 3049 ad
930 2995 1207 3051 Aretinam
1258 2997 1533 3053 civitatem
1587 3001 1939 3056 contendunt.

371 3082 525 3138 Anus
551 3082 640 3138 illa
668 3099 775 3140 non
799 3086 1081 3153 immemor
1107 3087 1371 3153 beneﬁcii,
1405 3089 1507 3144 sibi
1549 3099 1863 3163 perpetuum
1889 3093 1942 3148 in

374 3171 433 3228 S.
462 3172 685 3229 Joannis
727 3173 1003 3231 Gualberti
1050 3176 1233 3246 vigilia
1285 3178 1482 3234 indixit
1522 3178 1810 3251 jejunium.
1860 3183 1942 3237 Ad

374 3356 557 3411 minus
576 3356 645 3412 ob
668 3365 883 3412 aetatem
907 3358 959 3414 id
989 3374 1186 3414 munus
1204 3360 1365 3416 obire.
1381 3361 1605 3428 valeret,
1628 3375 1944 3433 comparato

375 3446 481 3502 sibi
519 3446 789 3518 jumento,
837 3459 1091 3518 equester
1115 3451 1182 3505 ad
1214 3452 1317 3507 hoc
1357 3452 1413 3509 S.
1460 3454 1642 3511 Maria:
1672 3468 1943 3512 monaste-

374 3542 538 3609 rium,
571 3545 955 3600 comitantibus
979 3546 1253 3601 nonnullis
1278 3562 1399 3601 cum
1424 3548 1556 3603 viris
1590 3558 1702 3605 tum
1750 3551 1943 3606 mulie-

377 3632 547 3700 ribus,
576 3633 864 3689 sanctitate
891 3632 1114 3690 Joannis
1162 3638 1213 3690 in
1248 3638 1455 3706 primis,
1489 3639 1678 3696 deinde
1703 3641 1945 3698 mulieris

318 3768 319 3771 η
375 3722 654 3782 nobilitate
676 3724 986 3794 compulsis,
1022 3726 1076 3781 in
1105 3727 1274 3796 ipsius
1314 3727 1608 3786 festivitate
1652 3733 1942 3788 contende-

376 3826 459 3871 ret
487 3830 504 3871 :
533 3830 599 3872 eo
623 3816 782 3872 ducta
814 3832 1001 3872 amore
1040 3818 1225 3875 divino
1261 3829 1318 3875 et
1354 3818 1580 3878 Joannis
1611 3825 1941 3881 sanctissimi

374 3903 660 3971 beneﬁcio,
688 3914 747 3962 ut
768 3906 966 3962 nullam
993 3908 1320 3976 molestiam,
1346 3911 1657 3984 nullumque
1678 3914 1941 3984 laborem,

375 3996 470 4052 sed
519 3997 847 4069 voluptatem
886 4000 1084 4070 potius,
1123 4001 1386 4072 jejunium
1437 4004 1648 4074 iterque
1689 4023 1942 4072 asperum

374 4086 652 4143 aﬂerrent.
698 4087 893 4146 Verum
941 4107 1084 4148 nunc
1126 4095 1193 4147 ad
1243 4093 1472 4164 reliqua.
1535 4094 1671 4153 Nam
1717 4096 1941 4157 Joannis

374 4179 697 4234 sanctissimi
732 4180 987 4236 miracula
1018 4184 1374 4255 prodigiaque
1402 4188 1664 4259 stupenda
1698 4203 1819 4246 sese
1847 4206 1943 4249 no-

373 4268 459 4324 bis
487 4272 804 4326 catervatim
836 4271 1087 4329 offerunt.

443 4360 531 4415 81.
570 4360 807 4419 Joannes
847 4364 1067 4436 quidam
1107 4383 1215 4423 non
1254 4369 1440 4425 intimo
1474 4369 1593 4427 loco
1643 4382 1823 4439 natus,
1848 4375 1939 4444 qui

1969 3141 2014 3202 C

373 3265 479 3321 hoc
524 3266 732 3321 addidit
772 3266 933 3322 etiam
965 3276 1023 3322 ut
1064 3270 1344 3325 annuatim
1369 3272 1618 3340 pedester
1644 3273 1833 3345 (ιδεμ
1860 3275 1943 3331 sin
1994 3268 2007 3280 ’

2046 1912 2360 1980 apparebat,
2386 1928 2507 1967 cum
2531 1915 2704 1985 probe
2735 1927 2791 1972 ut
2820 1932 3009 1975 amens
3036 1930 3414 1981 consternatus
3436 1942 3464 1981 a
3490 1928 3612 1985 loco

2046 2013 2146 2054 suo
2185 2000 2440 2071 humique
2474 2015 2780 2072 prostratus
2812 2007 3163 2067 exclamaret.
3207 2013 3472 2071 Cancrum
3499 2034 3624 2074 eum

2047 2089 2151 2144 bo‘c
2174 2090 2228 2144 in
2256 2091 2374 2145 loco
2399 2094 2582 2159 etiam,
2617 2098 2800 2153 nescio
2825 2114 2928 2168 qua
2972 2102 3166 2170 gratia,
3203 2105 3386 2161 multis
3413 2108 3623 2174 diebus,

2045 2181 2329 2235 orantibus
2370 2190 2428 2238 et
2450 2183 2860 2252 conjurantibus
2902 2192 3203 2257 monachis,
3238 2209 3338 2263 pro
3365 2197 3447 2250 sui
3477 2199 3622 2253 vale—

2050 2269 2235 2326 tudine
2264 2275 2632 2341 recuperanda
2666 2274 2865 2332 frustra
2895 2283 3248 2350 consumptis,
3297 2284 3431 2339 nihil
3460 2289 3624 2357 proli-

2043 2370 2214 2426 ceret,
2263 2377 2334 2417 ne
2376 2364 2538 2419 inane
2569 2375 2834 2421 tereretur
2871 2378 3099 2440 tempus,
3130 2373 3232 2427 hoc
3256 2374 3414 2430 nobis
3449 2391 3625 2447 teger-

2046 2451 2181 2507 rime
2208 2453 2527 2523 ferentibus,
2555 2454 2808 2524 Romam,
2826 2460 3024 2528 nequid
3053 2461 3124 2515 ob
3150 2463 3232 2517 sui
3255 2464 3452 2520 bonam
3480 2468 3626 2522 rale-

2047 2543 2282 2598 tudinem
2314 2549 2742 2616 recuperandam
2787 2552 3246 2619 praetermittunt,
3290 2554 3428 2611 alter
3454 2558 3624 2618 frater

2043 2634 2374 2689 contendere
2415 2639 2621 2692 statuit.
2657 2638 2756 2695 Ubi
2800 2640 2963 2711 igitur
3005 2641 3231 2700 Romam
3276 2660 3494 2714 venere,
3531 2663 3625 2703 eoo

2045 2720 2302 2789 lumnam,
2335 2724 2422 2778 cui
2445 2724 2603 2782 Jesus
2633 2719 3134 2799 Cliristu‘s‘hterens,
3160 2735 3286 2790 dum
3317 2739 3618 2808 praedicare

2044 2817 2234 2872 solitus
2262 2827 2402 2884 erat,
2437 2820 2709 2891 ingressus
2738 2823 3187 2897 [estjdn'qirimim
3217 2831 3263 2885 si
3296 2830 3438 2888 forte
3473 2832 3624 2890 incm

2044 2906 2205 2963 lumis
2230 2910 2403 2966 ﬁeret.
2433 2910 2670 2968 Verbum
2697 2917 2786 2970 ubi
2815 2917 2866 2972 id
2890 2932 3080 2988 parum
3106 2922 3399 2992 procedere
3424 2940 3620 2999 cognoo

2043 2999 2167 3064 sc'it,
2196 3001 2457 3056 bonorum
2489 3005 2717 3060 consilio
2738 3008 2921 3063 omnia
2961 3012 3199 3081 experiri
3227 3013 3454 3081 malens,
3485 3032 3621 3072 cuna

2045 3099 2184 3155 clas,
2215 3108 2336 3162 quae
2361 3092 2548 3150 Romae
2565 3106 2711 3162 sunt,
2736 3098 2996 3158 ecclesias
3027 3112 3339 3160 sanctorum
3361 3106 3609 3178 reliquiis

2046 3183 2370 3251 celebratas,
2402 3186 2751 3245 devotissime
2778 3192 3137 3262 perlustrans,
3169 3213 3275 3252 non
3309 3200 3470 3256 modo
3508 3201 3619 3255 frao

2050 3274 2147 3329 tris
2175 3277 2490 3345 soSpitatem
2520 3279 2749 3347 invenit,
2775 3282 2871 3337 sed
2892 3282 3162 3353 diabolus,
3175 3288 3269 3344 ubi
3295 3304 3362 3345 ex
3375 3291 3620 3352 ecclesiis

2048 3366 2364 3433 cedebatur,
2394 3368 2446 3422 in
2470 3370 2586 3424 dies
2622 3372 2740 3427 ﬁeri
2765 3372 3019 3430 ferocior.

2118 3457 2209 3513 85.
2253 3456 2348 3513 His
2399 3462 2559 3516 rebus
2603 3462 2815 3532 asperis
2857 3463 3001 3521 alter
3036 3467 3210 3525 frater
3252 3485 3361 3527 non
3406 3484 3619 3544 pertur-

2044 3545 2187 3610 bari,
2215 3548 2309 3602 sed
2338 3549 2447 3603 Deo
2475 3550 2678 3619 gratias
2711 3565 2879 3622 agens
2908 3552 3213 3628 fortemque
3254 3562 3495 3617 animum
3524 3579 3620 3634 ge-

2045 3650 2190 3699 rens,
2223 3638 2413 3692 statuit
2441 3639 2634 3708 quovis
2661 3641 2823 3699 modo
2867 3645 3104 3712 operari,
3148 3659 3206 3702 ut
3251 3649 3340 3703 ille
3374 3652 3617 3721 pristinae

2047 3727 2360 3783 redderetur
2380 3729 2622 3784 sanitati.
2640 3732 2720 3786 Ad
2730 3733 3075 3804 Aquilensem
3089 3738 3235 3810 (156)
3248 3754 3380 3812 ergo
3402 3744 3611 3808 urbem,

2044 3816 2132 3870 ubi
2164 3817 2222 3871 S.
2249 3815 2508 3875 Bernardi
2531 3819 2676 3892 (157)
2710 3822 2973 3880 Minoi-um
2995 3825 3247 3884 Fratrum
3273 3846 3471 3901 corpus
3498 3835 3567 3889 bo

2043 3906 2269 3963 norilice
2291 3910 2546 3981 quiescit,
2582 3913 2730 3982 quia,
2770 3923 2832 3969 ut
2872 3914 3069 3984 fertur,
3109 3919 3217 3976 illic
3240 3920 3367 3981 Jesu
3397 3924 3601 3985 Christi

2042 4000 2214 4070 gratia
2258 4002 2505 4071 plurimis
2553 4005 2716 4074 pollet
2770 4008 3067 4078 miraculis,
3128 4018 3487 4074 contendunt.
3530 4019 3610 4077 lbi

2042 4092 2205 4149 etiam
2237 4094 2508 4151 incassum
2536 4112 2661 4153 cum
2692 4108 2959 4158 tereretur
3001 4112 3233 4178 tempus,
3272 4108 3470 4168 divinis
3489 4126 3617 4169 corp

2043 4182 2217 4239 ﬁdens
2240 4184 2539 4251 beneﬁciis,
2565 4188 2694 4256 alia,
2720 4205 2840 4259 qua:
2879 4194 3216 4273 perdtaliam
3249 4199 3396 4256 fama
3422 4203 3610 4260 claris-

2043 4273 2177 4328 sima
2202 4286 2326 4330 sunt
2355 4276 2469 4331 loca
2498 4280 2802 4351 templaque
2832 4285 3044 4351 adiens,
3088 4288 3350 4362 fratrique
3380 4296 3609 4367 sospita-

2045 4373 2154 4420 tem
2180 4379 2287 4425 non
2329 4365 2448 4421 dari
2501 4368 2829 4443 intelligens,
2859 4376 3061 4432 nullum
3101 4378 3254 4437 ferox
3284 4384 3368 4441 vel
3400 4365 3604 4446 malum

376 4450 664 4522 hospitium
697 4452 911 4519 inloco,
940 4457 1083 4527 quod
1107 4456 1436 4515 Malmantile
1467 4459 1614 4531 (155)
1646 4463 1943 4529 dicitur,ab
1970 4469 2022 4531 D
2045 4459 2268 4551 Verbum
2323 4463 2511 4529 edens.
2561 4465 2779 4522 domum
2838 4471 3017 4527 redire
3055 4485 3231 4544 parat.
3274 4478 3439 4551 Igitur
3485 4498 3610 4539 cum

373 4540 506 4596 urbe
556 4541 866 4599 Florentina
896 4561 1004 4600 non
1055 4546 1282 4602 multum
1329 4548 1556 4615 distans,
1599 4552 1944 4609 ltrereditario

367 4631 492 4700 jure
532 4632 782 4701 habebat,
812 4652 842 4690 a
884 4638 1122 4707 pessimo
1165 4640 1430 4707 demens,
1481 4651 1540 4697 ut
1571 4642 1766 4702 deinde
1811 4663 1841 4701 a
1884 4664 1943 4704 re

374 4723 489 4792 ipsa
516 4727 801 4796 probatum
829 4739 933 4795 est,
975 4738 1188 4800 captus,
1225 4748 1256 4786 a
1285 4747 1384 4787 suo
1412 4748 1669 4802 germano
1719 4737 1943 4795 strictus
1975 4751 1980 4755 ‘

375 4813 609 4883 undique
644 4814 882 4883 funibus,
917 4819 970 4873 in
999 4820 1173 4876 atroci
1215 4822 1381 4878 etiam
1427 4825 1638 4894 positus
1670 4826 1938 4897 jumento,

376 4905 444 4960 ad
468 4904 567 4962 hoc
598 4906 655 4962 S.
690 4907 869 4963 Maria:
898 4913 1307 4978 monasterium,
1337 4917 1727 4973 comitantibus
1752 4934 1815 4973 ex
1853 4922 1938 4976 af-

378 4994 572 5055 ﬁnibus
620 5010 675 5055 et
715 5000 1006 5057 clientibus
1050 5005 1339 5069 nonnullis,
1377 5018 1562 5062 nostra
1623 5018 1940 5079 tempestate

445 5148 588 5180 "En
639 5153 881 5180 n-.r--.-..
919 5158 977 5180 .r-
1013 5159 1123 5180 -2..-
1162 5169 1359 5180 .-ημῖν
1442 5165 1493 5180 γ.

2044 4549 2303 4616 redirent,
2335 4554 2424 4608 ubi
2454 4555 2520 4609 ad
2554 4555 2608 4613 id
2641 4555 2746 4612 loci
2784 4568 3024 4628 Ventum,
3059 4579 3167 4635 quo
3190 4549 3318 4623 olim
3355 4569 3611 4640 Annibal,

2043 4649 2105 4693 ut
2138 4643 2410 4698 memoria:
2464 4647 2734 4714 proditum
2772 4660 2875 4716 est,
2920 4668 3140 4712 suorum
3199 4671 3416 4730 castra,
3488 4681 3611 4721 cum

2042 4729 2269 4786 Boniam
2298 4741 2672 4805 contenderet,
2697 4745 2918 4812 posuit;
2952 4749 3043 4818 qui
3065 4750 3213 4807 locus
3250 4729 3611 4813 nuncLancia

2043 4837 2100 4877 sa
2121 4861 2136 4886 ,
2166 4837 2388 4897 propter
2417 4844 2547 4886 saxa
2575 4841 2702 4889 tunc
2734 4851 2765 4890 a
2798 4838 2911 4894 suis
2950 4841 3123 4899 incisa
3148 4845 3213 4900 ad
3234 4847 3484 4916 paludem
3514 4866 3613 4905 ex-

2041 4914 2350 4971 siccandam
2376 4919 2577 4978 dicitur
2608 4925 2801 4999 (iss):
2855 4931 2992 4988 dixit
3038 4934 3148 5000 ille,
3197 4914 3356 5005 quem
3402 4939 3609 4994 daemon

2042 5014 2268 5061 vexarat
2293 5009 2540 5066 acriter:
2580 5013 2650 5068 Mi
2678 5016 2867 5082 frater,
2895 5034 2962 5074 eu
3001 5024 3124 5089 iter,
3152 5026 3294 5092 quod
3323 5027 3390 5079 ad
3423 5040 3612 5081 mona-
