4110 5362
512 198 615 256 ειτ

1548 203 1604 259 S.
1644 203 1926 260 JOANNIS
1965 202 2354 260 GUALBERTI
2396 204 2681 260 ABBATIS

3648 196 3765 256 858

500 311 736 365 serium
761 309 821 366 S.
852 309 1035 366 Maria:
1056 311 1120 364 de
1151 310 1299 366 Valle
1326 312 1587 367 Umbrosa
1612 316 1878 384 dirigitur.
1929 315 2071 382 Quid
2103 318 2151 378 Α
2178 316 2368 370 anima:
2396 300 2726 371 imminebat.
2750 313 3001 383 Jamjam,
3022 314 3186 369 frater
3209 315 3387 368 animo
3403 330 3520 368 meo
3543 317 3762 370 charis-

517 403 667 458 tttm?
704 402 837 458 alter
881 402 1082 456 frater:
1117 403 1252 469 Quid
1285 405 1433 457 tum?
1466 405 1533 459 Ut
1558 421 1621 459 eo
1660 407 2070 461 contendamus.

504 492 665 547 Satis
686 506 955 561 superque
996 493 1147 555 satis,
1179 494 1353 562 inquit
1384 494 1493 559 ille,
1532 496 1652 550 aliis
1689 497 1947 565 nobisque
1986 506 2077 551 ta!-

509 582 624 642 dio,
661 580 921 635 molestiae
958 583 1219 649 onerique
1268 581 1494 648 fuimus;
1543 587 1890 654 quamobrem
1940 587 2079 640 ince-

504 680 660 731 ttum
690 670 905 723 domum
931 680 1167 725 nostram
1213 687 1404 727 versus
1454 674 1558 727 iter
1602 690 1919 745 peragamus
1956 690 2073 729 oro.

518 760 627 814 Non
659 761 753 826 ita,
784 760 972 825 frater,
1001 778 1102 815 non
1132 770 1276 815 recte
1296 764 1463 817 sentis
1484 764 1751 831 profecto:
1782 765 2080 835 persuadeo

519 850 679 915 enTm,
702 865 789 904 me
814 848 872 904 S.
896 849 1121 904 Joannis
1145 852 1516 917 precibus,cui
1548 867 1870 922 magnopere
1894 852 2078 918 credo,

519 941 839 997 Incolumem
872 957 1180 997 evasurum.
1218 940 1345 997 Jesu
1374 944 1533 1008 bone,
1560 945 1690 1014 quid
1711 958 1837 997 vera
1867 951 2079 998 sancta-

519 1049 620 1103 que
643 1035 677 1087 li
698 1035 799 1099 les,
832 1034 1082 1087 humanis
1113 1034 1269 1087 insita
1313 1035 1624 1103 pectoribus
1654 1036 1719 1088 ad
1744 1036 1935 1095 varias,
1961 1049 2085 1103 gra-

520 1125 622 1177 tias
662 1125 1027 1195 impetrandas
1057 1125 1230 1179 valeat
1260 1126 1557 1195 possitque,
1588 1142 1709 1180 cum
1762 1138 2083 1194 unaquaque

521 1231 571 1268 In
603 1231 658 1270 re
694 1217 832 1270 bona
856 1215 937 1271 vel
961 1217 1220 1284 sospitate
1248 1216 1537 1272 obtinenda
1581 1227 1960 1288 cognoscatur,
2006 1224 2085 1270 ta-

519 1321 640 1361 men
675 1307 727 1361 in
756 1308 856 1361 hoc
889 1306 1091 1375 liquido
1119 1308 1307 1377 patuit.

590 1395 681 1451 84.
723 1393 854 1449 Cum
892 1396 1033 1450 enim
1082 1396 1168 1450 hic
1224 1404 1412 1459 totam,
1464 1405 1521 1450 ιιι
1576 1396 1861 1451 incolumis
1917 1409 2081 1462 esset,

522 1484 727 1538 Italiam
786 1483 1003 1553 petierit
1051 1494 1344 1553 sanctaque
1394 1487 1507 1539 loca
1572 1485 1763 1539 adierit
1813 1488 2083 1549 universa,

524 1576 773 1646 quodque
814 1578 1052 1645 optabat,
1099 1578 1241 1631 haud
1283 1577 1616 1647 impetrarit;
1664 1578 1786 1632 dum
1817 1592 1937 1632 cum
1975 1594 2088 1645 ger-

2178 410 2333 473 sime,
2382 425 2447 463 ex
2496 423 2604 478 quo
2655 408 2863 461 meritis
2908 405 3135 461 Joannis
3185 406 3511 459 sanctissimi
3560 422 3627 460 ex
3674 412 3765 461 tot

2174 499 2432 551 :erumnis
2457 505 2511 551 et
2533 495 2764 550 miseriis
2787 495 3001 549 evasisti
3026 493 3327 560 incolumis,
3351 509 3542 563 meque
3561 495 3766 561 etiam,

2180 587 2232 640 in
2285 596 2429 640 tanta
2486 585 2622 638 mala
2671 586 3051 655 prmcipitatus,
3124 594 3214 639 tua
3264 585 3522 654 sospitate
3573 583 3765 640 fecisti

2180 677 2417 730 beatum.
2451 674 2603 727 Nunc
2633 673 2894 743 profecto,
2918 673 3041 727 Jcsu
3071 674 3227 737 bone,
3252 673 3295 726 si
3326 674 3418 727 tibi
3445 675 3548 727 hoc
3571 675 3766 729 animo

2180 765 2413 826 sederet,
2452 763 2586 815 mori
2614 762 2821 824 liceret,
2854 779 2919 816 ne
2952 762 3146 816 iterum
3169 762 3426 831 :rgritndo
3452 762 3630 831 aliqua
3666 777 3765 816 re-

2182 869 2301 908 rum
2349 854 2703 906 humanarum
2757 867 2841 905 me
2888 850 3247 919 spectaculum
3297 850 3550 918 praebeat.
3592 850 3767 904 Eum-

2168 954 2286 1012 'que
2313 942 2504 996 deinde
2537 940 2866 1010 amplectens
2890 948 2945 992 et
2965 938 3302 998 exosculans,
3331 940 3399 991 ab
3419 938 3566 991 omni
3598 939 3766 992 turba
3834 926 3837 929 ’

2183 1035 2459 1090 hominum
2501 1033 2853 1103 comploratio
2904 1047 2965 1086 ea
3006 1030 3296 1086 miserabili
3345 1030 3595 1083 oratione
3644 1031 3767 1084 bis-

2183 1140 2288 1195 que
2318 1125 2559 1195 gestibus
2584 1135 2701 1178 orta
2748 1134 2849 1178 cst.
2897 1124 3121 1176 Dcmum
3160 1123 3225 1175 ad
3258 1121 3546 1189 hospitium
3596 1121 3767 1175 incli—

2186 1214 2316 1276 nati,
2349 1229 2555 1267 summa
2580 1228 2699 1265 eum
2728 1212 2912 1266 laetitia
2944 1221 3285 1280 sumpserunt
3309 1211 3508 1264 cibum.

2255 1307 2342 1361 86.
2381 1306 2513 1360 Cum
2556 1306 2735 1375 igitur,
2769 1314 2981 1374 sumpto
3011 1304 3150 1367 cibo,
3181 1318 3340 1372 quam
3369 1303 3508 1356 viam
3538 1315 3771 1369 aggres-

2187 1397 2297 1451 suri
2345 1404 2528 1450 essent
2574 1396 2730 1467 ‘haud
2782 1396 2959 1448 adhuc
3018 1395 3352 1455 statuissent,
3424 1392 3493 1445 ad
3549 1391 3769 1448 Vallem

2191 1487 2615 1547 Umbrosamne,
2646 1502 2713 1539 an
2750 1485 2801 1538 in
2834 1485 3059 1553 patriam
3088 1486 3496 1547 contenderent,
3527 1499 3771 1553 βιωθεῖ-

2191 1579 2309 1642 ιίιη,
2369 1586 2428 1631 ut
2480 1577 2610 1640 dixi,
2669 1592 2790 1630 cum
2847 1576 2997 1630 varie
3043 1576 3334 1638 sentirent,
3390 1575 3626 1632 Joannes
3679 1576 3771 1631 sic

500 1681 685 1720 amano
726 1666 862 1720 bona
904 1666 1007 1721 fide
1054 1665 1147 1720 dat
1189 1676 1372 1721 mutuo
1420 1668 1736 1736 accvpitque
1782 1668 1967 1729 verba,
2020 1682 2085 1721 ex
2120 1644 2163 1700 Β
2190 1669 2417 1723 adorsus
2447 1677 2530 1723 est
2554 1667 2819 1722 fratrem:
2860 1668 2932 1721 lix
2977 1684 3103 1737 quo,
3138 1668 3207 1720 mi
3256 1667 3438 1731 frater,
3470 1669 3536 1720 de
3566 1669 3772 1721 itinere

523 1754 767 1822 iumento
803 1755 1105 1825 prolapsus,
1144 1757 1285 1810 inter
1316 1755 1501 1810 fratris
1529 1756 1864 1825 aliorumque
1899 1772 2091 1811 manus

490 1846 812 1914 excipitur,
854 1846 1109 1918 humique
1146 1847 1347 1902 sensim
1395 1847 1649 1916 ponitur:
1693 1847 1891 1917 ibique,
1927 1848 2089 1902 veluti

526 1936 806 2004 spiritibus
856 1935 1112 1991 vitalibus
1163 1936 1374 1991 cunctis
1426 1936 1735 1998 destitutus,
1790 1946 2094 2005 prostratus

523 2027 730 2095 iacens,
773 2042 880 2082 non
925 2027 1135 2098 longam
1173 2028 1252 2084 sic
1296 2028 1516 2084 trahens
1559 2043 1789 2094 moram,
1830 2029 1942 2084 Deo
1975 2043 2096 2098 gra-

529 2120 651 2182 tias,
701 2118 810 2175 Deo
855 2120 1081 2189 gratias,
1121 2121 1205 2175 bis
1234 2120 1428 2174 iterata
1465 2133 1597 2174 voce
1628 2116 1898 2176 exclamat
1925 2135 1941 2171 :
1968 2133 2098 2174 ecta:

483 2231 489 2237 ·
526 2207 797 2275 convalui,
828 2209 954 2278 quid
989 2210 1174 2274 tiineo,
1205 2209 1332 2281 quid
1355 2208 1534 2278 iaceo,
1578 2208 1706 2279 quid
1746 2207 1934 2263 differo
1972 2208 2099 2262 bea-

530 2304 617 2352 tus
645 2297 782 2369 ego!
830 2297 925 2352 llis
971 2296 1138 2352 frater
1178 2298 1396 2364 auditis,
1433 2298 1486 2352 in
1520 2296 1703 2351 fratris
1731 2297 1975 2352 osculum
2003 2309 2098 2365 ge-

529 2389 701 2446 stiens
726 2389 988 2460 prorupit.
1021 2388 1238 2445 Clamor
1276 2388 1399 2443 inde
1444 2389 1702 2443 comitum
1736 2402 1845 2459 pra:
1880 2388 2097 2458 gaudio,

484 2506 489 2509 τ
530 2495 933 2549 concursusque
961 2480 1235 2533 hominum
1269 2478 1414 2543 illuc,
1472 2478 1786 2533 mirantium
1842 2477 1970 2547 quid
2024 2476 2099 2530 rei

531 2571 624 2623 sit.
679 2569 920 2639 Surgunt
969 2571 1155 2634 ambo;
1202 2568 1457 2638 lacrymis
1496 2567 1702 2622 obortis
1753 2566 1927 2635 inquit
1972 2564 2097 2618 ille:

482 2690 488 2695 -
535 2661 792 2729 Equidem
822 2662 922 2716 hoc
955 2675 1076 2715 meo
1106 2654 1259 2717 fratri
1286 2666 1497 2712 constat
1524 2658 1684 2721 satis,
1712 2667 1971 2725 quantum
2002 2671 2104 2709 ca:-

486 2782 491 2787 ·
538 2753 668 2805 teris
701 2751 754 2805 in
806 2751 1087 2812 beatorum
1132 2750 1237 2807 vita
1287 2756 1505 2817 przestet
1548 2746 1785 2800 Joannes
1824 2743 2102 2799 Gualberti

482 2872 497 2878 -
537 2839 944 2902 sanctissimus;
977 2854 1097 2893 cum
1129 2837 1460 2901 universam,
1503 2836 1620 2904 ipso
1667 2849 1697 2887 a
1737 2835 1978 2887 daemone
2016 2846 2107 2886 ca-

2192 1760 2451 1814 snntendo
2488 1764 2643 1826 longe
2682 1758 2853 1810 aliena
2890 1756 2982 1811 tibi
3022 1772 3172 1809 meus
3204 1766 3300 1818 est,
3357 1759 3546 1810 saltem
3576 1758 3628 1811 in
3659 1758 3771 1811 hoc

2194 1865 2401 1903 mecum
2432 1848 2633 1902 sentias
2661 1848 2800 1910 volo,
2847 1856 2904 1900 ut
2949 1846 3181 1916 gratuito
3227 1845 3520 1914 libentique
3554 1847 3768 1909 animo,

2195 1953 2262 1993 ne
2292 1938 2482 2007 ingrati
2524 1953 2648 2007 erga
2700 1937 2758 1992 S.
2814 1936 3077 1990 Joannem
3122 1938 3308 1998 simus,
3365 1937 3455 2006 qui
3496 1936 3653 1991 nobis
3706 1937 3769 1990 in

2198 2040 2436 2100 tempore
2457 2039 2761 2098 opportuno
2792 2044 2948 2097 opem
2976 2028 3114 2094 tulit,
3148 2044 3254 2098 quo
3283 2029 3394 2098 ipse
3414 2045 3542 2083 usus
3571 2030 3624 2082 in
3657 2029 3771 2084 hoc

2197 2122 2413 2184 itinere,
2438 2118 2617 2175 mulus
2642 2118 3049 2173 Valimbrosano
3080 2119 3406 2173 monasterio
3424 2118 3563 2173 dono
3586 2119 3767 2173 detur.

2197 2212 2313 2267 Non
2339 2212 2513 2265 mulus
2551 2219 2779 2275 tantum,
2821 2209 2993 2278 inquit
3034 2208 3169 2262 alter
3210 2208 3394 2274 frater,
3438 2224 3625 2263 verum
3666 2222 3773 2277 pro

2200 2306 2453 2376 religione
2500 2319 2701 2374 proque
2754 2303 2924 2358 salute
2973 2302 3270 2355 animarum
3318 2311 3622 2356 nostrarum
3668 2301 3772 2354 du-

2201 2398 2343 2452 centi
2372 2396 2520 2450 aurci
2567 2394 2632 2448 ad
2664 2394 2807 2447 illius
2837 2391 3148 2445 monasterii
3179 2382 3445 2459 sumptus
3470 2390 3770 2458 augendos,

2200 2498 2260 2542 ut
2305 2487 2371 2542 de
2426 2485 2688 2557 religione
2741 2492 2847 2537 tam
2905 2482 3040 2536 bene
3108 2483 3436 2535 merentibus
3489 2482 3775 2535 monachis

2202 2593 2364 2648 penes
2415 2576 2594 2631 Jesum
2649 2577 2911 2646 gratiores
2954 2575 3392 2642 acccptioresque
3468 2574 3658 2636 siums,
3714 2572 3770 2625 in

2204 2667 2513 2721 Florentino
2541 2676 2723 2720 monte
2752 2680 2812 2718 ea
2840 2664 2976 2733 lege,
3002 2679 3104 2732 qua
3131 2663 3275 2717 cives
3297 2664 3384 2732 jus
3411 2662 3494 2714 edi
3526 2661 3770 2724 voluere,

2204 2765 2474 2828 ponantur
2496 2771 2559 2810 ex
2584 2755 2672 2809 his
2696 2753 2869 2817 bonis,
2902 2769 3021 2821 qua:
3056 2752 3209 2805 nobis
3249 2760 3472 2819 paterno
3496 2750 3775 2804 hereditao

2208 2852 2395 2920 rioqne
2431 2847 2554 2916 jure
2610 2848 2905 2917 probantur
2982 2857 3118 2899 esse.
3206 2842 3316 2895 [loc
3375 2848 3524 2894 tuum
3592 2841 3779 2894 cousi-

496 2967 501 2976 .
540 2940 652 3000 pto,
680 2928 1013 2998 perlustrans
1058 2927 1265 2981 italiam
1286 2967 1300 2992 ,
1334 2926 1573 2980 omnium
1624 2925 1738 2980 loca
1769 2933 2102 2988 sanctorum,

2211 2941 2363 3003 lium,
2395 2948 2645 3006 tuamque
2681 2933 2997 2989 sententiam
3034 2932 3201 3001 probo
3233 2939 3285 2983 et
3313 2929 3493 2994 laudo,
3539 2930 3609 2982 mi
3657 2928 3776 2982 fra-

541 3038 660 3087 qua:
689 3030 873 3076 nostra
920 3020 1179 3077 memoria
1215 3020 1353 3074 fama
1387 3019 1590 3088 ingenti
1621 3027 1674 3072 et
1714 3017 1944 3088 gloriosa
1987 3031 2108 3083 per—

482 3136 491 3161 ι
541 3112 774 3183 fulgent,
816 3111 1073 3167 adiverim
1115 3112 1329 3175 devote,
1377 3108 1618 3178 nihilque
1648 3108 1750 3160 ulla
1788 3108 1839 3160 in
1887 3121 1943 3159 re
1988 3099 2108 3174 prol

542 3202 785 3266 fecerim,
818 3218 981 3265 nunc,
1035 3201 1176 3272 quod
1206 3202 1426 3255 minime
1467 3198 1774 3268 sperabam,
1806 3212 1871 3252 eo
1904 3206 2107 3249 tantum

482 3330 489 3336 .
544 3292 812 3355 invocato,
851 3290 1066 3347 caelitus
1108 3290 1263 3347 nobis
1300 3288 1561 3344 auxilium
1589 3302 1685 3342 sua
1725 3285 1880 3342 solita
1909 3285 2110 3356 pietate

544 3384 760 3439 mittere
787 3383 1040 3455 dignatus
1067 3394 1171 3440 est.

756 3473 958 3529 Deinde
998 3475 1077 3528 .ad
1141 3473 1363 3529 fratrem
1415 3484 1730 3531 conversus,
1792 3469 1915 3521 ait:
1974 3466 2112 3521 Ecce

545 3564 863 3633 sospitatem
909 3563 1003 3618 tibi
1035 3564 1286 3633 precibus
1323 3562 1545 3617 Joannis
1576 3556 1903 3613 sanctissimi
1935 3557 2110 3610 reddi-
2162 3598 2167 3601 .

550 3664 679 3715 tam,
709 3652 778 3705 mi
811 3651 979 3706 frater
1008 3670 1020 3704 :
1056 3668 1140 3705 me
1166 3652 1339 3705 dubiae
1369 3651 1490 3704 fidei
1527 3659 1580 3703 et
1616 3648 1840 3702 modica:
1869 3646 2110 3716 plenitet,

502 3774 508 3782 -
550 3743 642 3809 qui
675 3743 768 3797 tibi
819 3757 1007 3811 parum
1032 3742 1152 3797 ﬁdei
1183 3741 1542 3797 adhibendum
1584 3756 1704 3795 esse
1727 3738 1898 3811 [duxi]
1942 3738 2110 3807 (159).

551 3835 765 3899 Desino,
812 3845 868 3890 et
913 3836 1022 3890 Deo
1059 3836 1437 3904 omnipotenti,
1479 3834 1570 3904 qui
1607 3848 1705 3887 nos
1733 3830 1933 3886 creavit
1962 3830 2116 3883 rede-

484 3970 489 3974 .
552 3929 780 3998 mitque,
827 3937 881 3984 et
930 3928 1137 3997 Virgini
1195 3929 1375 3983 Maria:
1427 3928 1586 3982 matri
1624 3925 1762 3995 ejus,
1825 3932 2116 3991 sanctoque

457 4050 495 4069 ο,
548 4016 775 4083 Joauui,
821 4034 980 4088 quam
1023 4018 1309 4082 maximas,
1357 4033 1516 4086 quam
1550 4018 1808 4085 ingentes,
1834 4028 1930 4083 pro
1969 4020 2117 4065 tanto

489 4156 494 4162 .
557 4107 759 4178 talique
806 4109 1068 4164 beneficio
1099 4092 1151 4163 in
1198 4124 1295 4163 nos
1336 4106 1550 4169 collato,
1578 4106 1647 4161 ob
1675 4114 1819 4158 tuam
1852 4101 2115 4155 valetudi-

554 4214 677 4253 nem
724 4214 824 4269 ago
879 4201 1104 4269 gratias,
1156 4212 1421 4270 agamque
1458 4211 1687 4266 semper.
1740 4193 1947 4263 δίηρὶιιε
1974 4191 2117 4247 enim

2213 3041 2313 3094 ter,
2343 3038 2401 3083 ut
2438 3028 2602 3080 vitam
2650 3024 2791 3077 illam
2839 3020 3217 3081 immortalem,
3269 3018 3561 3090 gloriosam
3601 3018 3780 3073 servis

2212 3119 2302 3172 Dei
2333 3117 2729 3183 cleemosyuam
2761 3109 2853 3163 Dei
2886 3122 3067 3161 amore
3100 3105 3400 3166 tribuendo,
3427 3104 3581 3158 nobis
3600 3103 3779 3159 vindi-

2210 3223 2415 3263 cemus.
2446 3206 2644 3273 Sicque
2670 3201 2829 3256 rebus
2857 3198 3190 3267 compositis,
3223 3197 3326 3249 laiti
3354 3197 3570 3250 domum
3598 3195 3781 3251 disce-

2210 3301 2361 3355 dunt.
2390 3298 2532 3365 Quos
2559 3293 2833 3349 annuatim
2866 3294 3082 3359 insuper
3104 3290 3160 3345 Β.
3185 3288 3405 3363 Joannis
3433 3288 3784 3343 festivitatem

2211 3388 2536 3452 celebrasse,
2578 3386 2703 3441 dum
2742 3382 2848 3437 vita
2879 3382 2957 3435 eis
2999 3381 3097 3433 fuit
3147 3378 3407 3443 mortalis,
3451 3377 3783 3447 accepimus.

2400 3494 2403 3497 ·
2821 3468 2998 3525 PARS
3037 3467 3160 3523 Vill.

2282 3568 2366 3623 87.
2390 3566 2674 3619 Procerum
2693 3558 2975 3629 quemdam
2999 3556 3302 3626 ingentique
3322 3567 3549 3621 corpore
3580 3552 3785 3615 virum,

2213 3665 2298 3721 cui
2329 3663 2502 3718 obsita
2539 3655 2789 3726 squalore
2818 3651 3000 3716 vestis,
3033 3651 3401 3719 promissaque
3427 3647 3617 3707 barba,
3642 3646 3788 3697 insu-

2215 3772 2310 3827 per
2351 3763 2405 3809 et
2447 3749 2622 3820 capilli
2668 3744 2917 3813 incompti
2965 3740 3320 3797 efferaverant
3374 3737 3609 3808 speciem
3653 3736 3788 3796 oris,

2217 3825 2339 3908 huc,
2368 3841 2512 3898 nullo
2546 3838 2760 3901 comite,
2786 3832 3127 3889 contendisse
3167 3828 3413 3881 vidimus.
3443 3825 3542 3892 Qui
3562 3825 3790 3892 quidem

2217 3938 2387 4007 prima
2417 3933 2575 3995 facie,
2610 3938 2667 3983 ut
2701 3928 2924 3981 insanus
2951 3937 2980 3975 a
3021 3918 3311 3983 nonnullis,
3358 3917 3447 3986 qui
3482 3914 3613 3966 foris
3634 3920 3787 3965 erant

2212 4002 2436 4096 iuvenes
2457 4019 2741 4077 saeculares
2787 4024 2840 4072 et
2869 4010 3136 4073 conversi,
3181 4023 3278 4078 pro
3320 4004 3551 4059 ludibrio
3576 4002 3791 4056 habitus

2220 4092 2461 4173 est:sed
2516 4127 2638 4165 cum
2682 4109 2893 4162 demum
2945 4104 3056 4172 ipse
3078 4099 3258 4153 verbis
3307 4097 3574 4163 rebusque
3624 4092 3791 4145 certis

2221 4210 2371 4277 signa
2425 4202 2604 4258 miseri
2635 4214 2737 4253 non
2775 4196 2948 4251 insani
2991 4190 3219 4247 hominis
3257 4189 3432 4249 daret,
3464 4198 3524 4238 se
3546 4190 3680 4277 nutu
3710 4181 3795 4277 di-

558 4288 712 4351 mihi,
741 4291 1061 4346 charissime
1090 4292 1279 4354 frater,
1317 4290 1443 4343 dum
1473 4287 1730 4342 atrociter
1755 4284 2105 4352 torquebat-is,

2223 4270 2343 4352 vino
2366 4298 2507 4350 hunc
2533 4292 2706 4346 locum
2750 4284 3169 4344 sanctissimum,
3216 4286 3274 4332 ut
3307 4271 3590 4329 incolumis
3626 4285 3653 4322 a
3677 4270 3793 4337 spi-

485 4444 494 4457 ,
557 4391 613 4439 et
668 4384 1037 4449 qumrentibus
1101 4380 1278 4442 nobis,
1334 4378 1538 4433 nullum
1596 4378 1659 4429 dc
1708 4375 1846 4428 cmlo
1901 4374 2122 4426 daretur

559 4476 839 4541 auxilium,
883 4474 998 4527 lure
1025 4488 1233 4527 mecum
1283 4472 1519 4525 tacitus:
1557 4466 1712 4520 lleul
1766 4468 1866 4519 heu
1894 4464 1906 4516 !
1938 4465 1989 4517 in
2020 4462 2122 4515 hoc

564 4581 647 4620 me
676 4564 785 4616 vita
815 4561 999 4617 infelix
1030 4561 1221 4619 traxit,
1244 4568 1303 4613 ut
1340 4557 1561 4635 fratrem
1591 4569 1793 4617 meum,
1821 4570 1926 4607 nou
1958 4552 2009 4605 in
2037 4566 2122 4605 er-

562 4655 771 4724 gastulo
800 4655 1061 4719 clausum,
1093 4669 1196 4707 non
1221 4652 1484 4712 exsulem,
1521 4664 1626 4702 non
1671 4646 1862 4717 gladiis
1890 4645 2121 4697 hostium
2160 4708 2165 4709 ί

564 4754 898 4816 pereuntem,
933 4761 1039 4800 non
1092 4743 1261 4797 atroci
1319 4742 1511 4796 morbo
1556 4739 1740 4808 aliquo
1791 4737 2119 4797 confectum,

565 4839 660 4895 sed
691 4838 743 4893 in
770 4852 1005 4894 maerore
1026 4845 1080 4893 et
1104 4837 1244 4890 luctu
1265 4850 1295 4887 a
1320 4836 1565 4891 daemone,
1584 4832 1767 4898 inique
1796 4842 2123 4898 possessore,

564 4940 742 4985 morte
778 4929 1082 4999 graviorem
1129 4928 1297 4979 vitam
1335 4925 1601 4978 viventem
1652 4920 1850 4973 video:
1894 4927 1949 4970 et
1986 4916 2127 4984 quod

566 5035 652 5074 me
677 5020 815 5075 male
843 5035 1059 5090 semper
1102 5017 1310 5078 habuit,
1360 5028 1600 5083 praesens
1636 5008 1958 5079 periculum,
1986 5005 2127 5074 quod

639 5167 789 5227 (159)
828 5166 925 5222 llic
965 5179 1158 5220 sensus
1195 5159 1433 5215 nonnihil
1465 5153 1829 5227 restituendus
1850 5151 1980 5227 fuit;
2008 5150 2132 5204 alio-

567 5218 786 5303 quit—lviii.
819 5218 1128 5289 nostronts.
1160 5232 1360 5303 nullam
1404 5218 2125 5303 lialiebatnsignilicationen}.

568 5290 711 5360 lllcm
743 5307 866 5362 alibi
897 5303 1123 5362 subinde
1166 5300 1348 5362 facere
1376 5303 1597 5348 coaetus
1639 5290 1741 5353 fui;
1776 5300 1833 5340 ut
1883 5301 1949 5340 ex
1981 5290 2132 5341 uncis
2160 5303 2185 5325 ο

2223 4391 2326 4445 ritu
2354 4387 2559 4456 iniquo,
2583 4382 2673 4452 qui
2704 4395 2825 4435 eum
2857 4382 3079 4431 vexarat
3105 4372 3217 4432 diu,
3239 4367 3513 4429 evaderet,
3546 4364 3792 4456 petiisse;

2223 4448 2624 4532 sciscitantibus
2675 4469 2782 4525 illis
2853 4465 2992 4520 unde
3033 4461 3081 4514 id
3127 4458 3225 4513 sibi
3272 4454 3494 4516 malum,
3529 4450 3670 4505 unde
3709 4448 3797 4502 ille

2225 4567 2439 4622 habitus
2468 4572 2521 4618 et
2545 4559 2786 4630 corporis
2807 4553 3119 4611 deformitas
3144 4590 3158 4611 ,
3196 4546 3399 4615 inquit:
3429 4542 3510 4596 Me
3537 4539 3797 4630 miserum

2224 4656 2363 4710 bello
2383 4653 2568 4706 Brutio
2593 4626 2759 4719 (ne).
2783 4644 2924 4716 quod
2958 4641 3042 4696 his
3063 4636 3319 4707 proximis
3340 4633 3495 4687 annis
3522 4632 3576 4682 in
3598 4626 3799 4682 Flami-

2227 4745 2485 4814 nia,(l6l)
2539 4740 2827 4795 crudeliter
2875 4750 2939 4790 ac
2967 4733 3150 4799 inique
3187 4735 3393 4796 gestum
3435 4729 3538 4786 est,
3579 4728 3800 4814 propter

2227 4807 2595 4907 populationes
2622 4842 2871 4897 agrorum
2925 4840 3029 4878 non
3071 4821 3226 4873 modo
3270 4816 3461 4869 fructu
3499 4809 3672 4874 carui,
3702 4807 3801 4907 sed

2226 4897 2347 4978 villa
2382 4925 2596 4975 incensa
2624 4928 2705 4971 est
2727 4957 2741 4981 ,
2768 4917 3003 4981 insuper,
3051 4909 3271 4975 direptis
3309 4903 3561 4957 omnibus
3587 4897 3798 4970 pecori-

2228 5013 2434 5080 busque
2460 5006 2686 5072 abactis,
2728 5003 2984 5057 tribututn
3013 5000 3173 5053 etiam
3217 4986 3457 5063 iniquum
3483 5005 3628 5089 ’meo
3660 4997 3799 5060 tem-

2231 5170 2473 5224 Romana
2502 5162 2724 5219 historia
2753 5168 2958 5221 notum,
2988 5149 3532 5224 postcadattribntum
3571 5155 3653 5200 est
3685 5146 3780 5224 inti

2907 5215 3003 5294 qui
3042 5220 3324 5278 servilibus
3369 5217 3621 5286 operibus
3648 5215 3771 5268 adtii
3798 5247 3804 5251 -

2233 5307 2515 5362 cebantnr.
