4110 5362
380 403 484 459 819

1903 412 2105 467 ACTA.

3527 408 3635 472 850

380 532 512 588 pure
560 518 884 587 imperatum
939 532 1013 573 aes
1053 517 1286 575 alienum
1340 520 1484 578 fecit.
1533 521 1894 600 Quamobrem
1928 541 1957 579 a
1990 533 2031 589 Α
2056 526 2315 594 iuvenum
2356 522 2521 589 facto,
2550 536 2708 591 quam
2734 528 2893 576 caute
2929 534 3196 591 quamque
3223 519 3478 576 velociter
3505 537 3635 591 pos-

382 622 475 660 ere
498 608 648 660 fitore
685 624 788 661 n'm
842 607 897 663 in
928 609 1204 681 servitium
1244 619 1471 677 tantum,
1519 615 1611 668 sed
1642 615 1691 666 in
1716 625 1963 685 ergastu-

382 696 489 749 lu.n
517 707 571 749 et
609 698 980 751 carnificinam
1002 697 1193 752 ductus
1222 698 1343 772 [fni]
1371 718 1385 765 ;
1428 718 1534 770 quo
1582 704 1634 757 in
1669 704 1785 759 loco
1811 705 1960 759 clau-

383 785 550 837 susin
605 785 838 839 tenebris
878 802 1002 840 cum
1040 803 1272 843 mterorc
1304 800 1356 843 et
1403 791 1544 845 luctu
1594 809 1765 848 annos
1810 795 1963 864 exegi

385 870 731 945 quampiures
757 893 770 928 :
801 875 927 931 inde
956 876 1047 932 hic
1066 876 1281 933 habitus
1301 888 1356 934 et
1378 879 1493 935 lucc
1512 881 1825 937 deformitas
1850 898 1965 937 cor-

383 965 549 1034 poris,
582 967 721 1020 unde
752 981 878 1022 vero
904 968 959 1024 iu
980 968 1177 1024 diaboli
1208 970 1513 1027 devenerim
1544 976 1962 1045 possessionem,

384 1054 488 1109 etsi
519 1056 719 1126 pudet,
745 1057 920 1112 dicam
953 1066 1135 1114 tamen
1176 1077 1189 1112 :

374 1136 382 1217 δ
456 1143 547 1203 83.
601 1146 695 1201 llis
721 1147 973 1215 equidem
1028 1150 1455 1220 circumventus,
1484 1169 1602 1223 qum
1632 1156 1763 1221 dixi,
1789 1157 1971 1220 malis,

386 1248 513 1290 cum
553 1233 903 1304 impatienter
956 1248 1012 1294 et
1031 1241 1339 1312 aegerrime,
1393 1247 1564 1315 magis
1614 1262 1775 1315 quam
1805 1248 1967 1302 Chri-

386 1328 623 1381 stianum
656 1325 865 1395 deceat,
922 1331 1102 1387 varios
1151 1333 1484 1404 acorbosque
1536 1335 1761 1393 fortuna:
1810 1353 1967 1392 casus

387 1414 665 1481 haberem,
697 1431 870 1487 neque
899 1419 1130 1489 aliquem
1157 1421 1269 1492 jam
1300 1437 1400 1493 per
1441 1432 1516 1477 tot
1543 1440 1712 1479 annos
1741 1428 1843 1481 mei
1870 1428 1969 1482 mi-

387 1504 557 1559 cereri
581 1507 936 1575 perciperem,
960 1510 1041 1564 ira
1065 1511 1120 1565 in
1148 1512 1389 1567 furorem
1418 1527 1592 1575 versa,
1621 1516 1817 1569 Christi
1845 1517 1967 1571 reli-

387 1597 600 1668 gionem
628 1608 822 1666 praeter
852 1616 1055 1657 morem
1080 1602 1358 1679 detestari,
1391 1605 1446 1659 in
1472 1605 1605 1660 alios
1631 1623 1754 1661 cum
1784 1624 1969 1664 servos

387 1696 503 1743 tum
530 1689 726 1756 socios,
751 1692 841 1758 qui
873 1707 977 1746 una
1000 1694 1123 1748 nexi
1154 1695 1431 1765 clausique
1460 1696 1797 1764 tenebantur,
1823 1716 1971 1755 com-

388 1780 686 1845 bacchari;
751 1782 803 1836 in
850 1799 936 1839 me
982 1794 1188 1854 pestem
1244 1788 1540 1856 perniciem
1592 1792 1767 1857 superi
1808 1801 1971 1860 atque

2060 623 2205 675 sunt,
2230 612 2281 665 iu
2298 613 2548 681 enm,qni
2571 612 2800 681 Virginis
2822 610 3000 664 Maria:
3026 609 3281 664 auxiliUm
3308 610 3636 665 subsidium-

2062 720 2164 773 que
2177 702 2386 757 assidue
2403 703 2635 771 petebat,
2660 704 2991 771 irrumpunt;
3018 716 3250 771 eumque
3270 715 3637 770 compressum

2065 804 2321 863 torvoque
2373 793 2716 854 clamantem,
2762 806 3003 846 manusa
3056 799 3210 861 tergo
3252 790 3636 857 devineientes,

2064 884 2284 949 trahunt
2312 881 2562 937 celeriter
2592 882 2753 935 intro.
2782 881 2897 948 Qua
2933 896 3009 941 re
3036 880 3271 945 insolita,
3299 896 3421 935 eum
3449 881 3637 957 utrim-

2064 989 2168 1044 que
2195 974 2428 1028 oriretur
2465 973 2685 1036 clamor,
2728 987 3025 1026 concursus
3065 987 3447 1028 conversurum
3504 972 3641 1024 alim

2066 1082 2314 1134 rumque,
2361 1064 2451 1134 qui
2498 1072 2623 1116 tttnc
2658 1062 2789 1117 foris
2827 1071 2885 1117 et
2928 1062 3070 1116 domi
3120 1063 3285 1116 variis
3331 1062 3642 1117 incumbere

2069 1156 2248 1220 rebus,
2280 1155 2335 1207 tit
2365 1154 2415 1207 in
2446 1152 2751 1219 ecclesiam.
2780 1151 2964 1205 Abbas
2991 1167 3118 1206 vero
3145 1150 3343 1222 aliique
3370 1152 3638 1216 monachi,

2039 1246 2155 1314 .qui
2191 1254 2314 1297 tunc
2359 1243 2413 1296 in
2452 1241 2772 1295 stationibus
2817 1240 3064 1309 dispositi
3111 1224 3177 1295 ad
3218 1241 3491 1296 orationes
3512 1240 3641 1295 Jesu

2069 1332 2366 1386 fundendus
2416 1347 2508 1384 seu
2571 1330 2775 1400 aliquid
2825 1329 2970 1383 aliud
3018 1330 3280 1396 agendum
3322 1339 3494 1393 erant,
3542 1330 3643 1384 hoc

2067 1422 2304 1477 clamore
2359 1421 2546 1483 exciti,
2578 1419 2869 1489 extemplo,
2902 1420 3028 1489 quid
3079 1420 3179 1475 hoc
3221 1421 3310 1486 sit,
3345 1420 3527 1490 pejOra
3554 1435 3643 1474 ve»-

2070 1517 2269 1572 rentes,
2322 1509 2621 1578 inquirunt.
2659 1508 2944 1574 Caeterum,
3004 1525 3169 1564 causa
3216 1510 3451 1579 cognita,
3491 1509 3644 1580 jubet

2068 1600 2229 1654 Pater
2276 1614 2387 1653 rem
2438 1615 2536 1669 per
2586 1601 2910 1655 monachum
2961 1602 3178 1666 tentari,
3233 1600 3542 1667 insanusne,
3573 1618 3642 1658 att

2069 1689 2334 1763 daemonio
2387 1700 2579 1759 captus
2608 1699 2776 1763 esset
2826 1692 2987 1745 homo
3033 1691 3139 1745 illc.
3197 1691 3332 1746 Tum
3372 1692 3643 1757 diabolus.

2070 1793 2229 1833 cruce
2259 1777 2825 1850 conjnrationihusque
2847 1780 3119 1853 adhibitis,
3144 1781 3466 1851 necessitate
3481 1782 3644 1836 etiam

388 1867 550 1922 inferi
582 1880 982 1937 converterent,
1039 1874 1342 1942 precabar;
1376 1887 1523 1932 totus
1562 1878 1787 1947 denique
1819 1880 1963 1933 insa-

2072 1868 2180 1938 ipsa
2205 1878 2447 1939 cogente,
2486 1854 2694 1925 tentare
2720 1870 2906 1924 ultima
2935 1888 2950 1924 :
2994 1886 3115 1925 cum
3145 1871 3221 1947 illi
3254 1871 3449 1926 misero
3480 1854 3648 1938 multo

390 1956 527 2018 nire,
560 1957 631 2010 nil
660 1960 832 2027 pensi,
874 1961 946 2015 nil
978 1964 1237 2017 moderati
1263 1965 1476 2020 habere.
1531 1966 1676 2022 Hanc
1707 1969 1969 2025 insaniam

386 2058 446 2099 et
482 2046 850 2117 intemperiem
901 2053 991 2121 qui
1021 2052 1263 2120 aderant,
1310 2056 1669 2118 admirantes,
1720 2075 1910 2128 meque
1939 2077 1971 2115 a

393 2138 637 2192 daemone
678 2156 1002 2208 possessum,
1036 2143 1105 2197 ita
1155 2152 1212 2198 ut
1237 2155 1375 2211 erat,
1425 2148 1523 2201 sibi
1555 2149 1966 2217 persuadentes,

391 2229 607 2283 domino
638 2232 844 2286 caeteris
865 2234 1112 2288 nuntiant
1150 2238 1563 2309 quamprimum.
1593 2240 1683 2294 Ille
1711 2242 1759 2293 in
1787 2242 1973 2309 primis

392 2318 507 2373 hinc
537 2333 661 2373 vera
697 2337 794 2390 pro
822 2323 961 2377 fit-tis
989 2323 1247 2395 falsisque
1281 2339 1559 2400 reputans,
1588 2346 1780 2399 meque
1809 2318 1890 2395 ea,
1916 2339 1970 2386 ut

389 2412 638 2480 egressui
673 2410 819 2469 locus
845 2413 1019 2475 facilis
1059 2416 1301 2483 daretur,
1353 2420 1550 2489 tingere
1591 2438 1859 2485 asserens,
1892 2422 1973 2478 eis

394 2501 533 2553 haud
563 2518 838 2557 assensurn
862 2506 1107 2571 pzmbnit.
1135 2508 1370 2563 Tandem
1395 2526 1519 2564 vero
1547 2527 1666 2564 cum
1698 2514 1751 2567 hi
1783 2522 1833 2565 et
1856 2514 1967 2578 alii,

391 2588 485 2656 qui
512 2598 733 2657 stupore
772 2593 1036 2660 percussi,
1088 2594 1229 2659 illuc,
1268 2598 1355 2649 ubi
1402 2614 1621 2652 carcere
1671 2601 1970 2665 detinebar,

390 2678 730 2746 properando
771 2680 1084 2745 veniefant,
1134 2683 1247 2739 lucc
1305 2688 1490 2741 eadem
1548 2688 1646 2741 sibi
1675 2690 1974 2758 smpinsdi-

393 2766 566 2822 cendo
594 2768 872 2837 iterarent,
910 2773 1060 2828 ﬂexit
1111 2776 1350 2830 animum
1393 2793 1573 2844 suum,
1606 2790 1659 2834 et
1705 2797 1827 2837 cum
1850 2783 1973 2852 quis

390 2856 618 2912 husdam
671 2858 949 2917 lictoribus
1006 2861 1159 2918 ferox
1231 2881 1504 2923 carcerem
1549 2870 1756 2931 adiens,
1803 2873 1974 2928 atroci

392 2952 541 3005 vultu
594 2954 878 3026 verbisque
918 2956 1219 3012 minacibus
1248 2959 1421 3030 inquit
1453 2979 1466 3016 :
1522 2961 1602 3017 Tu
1632 2964 1717 3017 his
1744 2963 1973 3019 fictioni-

391 3044 517 3107 bus,
548 3047 794 3105 insaniis.
818 3049 1459 3120 debacchationibnsque,
1485 3054 1588 3109 hoc
1618 3070 1861 3122 carcere,
1888 3056 1975 3111 his

394 3134 647 3200 nexibus,
680 3136 783 3190 nisi
829 3138 1040 3191 fmuore
1078 3139 1272 3201 soluto,
1319 3157 1604 3197 evasurum
1648 3145 1976 3200 exis‘timas?

394 3222 515 3278 Ila!
549 3240 713 3295 quam
743 3226 912 3283 falsus
952 3230 1132 3284 animo
1179 3233 1279 3287 es!
1323 3232 1416 3287 tlis
1441 3234 1672 3299 acriora,
1709 3235 1753 3289 si
1790 3218 1974 3304 perre-

394 3314 565 3380 xeris,
598 3316 729 3370 mihi
773 3316 955 3371 hercle
1002 3317 1154 3373 dabis
1197 3332 1484 3374 tormenta.
1516 3322 1893 3389 Quamobrem,
1926 3325 1974 3381 si

398 3404 564 3474 sapis,
596 3405 683 3460 his
708 3405 867 3461 finem
918 3408 1152 3477 impone,
1202 3426 1414 3478 :I‘reque
1457 3411 1632 3465 alieno
1669 3422 1718 3467 te
1744 3414 1971 3467 liberum

396 3495 585 3553 redde.
606 3495 705 3552 Cui
727 3513 855 3569 ego:
896 3497 1020 3563 Cur,
1055 3500 1268 3555 domine
1298 3501 1389 3566 mi,
1429 3503 1583 3557 inme
1610 3518 1789 3567 voces,
1818 3502 1971 3577 inde:

398 3600 549 3651 cora,
577 3587 838 3664 probrosa
885 3588 1074 3657 obﬁcis
1104 3591 1311 3645 verba?
1338 3591 1453 3646 Non
1500 3586 1644 3646 enim
1673 3604 1728 3647 ut
1751 3594 1973 3664 putatis,

398 3677 533 3740 hare,
567 3693 633 3732 ne
663 3662 752 3732 Hes
777 3677 1009 3733 alienum
1054 3682 1326 3747 reddatur,
1381 3698 1499 3754 ago.
1533 3684 1732 3739 Invitus
1753 3662 1807 3739 in
1837 3686 1977 3741 hanc

398 3756 690 3831 interdum,
739 3768 874 3822 meis
918 3771 1211 3835 scczeribus
1235 3772 1287 3826 id
1334 3759 1694 3843 exigentibus,
1750 3775 1976 3830 devenio

400 3857 686 3910 insaniam.
720 3856 834 3923 Qua
867 3868 1047 3912 tamen
1096 3860 1303 3916 insania
1345 3866 1539 3933 saepius
1575 3865 1976 3935 gloriosissime

401 3945 583 4001 Mariae
608 3961 823 4016 semper
853 3947 1090 4019 Virginis
1140 3950 1569 4026 [intercessione]
1619 3957 1704 4012 cui
1751 3972 1974 4027 magno-

401 4056 530 4110 pere
552 4040 787 4095 animam
813 4055 1115 4113 corpusque
1145 4060 1322 4101 meum
1351 4048 1690 4115 commendo,
1725 4060 1783 4104 ut
1808 4064 1976 4116 nunc,

404 4129 622 4188 liberor-
790 4176 795 4182 .
1316 4194 1321 4199 τ
1802 4148 1811 4155 ’

470 4225 558 4278 89.
638 4226 728 4279 llis
751 4226 915 4297 igitur
962 4225 1139 4311 verbis
1190 4226 1550 4295 precibusque
1626 4220 1980 4282 circumstan-

406 4319 555 4381 tium,
583 4334 703 4372 cum
734 4319 827 4375 ira:
856 4310 1022 4388 ipsius
1047 4310 1391 4380 resedissent,
1425 4327 1598 4373 motus
1627 4319 1841 4389 pietate,
1870 4334 1974 4385 me,

404 4406 631 4461 vaatibus
659 4418 856 4469 tamen,
894 4409 1057 4472 datis,
1081 4407 1352 4478 ergastulo
1377 4407 1638 4461 Lberavit.
1673 4408 1823 4462 illinc
1855 4422 1981 4463 vero

2070 1960 2302 2029 majores
2345 1959 2504 2015 solito
2559 1961 2701 2016 vires
2743 1961 3165 2027 administraret,
3231 1963 3374 2018 facto
3403 1964 3646 2034 impetu,

2068 2049 2153 2103 vir
2188 2050 2277 2105 ille
2306 2066 2335 2105 e
2361 2051 2605 2106 manibus
2635 2053 2929 2107 tenentium
2955 2053 3256 2123 prosiliens,
3287 2055 3496 2117 caeteris
3524 2071 3648 2110 eum

2070 2140 2479 2210 insequentibus
2530 2151 2584 2195 et
2624 2141 2991 2197 indesinenter
3034 2142 3220 2197 .Iesum
3266 2143 3649 2218 Virginemquc

2072 2228 2294 2309 Mariam
2321 2246 2417 2301 pro
2441 2246 2500 2286 se
2522 2232 2818 2297 orantibus,
2854 2232 2997 2287 foras
3025 2234 3269 2303 prorupit
3295 2250 3434 2291 sese.

2140 2323 2230 2379 9t.
2289 2325 2419 2379 Cmn
2476 2341 2605 2380 vero
2654 2327 2721 2379 ad
2765 2310 3044 2395 quercum,
3092 2328 3429 2399 rigidamque
3497 2330 3650 2384 mira:

2074 2415 2461 2482 magnitudinis
2514 2424 2567 2469 et
2623 2416 2855 2492 ingentis
2905 2417 3115 2470 roboris
3165 2416 3457 2488 [arborem,
3506 2418 3649 2486 quae]

2073 2504 2180 2559 late
2217 2506 2460 2558 umbram
2508 2506 2673 2558 ramis
2722 2505 2926 2581 dittusis
2975 2506 3209 2577 undique
3240 2507 3459 2576 prmbel,
3492 2521 3590 2561 nec
3619 2525 3650 2559 a

2074 2598 2400 2650 Inouastcrio
2426 2597 2651 2651 multum
2682 2597 2866 2663 distat,
2898 2597 3157 2653 anheians
3203 2597 3402 2651 cursim
3426 2598 3648 2665 deveni-

2075 2694 2174 2747 ret,
2209 2684 2383 2739 fessus
2412 2684 2609 2739 resedit
2638 2685 2807 2750 solus,
2850 2686 3063 2741 diabolo
3083 2684 3286 2757 jugiter
3324 2676 3504 2742 verbis
3526 2701 3663 2758 sup-.

2072 2774 2302 2849 plicibus
2333 2783 2523 2831 orante
2576 2783 2634 2829 ut
2668 2775 2911 2840 domum,
2943 2791 3006 2831 ex
3037 2791 3142 2846 qua
3196 2790 3261 2831 eo
3287 2774 3500 2831 volente
3527 2791 3654 2831 eva-

2074 2871 2242 2928 serat,
2289 2871 2556 2934 repeteret
2590 2878 2766 2928 suam,
2818 2865 2933 2919 lucc
2981 2866 3122 2919 inter
3181 2865 3283 2919 alia
3342 2865 3613 2920 disserens
3635 2883 3662 2933 τ,

2074 2953 2226 3013 Nosti
2275 2956 2593 3026 peroptime,
2640 2955 2713 3010 mi
2746 2953 2897 3011 Juste
2948 2954 3093 3026 (nam
3150 2953 3302 3010 Justo
3345 2954 3395 3010 ei
3454 2968 3649 3008 nomen

2076 3044 2240 3113 erat),
2275 3060 2435 3115 quam
2468 3045 2609 3099 domi
2640 3044 2877 3115 forisque
2902 3060 3029 3117 erga
3060 3055 3109 3100 te
3145 3045 3199 3100 in
3235 3042 3558 3113 Christianis
3582 3059 3662 3127 rte.

2077 3135 2220 3190 tibus
2245 3135 2582 3203 exercendis,
2614 3136 2665 3189 in
2708 3136 3106 3207 supplieibnsrc
3146 3136 3369 3206 agendis
3391 3135 3654 3206 benignus

2076 3224 2412 3299 bumanusve
2440 3224 2782 3289 exstiterim;
2836 3240 2978 3279 nunc
3020 3224 3089 3279 ob
3135 3224 3251 3279 hcce
3295 3223 3436 3281 facta
3475 3225 3571 3278 abs
3600 3232 3650 3277 te

2073 3330 2176 3385 qua
2207 3306 2379 3383 gratia
2433 3329 2676 3385 sperner,
2724 3330 2820 3369 cur
2849 3315 2933 3368 his
2976 3315 3028 3368 in
3086 3315 3217 3369 locis
3257 3308 3364 3370 tam
3398 3314 3656 3369 atrociter

2074 3388 2294 3471 tamque
2347 3404 2482 3472 dure.
2541 3402 2774 3465 crucier,
2848 3402 3051 3456 nescio.
3094 3402 3267 3472 Carpe
3302 3403 3481 3474 igitur
3512 3402 3653 3475 iter,

2075 3486 2235 3564 quam
2260 3493 2461 3548 cursim
2492 3492 2892 3559 vales,domum
2923 3509 3127 3559 versus,
3158 3493 3366 3548 etuihil
3398 3508 3622 3547 vereare
3637 3477 3660 3558 ;²

2075 3602 2198 3641 nam
2234 3595 2286 3641 te
2335 3594 2503 3640 tutum
2562 3601 2918 3655 securumque
2966 3588 3108 3641 domi
3168 3589 3377 3641 sistam.
3439 3586 3658 3641 Miseret

2077 3694 2162 3733 me
2196 3679 2292 3743 tui,
2335 3679 2425 3749 qui
2478 3679 2620 3732 ultro
2664 3679 2938 3733 cruciatus
2971 3678 3209 3747 inquiras
3247 3680 3370 3733 dum
3397 3679 3448 3733 in
3477 3660 3663 3748 patria,

2076 3768 2220 3823 laute
2247 3768 2493 3840 laeteque,
2536 3786 2619 3824 me
2672 3770 2905 3834 volente,
2938 3771 3118 3823 vivere
3141 3758 3503 3848 possis."lla"!
3537 3756 3659 3848 olm-ﬁ

2077 3861 2224 3915 nium
2254 3862 2528 3915 hominum
2563 3862 2838 3926 seductor,
2867 3862 3041 3931 inquit
3081 3848 3309 3927 Justus,
3336 3840 3454 3935 iego
3481 3854 3570 3914 tua
3603 3869 3654 3916 et

2078 3969 2184 4008 non
2236 3954 2413 4024 potius
2464 3953 2696 4025 Virginis
2745 3953 2926 4007 Maria:
2976 3953 3237 4006 immensa
3287 3938 3657 4005 misericordia

2079 4045 2214 4099 ritus
2261 4059 2487 4099 exerceo
2536 4043 2892 4106 Christianos,
2936 4042 3168 4112 Jesuque
3226 4040 3397 4119 legem
3448 4041 3647 4097 servo?

2078 4145 2364 4207 eapropter
2402 4144 2540 4199 tace,
2595 4135 2805 4213 tuisque
2851 4132 3046 4189 fucatis
3087 4132 3266 4187 verbis
3309 4147 3378 4191 ne
3418 4146 3504 4186 me
3530 4145 3658 4185 ene-

2078 4216 2189 4283 ccs.
2221 4241 2335 4281 oro.
2726 4212 2751 4216 ⁷³
3334 4232 3339 4235 ’
3380 4228 3383 4229 ⁷
3460 4282 3465 4289 ,
3650 4226 3655 4232 ’

2076 4316 2079 4319 λ
2149 4317 2237 4371 93.
2300 4314 2394 4375 llis
2435 4315 2519 4369 ille
2569 4324 2888 4376 commotus,
2937 4314 3082 4367 hunc
3129 4310 3339 4366 Justur’n
3400 4308 3658 4363 atrociter

2083 4412 2372 4472 torquere:
2404 4403 2491 4457 ille
2525 4403 2718 4455 millies
2754 4403 3075 4472 geminando
3122 4400 3249 4455 Jesu
3278 4399 3661 4485 Vit‘ginemqne

394 4493 581 4573 locum
615 4505 799 4565 petere
823 4512 946 4552 cmn
976 4475 1209 4567 Virginis
1233 4496 1413 4550 Maria:
1437 4498 1628 4565 pietas,
1662 4507 1770 4550 tum
1799 4513 1979 4551 rumor
2006 4528 2054 4585 η
2086 4493 2327 4554 Mariam,
2358 4502 2415 4546 ut
2441 4493 2539 4546 sibi
2570 4507 2724 4560 opem
2760 4491 2900 4546 ferre
2944 4493 3314 4561 dignarentur,
3339 4475 3661 4544 exclamare.

403 4588 706 4642 devotionis
737 4598 790 4642 et
816 4590 1121 4643 sanctitatis
1149 4587 1264 4656 ejus
1291 4604 1394 4653 Inc,
1447 4590 1716 4643 desertum
1748 4588 1814 4641 ab
1836 4587 1978 4641 notis

402 4689 457 4734 et
481 4680 686 4743 amicis,
724 4695 788 4735 eo
816 4681 1007 4745 invito,
1038 4680 1129 4749 qui
1175 4695 1260 4734 me
1287 4694 1430 4733 nunc
1477 4678 1671 4749 premit
1711 4678 1974 4743 diabolus,

365 4802 377 4806 μ
403 4784 652 4841 coegere.
698 4770 960 4837 Quocirca
1013 4785 1338 4840 magnopere
1390 4769 1578 4823 hortor
1614 4783 1710 4822 vos
1740 4809 1756 4835 ,
1806 4779 1864 4822 ut
1895 4783 1980 4823 me

383 4842 548 4915 'intro
576 4862 640 4916 ad
673 4861 951 4917 ecclesiam
976 4861 1171 4916 ducere
1195 4860 1402 4915 velitis:
1423 4859 1554 4913 nihil
1582 4860 1723 4915 enim
1754 4874 1978 4932 usquam

404 4952 537 5006 mihi
576 4961 780 5016 tuttnn,
808 4952 912 5007 nisi
941 4952 1141 5021 sanctis
1188 4954 1237 5004 in
1271 4951 1404 5005 locis
1450 4951 1701 5005 arbitror.
1738 4948 1981 5019 Haecigi-

405 5049 496 5094 tur
520 5041 760 5097 diabolus
787 5058 930 5114 aegre
965 5041 1166 5105 ferens,
1213 5040 1464 5096 omnibus
1507 5041 1869 5106 audientibus,
1900 5041 1980 5094 in-

404 5130 518 5160 nuzl
545 5148 559 5160 α
596 5132 840 5160 Ιὶλ..ηιι1ζη
910 5147 940 5160 Α
981 5132 1215 5160 ηιιι-ιῖ-ιητ
1264 5131 1498 5160 ηιισβῖηιη
1593 5132 1803 5160 nl‘nn'nlo:

910 5147 940 5160 Α
981 5132 1215 5160 ηιιὶιιῖιι-νι
1264 5131 1498 5160 ηιισβῖηὶη
1593 5132 1831 5160 ηιειιΙΛιοῖο
1884 5147 1944 5160 nn

2082 4581 2204 4634 lla-c
2236 4580 2417 4648 iniqua
2462 4580 2513 4634 in
2566 4581 2820 4635 miserum
2873 4583 3145 4636 hominem
3186 4580 3335 4635 illum
3384 4595 3414 4632 a
3448 4577 3662 4633 diaboio

2079 4670 2421 4735 machinata:
2453 4687 2575 4725 nazn
2603 4687 2722 4726 eum
2755 4674 2950 4744 smpius
2972 4674 3036 4727 ad
3081 4682 3281 4727 terram
3312 4670 3513 4749 ingenti
3541 4656 3661 4746 cum

2076 4762 2251 4831 ipsius
2275 4760 2459 4815 dolore
2493 4763 2707 4817 trudere
2740 4780 2754 4828 ;
2785 4773 2837 4817 et
2889 4760 3011 4833 pia,
3035 4763 3229 4832 quibus
3260 4763 3373 4832 ipse
3399 4760 3585 4815 Justus
3608 4758 3660 4810 in

2081 4845 2355 4921 Virginem
2384 4836 2607 4905 Mariam
2657 4854 2927 4919 utebatur,
2975 4855 3133 4909 verba
3185 4840 3663 4922 lacrymasumnil

2083 4942 2179 4996 bus
2208 4941 2296 5011 qui
2344 4940 2568 4996 aderant
2598 4932 2847 5011 (aderant
2891 4942 3035 4997 enim
3071 4939 3419 5008 complures),
3458 4950 3662 4992 concu-

2084 5044 2219 5097 tere,
2246 5032 2401 5100 eique
2435 5024 2694 5087 auxilium
2746 5033 2911 5096 ferre,
2943 5032 3036 5087 sed
3080 5031 3309 5102 quisque
3361 5027 3499 5111 parti
3554 5037 3671 5077 sua:

2085 5125 2307 5160 livnnlunl
2333 5132 2522 5160 nnhn-a
2570 5124 2793 5160 nonnum
2847 5122 2964 5160 Lacu
2992 5122 3190 5160 (Ἶη-ἷειῖ
3241 5117 3429 5160 m‘nlia-
3455 5113 3679 5160 άῖειιιοῐὸ
