4110 5362
504 224 602 284 851

503 454 669 495 voces
715 440 1017 507 indecoras,
1056 443 1248 509 edere;
1326 442 1419 497 sed
1468 439 1650 496 Jesum
1702 439 2085 511 Virginemque

504 528 735 589 Mariam
762 533 1009 600 laudans,
1037 550 1096 591 se
1125 535 1592 601 nocentissimum,
1619 533 2086 609 atrocioribusque

504 624 727 692 dignum
756 624 988 681 dicebat.

574 710 663 767 93.
689 711 895 781 Quibus
944 713 1106 771 rebus
1152 716 1321 773 abbas
1343 755 1364 782 ,
1392 726 1687 788 ceterique
1720 731 1931 784 omnes,
1961 731 2085 772 cum

508 802 758 858 monachi
774 812 886 860 tum
899 806 1170 872 conversi,
1191 807 1561 863 misericordia
1574 807 1724 867 moti.
1749 808 1873 877 quia
1892 821 2086 878 parum

507 890 841 962 conjurando
857 892 940 948 vel
962 895 1166 950 orando
1187 896 1539 965 procedebat.
1573 911 1696 951 eum
1724 895 1904 950 tandiu
1939 895 2085 950 domi

507 995 626 1037 esse
650 991 979 1048 statuerunt.
1028 988 1267 1056 quandiu
1316 987 1701 1043 convaluisset.
1749 986 1861 1043 Hac
1910 987 2086 1056 gratia

510 1078 711 1140 tamen,
743 1082 802 1129 ut
830 1077 1069 1145 quotidie
1104 1078 1328 1149 prolixis
1373 1079 1714 1135 orationibus
1751 1087 1806 1134 et
1832 1078 2086 1144 conjura-
2118 1108 2123 1111 ν

507 1163 742 1221 tionibus
789 1176 900 1222 tum
950 1169 1162 1239 private
1214 1178 1324 1224 tum
1365 1186 1471 1225 una
1521 1171 1727 1226 daemon
1784 1168 2090 1241 ingentibus

508 1253 814 1313 adiceretur
844 1258 1144 1314 tormentis.
1176 1259 1351 1315 Inerat
1379 1259 1619 1330 proiecto
1648 1262 1775 1317 huic
1817 1260 1972 1317 .lusto
2008 1261 2090 1316 in-

510 1353 593 1397 tur
628 1354 856 1403 crateras
883 1349 1044 1403 animi
1084 1356 1139 1405 et
1183 1351 1429 1421 corporis
1474 1351 1737 1416 virtutes,
1769 1361 1829 1408 ut
1879 1351 2093 1427 quOties

509 1438 911 1510 gloriosissirnae
933 1457 1146 1516 semper
1170 1441 1405 1515 Virginis
1427 1441 1610 1501 Mariae
1635 1444 1916 1514 sanctique
1937 1441 2094 1498 Joan-

508 1528 594 1585 nis
617 1530 889 1599 precibus,
916 1533 1127 1603 quibus.
1145 1550 1301 1590 suam
1321 1532 1526 1606 iugiter
1553 1536 1745 1591 anima:
1766 1544 1821 1592 et
1850 1534 2094 1609 corporis

507 1621 862 1690 sospitatem,
897 1632 957 1681 ut
996 1624 1138 1691 dixi,
1189 1627 1641 1695 commendabat,
1680 1627 1955 1698 paululum
2001 1627 2090 1685 tali

509 1710 783 1770 levaretur
813 1716 1031 1782 morbo,
1060 1715 1266 1773 nullum
1306 1717 1409 1774 sibi
1445 1734 1672 1775 vacuum
1723 1728 1931 1791 tempus
1971 1734 2097 1789 per.

511 1802 776 1869 mitteret,
807 1806 936 1874 quin
962 1807 1212 1864 manibus
1236 1808 1441 1879 aliquid
1463 1819 1801 1881 operaretur,
1827 1820 1939 1865 tum
1968 1812 2094 1866 hor-

515 1891 654 1949 tulos
696 1893 984 1966 fodiendo,
1022 1906 1131 1954 tum
1164 1899 1308 1971 ligna
1339 1899 1659 1967 incidendo,
1692 1910 1803 1956 tum
1847 1900 2021 1964 aliud,
2048 1901 2095 1959 si

511 1982 893 2054 imperaretur,
925 1989 1218 2059 operando.
1244 1988 1340 2045 His
1362 1989 1546 2061 itaque
1569 1991 1749 2046 abbati
1784 2005 1849 2047 ae
1882 1991 2095 2049 caeteris

510 2088 619 2129 non
660 2076 907 2138 avaritia}
945 2079 1039 2135 sed
1081 2079 1299 2139 virtutis
1324 2082 1500 2154 gratia
1541 2082 1695 2138 brevi
1741 2097 1902 2138 carus
1939 2097 2097 2140 acce-

516 2176 750 2240 ptusque
781 2170 904 2240 fuit,
939 2176 1011 2229 ita
1046 2182 1105 2228 ut
1133 2174 1247 2231 fere
1278 2183 1387 2230 tres
1418 2190 1651 2242 menses,
1671 2175 1818 2232 solus
1845 2176 2095 2232 tamenin

509 2262 614 2317 hoc
656 2260 715 2317 S.
766 2261 951 2319 Maria:
988 2265 1319 2321 monasterio
1346 2266 1512 2321 vitam
1540 2266 1785 2337 deguerit
1816 2280 1999 2332 suam;
2038 2265 2094 2321 in

507 2353 705 2427 quibus
734 2356 834 2411 etsi
879 2355 1045 2420 multa
1089 2357 1249 2431 digna
1297 2356 1554 2419 memoria
1597 2357 1789 2432 egerit,
1820 2365 1931 2412 tum
1970 2357 2095 2426 quia

507 2460 608 2499 nus
638 2443 744 2500 alio
776 2459 1069 2517 properare
1101 2453 1312 2517 tempus
1353 2456 1533 2503 monet
1556 2488 1569 2512 ,
1613 2447 1908 2502 illustriora
1957 2461 2098 2516 quae-

508 2535 633 2591 tlam
656 2537 844 2606 paucis
871 2537 1085 2607 aperire
1113 2537 1180 2593 ad
1205 2536 1436 2592 aliorum
1470 2537 1775 2607 exemplum
1808 2537 1981 2591 visum
2014 2544 2099 2591 est

508 2628 667 2697 utile,
694 2638 754 2685 ut
774 2628 1318 2700 intelligantomnes,
1347 2631 1535 2702 quanti
1562 2646 1727 2701 penes
1754 2628 1939 2685 Jesunt
1974 2645 2101 2686 san-

512 2729 726 2777 ciorum
759 2731 813 2776 et
839 2721 1143 2791 praesertim
1172 2718 1411 2792 Virginis
1437 2720 1621 2781 Maria:
1662 2735 1853 2791 preces
1897 2720 2023 2778 sint.

581 2811 673 2867 94.
708 2810 845 2867 Cum
870 2811 1057 2883 igitur,
1081 2817 1142 2865 ut
1167 2826 1327 2882 supra
1356 2811 1558 2866 dictum
1580 2818 1684 2875 est,
1705 2825 1828 2866 eum
1853 2809 2100 2866 diabolus

511 2901 592 2968 ira
625 2910 928 2960 commotus
957 2901 1225 2958 suffocare
1248 2900 1506 2957 voluisset
1528 2901 1740 2972 saepius,
1771 2915 1871 2956 nec
1896 2908 2097 2965 tamen,

512 2995 642 3066 quia
673 2994 788 3066 ipse
816 2991 1075 3085 auxilium
1107 2992 1340 3085 Virginis
1364 2992 1545 3085 Maria:
1572 2992 1855 3085 sanctique
1875 2990 2101 3051 Joannis
2129 3021 2173 3085 Ο

436 3087 442 3093 ’
514 3086 833 3157 impetrare,
851 3083 1130 3149 valuisset,
1161 3082 1348 3149 statuit
1378 3082 1505 3137 dulo
1526 3091 1710 3140 arteve
1738 3081 1938 3151 aliqua,
1969 3095 2103 3150 quo-

516 3197 628 3251 quo
653 3180 817 3237 modo
836 3180 1107 3253 inceptum
1139 3195 1299 3237 suum
1327 3176 1609 3250 perlicere.
1638 3176 1734 3233 Cui
1770 3190 1893 3231 cum
1927 3174 2106 3235 minus

518 3277 601 3345 sui
632 3276 988 3334 succederent
1030 3274 1134 3332 doli
1161 3275 1309 3345 (nam
1340 3272 1651 3342 frequentes
1692 3266 1945 3327 monachi
1980 3282 2104 3323 cum

520 3372 707 3438 adire,
735 3369 933 3442 quibus
969 3369 1074 3426 viis
1101 3368 1406 3439 praestigias
1435 3363 1633 3420 diaboli
1667 3363 1964 3431 modosque
2011 3374 2108 3414 "0-.

516 3462 673 3521 cendi
693 3462 913 3528 vitaret,
940 3460 1211 3525 edocere),
1236 3459 1336 3513 hac
1368 3465 1548 3519 tamen
1576 3452 1790 3509 tandem
1816 3450 2110 3508 calliditate

518 3570 645 3613 eum
686 3555 788 3613 sub
810 3552 1105 3625 voluptatis
1139 3552 1323 3625 specie
1358 3549 1545 3606 fefellit
1577 3565 1590 3603 :
1651 3546 1825 3602 fessus
1852 3545 1998 3602 enim
2022 3544 2110 3599 die

519 3643 757 3718 quadam
797 3644 852 3700 in
898 3644 1073 3704 hortis
1106 3641 1384 3707 colendis,
1414 3654 1536 3695 cum
1563 3638 1709 3695 salus
1736 3638 1837 3693 sub
1875 3636 2069 3701 arbore
2090 3673 2108 3699 ,

523 3750 646 3807 quae
675 3749 899 3792 cerasus
943 3734 1172 3798 dicitur,
1218 3733 1286 3789 ad
1335 3730 1533 3792 caloris
1553 3729 1800 3785 ardorem
1833 3726 2111 3784 vitandum

525 3830 765 3894 sederet,
793 3835 906 3880 tum
931 3824 1174 3879 omnium
1202 3821 1376 3878 hostis
1405 3808 1669 3887 diabolus,
1702 3821 1918 3876 humani
1946 3835 2109 3891 gene-

526 3917 607 3972 ris
653 3913 910 3978 seductor
932 3922 1131 3984 prmsto
1175 3911 1346 3977 alluit,
1395 3926 1553 3968 suum
1583 3912 1635 3967 in
1661 3911 1849 3981 primis
1870 3912 2113 3971 animum

527 4008 599 4077 ad
628 4023 817 4070 cerasa
840 4006 1064 4082 legenda
1089 4007 1358 4063 inclinans
1429 4007 1571 4076 quod
1599 4003 1842 4075 profecto
1873 4020 1976 4060 non
2006 4004 2113 4060 dife-

525 4105 673 4167 ilcile
713 4102 848 4173 fuit,
893 4100 1198 4174 praesertim
1234 4097 1363 4169 quia
1404 4106 1616 4153 matura
1658 4096 1835 4152 solent
1879 4094 2116 4163 cujusvis

530 4197 773 4263 animum
808 4196 877 4257 ad
911 4208 970 4252 se
997 4190 1230 4248 allicere.
1274 4188 1349 4243 Ea
1382 4198 1635 4258 propter,
1667 4203 1772 4257 quo
1795 4187 1985 4252 voluit,
2015 4189 2117 4243 mi-

529 4297 713 4343 serum
750 4280 901 4339 illum
941 4276 1173 4349 impulit.
1213 4273 1324 4329 Nec
1373 4275 1495 4337 hoc,
1536 4273 1677 4342 quod
1727 4272 1971 4329 naturale
2009 4279 2115 4339 est,

1559 228 1617 288 S.
1654 230 1939 289 JOANNIS
1973 228 2369 287 GUALBERTI
2412 232 2703 289 ABBATIS

398 426 404 433 θ
503 360 783 415 rerumne.
821 346 1071 419 eiulatus.
1132 346 1605 421 comploraliODGS.
1678 346 1855 403 nullas
1903 354 2084 402 tamen
2114 349 2159 407 Α
2187 361 2375 416 opem;
2409 348 2466 403 S.
2491 346 2749 417 Joannes,
2783 364 2936 406 serva
2971 353 3082 408 me!
3114 352 3433 425 geminando
3461 353 3659 426 saepius
3673 372 3772 414 ex-

3660 237 3773 295 853

2185 437 2457 503 clamare;
2511 440 2763 496 Diabolus
2809 449 2996 497 contra
3042 457 3175 499 voce
3225 443 3429 515 majore
3464 444 3766 505 intonare:

2186 528 2363 595 Modo,
2393 530 2552 587 modo
2572 531 2806 606 peribis;
2854 547 2958 589 una
2988 541 3252 590 tartareas
3292 545 3537 608 petemus
3587 537 3772 610 regio-

2184 633 2317 684 nes;
2343 633 2495 689 ergo,
2517 629 2815 676 monstrum
2848 621 3102 687 hominis,
3152 631 3289 679 tace.
3318 623 3409 681 Ille
3434 624 3766 693 exclamare,

2187 718 2247 764 ut
2273 724 2464 780 supra;
2496 710 2584 766 hic
2613 720 2791 767 autem
2811 710 3110 779 :Periture,
3134 722 3271 770 tace.

2257 801 2347 856 96.
2385 801 2468 857 Ad
2497 803 2596 858 hoc
2628 811 2736 857 tam
2770 803 3079 859 miserabile
3107 805 3520 876 inauditumque
3548 814 3772 877 specta-

2188 893 2402 958 culum,
2432 893 2557 947 dum
2610 894 2662 948 hi
2706 893 2811 950 duo
2851 895 2994 950 inter
3029 910 3089 951 se
3125 896 3198 950 ita
3236 896 3483 969 dispares
3524 898 3771 969 litigant,

2189 997 2514 1038 concurrere
2539 982 2668 1042 hinc
2693 984 2816 1041 inde
2841 984 3014 1053 multi,
3048 985 3142 1057 qui
3194 1002 3253 1041 re
3284 987 3547 1054 inaudita,
3574 1003 3673 1043 nec
3698 986 3772 1043 ab

2188 1072 2269 1127 eis
2294 1073 2406 1129 visa
2432 1072 2631 1143 iniqua,
2661 1074 2733 1129 ita
2762 1074 2942 1145 rigidi,
2973 1076 3046 1131 ita
3075 1084 3351 1146 stupentes
3371 1077 3545 1133 eﬂ‘ecti
3570 1077 3763 1153 [sunt],

2190 1171 2250 1218 nt
2278 1163 2367 1217 vix
2398 1162 2528 1219 dare
2547 1180 2760 1231 vocem,
2786 1165 2871 1218 vix
2893 1164 3197 1231 .lesum,vix
3222 1165 3493 1238 Virginem
3519 1167 3765 1231 Mariam,

2191 1256 2509 1313 miserorum
2534 1256 2774 1315 omnium
2797 1255 3043 1311 ultimum
3071 1256 3333 1323 solamen,
3366 1258 3621 1314 invocare
3641 1274 3769 1328 pos-

2192 1355 2334 1407 sent,
2365 1346 2586 1401 Demum
2610 1346 2889 1412 diabolus,
2916 1348 3146 1417 desuper
3176 1346 3402 1405 Joannis
3439 1348 3770 1404 sanctissimi

2192 1438 2363 1507 gratia
2393 1446 2680 1507 operante,
2716 1439 2921 1501 victus,
2954 1439 3242 1504 contrusus,
3272 1439 3582 1509 despectus,
3609 1439 3773 1495 mise-

2195 1546 2311 1584 rum
2340 1529 2758 1600 illum,‘jamjam
2797 1540 2907 1585 tum
2939 1530 3130 1585 timore
3161 1540 3271 1585 tum
3312 1530 3495 1586 labore
3521 1540 3771 1586 extrema

2194 1630 2505 1693 petentem,
2532 1620 2854 1681 alioversum
2889 1620 3143 1685 tendens,
3181 1620 3234 1679 in
3272 1618 3465 1676 arbore
3489 1618 3775 1677 miserable

2198 1715 2320 1770 liter
2349 1714 2673 1784 pendentem
2699 1712 2935 1784 reliquit.
2961 1713 3028 1769 At
3055 1713 3225 1768 nostri
3252 1713 3455 1770 cursim
3480 1713 3659 1769 scalas
3682 1727 3775 1767 ar-

2194 1806 2314 1863 bori
2346 1808 2614 1867 hmrentes
2646 1821 2771 1861 eum
2807 1804 3003 1861 sudore
3050 1812 3165 1860 toto
3201 1819 3428 1874 corpore
3461 1811 3775 1858 manantem

2195 1897 2517 1968 deposuere,
2539 1896 2751 1966 sibique
2782 1894 3059 1955 naturales
3087 1910 3280 1951 sensus
3313 1910 3604 1965 parumper
3638 1892 3778 1949 reci-

2193 1989 2362 2062 pienti
2393 1990 2581 2046 aiunt:
2615 1986 2772 2055 Vide,
2801 1984 3004 2050 infelix,
3038 1985 3166 2056 quid
3204 2000 3334 2056 agas
3362 2002 3374 2038 :
3412 1985 3642 2054 posthac
3668 1982 3777 2038 noli

2195 2086 2251 2132 te
2291 2077 2576 2148 periculis,
2628 2075 2731 2130 nisi
2792 2073 3079 2135 incolumis
3136 2072 3265 2137 fias,
3316 2087 3618 2142 exponere,
3680 2087 3780 2125 nec

2197 2165 2390 2223 deinde
2427 2166 2591 2221 etiam
2621 2164 2846 2221 credere
2872 2181 2887 2217 ε
2919 2173 2977 2218 ut
3005 2172 3211 2226 tecum,
3243 2161 3296 2216 in
3325 2176 3434 2230 quo
3465 2160 3781 2215 discrimine

2197 2270 2297 2311 nos
2326 2255 2492 2310 etiam
2519 2266 2761 2308 essemus
2781 2292 2795 2317 ,
2833 2250 3266 2314 animadvertas,
3296 2263 3545 2313 oramus;
3578 2248 3623 2303 si
3648 2246 3780 2316 quid

2198 2347 2485 2401 adversum
2518 2344 2641 2411 tibi,
2688 2342 2833 2415 quod
2886 2342 3148 2399 Dominus
3184 2339 3341 2402 Iesus
3386 2348 3623 2407 avertat,
3662 2354 3785 2394 cve-

2197 2435 2357 2489 niret.

2268 2526 2356 2582 97.
2400 2525 2604 2581 Deinde
2630 2523 2811 2580 Patris
2852 2523 3066 2578 abbatis
3102 2529 3373 2593 prmcepto
3410 2518 3606 2574 dedere
3655 2529 3784 2585 ope-

2200 2633 2318 2675 ram
2350 2633 2563 2683 omnes,
2598 2625 2656 2671 ut
2691 2617 2733 2673 si
2761 2617 2883 2687 quis
2903 2631 3025 2670 eum
3061 2613 3245 2685 procul
3278 2629 3307 2666 a
3343 2608 3672 2665 monasterio
3701 2623 3788 2660 re-

2197 2710 2428 2785 periret,
2463 2708 2741 2787 blanditiis
2773 2706 3129 2777 dulcibnsque
3164 2704 3347 2764 verbis
3381 2701 3662 2756 reduceret
3688 2697 3787 2748 ἀοι,

2200 2817 2369 2857 mum.
2394 2800 2474 2855 Ad
2500 2801 2602 2855 hoc
2630 2799 2887 2854 addidere
2912 2807 2968 2853 et
2997 2794 3305 2867 illud,quod
3331 2788 3789 2848 multosalnbrius

2201 2892 2333 2957 fuit,
2370 2891 2562 2946 necubi
2604 2891 2751 2945 solus
2785 2888 3165 2951 contenderet;
3202 2894 3256 2941 et
3295 2885 3339 2940 si
3395 2880 3787 2936 monasterium

2198 2982 2382 3054 juxta,
2422 2983 2666 3039 hortulos
2693 2978 2973 3053 [coleret],
3010 2978 3094 3034 vel
3134 2976 3275 3033 aliud
3311 2973 3563 3032 manuale
3600 2979 3793 3043 ageret

2204 3087 2361 3142 opus,
2386 3087 2603 3145 semper
2625 3071 2803 3129 socios
2831 3070 3018 3125 adesse
3039 3066 3419 3143 quamplures:
3448 3079 3614 3117 unum
3639 3059 3792 3115 enim

2206 3166 2291 3223 vel
2315 3165 2491 3221 solum
2526 3171 2734 3219 tantum
2767 3179 2875 3217 non
2908 3160 3009 3216 sibi
3035 3161 3105 3214 ob
3134 3157 3392 3213 daemonis
3418 3155 3625 3209 rabiem
3664 3166 3791 3207 cre~

2207 3257 2353 3313 dere.
2379 3254 2513 3309 Cum
2545 3254 2658 3308 haec
2686 3251 2861 3323 gratia
2886 3258 2940 3306 et
2971 3262 3158 3302 amore
3200 3246 3326 3301 .lcsu
3345 3285 3361 3310 ,
3388 3252 3446 3298 ut
3475 3251 3703 3307 caetera,
3732 3241 3791 3295 in

2207 3346 2417 3409 Justum
2450 3345 2625 3408 hunc,
2659 3358 2723 3398 ea
2750 3356 2855 3415 qua
2879 3346 3062 3411 posset
3084 3336 3378 3407 sagacitate
3408 3342 3463 3387 et
3485 3331 3728 3396 cautela,
3755 3343 3795 3392 ιι

2170 3472 2177 3482 ’
2211 3443 2441 3505 nostris,
2477 3455 2543 3494 ne
2586 3437 2750 3493 miser
2780 3434 2871 3491 ille
2905 3434 3148 3489 funditus
3174 3439 3291 3485 arte
3319 3425 3517 3483 diaboli
3552 3425 3752 3495 periret
3774 3462 3792 3486 ,

2211 3535 2426 3592 tierent,
2460 3528 2601 3585 forte
2640 3526 2868 3592 accidit,
2899 3533 2959 3578 ut
2996 3538 3104 3577 non
3147 3521 3306 3591 longe
3337 3534 3366 3572 a
3405 3530 3570 3585 rupe,
3626 3528 3793 3583 quam

2212 3623 2383 3680 nostri
2411 3615 2869 3687 llistonchiariam
2901 3613 3119 3671 dixere.
3150 3622 3364 3679 semper
3394 3606 3509 3677 ipse
3538 3618 3644 3658 una
3671 3616 3794 3657 cum

2213 3716 2424 3772 caneris
2454 3710 2638 3769 nescio
2660 3707 2787 3779 quid
2818 3707 2871 3759 in
2897 3705 3041 3772 agris
3069 3701 3358 3757 cxcolcret.

2283 3806 2373 3862 98.
2416 3805 2616 3862 Verum
2669 3800 2770 3863 ita,
2802 3804 2860 3852 ut
2898 3795 2957 3849 iit
2991 3793 3286 3853 interdum,
3314 3790 3477 3845 sociis
3525 3784 3678 3839 alteri
3718 3781 3797 3835 rei

2213 3898 2411 3972 oppido
2442 3895 2684 3958 intentis,
2712 3889 2999 3962 praestigiis
3025 3868 3219 3947 diaboli
3254 3884 3543 3939 observato
3572 3879 3801 3946 diligenq

2219 4003 2300 4049 ter
2331 4002 2599 4060 tempore,
2628 4000 2791 4041 cursu
2824 3997 2984 4051 quam
3014 3978 3356 4049 rapidissimo
3382 3977 3485 4031 hac
3506 3972 3677 4044 gratia
3696 4012 3712 4036 ,
3739 3977 3800 4023 ut

2216 4085 2468 4140 deorsum
2496 4095 2557 4135 se
2580 4093 2701 4132 mox
2728 4073 2915 4141 daret,
2939 4087 3121 4142 rupem
3155 4070 3298 4125 illam
3327 4067 3680 4139 asperrimam
3707 4078 3797 4134 pe-

2221 4176 2324 4230 tiit.
2355 4172 2474 4237 Cui,
2502 4168 2718 4227 diabolo
2740 4165 3054 4233 frequenter
3079 4173 3299 4226 orante,
3325 4172 3386 4215 ut
3420 4174 3580 4230 rupes
3606 4174 3710 4213 una
3740 4169 3801 4209 se

2219 4261 2521 4332 dejiciendo
2540 4266 2765 4329 peteret,
2794 4253 3033 4325 Virginis
3060 4252 3239 4310 Mariae
3266 4251 3549 4319 sanctique
3573 4245 3803 4304 Joannis

532 4341 860 4436 diabolicum
889 4341 1072 4433 dicere
1099 4368 1297 4439 ausim,
1327 4365 1430 4426 nisi
1456 4341 1754 4424 mererum
1776 4363 1900 4423 tituli
1940 4365 2117 4425 exitus
2150 4360 2192 4417 D
2220 4355 2479 4420 auxilium
2506 4357 2809 4425 opportune
2839 4360 2943 4404 non
2975 4342 3176 4405 defuit,
3202 4349 3251 4396 et
3283 4357 3349 4395 ne
3376 4341 3634 4399 lectorem
3669 4350 3798 4406 pro-

530 4464 870 4528 docuissent.

608 4555 701 4616 95.
739 4555 981 4618 Ascensa
1011 4554 1205 4608 arbore
1225 4568 1331 4608 non
1361 4561 1541 4615 tamen
1564 4552 1682 4606 sine
1706 4549 2034 4611 dillicultate,
2059 4557 2118 4604 ut

538 4649 630 4719 qui
656 4648 925 4712 viderant,
951 4645 1219 4710 retulere,
1251 4644 1465 4700 blandis
1496 4643 1648 4712 prius
1676 4643 1884 4697 daemon
1913 4641 2116 4703 verbis,

538 4749 598 4793 nt
622 4754 682 4795 se
707 4735 955 4793 deorsum
991 4735 1254 4805 iactaret,
1288 4733 1516 4789 hortari.
1551 4732 1641 4786 llle
1687 4746 1849 4795 vero,
1884 4745 2121 4800 praeteris

537 4829 835 4911 periculum
875 4842 1107 4893 rorans,
1153 4826 1295 4883 haud
1349 4822 1623 4881 assentiri.
1672 4821 1886 4875 Daemon
1928 4821 2119 4874 iterum

541 4937 660 4989 rem
691 4931 929 4984 tentare;
962 4919 1052 4976 ille
1098 4919 1406 4979 institutum
1438 4929 1595 4973 suum
1635 4926 1873 4966 servare.
1914 4910 2119 4965 intelli-

543 5027 676 5089 gens
702 5012 881 5081 itaque
907 5013 1116 5065 dromon
1161 5024 1223 5064 ea
1256 5022 1317 5061 se
1365 5007 1449 5061 via
1494 5002 1625 5056 nihil
1669 5000 1932 5069 prolicere
1955 5040 1970 5064 ,
2000 5014 2123 5054 eum

551 5088 651 5158 hac
677 5118 800 5157 cum
831 5101 1253 5171 exprobratione
1281 5097 1632 5150 vehementer
1663 5100 1891 5158 quatere
1919 5104 1933 5143 :
1969 5088 2124 5143 Modo

550 5194 772 5262 peribis,
818 5194 1087 5264 pessime;
1120 5200 1175 5244 te
1217 5187 1363 5242 enim
1412 5182 1612 5250 ingenti
1658 5195 1780 5238 cum
1814 5180 2012 5248 impetu
2053 5181 2126 5234 ita

556 5285 810 5340 deet-sum
836 5278 1083 5345 trudam,
1126 5286 1187 5332 ut
1208 5283 1262 5330 te
1303 5286 1470 5344 prope
1506 5283 1834 5336 exsanguem
1863 5282 1928 5321 ac
1965 5268 2131 5322 semiq

2216 4452 2328 4515 lixo
2375 4459 2626 4503 sermone
2668 4440 2961 4504 detineam,
3006 4445 3062 4491 ut
3112 4435 3272 4505 paulo
3307 4448 3470 4502 supra
3520 4432 3573 4485 iu
3610 4445 3806 4486 ceraso

2218 4541 2436 4604 arbore,
2470 4538 2547 4593 ita
2575 4544 2629 4590 et
2654 4535 2755 4594 hoc
2780 4531 2832 4587 in
2861 4529 2982 4587 1000
3010 4526 3236 4600 [factum
3265 4523 3392 4597 est],
3421 4523 3580 4593 longe
3609 4519 3800 4589 majori

2222 4640 2400 4686 tamen
2429 4625 2747 4681 imminente
2777 4617 3016 4691 periculo
3053 4634 3067 4670 ι
3104 4632 3231 4675 nam
3267 4629 3456 4669 saxum
3485 4611 3641 4667 valde
3670 4625 3803 4682 prae.

2220 4732 2433 4791 ruptum
2464 4714 2629 4779 etiam
2660 4719 2983 4786 tempestate
3007 4716 3194 4763 nostra
3217 4702 3603 4784 aspicientibus
3625 4713 3802 4756 terro-

2222 4790 2337 4864 rem
2369 4806 2564 4860 incutit
2588 4819 2691 4858 non
2722 4814 2970 4870 parvum.
3000 4795 3287 4859 Diabolus,
3323 4802 3383 4849 ut
3407 4793 3580 4865 ipsum
3611 4790 3805 4860 perdcq

2224 4908 2340 4959 ret.
2373 4896 2656 4967 precibus,
2686 4892 2878 4953 minis,
2908 4889 2992 4959 vi,
3027 4900 3133 4965 qua
3165 4885 3283 4948 via,
3312 4898 3418 4954 qua
3446 4889 3564 4935 arte
3592 4880 3804 4951 potuit,

2226 4990 2359 5049 nihil
2392 4989 2717 5043 intentatum
2751 4976 2998 5051 reliquit;
3031 4979 3167 5032 adeo
3203 4983 3263 5028 ut
3296 4985 3672 5044 saepenumero
3698 4969 3807 5024 cni-

2228 5081 2350 5137 dam
2382 5095 2447 5135 ex
2479 5080 2679 5132 nostris
2711 5073 3021 5137 conversis,
3055 5068 3139 5125 cui
3177 5083 3371 5122 nomen
3409 5066 3683 5129 Antonio,
3717 5064 3807 5133 qui

2228 5181 2340 5225 tum
2383 5170 2470 5231 his
2508 5169 2561 5222 in
2602 5166 2733 5220 locis
2773 5163 3026 5219 saltuosis
3060 5174 3351 5233 porcorum
3389 5168 3580 5227 greges
3614 5169 3807 5226 pasces

2228 5258 2341 5321 bat,
2374 5258 2550 5311 visum
2581 5255 2673 5319 sit,
2699 5254 2873 5322 ipsum
2903 5249 3114 5307 Justum
3146 5246 3318 5301 versis
3344 5244 3540 5319 pedum
3564 5243 3810 5313 vestigiis

2782 5340 2982 5362 J-l..--.l!
