4110 5362
336 382 442 439 853

1871 381 2078 440 ACTA.

3502 388 3609 444 854

338 476 555 529 illorum
607 470 786 527 varias
834 470 1083 543 accipere
1126 488 1304 529 voces.
1360 472 1484 529 Fuit
1534 473 1744 531 subitus
1799 474 1923 529 illuc
1950 494 1998 551 Α
2027 472 2245 540 quidam
2275 472 2359 528 sui
2387 471 2575 530 amnes
2623 473 2750 530 fessi
2802 473 3037 548 lassique
3081 493 3472 546 supervenere;
3515 482 3607 547 qui

336 571 645 620 nostrorum
696 577 1039 618 concursus:
1071 578 1195 618 nam
1243 564 1333 618 diu
1385 566 1533 620 inter
1569 566 1920 624 densissimas

337 668 502 723 rupes
542 660 598 709 et
643 653 976 708 humillimas
1020 654 1276 719 arbores,
1315 654 1512 723 quibus
1558 657 1757 726 passim
1807 656 1922 713 haec

338 745 620 801 abundant
650 744 787 810 loca,
812 745 1106 816 qumrendo
1125 755 1460 800 erraverunt.
1490 746 1709 816 Insuper
1729 755 1784 804 et
1803 748 1923 804 aliis

335 834 425 889 his
449 833 779 889 clamoribus
802 834 988 900 exciti,
1019 835 1271 891 advolant
1311 836 1658 907 quamplures
1691 856 1703 893 :
1737 837 1796 893 lit
1825 855 1923 894 nu-

337 940 524 982 merus
550 941 655 981 non
687 941 906 996 parvus.
938 927 1074 982 Cum
1117 943 1183 982 ex
1232 935 1384 983 tanto
1433 942 1681 996 numero,
1711 930 1924 987 diabolo

338 1013 517 1069 minas
542 1022 597 1070 et
618 1023 657 1069 to
675 1031 853 1071 rrores
881 1016 1190 1074 incutiendo
1216 1025 1272 1073 et
1293 1018 1592 1074 minitando
1615 1018 1926 1091 frequenter

340 1103 493 1161 adire
518 1107 681 1161 audet
710 1121 887 1163 nemo.
933 1108 1199 1163 Caeterum
1232 1124 1355 1164 cum
1395 1109 1602 1165 dar-mou
1629 1109 1836 1182 longius
1871 1120 1930 1168 et

340 1198 623 1263 acerbius,
671 1214 737 1255 ac
786 1200 887 1254 rati
940 1209 1156 1267 essent,
1211 1210 1487 1257 certamen
1531 1211 1642 1257 tam
1683 1204 1925 1274 iniquum

339 1292 691 1362 produceret,
720 1278 1116 1362 quamprimum
1146 1292 1296 1348 Patri
1321 1292 1502 1349 abbati
1533 1310 1644 1350 rem
1678 1296 1928 1350 nuntiare

341 1387 556 1435 curant.
586 1378 721 1434 Cum
744 1380 833 1437 ille
856 1381 910 1436 in
941 1396 1000 1436 re
1027 1390 1135 1437 tam
1165 1382 1354 1448 atroci,
1387 1393 1494 1438 tam
1523 1384 1767 1454 ancipiti,
1796 1384 1928 1455 quid

342 1486 533 1543 agere,
561 1487 669 1543 quo
708 1488 768 1529 se
810 1486 1023 1531 vertere
1074 1474 1338 1540 nesciret,
1388 1474 1627 1531 divinum
1671 1476 1926 1532 auxilium

341 1563 534 1619 statuit
558 1563 962 1634 inquirendum.

415 1653 539 1709 ΜΟ.
578 1652 899 1710 Convocatis
933 1654 1096 1726 igitur
1113 1655 1509 1726 quamprimum
1540 1658 1595 1712 in
1625 1674 1786 1714 unum
1816 1674 1931 1713 mo-

344 1743 553 1804 nachis.
589 1744 764 1815 inquit
794 1762 808 1799 :
840 1745 956 1813 Quo
983 1744 1100 1801 loco
1127 1761 1211 1802 res
1237 1755 1435 1802 nostra:
1460 1747 1590 1812 sint,
1613 1749 1738 1802 dum
1770 1750 1931 1805 rebus

2025 560 2260 633 benigne
2288 572 2673 635 gratanterque
2716 564 2886 620 habiti
2911 607 2927 632 ,
2962 567 3164 623 nostris
3202 564 3621 638 percunctanti?

2024 651 2149 716 bus,
2179 652 2319 705 unde
2338 693 2353 714 ,
2384 654 2545 721 quive
2572 662 2785 719 essent,
2808 668 2985 724 quove
3021 658 3301 713 tenderent
3335 656 3623 729 (nondum‘

2024 743 2168 798 enim
2211 740 2426 797 Justum
2459 742 2605 797 illum
2625 785 2638 807 ,
2664 745 2791 817 quia
2818 745 2945 801 alibi
2985 748 3291 811 resederat,
3316 748 3609 819 viderant),

2026 833 2102 889 illi
2150 834 2435 905 inquiunt:
2469 833 2638 903 Regio
2667 834 2952 893 Flaminia
2984 847 3094 902 est;
3130 839 3384 894 insanum
3422 855 3611 908 quem-

2025 926 2169 986 dam.
2206 940 2303 980 seu
2332 941 2363 980 a
2391 924 2604 981 diabolo
2642 926 2783 983 male
2822 928 3103 987 detentum
3143 930 3354 997 virum,
3395 928 3610 986 Justum

2025 1016 2285 1081 nomine,
2342 1031 2406 1071 ea
2450 1015 2663 1071 insania
2710 1025 3069 1085 aestuantem,
3121 1019 3282 1074 domo
3342 1028 3611 1076 nocturno

2030 1115 2275 1175 tempore
2304 1105 2621 1169 abeuntem,
2662 1105 2909 1162 diversas
2939 1109 3188 1179 regiones
3209 1119 3264 1165 et
3290 1110 3404 1165 loca
3426 1110 3610 1172 anxie.

2027 1195 2118 1249 diu
2167 1194 2493 1266 inquirendo
2530 1194 2866 1261 lustrantes,
2916 1197 3172 1255 indicium
3228 1201 3341 1257 veri
3393 1201 3611 1256 tandem

2029 1301 2135 1343 non
2177 1287 2364 1357 procul
2399 1288 2527 1342 hinc
2579 1288 2966 1359 comperimus,
3011 1305 3135 1346 eum
3188 1291 3331 1361 (quia
3395 1302 3451 1347 et
3518 1293 3609 1349 alii

2028 1378 2220 1432 eodem
2249 1380 2410 1434 modo
2443 1377 2752 1433 laborantes
2800 1380 2906 1437 huc
2941 1382 3114 1451 gratia
3155 1382 3433 1453 sospitatis
3460 1398 3616 1439 recns

2030 1468 2288 1536 peranda:
2340 1469 2554 1537 petunt)
2604 1467 2744 1523 forte
2797 1469 2901 1526 hoc
2960 1473 3388 1539 monasterium,
3430 1475 3613 1530 divina

2030 1557 2200 1626 gratia
2256 1567 2567 1626 praeeunte,
2595 1557 2870 1615 adivisse:
2913 1574 3001 1624 eo,
3054 1560 3101 1615 si
3142 1562 3275 1631 quid
3305 1562 3489 1619 indicii
3517 1579 3616 1621 vos

2036 1658 2204 1715 tenet,
2238 1650 2365 1719 quia
2392 1666 2491 1705 nos
2527 1652 2777 1707 maximae
2817 1665 3069 1723 premunt
3110 1670 3259 1711 cura:
3284 1696 3299 1720 ,
3353 1659 3617 1715 certiores

2031 1741 2307 1805 reddatis,
2354 1758 2598 1800 oramus.
2655 1743 3037 1817 Respondetur
3075 1763 3105 1803 a
3148 1748 3390 1805 nostris:
3443 1750 3618 1807 Abeat

349 1837 477 1910 piis.
536 1835 754 1904 fratres,
781 1852 881 1909 pro
899 1854 960 1894 se
986 1839 1214 1909 quisque
1243 1838 1525 1903 incumbit,
1553 1848 1611 1893 ut
1635 1839 1820 1896 Justus
1850 1842 1934 1896 ille

2041 1840 2216 1887 metus
2243 1834 2452 1899 omnis,
2483 1834 2913 1891 sedenturcurae
2943 1853 2958 1891 :
3005 1853 3241 1908 praesens
3263 1848 3347 1898 est
3382 1851 3439 1898 et
3466 1841 3617 1900 inoo—

345 1925 633 1982 incolumis
683 1927 911 1994 evadat,
951 1926 1106 1997 juxta
1158 1942 1369 1983 mecum
1422 1929 1738 2000 intelligitis.
1795 1930 1929 1987 Dum

345 2018 489 2073 enim
539 2034 605 2074 ex
641 2019 751 2074 alto
795 2019 922 2075 Jcsu
972 2018 1175 2074 Christi
1206 2018 1473 2089 ‘prazsidio
1525 2021 1819 2092 operimur,
1850 2020 1932 2077 vel

347 2110 549 2167 nostris
594 2111 678 2166 vel
720 2111 835 2168 suis
878 2113 982 2168 hoc
1032 2110 1330 2169 sceleribus
1368 2113 1743 2183 exigentibus,
1789 2115 1932 2170 utin

345 2210 591 2258 nostrum
628 2199 861 2256 dedecus
907 2210 1246 2265 verteretur,
1299 2216 1423 2258 cum
1476 2204 1670 2272 saepius
1725 2204 1931 2259 daemon

344 2286 616 2343 sull‘ocare
646 2289 884 2346 annixus
910 2299 1011 2345 est.
1042 2290 1151 2347 Nec
1181 2291 1320 2346 enim
1346 2292 1521 2347 adhuc
1555 2290 1790 2362 Virginis
1817 2291 1933 2348 Ma-

346 2378 442 2434 ria:
464 2386 519 2433 et
558 2377 615 2433 8.
648 2377 872 2435 Joannis
899 2380 1149 2450 precibus
1177 2391 1283 2439 tam
1315 2389 1469 2441 atrox
1514 2392 1729 2455 Iamque
1760 2378 1935 2454 pessi-'

347 2483 495 2523 tuum
522 2468 753 2538 facinus,
778 2472 878 2526 etsi
910 2470 1075 2526 etiam
1113 2473 1165 2527 in
1199 2474 1604 2542 prmsentiarum
1652 2475 1843 2541 simul,
1878 2485 1934 2530 ut

348 2562 679 2632 accepimus,
709 2571 937 2629 certent,
967 2563 1212 2619 diabolus
1237 2575 1548 2634 perpetrare
1574 2567 1763 2622 Valuit.
1789 2568 1933 2636 Quo-

348 2653 498 2711 circa
533 2668 630 2724 pro
656 2662 899 2726 tempore
947 2670 1151 2726 proque
1183 2657 1258 2709 rei
1296 2656 1496 2712 atrocis
1532 2674 1695 2713 causa
1738 2674 1930 2713 sanum

351 2752 454 2807 hoc
482 2766 607 2808 reor
626 2760 683 2807 et
713 2750 844 2807 utile
871 2750 1156 2806 consilium
1197 2750 1344 2814 fore,
1379 2759 1455 2816 ut,
1501 2753 1699 2807 diaboli
1744 2752 1933 2810 fractis

350 2842 556 2898 viribus
579 2842 727 2915 (quia
755 2857 880 2917 eum
906 2858 1019 2897 rem
1045 2857 1169 2896 cum
1197 2842 1439 2898 dmmone
1472 2832 1755 2899 habentem
1783 2845 1932 2901 adire

351 2932 513 2989 audet
540 2933 745 3006 nemo),
770 2949 869 3005 per
894 2933 995 2988 hos
1024 2941 1132 2988 tres
1160 2932 1275 2988 dics
1300 2932 1510 2989 futuros
1531 2950 1718 3005 preces
1745 2938 1930 3006 singu-

348 3024 495 3082 lares
524 3042 963 3096 communesque,
1004 3042 1067 3080 ea
1097 3041 1203 3095 qua
1264 3041 1550 3096 possumus
1571 3067 1586 3095 ,
1626 3027 1930 3094 devotione,

350 3117 519 3172 corde
552 3117 742 3172 humili
768 3127 824 3173 et
846 3117 1080 3172 contrito
1112 3126 1362 3187 agantur,
1392 3134 1462 3172 ne
1498 3129 1682 3173 nostra
1720 3121 1929 3192 ignavia

2035 1922 2226 1990 lumis,
2273 1940 2434 1995 quem
2490 1926 2701 1998 fatigati
2739 1929 2951 1986 diversa
3010 1930 3127 1987 loca
3182 1933 3415 2003 petendo
3463 1949 3614 2004 quie-

2038 2014 2262 2071 sivistis.

2106 2107 2226 2162 105.
2274 2106 2519 2178 Repente
2556 2110 2738 2183 itaque
2760 2113 2904 2170 inter
2929 2126 3119 2172 omnes
3148 2116 3339 2188 ingens
3359 2119 3616 2191 gaudium

2033 2198 2629 2256 exuriturmdvocatur
2671 2202 2894 2271 Justus;
2956 2209 3102 2262 venit
3153 2209 3327 2265 illico:
3379 2212 3616 2285 adventu

2034 2301 2255 2342 suorum
2288 2287 2544 2361 lacrymze
2571 2292 2810 2359 obortas,
2844 2296 2985 2351 datis
3018 2298 3161 2352 inter
3185 2313 3244 2355 se
3265 2303 3615 2372 acceptisque

2033 2377 2263 2433 dextris.
2348 2378 2464 2435 Non
2530 2382 2692 2454 longo
2767 2387 3028 2456 temporis
3088 2388 3232 2445 facto
3298 2392 3617 2462 intervallo,

2035 2481 2103 2523 ne
2137 2467 2263 2537 quid
2296 2468 2611 2526 insidiarum
2637 2514 2652 2537 ,
2705 2475 2918 2531 diabolo
2964 2477 3202 2541 fallente.
3245 2483 3346 2537 nisi
3397 2498 3520 2539 cum
3554 2483 3616 2541 S.

2032 2556 2258 2614 Joannis
2333 2561 2557 2618 brachio
2630 2566 3001 2623 sacratissimo
3075 2572 3373 2639 periculum
3423 2574 3615 2643 fieret,

2036 2658 2383 2715 remaneret,
2440 2652 2551 2707 itur
2596 2654 2648 2709 in
2705 2656 2930 2711 ecclesia
2962 2698 2978 2723 ,
3035 2659 3171 2716 fiunt
3213 2664 3620 2732 preces,fraus

2034 2739 2203 2805 nulla,
2234 2742 2445 2799 nullum
2489 2745 2686 2803 diaboli
2727 2750 3058 2823 praestigium
3095 2752 3180 2809 vel
3209 2754 3424 2826 signum
3470 2757 3523 2812 in
3550 2771 3621 2815 eo

2035 2827 2390 2901 intelligitur:
2460 2832 2587 2891 inde
2660 2839 2909 2893 monachi
2982 2840 3086 2896 laeti
3135 2858 3342 2900 omnes.
3407 2843 3618 2902 Justum

2036 2920 2231 2989 paucis
2276 2920 2446 2977 abbas
2509 2923 2798 2980 hortatur:
2874 2927 3032 2983 Tanti
3090 2930 3371 2997 beneficii,
3437 2933 3617 3002 Juste,

2036 3026 2240 3081 vosque
2262 3013 2467 3084 pariter
2491 3029 2701 3081 omnes,
2751 3018 2834 3083 si,
2887 3026 2947 3074 ut
2985 3029 3133 3090 puto,
3165 3022 3268 3078 viri
3313 3023 3619 3081 Christiani

2036 3102 2225 3169 eritis,
2265 3105 2453 3171 domi,
2501 3105 2670 3175 foris,
2728 3108 2891 3165 rebus
2939 3111 3171 3180 publicis
3211 3120 3269 3168 et
3309 3114 3536 3184 privatis
3564 3125 3623 3172 et

352 3206 471 3271 fiat,
494 3207 627 3275 quin
653 3206 833 3263 minus
858 3206 1117 3262 salvetur.
1149 3181 1208 3260 8ἱ
1235 3181 1508 3271 evenerit,
1539 3216 1597 3262 ut
1629 3206 1686 3264 S.
1708 3181 1934 3266 Joannis

2035 3194 2295 3265 quidquid
2323 3212 2483 3253 casus
2523 3200 2800 3265 evenerit,
2841 3214 2939 3257 vos
2982 3216 3253 3274 nunquam
3284 3181 3401 3261 fore
3430 3207 3621 3261 immr-

351 3298 533 3368 gratia
562 3297 808 3367 pristina:
841 3298 1099 3353 reddatur
1138 3298 1394 3365 sanitati,
1445 3297 1596 3354 lzctus
1635 3308 1690 3355 et
1732 3299 1937 3356 incolu-

352 3388 497 3454 mis;
529 3387 612 3443 sin
643 3389 821 3443 minus
845 3387 987 3452 talis,
1017 3397 1075 3442 ut
1096 3388 1201 3443 huc
1230 3388 1406 3452 venit,
1440 3389 1514 3443 ita
1540 3389 1595 3443 in
1628 3404 1782 3444 suam
1807 3405 1936 3446 con-

353 3482 511 3536 cedat
537 3481 790 3551 patriam.
836 3479 1044 3535 Placuit
1085 3481 1336 3537 omnibus
1373 3483 1647 3537 decretum
1691 3482 1814 3548 hoc,
1842 3483 1935 3539 sed

354 3572 657 3642 prazscrtim
678 3571 916 3638 senibus,
943 3587 1171 3642 quorum
1197 3583 1423 3640 mentes,
1455 3589 1519 3629 ac
1542 3571 1822 3643 juvenum,
1852 3590 1938 3630 sa-

354 3662 538 3717 niores
563 3677 628 3719 ac
682 3662 948 3719 rectiores
979 3662 1220 3723 existunt
1265 3679 1497 3734 semper.
1545 3664 1631 3723 Fit
1677 3663 1841 3735 igitur
1877 3672 1937 3720 ut

355 3753 526 3809 abbas
563 3752 727 3809 Pater
768 3762 1055 3810 censuerat
1088 3771 1101 3807 :
1134 3762 1329 3822 quotus
1376 3754 1518 3807 enim
1569 3754 1799 3824 quisque
1844 3751 1937 3826 [an

355 3857 463 3899 non
491 3842 916 3915 unusquisque?]
959 3842 1012 3898 in
1062 3841 1319 3913 religione
1362 3842 1578 3899 fervens
1604 3859 1758 3911 esse,
1786 3844 1934 3900 omni

356 3934 538 3991 studio
566 3943 893 4006 pectoreque
929 3943 1041 3990 toto
1067 3948 1220 3990 suam
1254 3934 1481 4013 orando,
1505 3932 1800 4004 jejunando
1831 3934 1939 3997 vir..-

356 4034 526 4082 tutcm
548 4026 857 4082 ostendere.

427 4114 525 4170 lOl
539 4153 552 4166 .
572 4114 835 4171 Cancrum
860 4114 1001 4169 inter
1023 4113 1135 4168 haec
1161 4127 1284 4184 spes
1300 4111 1502 4181 abbati,
1526 4111 1789 4184 simulque
1807 4127 1939 4169 cura

356 4204 532 4276 major
551 4221 816 4271 crescere,
854 4206 1041 4260 nuntio
1070 4215 1312 4274 accepto,
1346 4202 1557 4259 Justum
1590 4204 1735 4258 illum
1763 4206 1938 4263 adhuc

359 4314 481 4353 cum
520 4298 766 4353 daemone
806 4306 1048 4360 certare;
1108 4311 1207 4350 nec
1237 4303 1416 4349 tatuen
1460 4294 1532 4350 illi
1577 4294 1795 4364 suisque
1835 4294 1938 4349 hac

356 4404 512 4444 mura
539 4402 690 4459 spem
713 4388 920 4444 deesse.
953 4384 1209 4442 Sciebant
1230 4386 1373 4441 enim
1399 4385 1517 4456 plus
1547 4385 1727 4459 miseri
1759 4385 1938 4439 homi-

358 4482 445 4536 nis
469 4482 601 4544 lide,
626 4495 787 4550 quam
816 4493 1002 4534 eorum
1034 4463 1401 4540 meritis,‘sibi
1447 4473 1723 4531 Christum
1753 4473 1935 4530 Domi-
1965 4509 2014 4566 υ

359 4587 490 4627 num
514 4571 995 4629 clementissimum
1027 4569 1306 4633 auxilium,
1330 4569 1431 4624 etsi
1469 4566 1728 4633 differret,
1768 4581 1939 4636 quan-

360 4663 538 4734 daque
576 4663 831 4717 laturum.
858 4662 993 4717 Cum
1046 4660 1210 4731 igitur
1257 4658 1399 4715 domi
1452 4656 1691 4728 forisque
1732 4673 1829 4728 pro
1880 4660 1947 4711 se‘

362 4755 591 4824 quisque
613 4769 738 4808 cum
767 4753 979 4809 diabolo
1003 4752 1211 4811 orando
1238 4759 1495 4815 certaret,
1523 4750 1732 4804 tandem
1764 4740 1940 4803 Domi-

362 4860 468 4900 nus
522 4842 679 4899 Jesus
732 4855 1030 4914 pauperum
1097 4841 1530 4910 deprecationem
1611 4837 1937 4903 exaudiens,

365 4939 425 4994 8.
452 4938 678 4995 Joannis
705 4937 957 5008 precibus
988 4932 1191 4990 factum
1220 4941 1380 4987 estut
1406 4947 1438 4986 a
1466 4931 1677 4987 diabolo
1718 4946 1823 4986 non
1871 4931 1938 4986 ad

364 5040 601 5101 tempus,
633 5039 694 5086 ut
733 5028 838 5086 alia
892 5043 1127 5098 semper,
1163 5027 1258 5083 sed
1299 5035 1557 5095 perpetuo
1597 5022 1782 5079 Justus
1828 5022 1938 5087 ille,

362 5122 645 5178 monachis
672 5122 840 5177 etiam
884 5118 1234 5183 absentibus,
1278 5124 1333 5170 et
1373 5117 1683 5181 orantibus,
1716 5114 1941 5169 munda-

2037 3297 2218 3339 mores
2238 3285 2373 3341 mihi
2405 3289 2738 3357 persuadeo:
2768 3306 2835 3345 ne
2860 3291 3001 3355 sitis,
3029 3307 3148 3348 oro.
3196 3294 3329 3350 Nam
3356 3336 3371 3364 ,
3414 3306 3473 3352 ut
3511 3298 3617 3355 alia

2034 3372 2298 3430 beneﬁcia
2326 3378 2597 3445 omittam,
2623 3393 2743 3449 qua:
2781 3382 3038 3438 Dominus
3066 3383 3222 3440 Jesus
3256 3400 3354 3456 per
3382 3386 3619 3459 Virginis

2037 3462 2218 3520 Maria:
2242 3474 2299 3521 et
2324 3466 2382 3522 8.
2412 3465 2636 3524 Joannis
2658 3470 2852 3526 merita
2881 3472 2932 3526 in
2963 3473 3106 3529 hunc
3121 3476 3335 3544 operari
3363 3477 3623 3548 dignatus

2037 3561 2152 3618 est;
2211 3555 2316 3610 hoc
2367 3556 2500 3612 mihi
2542 3565 2599 3613 et
2642 3560 2926 3625 omnibus,
2991 3562 3083 3632 qui
3149 3559 3623 3635 sanum'sapiunt

2036 3643 2394 3712 intellectum,
2452 3649 2750 3704 maximum
2805 3650 3059 3716 videtur,
3127 3661 3184 3707 et
3223 3662 3305 3708 est
3350 3654 3625 3723 profecto,

2036 3754 2161 3793 eum
2194 3739 2369 3795 solum
2423 3740 2516 3797 tali
2573 3751 2829 3813 tantoque
2864 3743 3079 3800 diaboli
3120 3744 3314 3801 morbo
3339 3744 3613 3809 aﬂ'ectum,

2037 3842 2145 3899 quo
2175 3829 2307 3886 nihil
2333 3830 2507 3901 pejus,
2537 3840 2618 3887 tot
2636 3842 2815 3888 mentas
2840 3833 3103 3890 lustrasse
3128 3835 3394 3904 regiones,
3421 3843 3498 3892 tot
3521 3852 3619 3905 per;

2043 3921 2160 3979 loca
2193 3920 2337 3977 invia
2364 3930 2420 3976 et
2440 3921 2944 3993 incognita-adiisse
2968 3924 3226 3993 populos,
3256 3924 3473 3982 demum
3502 3926 3617 3982 huic

2038 4012 2277 4070 saltuosa
2301 4021 2357 4068 et
2382 4015 2549 4068 ardua
2582 4015 2807 4084 petiisse
2838 4014 3165 4071 incolumem
3188 4024 3245 4071 et
3266 4029 3543 4073 securum.
3610 4073 3614 4077 ι

2115 4104 2238 4159 104.
2289 4102 2483 4160 Multos
2534 4103 2818 4161 da:moniis
2863 4103 3093 4174 aliisque
3133 4105 3353 4161 morbis.
3385 4106 3618 4175 pessime

2037 4192 2260 4249 allectos
2304 4193 2412 4251 huc
2465 4194 2811 4250 contendisse
2860 4194 3123 4250 memini:
3157 4194 3253 4250 sed
3286 4195 3411 4251 huic
3443 4196 3618 4253 simile

2038 4299 2139 4343 nec
2162 4285 2341 4341 audivi
2358 4300 2636 4354 unquam,
2691 4300 2793 4340 nec
2839 4284 2969 4340 vidi.
3007 4284 3298 4351 Quocirca,
3343 4301 3445 4342 nec
3496 4304 3613 4341 mc—

2039 4374 2211 4430 moria
2236 4383 2416 4429 vestra
2439 4376 2556 4429 haec
2579 4374 2832 4432 excidant
2855 4413 2871 4438 ,
2919 4374 3271 4431 vehementer
3304 4389 3457 4445 rogo.
3537 4374 3615 4430 Tu

2038 4479 2202 4528 vero,
2231 4462 2416 4529 Juste,
2454 4463 2711 4534 posthac,
2761 4470 3033 4532 utcunque
3068 4461 3284 4519 fortuna
3336 4465 3625 4539 ceciderit,

2039 4558 2164 4627 quis
2189 4556 2282 4611 tibi
2307 4570 2468 4611 casus
2489 4564 2644 4610 atrox
2672 4564 2730 4610 et
2770 4555 2942 4609 malus
2966 4593 2983 4619 ,
3010 4568 3170 4623 quem
3200 4554 3361 4613 Jesus
3385 4562 3618 4624 avertat,

2038 4649 2303 4712 evenerit,
2336 4647 2511 4702 nullas
2542 4648 2593 4701 in
2625 4646 2793 4700 Deum
2820 4660 2983 4701 voces
3007 4646 3290 4703 indecoras
3316 4647 3446 4704 edas
3474 4666 3488 4702 :
3522 4650 3617 4717 sed

2040 4752 2094 4797 te
2166 4739 2324 4795 talem
2382 4738 2597 4804 exhibe,
2647 4751 2710 4794 ut
2751 4738 2993 4803 labores,
3044 4739 3288 4806 incdias,
3344 4716 3647 4797 cruciatus!

2039 4845 2229 4888 omnes
2270 4839 2492 4900 propter
2518 4829 2704 4886 Jesnm
2735 4872 2751 4895 ,
2794 4831 2888 4901 qui
2920 4840 2974 4886 te
3006 4831 3331 4887 intolerabili
3374 4832 3618 4887 cruciatu

2039 4933 2095 4978 et
2123 4924 2433 4991 turpissima
2467 4924 2843 4978 crucismorte
2883 4923 3144 4989 redemit,
3187 4923 3417 4992 tolerare
3455 4924 3611 4987 velis.

2039 5016 2137 5074 Cui
2168 5015 2256 5069 ille
2284 5032 2298 5070 :
2337 5013 2701 5070 MandataDei
2731 5015 3138 5083 omnipotentis,
3160 5023 3421 5082 quantum
3450 5015 3503 5069 in
3529 5028 3628 5069 me

2040 5107 2147 5162 erit
2169 5104 2371 5167 studio,
2397 5102 2581 5159 labore
2604 5104 2801 5159 tenebo
2819 5103 3264 5172 observaboque:
3293 5104 3468 5158 sancti
3494 5115 3620 5159 vero

2184 5195 2261 5216 ΑΕ-
2288 5194 2543 5216 1.-..-ο-ε-
2580 5196 2628 5216 9--
2673 5195 2823 5216 ---1-

2889 5194 2938 5216 Ξ.-
2970 5209 3057 5216 Α--
3103 5194 3152 5216 2‘
3183 5191 3350 5216 -‘OO':-
3405 5206 3623 5216 -‘”OI-_
