4110 5362
544 362 650 418 855

1188 463 1272 520 PA
1282 462 1368 520 RS
1403 460 1495 519 IX.

626 560 748 616 905.
769 556 1058 615 Plebanum
1079 556 1366 625 quemdam
1398 553 1457 609 8.
1487 551 1709 609 Joannis
1737 552 1913 623 oppidi
1950 550 2119 622 (l62),

565 653 620 708 'tn
651 645 946 719 superioris
974 644 1106 698 Arni
1130 642 1281 701 \‘alle
1311 642 1422 706 siti,
1455 650 1668 710 captqu
1697 657 1728 694 a
1758 640 2029 705 daemone,
2056 639 2126 694 ad

559 744 662 798 hoc
693 742 751 796 S.
778 739 957 795 Maria:
991 737 1379 794 monasterium
1427 734 1664 790 vinctum
1698 741 1861 801 atque
1894 739 2124 786 tractum

556 830 883 902 accepimus.
947 827 1274 884 Sciscitante
1310 825 1473 897 igitur
1506 824 1788 880 sacerdote
1837 821 2122 888 monacho,

557 919 767 975 creteris
786 927 930 975 metu
962 917 1261 987 percussis:
1310 914 1463 972 Unde
1497 914 1611 969 haec
1656 913 1751 969 tibi
1792 910 2038 977 audacia,
2089 925 2125 966 ο

557 1013 789 1079 damon,
818 1010 923 1085 [ut]
966 1010 1337 1081 presbyterum
1366 1048 1381 1071 ,
1436 1007 1607 1063 sacris
1654 1006 1919 1061 imbutum
1944 1043 1961 1070 ,
2012 1003 2125 1058 Deo

557 1110 821 1174 prasente
846 1099 1159 1155 offerentem
1190 1096 1514 1151 sacrificium
1535 1135 1549 1160 ,
1592 1095 1802 1165 ingredi
1830 1094 1905 1148 sis
1935 1106 2119 1146 ausus.

557 1191 656 1247 Cui
684 1191 889 1247 dasmon
913 1186 1092 1260 [dixit]
1117 1188 1249 1241 satis
1289 1185 1436 1239 illum
1460 1185 1551 1238 diu
1579 1198 1678 1254 per
1700 1181 1970 1236 licentiam
1994 1190 2123 1234 nutu

558 1281 761 1346 divino,
794 1278 1125 1333 facinoribus
1169 1275 1418 1332 omnibus
1456 1281 1766 1345 coepertum
1805 1270 2121 1340 pertulisse;

557 1386 616 1426 se
639 1384 781 1425 nunc
805 1369 877 1425 ob
894 1367 1117 1431 furtum,
1140 1364 1300 1436 paulo
1317 1373 1441 1418 ante
1461 1364 1514 1417 in
1543 1364 1601 1417 S.
1625 1362 1791 1416 Maria
1814 1375 1949 1415 nova
1974 1360 2122 1430 (165)

558 1460 657 1517 lia!
693 1459 877 1530 inique
902 1464 1301 1529 perpetratum,
1330 1462 1520 1509 nonut
1562 1451 1918 1515 Sacerdotem,
1950 1450 2044 1504 sed
2067 1458 2126 1504 tit

559 1562 791 1623 nequam
838 1555 1143 1615 tetrumquc
1189 1544 1461 1598 hominem
1512 1540 1811 1611 possidere.
1839 1538 1930 1593 llle
1975 1537 2122 1593 enim

558 1646 709 1694 recte
731 1635 931 1691 dicitur
957 1635 1240 1699 sacerdos,
1272 1632 1366 1711 qui
1390 1645 1465 1696 se,
1502 1642 1560 1686 ut
1588 1631 1922 1686 sacerdotem
1945 1628 2123 1694 decet,

558 1731 734 1801 gerit:
767 1728 857 1783 ubi
897 1728 1042 1782 enim
1080 1742 1111 1782 a
1138 1726 1282 1780 bono
1310 1724 1524 1779 homine
1568 1720 1955 1775 consuetudine
1984 1718 2124 1772 mala

1570 353 1633 413 S.
1673 351 1958 411 JOANNIS
1994 349 2386 409 GUALBERTI
2427 347 2721 405 ABBATIS

2148 469 2197 529 Α
2227 461 2472 532 spinetis,
2502 459 2698 530 quibus
2722 457 2834 516 lucc
2872 454 2990 516 loca
3016 456 3217 531 passim
3244 457 3538 527 abundant,
3570 459 3796 517 minime

3693 345 3801 404 856

2223 550 2491 619 impediri.
2519 548 2655 604 Nam
2702 566 2807 605 non
2836 559 2986 606 recto
3014 553 3249 618 tramite,
3278 553 3374 607 sed
3404 567 3501 621 per
3528 552 3683 608 devia
3707 551 3792 607 in-

2223 646 2366 702 culta
2394 646 2737 715 saltuosaquc
2767 646 2883 701 loca
2916 646 3115 702 cursim
3140 648 3245 701 iter
3258 648 3589 717 arripuerat.

2295 736 2415 792 l08.
2456 736 2851 791 Cunctanlibus
2894 736 3029 802 suis,
3069 750 3301 806 eumque
3348 752 3614 806 nusquam
3663 752 3797 810 gen-

2225 826 2359 880 tium
2394 825 2831 896 (exploraverant
2872 827 3017 881 enim
3063 828 3242 880 omnia
3283 826 3588 899 diligenter)
3641 843 3796 899 repe-

2223 916 2517 983 rientibus;
2562 935 2699 985 rem,
2734 919 2811 973 uti
2858 928 2999 985 erat,
3038 920 3279 999 [nempe]
3307 922 3478 993 ipsum
3513 939 3672 991 quam
3706 939 3797 979 ra-

2223 1005 2355 1075 ptim
2387 1007 2565 1075 fugam
2596 1023 2835 1077 parasse,
2869 1023 3188 1078 persensere
3231 1012 3469 1066 tandem.
3509 1012 3587 1067 Eo
3630 1028 3797 1083 expe-

2225 1096 2344 1161 diti,
2368 1112 2519 1152 arma
2563 1099 2814 1154 celeriter
2844 1100 3107 1169 arripere,
3152 1102 3256 1155 etsi
3287 1117 3390 1156 nox
3419 1103 3791 1169 tenebrosior,

2224 1186 2405 1251 solito,
2431 1187 2507 1252 id,
2545 1189 2686 1257 quod
2723 1189 2859 1244 lucis
2883 1203 3003 1245 esse
3043 1200 3239 1261 potest.
3267 1191 3406 1247 cmlo
3433 1191 3669 1262 undique
3696 1207 3798 1246 nu—‘

2223 1275 2379 1331 bibus
2403 1268 2657 1344 obscuro,
2672 1289 2913 1350 negaret,
2938 1289 3113 1334 tamen
3134 1281 3255 1336 ἔρδω
3283 1281 3592 1354 Virginiqtte
3616 1283 3796 1338 Maria:

2223 1368 2384 1422 matri
2430 1369 2546 1437 ejus
2586 1385 2651 1423 ex
2704 1370 2908 1425 intimis
2955 1372 3135 1426 cordis
3168 1373 3219 1426 in
3270 1389 3329 1427 re
3381 1383 3487 1427 tam
3527 1377 3695 1428 atroci
3733 1390 3793 1429 se

2224 1460 2685 1523 commendantes,
2711 1460 2799 1513 alii
2825 1460 2962 1523 alio,
2994 1476 3101 1530 quo
3125 1462 3226 1516 sibi
3263 1464 3651 1530 persuaderent
3669 1479 3792 1516 cum

2228 1549 2483 1613 tenuisse,
2517 1558 2673 1603 nocte
2722 1558 2833 1603 tota
2873 1550 3119 1619 palantes
3157 1561 3549 1621 errantesque,
3601 1568 3795 1607 nemus

2224 1651 2386 1691 onme
2412 1638 2647 1707 undique
2683 1638 3002 1693 lustravere.
3040 1638 3207 1708 Igitur
3252 1642 3439 1709 primo
3466 1656 3623 1696 mare
3660 1641 3790 1713 (non

2225 1727 2344 1781 sine
2377 1713 2817 1781 nuntine'divino
2842 1727 3049 1799 actum)
3088 1730 3304 1798 quidam
3347 1745 3412 1785 ev
3444 1731 3511 1785 lis
3538 1731 3595 1785 S.
3621 1731 3795 1785 llilla-

559 1797 615 1873 in
644 1831 870 1889 pravum
914 1815 1270 1876 abstrahiltlr,
1301 1812 1499 1867 desinit
1546 1825 1669 1865 esse
1709 1810 1982 1864 sacerdos-
2031 1808 2124 1861 E51
2157 1797 2199 1855 Β
2232 1834 2348 1873 rum
2369 1817 2543 1887 (itii),
2569 1816 2727 1887 hujus
2750 1817 2807 1872 8.
2834 1797 3358 1875 Mariae-monasterii
3403 1821 3575 1876 locum
3604 1836 3795 1893 penes,

559 1907 702 1964 cnim
741 1905 1041 1963 sacerdotis
1064 1902 1408 1972 sacrilegium
1437 1915 1626 1971 agere,
1649 1899 1949 1968 altarisquc
1984 1899 2123 1952 dona

559 1999 777 2066 furtive,
805 1998 1031 2061 clamve,
1070 1995 1155 2051 vel
1193 1995 1383 2064 quovis
1412 1994 1571 2049 modo
1601 1991 1867 2061 diripere?
1897 1989 2126 2059 Moxque

560 2090 703 2146 male
735 2090 911 2145 ablata
941 2090 993 2142 in
1025 2102 1181 2142 suum
1227 2086 1480 2142 restituat
1518 2084 1724 2149 locum,
1766 2082 2126 2151 deincepsque

561 2190 783 2247 caveat;
818 2194 918 2234 nos
957 2193 1091 2232 vero
1123 2176 1241 2230 sine
1269 2175 1493 2246 strepitu
1532 2176 1736 2243 absque
1779 2186 1993 2226 rumore
2021 2171 2126 2224 ullo

562 2275 670 2335 alio
697 2269 1108 2330 contendemus.
1150 2268 1207 2323 Si
1253 2267 1431 2322 minus
1461 2274 1736 2325 certamen
1769 2264 1822 2318 in
1865 2278 1962 2316 nos
2009 2276 2128 2331 pre-

562 2379 761 2445 cesque
786 2361 1084 2419 funduntur
1109 2361 1401 2416 incassum.
1434 2360 1578 2429 Ergo
1608 2373 1713 2413 non
1744 2372 1904 2423 unus,
1935 2356 2012 2409 ait
2042 2370 2128 2410 sa-

560 2458 771 2521 cerdos,
800 2456 895 2512 sed
918 2454 1101 2526 plures
1121 2455 1272 2509 estis.

634 2545 756 2601 106.
796 2543 933 2599 Tum
971 2544 1182 2598 daunon
1208 2540 1488 2606 conticuit,
1516 2554 1615 2595 nec
1644 2539 1786 2595 ultra
1816 2539 1884 2593 ab
1912 2538 2028 2609 ipso
2049 2552 2129 2593 sa-

499 2625 503 2630 ’
562 2637 756 2694 cerdos
778 2635 1078 2691 monachus
1119 2632 1375 2704 precibus
1397 2631 1480 2686 vel
1507 2631 1556 2684 vi
1588 2631 1810 2685 verbum
1839 2630 2005 2683 ullum
2034 2643 2131 2682 va-

560 2727 667 2794 luit
697 2724 1011 2796 exsculpere
1058 2737 1073 2777 :
1116 2737 1183 2777 eo
1222 2736 1335 2777 rem
1383 2719 1598 2774 diremit
1640 2737 1653 2772 :
1700 2710 2130 2785 conjurationem

562 2831 696 2873 vero
714 2814 784 2871 in
809 2816 954 2871 diem
980 2823 1258 2883 posterum
1289 2809 1481 2865 statuit
1509 2806 1750 2869 differre.
1783 2808 2133 2878 lnterimipse

564 2906 726 2981 quam
754 2908 987 2963 maxime
1012 2905 1250 2969 occulte,
1281 2912 1340 2957 ut
1370 2902 1651 2973 religiosus
1677 2902 1798 2957 talis
1825 2904 2023 2974 negotii
2047 2918 2134 2956 ar-

564 3000 733 3067 tifex,
755 3014 868 3054 rem
913 3012 945 3052 a
986 2996 1246 3069 plebano,
1278 3007 1338 3051 ut
1362 2996 1608 3052 diabolus
1629 2995 1869 3057 dixerat,
1904 2994 1975 3047 ita
2014 3007 2133 3049 esse

565 3088 848 3159 cognovit:
870 3100 1028 3157 quem
1049 3085 1134 3149 his
1156 3086 1335 3142 verbis
1359 3087 1630 3157 castigans
1648 3084 1755 3137 ait:
1786 3083 1891 3136 lla!
1924 3081 2130 3149 infelix,

568 3195 676 3251 qua
710 3177 933 3234 audacia
956 3178 1072 3233 haec
1092 3175 1354 3232 nefariam
1390 3186 1603 3235 tentare
1642 3174 1879 3239 voluisti,
1902 3189 2021 3229 cum
2058 3175 2134 3229 sis

570 3270 686 3341 ipse
709 3267 991 3323 sacerdos?
1010 3266 1144 3323 Vide
1178 3268 1405 3337 posdiac
1455 3281 1647 3321 caveas
1684 3281 1752 3319 ne
1794 3264 1914 3320 aliis
1961 3264 2133 3333 majus

570 3358 875 3414 atrociusve
923 3358 993 3413 de
1028 3360 1080 3413 ti:
1127 3356 1430 3428 exemplum
1480 3356 1654 3411 detur.
1694 3355 1925 3408 Additur
1956 3352 2134 3408 verbis

570 3448 895 3510 mirantium
922 3466 936 3503 :
977 3449 1069 3522 qui
1101 3449 1245 3506 enim
1273 3456 1482 3517 Captus,
1514 3455 1729 3515 totoque
1754 3460 1977 3515 corpore
2015 3444 2135 3498 vin-

569 3549 692 3599 ctus,
729 3541 834 3596 huc
865 3541 1239 3606 contenderat,
1278 3540 1406 3594 data
1434 3535 1560 3604 fide,
1610 3536 1870 3606 quidquid
1916 3534 2135 3604 indigne

569 3628 885 3695 abstulerat,
928 3630 1297 3693 redditurum,
1329 3628 1721 3695 honestumque
1767 3621 1958 3697 [quod]
1998 3624 2135 3676 foret

568 3719 798 3793 posthac
836 3718 1126 3782 facturum,
1159 3716 1294 3770 liber
1323 3714 1715 3783 incolumisque
1744 3729 1864 3766 cum
1907 3711 2022 3766 suis
2044 3712 2134 3764 do-

571 3824 718 3864 mum
743 3809 1013 3867 concessit
1038 3807 1311 3877 propriam
1340 3822 1353 3858 :
1388 3806 1563 3865 adhuc
1588 3806 1750 3863 etiam
1781 3804 1954 3868 illum,
1977 3819 2133 3876 quem

569 3916 682 3982 prae
710 3914 770 3954 se
795 3899 1020 3961 ferebat,
1052 3899 1105 3951 in
1143 3896 1296 3953 vultu
1319 3907 1377 3950 et
1399 3895 1536 3973 facie
1559 3910 1786 3950 servans
1814 3897 2095 3965 pallorem.

641 3989 764 4044 107.
806 3988 886 4042 Ex
923 3987 1145 4046 Aretina
1183 3985 1406 4045 civitate
1426 4000 1712 4057 germanos
1740 3995 1880 4053 tres,
1905 4001 2135 4066 quorum

572 4094 737 4143 unum
783 4095 814 4133 a
857 4077 1121 4137 daemonio
1152 4085 1367 4148 captum
1400 4075 1684 4137 constabat
1730 4078 1865 4132 satis
1888 4116 1904 4141 ,
1945 4077 2048 4132 hoc
2073 4078 2131 4130 8.

572 4172 759 4229 Maria:
806 4167 1195 4225 monasterium
1247 4167 1447 4222 adiisse
1503 4167 1827 4238 accepimus.
1868 4166 2134 4222 Caeterum

572 4281 748 4337 opera:
771 4263 1000 4335 pretium
1022 4269 1128 4325 est,
1161 4260 1357 4330 quibus
1371 4258 1598 4322 artibus,
1623 4258 1885 4328 quibusve
1908 4257 2135 4312 fallaciis

574 4344 819 4413 diabolus
856 4353 1083 4421 miseros
1124 4349 1379 4405 mortales
1426 4349 1727 4403 subducere
1765 4355 1972 4413 tentet,
2016 4347 2137 4401 dili-

2223 1906 2457 1961 errando
2482 1918 2755 1975 vagantes,
2803 1909 3066 1963 rusticum
3108 1910 3396 1979 quemdam
3440 1910 3657 1966 obvium
3695 1912 3795 1965 lia-

2225 1997 2411 2062 buere,
2437 1998 2530 2067 qui
2565 1998 2885 2052 necessitate
2917 2008 3141 2070 urgente
3170 2010 3294 2055 ante
3322 2000 3498 2057 lucem
3530 2002 3636 2055 iter
3655 2017 3797 2071 pon-

2228 2088 2647 2159 temArrignani
2684 2087 2861 2157 juxta,
2902 2090 2991 2143 ubi
3027 2090 3194 2144 miser
3230 2090 3317 2146 ille
3348 2093 3553 2147 insania
3598 2094 3795 2147 ductus

2226 2178 2571 2233 volutabatur
2615 2181 2834 2246 arenis,
2886 2179 3095 2235 habuit.
3142 2182 3290 2249 Quos
3336 2194 3582 2240 errantes
3623 2187 3796 2240 armis

2228 2279 2353 2322 ante
2374 2268 2513 2321 diem
2552 2268 2853 2333 admirans,
2892 2269 3117 2323 horrore
3148 2272 3395 2339 perfusus
3428 2273 3640 2341 inquit:
3675 2273 3792 2339 Eia,

2228 2376 2334 2430 quo
2358 2359 2551 2414 tenetis
2573 2359 2708 2413 iter?
2735 2360 2833 2414 llic
2860 2363 3191 2430 repentinus,
3226 2364 3366 2420 citus
3393 2378 3796 2437 nocturnusque

2228 2466 2419 2505 cursus
2445 2450 2574 2520 quid
2602 2450 2747 2516 velit,
2776 2452 2818 2506 si
2852 2453 3016 2507 menti
3046 2464 3152 2519 cst,
3176 2456 3463 2512 dcclarate.
3501 2459 3596 2512 Vix
3626 2474 3795 2527 pauca

2230 2540 2343 2595 lucc
2374 2540 2487 2605 illi,
2520 2550 2783 2596 nocturno
2812 2544 2999 2597 labore
3034 2544 3335 2615 diurnoque
3373 2548 3556 2602 dolore
3587 2548 3792 2614 affecti,

2229 2630 2443 2684 dedere.
2477 2630 2576 2685 llei
2614 2630 2841 2686 miseros
2867 2631 3219 2701 infelicesque
3251 2649 3410 2704 supra
3438 2648 3626 2689 omnes
3655 2651 3797 2689 inor-

2233 2719 2397 2774 tales!
2444 2736 2545 2775 nos
2575 2736 2921 2792 germanum,
2958 2740 2987 2777 a
3028 2725 3291 2780 dwmonio
3317 2736 3569 2796 captum,
3593 2728 3685 2797 qui
3714 2729 3801 2781 in-

2232 2819 2387 2864 caute
2406 2826 2435 2864 a
2471 2810 2628 2866 nobis
2657 2828 2723 2866 ex
2755 2811 2922 2868 Vallis
2955 2814 3234 2870 Umbrosze
3270 2816 3603 2872 monaSterio
3629 2816 3797 2884 abiit,

2232 2916 2421 2956 somno
2446 2901 2836 2973 itineribusque
2866 2907 3177 2975 asperrimis
3203 2907 3406 2972 attriti,
3431 2909 3662 2963 errando
3702 2925 3802 2979 per

2232 2988 2350 3045 loca
2381 2990 2523 3045 invia
2553 2994 2862 3061 sequimur;
2907 3009 3014 3064 quo
3040 2995 3199 3048 iverit
3221 2995 3532 3066 ignoramus
3553 2999 3799 3068 penitus:

2235 3079 2311 3133 ita
2351 3080 2495 3134 enim
2528 3081 2696 3136 variis
2723 3083 2870 3137 curis
2895 3083 3366 3155 anxietatibusque
3409 3083 3698 3152 ailicimur,
3742 3095 3801 3141 ut

2229 3187 2455 3242 prorsus
2482 3175 2651 3229 nostri
2679 3173 2831 3228 obliti
2859 3174 3049 3229 simus.

2304 3262 2427 3319 109.
2465 3263 2539 3317 At
2569 3264 2657 3319 ille
2707 3264 2957 3319 eumdem
2996 3279 3116 3319 esse
3162 3264 3509 3327 existimans,
3543 3279 3701 3334 quem
3746 3266 3800 3324 in

2235 3369 2399 3409 arena
2433 3354 2764 3409 volutantem
2797 3356 3111 3421 invenerat,
3155 3354 3334 3425 inquit
3366 3372 3380 3409 :
3412 3354 3491 3409 Ne
3531 3353 3797 3424 paventis;

2236 3447 2429 3503 fortem
2454 3447 2691 3501 animum
2723 3448 2923 3516 geratis
2951 3462 3079 3509 oro;
3129 3448 3314 3501 sciatis
3336 3445 3551 3512 Jesum,
3590 3463 3677 3499 mc
3717 3462 3800 3499 su-

2235 3538 2607 3607 perveniente,
2659 3551 2753 3592 vos
2783 3536 3104 3606 respexisse.
3151 3533 3286 3591 Nam
3316 3534 3560 3606 profecto
3611 3536 3656 3588 is
3684 3547 3799 3600 est,

2236 3645 2395 3698 quem
2426 3630 2585 3699 paulo
2609 3637 2734 3682 ante
2778 3628 2835 3683 in
2862 3629 3045 3682 littore
3077 3637 3291 3698 pontem
3316 3642 3481 3698 prope
3505 3625 3799 3698 projecttun

2238 3719 2454 3789 reperi:
2494 3730 2617 3775 cum
2657 3717 2799 3774 enim
2851 3733 2973 3773 cum
3016 3719 3336 3784 adivissem,
3389 3719 3564 3773 insani
3609 3718 3802 3787 capitis

2236 3812 2481 3880 quaedam
2533 3818 2644 3863 tum
2690 3823 2852 3880 agere
2902 3818 3015 3863 tum
3065 3810 3265 3866 dicere.
3313 3809 3363 3864 ls
3402 3819 3484 3865 est
3508 3810 3752 3880 profecto
3781 3823 3800 3862 :

2233 3900 2508 3971 quocirca,
2542 3900 2586 3955 si
2614 3898 2811 3979 placet,
2840 3899 2947 3956 duc
2983 3915 3083 3957 nos
3116 3902 3182 3956 ad
3232 3916 3354 3956 eum
3391 3920 3405 3961 τ,
3444 3902 3548 3957 loci
3578 3901 3721 3962 enim
3746 3908 3805 3955 et

2236 3990 2445 4046 itineris
2469 3993 2686 4061 penitus
2709 3992 2903 4061 ignari,
2930 4008 3040 4063 quo
3065 3993 3391 4049 tendendum
3417 3994 3489 4049 sit
3509 3985 3801 4049 nescimus.

2234 4078 2435 4145 Ducam
2470 4080 2722 4147 libenter,
2757 4081 2802 4134 si
2834 4081 2983 4151 prius
3010 4083 3257 4151 corporis
3293 4083 3437 4137 vires
3475 4082 3618 4137 domi
3647 4096 3804 4147 mere,

2234 4183 2355 4239 qua:
2394 4185 2499 4225 non
2531 4169 2695 4240 longe
2734 4169 2932 4234 distat,
2967 4169 3486 4240 redintegraveritis.
3523 4170 3608 4223 Nl
3645 4181 3807 4240 potus

2234 4261 2458 4318 cibusve
2483 4269 2733 4331 saperet,
2778 4261 2880 4314 nisi
2911 4275 3169 4332 germano
3210 4262 3451 4324 invento,
3494 4261 3586 4314 tibi
3623 4271 3808 4316 tamen

2236 4355 2435 4427 gratias
2468 4355 2707 4426 agimus,
2756 4364 2999 4418 orantes,
3029 4362 3265 4423 emptum
3302 4366 3651 4422 properemus
3674 4352 3807 4415 iter,

575 4453 763 4523 86MB?
790 4441 1089 4497 θάνθιίθνθ·
1134 4435 1267 4491 Nam
1296 4452 1415 4490 cum
1437 4436 1611 4506 Prima
1634 4435 1998 4503 COI‘iul‘alioﬂc
2028 4437 2138 4489 (1⁵5·
2163 4454 2212 4514 D
2240 4460 2305 4500 ne
2337 4461 2541 4500 moram
2576 4444 2849 4517 agitando,
2876 4428 3092 4498 interim
3114 4442 3316 4511 aliquid
3348 4442 3558 4497 oriatur
3584 4440 3731 4495 mali.

576 4524 785 4587 cessum
827 4544 976 4583 more
1014 4541 1112 4587 suo
1156 4525 1439 4581 simularet
1467 4525 1709 4587 daemon,
1735 4523 1837 4577 etsi
1864 4526 1903 4577 'a
1948 4537 2136 4589 mona—

576 4624 692 4685 chis
714 4620 819 4693 [ut]
846 4625 1121 4682 caverent,
1151 4616 1326 4671 edocti
1352 4614 1555 4695 [essent
1579 4612 1758 4685 socii],
1786 4623 1962 4668 tamen
1998 4614 2049 4666 in
2078 4628 2136 4668 re

576 4724 769 4783 parum
818 4707 985 4771 cauti,
1028 4720 1136 4774 quo
1166 4705 1342 4769 vellet,
1383 4704 1611 4772 liberum
1641 4705 1720 4758 ire
1756 4703 2133 4771 permiserunt.

579 4801 634 4860 lit
660 4798 850 4871 primis
870 4794 1244 4856 lassitudinem
1274 4792 1497 4861 lingere,
1525 4792 1568 4849 si
1597 4793 1720 4872 quis
1748 4801 1923 4845 tamen
1952 4790 2136 4845 obser-

576 4900 750 4956 varet,
784 4888 991 4956 fallere,
1020 4885 1180 4940 lentis
1205 4884 1462 4953 gradibus
1490 4884 1569 4939 ire
1598 4899 1613 4936 :
1647 4884 1864 4941 demum
1894 4882 1984 4936 ubi
2009 4896 2137 4938 suos

577 4995 759 5042 mente
795 4994 922 5037 cum
968 4977 1141 5043 oculis
1182 4977 1393 5039 deditos
1418 4974 1527 5031 alio
1566 4974 1915 5045 intelligeret,
1941 4980 1995 5026 et
2026 4970 2139 5041 jam

581 5074 819 5132 tenebris
856 5069 1129 5142 paululum
1184 5066 1422 5130 exortis,
1463 5079 1531 5119 ex
1578 5066 1870 5134 composito
1908 5066 2038 5119 dare
2083 5066 2137 5118 in

579 5166 742 5238 pedes
769 5170 1025 5234 quantum
1067 5157 1296 5229 quibat:
1324 5155 1540 5211 frutetis
1579 5169 1706 5219 vero
1748 5155 2021 5219 arbustive
2055 5154 2141 5214 vel

2308 4537 2430 4592 “0.
2469 4533 2703 4590 His'iter
2731 4535 3132 4598 festinantibus,
3164 4534 3321 4589 laetus
3348 4534 3409 4588 lit
3450 4533 3664 4588 obviam
3699 4534 3808 4588 fra-

2240 4637 2340 4682 ter.
2394 4626 2458 4680 Hi
2512 4626 2564 4679 iit
2609 4625 3026 4681 admirationem
3072 4624 3241 4693 prius,
3298 4624 3423 4678 inde
3473 4626 3526 4677 in
3562 4623 3804 4678 laetitiam

2206 4748 2209 4751 η
2240 4716 2400 4780 versi,
2439 4716 2582 4768 datis
2623 4715 2967 4784 acceptisque
2994 4714 3220 4776 dextris,
3249 4728 3359 4782 pne
3390 4713 3578 4769 lmtitia
3625 4725 3805 4781 neque

2239 4805 2509 4874 lacrymas
2536 4814 2719 4857 tenere
2753 4811 3042 4871 poterant:
3072 4816 3139 4855 ex
3178 4803 3373 4870 quibus
3418 4818 3557 4857 unus
3586 4802 3800 4871 inquit:

2241 4896 2358 4960 Dic,
2382 4894 2567 4958 frater,
2585 4909 2682 4947 cur
2708 4908 2739 4948 a
2767 4894 2921 4947 nobis
2942 4892 3157 4947 abiisti?
3185 4893 3313 4958 Qtue
3336 4902 3385 4947 te
3411 4893 3514 4949 huc
3535 4892 3805 4947 dementia

2238 4986 2419 5040 vexit?
2456 4984 2607 5040 Unde
2641 4985 2758 5039 haec
2788 4983 3041 5042 valetudo
3069 4992 3155 5037 tua
3186 4983 3364 5037 bona?
3394 4982 3546 5043 Unde
3581 4992 3689 5036 tam
3721 4999 3808 5037 re-

2237 5076 2432 5145 pente?
2461 5072 2539 5133 Ex
2594 5071 2721 5128 Iesu
2768 5072 3111 5143 Virginisque
3152 5071 3335 5126 Mariae
3377 5082 3434 5127 et
3490 5074 3549 5129 S.
3583 5073 3807 5129 Joannis

2242 5164 2452 5221 meritis
2478 5163 2591 5219 lucc
2630 5163 2771 5221 bona
2818 5172 2945 5223 sunt
2991 5168 3196 5232 omnia,
3236 5165 3435 5244 quibus
3482 5180 3570 5225 me
3613 5165 3808 5223 crebro
