4110 5362
409 253 509 310 837
567 212 575 219 ’

1915 253 2114 312 ACTA.

2605 209 2630 219 κ

3553 258 3656 316 838

410 370 812 438 commendans,
851 378 908 424 et
941 369 1134 442 saepius
1165 364 1337 430 idem,
1382 366 1603 422 diabolo
1628 367 1862 430 nolente,
1897 367 1976 419 ιιι-
2001 379 2052 430 Α
2083 377 2236 421 tusve
2256 369 2613 431 οι·ειιιο.ιίι›ιιε,
2642 385 2751 448 rem
2774 383 3009 448 omnem,
3055 368 3272 438 quaillc
3291 370 3650 435 detinebantur,

410 461 586 526 ciens,
627 461 730 518 etsi
777 459 1029 517 inimicus
1061 459 1148 514 ille
1188 458 1400 530 generis
1447 457 1686 520 humani,
1731 456 1985 511 seductor

410 550 656 608 diabolus
684 565 770 604 me
799 547 1105 612 suﬂ‘ocaret,
1139 548 1191 601 in
1227 546 1380 617 plura
1419 545 1698 600 devexerit
1725 543 1982 614 pericula,

411 639 712 712 pnesertim
741 638 828 694 ubi
857 637 1008 692 littus
1036 637 1166 691 Arni
1195 637 1390 706 attigi,
1436 635 1509 691 nil
1546 633 1983 704 praetermiserit,

410 745 595 795 orans,
626 730 941 792 obsecrans,
983 727 1364 796 interdumque
1413 725 1704 788 minitans,
1755 723 1809 776 in
1857 735 1983 792 pro-

413 821 664 876 liuentem
693 835 888 890 aquam
917 833 1002 873 me
1047 832 1364 889 met-gerem.
1401 817 1512 888 Ego
1536 824 1753 871 econtra
1779 829 1879 885 pro
1908 815 1987 869 vi-

413 913 564 967 ribus
585 912 640 966 in
667 912 754 966 his
791 909 1198 967 difﬁcultatibus
1243 907 1438 962 fortem
1467 923 1663 977 gerens
1707 908 1986 974 animum,

414 997 610 1058 millies
655 985 862 1064 Jesum,
916 1001 1190 1070 Virginem
1240 999 1464 1054 Mariam
1493 1040 1508 1064 ,
1553 1015 1710 1070 opem
1759 985 1984 1067 ferrent,

415 1081 688 1148 invoeare.
726 1089 919 1146 Tulere
966 1091 1182 1147 tandem
1233 1090 1389 1144 solita
1421 1089 1790 1142 misericordia
1829 1103 1987 1158 opem

415 1183 784 1252 auxiliumque
825 1200 839 1237 :
877 1197 998 1236 nam
1029 1168 1294 1248 diabolus,
1333 1182 1458 1237 Jesu
1507 1183 1845 1252 Virginisque
1873 1183 1987 1236 Ma-

416 1274 509 1327 ria:
529 1261 703 1344 gratia
725 1273 978 1328 omnibus
1009 1273 1212 1326 viribus
1232 1286 1288 1325 se
1311 1271 1591 1341 spoliatmu
1619 1256 1984 1336 considerans,

415 1377 518 1418 nec
561 1363 762 1418 malum
805 1379 942 1433 opus
997 1363 1308 1432 inceptum,
1352 1372 1410 1416 ut
1449 1361 1694 1427 volebat,
1728 1349 1990 1432 perlicere

417 1437 574 1530 posse
597 1457 884 1512 advertens
929 1472 1008 1521 se,
1060 1457 1112 1510 in
1157 1457 1290 1512 iram
1333 1471 1553 1522 versus,
1581 1453 1686 1528 [ιιι]
1716 1472 1800 1510 me
1829 1454 1994 1510 sulfu-

416 1556 586 1614 caret,
614 1549 669 1604 in
702 1557 900 1603 terram
929 1548 1195 1612 detrusit,
1232 1546 1471 1611 lanians,
1522 1547 1834 1617 discerpeus
1873 1563 1992 1602 ere-

416 1639 535 1706 bro,
561 1640 805 1709 corporis
830 1648 1058 1695 mortem
1087 1647 1450 1708 mteruamque
1475 1637 1901 1704 danmationem,
1934 1638 1988 1692 ni

417 1744 448 1782 a
495 1728 745 1799 precibus
791 1717 1142 1792 desisterem,
1187 1728 1491 1782 minitans:
1534 1729 1747 1783 demum
1794 1731 1988 1794 victus,
2019 1717 2065 1776 Β

417 1807 670 1871 confusus
717 1817 770 1870 in
807 1832 919 1871 rem
964 1817 1159 1870 malam
1199 1818 1472 1870 concessit
1501 1831 1675 1870 suam.
1721 1817 1836 1886 Ego
1885 1818 1988 1873 hoc

338 1919 346 1927 ‘
418 1905 541 1969 iter,
575 1903 676 1978 [ut]
708 1905 765 1961 S.
789 1905 1014 1962 Joannis
1039 1907 1257 1961 domum
1289 1907 1482 1962 iterum
1519 1908 1818 1974 visitarcm,
1847 1909 1990 1964 illico

418 1993 620 2062 arripui
649 2011 662 2048 :
702 2009 798 2059 eo,
829 1995 955 2064 quia
985 2010 1068 2050 me
1112 1995 1369 2064 sospitem
1399 1993 1548 2064 fecit,
1581 2012 1685 2050 una
1714 1998 1890 2052 redire
1921 2011 1989 2052 ne

401 2079 775 2138 'cunctemini.

445 2183 457 2191 '
492 2172 613 2226 ill.
654 2172 717 2226 lli
764 2181 909 2227 retro
937 2183 1130 2228 euntes
1152 2213 1166 2238 ,
1203 2174 1433 2244 benigne
1461 2189 1491 2228 a
1529 2173 1755 2240 rustico,
1791 2175 1856 2230 de
1885 2192 1994 2246 quo

397 2249 580 2332 paulo
610 2271 735 2318 ante
779 2263 1000 2318 verbum
1052 2265 1152 2318 feci
1175 2305 1189 2330 ,
1238 2265 1406 2319 habiti
1435 2261 1630 2337 [sunt].
1659 2265 1787 2334 Ejus
1812 2266 1992 2336 itaque

419 2345 808 2422 benignitatem
852 2353 1213 2420 admirantes,
1249 2364 1304 2410 et
1351 2371 1408 2410 se
1445 2355 1627 2410 itidem
1672 2366 1921 2421 acturos,
1947 2357 1992 2412 si

422 2441 640 2512 quando
667 2459 823 2497 casus
865 2433 1122 2509 eveniret,
1159 2443 1506 2513 pollicentes,
1533 2445 1598 2498 ad
1625 2445 1829 2498 Vallem
1863 2445 1992 2500 Um-

421 2533 639 2587 brosam
688 2527 954 2602 regressi,
991 2543 1268 2603 gratanter
1319 2549 1348 2587 a
1409 2525 1740 2600 monachis,
1775 2536 1997 2605 suisque

426 2623 613 2695 (iidem
659 2623 804 2676 enim
839 2621 969 2676 fessi
1016 2623 1332 2693 fatigatique
1371 2625 1662 2696 redierant)
1711 2626 1995 2694 sanctique

423 2697 929 2770 Joanrtisvirtutetn
953 2715 1301 2781 admirantes,
1331 2731 1564 2788 eumque
1595 2719 1662 2773 ad
1692 2719 1871 2773 sidera
1901 2736 1998 2774 ex-

428 2805 699 2872 tollentes,
716 2805 917 2874 recepti
940 2815 1082 2861 sunt.
1105 2806 1306 2878 Itaque,
1327 2824 1477 2864 more
1497 2809 1677 2876 solito,
1701 2809 1995 2866 S.Joannis

424 2893 652 2950 brachio
707 2895 900 2952 devote
951 2895 1335 2968 humiliterque
1381 2900 1626 2955 osculato
1653 2941 1669 2966 ,
1713 2901 1996 2956 Aretinam

425 2985 534 3044 laeti
578 2985 849 3047 civitatem
897 2995 1177 3056 petentes,
1227 2985 1452 3044 Joannis
1493 2991 1788 3046 beatissimi
1836 2992 1996 3048 obvio

400 3065 406 3076 ’
428 3075 619 3144 cuique
639 3090 860 3130 narrare
880 3065 1244 3144 et'prtedicare
1272 3078 1560 3144 miracula;
1585 3071 1703 3149 qua:
1724 3080 1994 3150 equidem,

427 3181 534 3220 non
561 3180 644 3232 ea,
671 3180 789 3236 qua:
814 3166 1021 3234 accepi,
1059 3165 1153 3220 sed
1195 3153 1314 3237 qum
1350 3167 1519 3224 oculis
1548 3169 1678 3234 vidi,
1709 3179 1786 3224 tot
1813 3180 1995 3225 tauta-

429 3271 534 3324 que
561 3264 707 3320 sunt,
735 3263 793 3308 ut
830 3254 874 3308 si
907 3254 1068 3309 velim
1097 3255 1278 3310 omnia
1319 3257 1608 3328 diligenter
1633 3257 1992 3330 perscribere,

427 3355 642 3416 tempus
666 3361 828 3416 quam
871 3360 959 3402 res
984 3345 1250 3401 maturius
1287 3361 1373 3400 me
1405 3347 1680 3401 desereret
1711 3361 1728 3400 :
1759 3363 1826 3402 eo
1851 3361 2000 3418 qu:e-
2085 3411 2096 3420 .

429 3438 553 3492 dam
577 3437 870 3492 illustriora
912 3437 1187 3519 memoriae
1229 3437 1460 3507 prodere
1489 3437 1711 3504 curabo,
1735 3445 1790 3492 et
1819 3439 1885 3493 de
1913 3439 2000 3519 his

426 3527 666 3607 parcius,
693 3542 851 3615 quam
897 3543 984 3583 res
1020 3517 1134 3598 ipsa
1163 3536 1500 3600 exposceret.
1533 3527 1726 3584 Verum
1753 3545 1896 3586 nunc
1929 3517 1998 3586 ad

428 3615 654 3684 reliqua.
1077 3680 1082 3685 ‘

403 3699 409 3710 ’
500 3705 622 3769 H2.
661 3705 898 3769 Alteram
951 3703 1234 3770 mulierem
1283 3707 1351 3762 de
1397 3703 1626 3780 Mugello
1675 3707 1822 3779 (εδδ)
1849 3707 1998 3780 (pars

425 3798 672 3870 quaedam
720 3798 981 3864 Etruriae,
1009 3797 1182 3868 'quam
1232 3799 1462 3868 populus
1516 3799 1860 3855 Flor-eminus
1902 3815 1998 3871 per

428 3873 778 3961 magistratus
826 3889 1196 3958 administrat)
1239 3889 1469 3942 vidimus
1507 3890 1575 3943 ad
1605 3891 1704 3946 hoc
1731 3888 1786 3944 S.
1817 3889 2000 3944 Maria:

427 3979 816 4045 intortasterium
832 3979 883 4033 vi
911 3977 1148 4042 ductam,
1165 3993 1324 4046 quam
1349 3977 1638 4046 plebecula:
1660 3977 1761 4032 illae
1787 3978 1994 4032 adulte-

431 4073 549 4134 rino
579 4087 672 4126 seu
701 4079 954 4140 corrupto
981 4071 1197 4124 nomine
1223 4069 1421 4124 Bellam
1447 4068 1819 4140 appellabant;
1841 4077 1998 4125 caete-

431 4175 550 4221 rum
577 4159 808 4215 Antonia
853 4175 982 4215 vero
1011 4161 1226 4214 nomine
1246 4160 1348 4214 diei
1382 4159 1654 4234 [solebat].
1685 4159 1832 4214 llaue
1855 4159 1998 4228 ejus-

430 4253 574 4306 modi
602 4252 802 4321 speciei
839 4251 1111 4308 invaserat
1157 4253 1398 4318 tlaemon,
1447 4251 1550 4326 [ut]
1602 4251 1781 4316 facile,
1813 4251 1998 4306 divino

429 4341 632 4404 auxilio
680 4342 967 4405 advocato,
1017 4357 1122 4394 non
1172 4341 1341 4396 multo
1389 4343 1688 4396 certamine
1740 4341 1993 4408 cederet;

2088 455 2299 524 aperuit
2329 472 2344 520 ;
2371 449 2376 455 ’
2403 467 2560 509 antea
2603 445 2746 511 enim
2793 445 2940 511 idum
2983 457 3178 527 sa‘pius
3227 460 3652 515 dissimulantem

2085 555 2441 614 coarguerant
2466 547 2728 600 monachi.
2763 547 2871 601 Nisi
2897 548 3070 611 enim,
3099 549 3172 601 ait
3203 548 3317 610 ille,
3351 531 3464 604 ha'c
3501 551 3652 606 Chri-

2086 632 2262 687 stiano
2289 649 2436 687 more
2461 651 2556 686 sua
2589 635 2874 704 diligenter
2918 637 3123 692 scelera
3155 637 3316 693 fuerit
3335 641 3450 716 Deo
3473 635 3658 698 sacer-

2086 714 2306 794 dotique
2333 724 2599 793 confessa,
2630 729 2770 798 quod
2803 725 3006 796 pudore
3033 729 3177 784 malo
3201 714 3363 786 ducta
3389 733 3530 788 haud
3550 735 3658 803 egit

2086 829 2344 884 unquam,
2381 815 2426 870 si
2457 817 2635 885 superi
2667 817 2931 888 inferique
2959 831 3266 888 precentur,
3289 821 3334 874 si
3366 823 3656 892 quidquam

2086 913 2395 959 sanctorqu
2424 917 2505 960 est
2534 906 2902 977 reliquiarum,
2934 910 2986 962 in
3014 927 3099 964 nte
3128 923 3505 982 congerantur,
3530 932 3659 969 con-

2089 995 2304 1050 tendam
2329 997 2567 1050 minime.
2599 994 2787 1050 Videat
2831 997 2997 1068 igitur
3028 1001 3154 1068 quid
3177 999 3328 1068 velit,
3375 1017 3446 1057 an
3475 992 3656 1059 hacin

2087 1085 2220 1151 vita,
2249 1087 2318 1138 ita
2345 1095 2402 1139 ut
2421 1087 2605 1157 carpit,
2630 1085 2871 1158 [peccata
2895 1088 3279 1162 committere],
3304 1107 3370 1144 an
3395 1089 3480 1146 illa
3507 1093 3662 1148 dese-

2087 1191 2230 1230 rere.
2265 1177 2396 1229 Nam
2438 1177 2595 1232 facile
2638 1177 2810 1231 cuivis
2857 1178 3054 1232 malum
3097 1175 3307 1236 facinus
3337 1183 3656 1252 admittere;

2088 1277 2342 1320 caeterum
2367 1266 2492 1320 illud
2521 1265 2789 1337 deponere
2813 1267 3024 1323 difficile
3043 1285 3162 1324 esse
3186 1274 3480 1338 asserebat,
3517 1279 3658 1346 quoi

2088 1355 2339 1408 sacerdos
2363 1355 2664 1424 przrsertim
2694 1357 2744 1410 in
2776 1357 3017 1414 tia-moue
3039 1357 3411 1434 [mirabatur]:
3449 1380 3659 1430 verum,

2086 1439 2210 1496 Jesu
2239 1451 2484 1513 cogente,
2526 1443 2654 1498 illud
2685 1444 2934 1498 diccbat:
2970 1448 3090 1515 quis
3125 1449 3268 1501 enim
3297 1450 3433 1502 alter
3460 1453 3661 1503 dauno-

2088 1547 2208 1586 nem
2253 1533 2320 1587 ad
2379 1535 2594 1590 salubre
2640 1551 2778 1605 opus
2825 1537 3100 1606 impellere
3149 1539 3252 1594 nisi
3307 1549 3438 1594 nutu
3485 1542 3664 1597 divino

2091 1620 2312 1676 valeret.
3283 1629 3288 1632 '
3375 1627 3383 1634 ‘
3439 1621 3444 1629 ’

2163 1715 2283 1770 ill.
2325 1715 2492 1770 Instat
2523 1717 2686 1788 igitur
2731 1719 3008 1783 sacerdos,
3039 1729 3161 1792 agat
3197 1721 3446 1777 hortatur
3477 1724 3665 1780 :amro

2089 1821 2259 1876 mare,
2304 1808 2378 1861 nil
2401 1809 2688 1875 salubrius,
2733 1811 2808 1864 nil
2837 1811 3020 1866 utilius
3059 1813 3251 1868 animae
3277 1815 3602 1886 'corporique
3627 1833 3657 1870 a

2089 1897 2276 1971 quovis
2303 1901 2610 1954 Christiano
2643 1903 2755 1956 fieri
2783 1919 2939 1973 posse
2969 1923 2982 1957 :
3031 1905 3097 1956 ad
3121 1905 3235 1958 lnee
3279 1905 3497 1971 addere,
3533 1907 3665 1960 nihil

2087 1989 2283 2043 virium
2312 1990 2364 2043 in
2399 2008 2494 2044 nos
2523 1993 2822 2047 dmntonem
2856 1994 3076 2059 habere,
3112 1995 3268 2050 modo
3291 1991 3664 2051 JeSu‘Christo

2087 2068 2246 2136 bonis
2274 2083 2527 2152 operibus
2567 2082 2944 2139 iulnereamus.
2985 2081 3079 2139 llis
3122 2087 3302 2154 itaque
3327 2095 3381 2141 et
3407 2087 3528 2142 aliis
3554 2105 3668 2141 llltl-

2089 2171 2278 2226 lierem
2309 2173 2376 2226 ad
2421 2189 2604 2227 veram
2649 2173 3047 2229 confessionem
3087 2177 3350 2245 agendam
3399 2176 3660 2245 impellit;

2089 2278 2252 2332 quam
2284 2262 2444 2316 corde
2472 2263 2634 2326 bono,
2666 2273 2844 2317 mente
2873 2263 3081 2334 integra
3113 2279 3270 2330 agere
3294 2281 3412 2318 cum
3442 2265 3666 2321 statuis-

2091 2359 2194 2417 ret,
2243 2351 2385 2406 illico
2427 2367 2548 2404 eam
2601 2361 2712 2408 toto
2756 2369 2984 2423 corpore
3033 2354 3356 2408 incolumem
3403 2356 3662 2411 deserens

2084 2441 2320 2518 daemon,
2353 2441 2480 2506 alio,
2507 2443 2735 2512 strepitu
2776 2443 2921 2496 nullo
2949 2458 3181 2513 voceque
3210 2443 3354 2498 nulla
3379 2443 3544 2514 edita,
3585 2447 3665 2498 in-

2093 2523 2467 2602 dignabundus
2495 2535 2790 2588 contendit.
2816 2533 2924 2588 Nec
2948 2536 3203 2606 deinceps
3225 2549 3342 2588 eam
3373 2545 3666 2591 attrectare

2085 2607 2224 2696 '[velj
2257 2625 2461 2695 ingredi
2493 2640 2684 2690 ausus,
2729 2641 2948 2680 suorum
2981 2627 3244 2681 scelerum
3273 2627 3431 2698 digna
3458 2626 3670 2682 confes-

2093 2716 2248 2771 sione
2270 2725 2509 2786 peracta.
2543 2715 2649 2771 Res
2685 2717 2794 2786 ipsa
2827 2717 3029 2772 hortari
3063 2718 3365 2785 videbatur,
3396 2721 3518 2791 quia
3545 2721 3668 2774 inde

2094 2822 2360 2862 summam
2402 2816 2512 2861 tum
2555 2807 2752 2861 anima:
2799 2818 2910 2861 tum
2949 2809 3192 2876 corporis
3224 2810 3380 2864 nobis
3425 2811 3668 2864 vindiea-

2089 2915 2216 2972 mus
2240 2898 2466 2954 salutem
2494 2939 2510 2962 ,
2547 2887 2766 2968 aliquod
2798 2898 3018 2955 verbum
3059 2900 3110 2952 in
3143 2898 3290 2954 calce
3320 2899 3477 2967 hujus
3505 2901 3670 2954 mira-

2098 2989 2202 3044 culi
2235 2990 2300 3044 de
2340 2989 2576 3058 perfecta
2613 2977 2967 3045 confessione
2995 2989 3220 3056 fecisse,
3267 2992 3671 3061 Opportunitate

2025 3068 2070 3131 C
2100 3091 2442 3147 occurrente,
2489 3081 2593 3136 nisi
2624 3079 2750 3135 alibi
2810 3082 2922 3160 ipsa
2994 3079 3157 3138 latius
3208 3099 3330 3137 cum
3368 3083 3532 3138 latine
3557 3095 3670 3138 tum

2100 3171 2258 3244 vulgo
2285 3171 2480 3227 litteris
2509 3172 2994 3228 mandavissemus.
3025 3171 3104 3227 Eo
3143 3169 3511 3242 inccptunrad
3535 3187 3670 3247 opus

2099 3263 2407 3340 redeamus.

2282 3403 2288 3410 .
2429 3403 2434 3411 .
2741 3356 2918 3412 PARS
2955 3356 3023 3412 X.

2084 3501 2088 3506 .
2171 3449 2290 3505 “5.
2326 3449 2431 3506 Sed
2452 3449 2656 3506 eisdem
2689 3449 2803 3506 fere
2822 3449 3152 3519 temporibus
3191 3447 3368 3518 puella
3391 3449 3660 3519 quzedam,

2098 3540 2413 3610 parentibus
2429 3539 3306 3615 solumcomitantibus,templum
3328 3537 3373 3602 S.
3401 3538 3578 3595 Mariae
3603 3540 3672 3594 de

2105 3630 2249 3686 Valle
2309 3628 2606 3694 Umbrosa,
2663 3629 2835 3702 gratia
2883 3615 3407 3708 bonmpvaletudiuis
3450 3643 3700 3708 recupe-'

2098 3720 2282 3776 randa:
2309 3709 2494 3774 adivit.
2522 3719 2673 3786 Quod
2714 3718 2956 3789 profecto
2987 3707 3302 3792 miraCulum
3349 3721 3494 3794 (quia
3519 3707 3667 3792 pium

2100 3811 2510 3882 miserabileque
2538 3811 2660 3882 fuit)
2685 3815 2993 3890 nivei-tune
3023 3813 3248 3868 videndo
3277 3805 3480 3891 pariter
3525 3802 3670 3888 nunc

2099 3905 2302 3960 litteris
2349 3891 2654 3969 mandando
2709 3893 2991 3976 lacrymas
3016 3904 3158 3959 haud
3207 3913 3392 3960 tenere
3426 3919 3668 3974 possum.

2099 3993 2251 4048 llauc
2291 3995 2504 4048 unicam
2549 4003 2798 4064 parentes
2843 3993 3144 4060 habebant;
3174 4009 3318 4065 quae,
3360 4003 3420 4050 ut
3445 3993 3512 4048 ab
3538 3994 3669 4068 ipsis

2099 4083 2406 4154 accepimus
2449 4084 2569 4156 (qui
2625 4101 2811 4140 revera
2849 4083 2974 4140 boni
3018 4083 3324 4156 ﬁdelesque
3353 4099 3472 4154 esse
3519 4082 3669 4140 vide-

2087 4175 2329 4240 bantur;
2360 4185 2636 4238 caeterum,
2677 4185 2736 4230 ut
2766 4191 2854 4230 res
2879 4175 2990 4246 ipsa
3027 4175 3186 4244 paulo
3211 4174 3668 4244 post-declaravit,

2098 4265 2240 4318 haud
2275 4266 2466 4334 erant)
2518 4265 2574 4318 in
2626 4265 2826 4318 teneris
2875 4264 3034 4318 annis
3077 4273 3224 4318 tanta
3253 4262 3416 4318 animi
3468 4262 3668 4316 virtute

2099 4351 2363 4408 instructa
2406 4351 2532 4416 fuit,
2584 4361 2641 4405 ut
2682 4343 2942 4408 adversus
2990 4351 3175 4406 mundi
3213 4349 3484 4415 lascivias,
3517 4351 3668 4406 volu-

429 4427 610 4493 facile,
640 4429 918 4484 monachis
941 4429 1084 4482 aliud
1105 4429 1436 4493 curantibus,
1463 4438 1572 4486 tum
1594 4419 1751 4484 iniret
1779 4432 1994 4485 iterum.

2099 4418 2353 4512 ptates'et
2378 4443 2676 4506 illecebras,
2691 4459 2810 4514 qua:
2831 4444 3172 4514 quandoque,
3191 4443 3292 4499 nisi
3315 4443 3437 4514 quis
3459 4454 3667 4510 caveat,

430 4517 524 4576 llis
555 4518 717 4589 igitur
748 4519 1172 4574 dissensionibus
1199 4521 1528 4575 creberrime
1556 4521 1623 4575 ab
1661 4523 1850 4576 eodem
1887 4522 1998 4576 dxe-

431 4627 590 4664 moue
631 4611 795 4676 actis,
848 4612 1248 4666 reversiouibus
1287 4612 1471 4664 itidem
1515 4613 1710 4682 saepius
1749 4615 1997 4680 teutatis,

425 4701 538 4770 jam
574 4702 960 4756 monachorum
994 4699 1159 4756 animi
1190 4701 1400 4772 fatigati
1437 4701 1639 4776 [erant]
1673 4721 1686 4756 :
1720 4703 1865 4758 aliud
1895 4699 2000 4758 dae-

431 4789 577 4843 moui
609 4789 828 4854 durius,
878 4791 962 4844 his
1003 4805 1134 4845 vero
1169 4789 1438 4845 dillieilius
1489 4793 1734 4846 monachi
1781 4795 1999 4863 aggredi

429 4881 694 4936 nituntur.
731 4881 916 4950 Itaque
945 4899 1010 4937 ex
1050 4891 1174 4937 voto
1202 4893 1255 4938 et
1291 4885 1558 4938 sententia
1589 4886 1828 4938 ontuium
1859 4887 1998 4940 inter

405 4985 490 5044 se
521 4970 653 5026 inito
689 4971 940 5035 consilio,
977 4971 1276 5040 singulares
1306 4973 1722 5041 supplicationes
1751 4975 1893 5032 domi
1921 4975 2002 5029 foo

429 5061 616 5132 risque
663 5061 840 5128 fiunt,
890 5061 956 5114 ad
1005 5063 1120 5116 lucc
1167 5062 1441 5118 communi
1502 5065 1740 5118 omnium
1789 5059 2000 5136 singulo

427 5151 551 5219 die,
587 5154 848 5217 diuturno
877 5167 998 5207 eum
1042 5151 1100 5208 S.
1127 5151 1352 5213 Joannis
1393 5154 1616 5210 brachio
1653 5155 1800 5223 adito
1827 5166 2004 5212 certa-

2080 4548 2298 4602 _corpus
2333 4533 2676 4600 animamque
2704 4533 3086 4588 miserabiliter
3127 4533 3394 4612 obruunt,
3441 4532 3668 4602 supplex

2102 4623 2323 4679 humilis
2355 4622 2560 4694 Virgini
2605 4623 2786 4698 Mariae
2824 4626 3038 4694 penitus
3081 4626 3260 4680 dedita
3285 4639 3430 4700 esse,
3480 4639 3671 4694 preces

2101 4714 2482 4784 quan‘iplures,
2527 4717 2813 4785 variasque
2856 4719 3148 4784 orationes,
3199 4732 3333 4786 quas
3361 4717 3501 4772 domi
3533 4715 3672 4768 ditii—

2101 4814 2278 4876 eerat,
2298 4805 2349 4860 in
2375 4806 2456 4860 sui
2483 4807 2742 4862 honorem
2769 4806 3040 4875 decusque
3059 4807 3270 4878 singulo
3293 4807 3380 4880 die
3401 4807 3670 4867 emit'ere,

2083 4911 2292 4965 .outnes
2317 4897 2485 4966 ipsius
2516 4897 2726 4968 vigilias
2749 4898 2979 4972 indictas
3005 4914 3098 4953 seu
3123 4887 3345 4952 minime
3371 4911 3510 4966 pane
3547 4901 3669 4945 tan-

2106 4977 2229 5042 tum‘
2260 4989 2586 5058 lutuosaque
2613 5006 2750 5060 aqua
2785 4999 3039 5046 contenta
3073 4977 3359 5062 jejunare;
3383 5001 3558 5056 neque
3593 4999 3678 5039 sa-

2103 5079 2232 5142 lem,
2260 5093 2432 5148 neque
2450 5080 2553 5136 alia
2573 5073 2904 5137 irritamenta
2927 5084 3062 5152 gube
3083 5093 3346 5152 quaerere,
3375 5092 3475 5131 nec
3504 5075 3679 5130 virum

2107 5169 2328 5224 ducere.
2359 5185 2459 5224 nec
2492 5184 2678 5224 eorum
2709 5172 2887 5224 visere
2911 5171 3216 5224 snectacula
3241 5168 3325 5222 vel
3356 5174 3674 5224 conventus.
