4110 5362
534 361 642 419 859

1571 360 1629 416 S.
1664 359 1949 418 JOANNIS
1983 356 2377 416 GU.\LBERTl
2416 357 2709 413 ABBATIS

3693 359 3805 416 8ίο

602 476 727 534 116.
767 476 918 533 Hanc
953 476 1116 548 igitur
1156 476 1449 530 virtutibus
1491 476 1744 532 omnibus
1804 475 2109 530 redimitam
2139 488 2186 546 Α
2214 471 2494 541 pissimam
2523 480 2751 527 mortem
2777 471 2847 527 ob
2880 469 3083 551 scelera
3126 480 3309 529 nostra
3337 472 3639 529 delinienda
3670 490 3800 529 con-

531 568 776 627 diabolus
798 568 889 625 Dei
917 577 1046 621 nutu
1073 566 1288 620 invasit.
1320 565 1451 621 Eam
1482 565 1534 619 in
1558 565 1747 636 primis
1776 565 1968 621 leviter
1996 573 2108 619 tor-

528 672 718 727 querc,
756 672 855 710 nec
897 670 928 708 a
972 654 1143 709 solitis
1186 654 1529 733 orationibus
1550 651 1881 723 jejuniisque
1928 653 2108 707 facere

528 748 780 802 alienam.
830 743 1025 798 Verum
1053 742 1319 799 interdum
1353 743 1631 799 oculorum
1662 744 1833 797 aciem
1874 754 2102 807 torvam,

528 841 730 892 vultum
772 837 1072 909 faciemque
1096 854 1419 908 cxsnguem
1451 838 1599 901 dare,
1629 854 1721 892 ora
1757 836 1939 892 faetida
1966 852 2108 908 prae-

528 937 610 983 ter
638 930 851 983 solitum
884 930 1101 983 habere.
1136 929 1341 996 Quibus
1372 940 1629 999 parentes
1679 925 1951 998 paululum
1987 918 2108 995 per-

529 1022 678 1080 moti.
711 1022 884 1088 primo
931 1022 1029 1073 rati
1079 1018 1231 1091 [sunt
1280 1018 1421 1092 esse]
1460 1022 1705 1074 morbum
1755 1018 2102 1075 naturalem:

526 1122 650 1181 post
695 1112 785 1167 ubi
833 1127 950 1164 eam
1004 1127 1106 1165 non
1158 1126 1372 1180 semper
1412 1111 1656 1165 eauulem
1700 1111 1885 1165 vident
1932 1124 2106 1177 neque

526 1203 788 1274 aequalem
821 1216 1066 1267 manere,
1122 1203 1216 1256 sed
1245 1200 1404 1255 sicuti
1450 1217 1481 1255 a
1530 1199 1743 1256 diabolo
1787 1200 2106 1255 movebatur

527 1293 699 1364 magis
728 1293 1002 1364 magisque
1035 1291 1236 1346 variam
1265 1305 1405 1353 esse,
1450 1305 1624 1358 neque
1653 1289 1979 1359 interrogata
2007 1302 2103 1343 ve-

528 1399 647 1439 rum
697 1397 1011 1452 responsum
1062 1382 1233 1447 dare,
1285 1383 1378 1436 sed
1424 1381 1817 1437 dissimulando
1863 1380 2101 1445 variare;

525 1473 740 1544 cognita
774 1488 832 1527 re
854 1474 1003 1544 (nam
1029 1480 1187 1526 antea
1215 1472 1409 1543 smpins
1436 1471 1715 1526 audierant
1739 1470 1891 1540 signa
1914 1469 2101 1524 diabo-

528 1561 653 1631 liea)
686 1562 765 1616 sic
805 1561 855 1616 iu
881 1560 1069 1631 primis
1099 1558 1494 1628 conjecturari,
1538 1567 1890 1630 properantes
1927 1556 2104 1611 Passi-

528 1654 749 1707 nianum
798 1653 1184 1707 monasterium
1239 1651 1397 1720 hujus
1449 1652 1686 1716 ordinis,
1738 1651 1881 1722 quod
1920 1648 1979 1706 S.
2011 1648 2104 1703 Mi-

530 1742 736 1799 chaelis
761 1744 980 1808 dicitur,
1016 1743 1214 1797 adeunt
1255 1759 1318 1797 ex
1347 1742 1459 1796 suis
1492 1743 1732 1811 quidam.
1759 1742 1963 1811 Quibus
1997 1756 2101 1796 non

2211 571 2421 617 stanter
2462 563 2712 617 animove
2759 562 2985 634 ingenti,
3029 564 3132 622 etsi
3181 564 3396 625 dolores
3425 564 3797 620 intolerabiles

2211 654 2425 723 corpori
2476 653 2550 707 illi
2608 654 2953 709 sanctissimo
2997 652 3259 708 inferrent
3309 653 3500 719 Judaei,
3552 655 3796 724 pezferre

2209 744 2400 799 voluit.
2453 743 2590 811 Quid
2619 745 2683 797 de
2710 742 2919 803 Joanne
2958 743 3245 815 Baptista‘l|
3287 744 3425 812 Quid
3454 744 3519 800 de
3544 745 3793 802 Lauren-

2212 834 2330 890 tio?
2360 835 2473 903 qui,
2507 834 2649 889 velut
2686 835 2920 889 alienato
2958 850 2987 889 a
3041 850 3201 893 sensu
3221 836 3423 901 animo,
3479 844 3649 891 totum
3677 851 3795 894 eor-

2207 942 2307 996 pus
2338 942 2434 995 pro
2477 928 2693 981 nomine
2739 927 2863 982 Jesu
2902 937 3107 985 torrere
3158 943 3350 1003 passus
3396 936 3499 983 est.
3550 929 3688 996 Quid
3726 930 3794 986 de

2209 1018 2421 1073 caeteris
2444 1017 2661 1088 inclytis
2682 1017 3114 1091 beatissimisque
3140 1019 3267 1073 viris
3295 1018 3580 1073 dicemus?
3600 1018 3794 1089 quibus

2208 1123 2429 1178 regnum
2458 1123 2600 1162 nunc
2627 1106 2886 1165 caelorum
2909 1108 2978 1162 ob
2997 1123 3195 1180 eorum
3229 1110 3426 1164 merita
3450 1116 3505 1163 et
3533 1109 3790 1179 przeclara

2189 1199 2348 1255 facta
2375 1209 2671 1255 exornatur
2698 1217 2712 1266 ;
2746 1201 2961 1272 quibus,
3010 1201 3064 1256 ni
3109 1201 3386 1272 patientia:
3416 1204 3593 1258 virtus
3621 1204 3791 1258 exsti-

2209 1291 2381 1357 tisset,
2409 1299 2520 1344 tum
2551 1292 2821 1347 cruciatus
2859 1292 2999 1358 illos,
3034 1302 3146 1347 tum
3185 1302 3469 1361 tartareus,
3500 1293 3669 1349 multo
3700 1296 3791 1349 du‘

2207 1382 2378 1436 riores
2408 1380 2954 1453 inclementioresque
2980 1381 3304 1452 perferrent.

2276 1477 2398 1531 “9.
2432 1475 2529 1532 llis
2570 1485 2626 1533 et
2650 1477 2770 1535 aliis
2804 1478 3014 1537 animos
3055 1492 3245 1532 eorum
3279 1487 3502 1533 mtestos
3532 1492 3790 1534 arrexere

2203 1567 2503 1640 paululum.
2553 1567 2678 1623 inde
2722 1569 2791 1623 ad
2834 1568 3095 1639 capellam
3134 1609 3149 1633 ,
3201 1577 3355 1624 evtra
3403 1569 3788 1623 monasterium

2206 1658 2385 1722 sitam,
2418 1658 2684 1728 prodeunt
2714 1673 2926 1722 omines,
2960 1657 3085 1712 hinc
3113 1657 3424 1721 smcnlares,
3451 1656 3574 1711 inde
3604 1658 3794 1711 devoti.

2206 1750 2462 1817 religiosi.
2518 1747 2846 1818 Conjuratur
2900 1750 3128 1815 dIBtltOll,
3188 1749 3592 1820 interrogatur:
3648 1758 3791 1804 tacet

526 1835 768 1904 procul'a
790 1833 948 1888 domo
979 1831 1184 1904 prtefati
1220 1834 1529 1887 monasterii
1563 1848 1877 1888 meonomus
1905 1848 2097 1887 occur-
2132 1817 2170 1875 Β
2204 1840 2309 1893 me.
2348 1840 2569 1893 Demum
2622 1837 2680 1894 S.
2709 1838 2932 1896 Joannis
2970 1839 3250 1905 virtutem,
3302 1817 3477 1909 ρτῖιξιο
3508 1839 3671 1894 etiam
3702 1839 3788 1893 in-

528 1940 672 1987 rens,
717 1939 775 1978 re
801 1924 1033 1993 cognita,
1062 1924 1129 1991 ab
1154 1924 1400 1977 instituto
1439 1922 1633 1977 itinere
1670 1923 1885 1977 domum
1913 1934 2097 1975 eorum

526 2014 760 2081 di=crtit_.
799 2012 931 2066 Eum
964 2012 1014 2065 in
1058 2012 1268 2080 primis,
1308 2012 1442 2067 alios
1484 2012 1781 2081 praesertim
1822 2011 2101 2082 religiosos

526 2106 676 2160 viros
707 2116 960 2158 accurate
986 2103 1339 2174 religioseque
1365 2104 1692 2158 habuerunt.

600 2193 720 2246 H7.
772 2192 974 2248 Deinde
1025 2193 1322 2247 monachus
1370 2192 1421 2246 in
1468 2191 1789 2260 conjecturis
1812 2189 2099 2261 sagacissi-

525 2296 645 2336 mus
674 2285 818 2353 (nam
850 2292 1002 2338 antea
1032 2282 1353 2337 diabolieum
1393 2298 1561 2353 genus
1593 2281 1693 2337 sibi
1739 2283 1809 2336 ob
1855 2281 2103 2351 frequen-

526 2376 653 2428 tiam
683 2383 961 2445 expertum
992 2375 1129 2445 erat)
1151 2374 1609 2444 conjurationibus
1638 2373 1882 2443 aliisque,
1907 2372 2101 2442 quibus

526 2468 749 2532 utimur,
779 2467 950 2521 niodis
986 2467 1155 2536 ipsam
1193 2466 1434 2519 darmone
1464 2473 1674 2535 captam
1698 2464 1969 2535 cognovit.
1998 2462 2102 2518 Eos

523 2556 706 2625 itaque
759 2554 1065 2609 Passiniani
1126 2553 1551 2617 monasterium,
1607 2552 1698 2607 ubi
1770 2551 1828 2607 S.
1878 2550 2100 2607 Joannis

523 2660 718 2715 corpus
748 2645 1043 2700 honorifice
1072 2643 1339 2714 sepultura
1381 2655 1482 2707 est,
1515 2643 1595 2699 ire
1620 2652 1729 2697 tum
1754 2652 1955 2707 monet,
1989 2650 2100 2695 tum

526 2739 792 2795 hortatur.
847 2735 1027 2791 Rbus
1080 2736 1241 2806 igitur
1292 2735 1577 2806 diligenter
1626 2732 1955 2805 compositis,
2010 2732 2097 2786 illa

525 2826 871 2893 Florentium,
901 2827 955 2882 bi
997 2826 1064 2881 ad
1123 2826 1252 2881 illud
1305 2825 1692 2881 monasterium
1732 2822 2097 2878 contendunt:

521 2919 614 2989 qui
637 2919 854 2990 quidem
882 2918 1019 2988 grati
1049 2916 1229 2972 abbati
1278 2925 1474 2986 praeter
1504 2912 1854 2969 infortunium
1886 2925 2101 2966 casum-

523 3028 628 3079 que
657 3008 955 3063 mirabilem
984 3008 1174 3062 fuere:
1204 3022 1267 3060 ex
1310 3003 1619 3058 monasterii
1650 3004 1795 3057 enim
1824 3000 2031 3056 colonis
2046 3007 2100 3055 et

523 3102 781 3172 agricolis
817 3115 1033 3171 semper
1075 3099 1202 3153 boni
1238 3095 1525 3165 fidelesque
1553 3102 1980 3163 permanserant.
2021 3090 2097 3145 Eo

524 3195 772 3264 cupiente
797 3193 991 3247 abbate
1028 3189 1138 3245 illic
1172 3187 1411 3243 divinmn
1439 3184 1694 3239 auxilium
1725 3191 2100 3252 exspectantes

528 3286 824 3347 incassum,
858 3280 1038 3335 multis
1086 3279 1272 3335 diebus
1310 3284 1359 3331 et
1419 3274 1692 3330 laboribus
1745 3273 2097 3343 consumptis,

526 3377 594 3430 de
635 3374 1022 3428 monachorum
1079 3367 1321 3431 consilio,
1354 3366 1467 3421 solo
1517 3365 1728 3421 diabolo
1782 3373 1909 3420 tunc
1950 3364 2101 3434 quie-

522 3474 727 3527 scente,
760 3463 826 3517 ad
856 3462 956 3516 hoc
987 3459 1045 3514 S.
1078 3456 1258 3512 Mariae
1307 3456 1689 3512 momsterium
1741 3465 1900 3511 aetate
1939 3457 2099 3510 itine—

523 3571 688 3625 reque
717 3554 864 3616 fessi,
904 3550 1142 3606 tenebris
1183 3548 1320 3618 jam,
1352 3548 1443 3603 ubi
1485 3560 1701 3611 venere,
1745 3546 1950 3601 exortis
1975 3560 2098 3600 eum

523 3645 721 3701 litteris
785 3658 905 3715 qua:
952 3639 1162 3695 abbatis
1214 3637 1514 3692 Passiniani
1554 3636 1772 3692 nomine
1811 3635 2099 3689 mitteban-

522 3749 634 3802 tztr,
662 3734 1077 3792 contenderunt.
1111 3730 1165 3784 ln
1199 3731 1282 3784 his
1313 3729 1506 3784 litteris
1529 3729 1698 3783 abbas
1722 3742 1828 3782 non
1852 3734 2100 3796 parentes

525 3830 757 3883 tantum,
783 3827 1036 3874 caeterum
1061 3829 1245 3870 eorum
1272 3813 1435 3887 tiliam
1467 3827 1806 3882 summopere
1833 3825 2101 3867 commen-

524 3914 680 3975 dans,
717 3911 835 3964 htec
878 3906 1019 3960 inter
1065 3903 1269 3974 reliqua
1324 3901 1689 3975 [scribebat]:
1738 3899 1905 3969 Hujus
1955 3902 2096 3955 fama

525 4002 737 4057 virtutis
760 3998 957 4069 passim
987 4012 1091 4051 non
1122 4011 1307 4067 agrum
1329 3994 1699 4049 Passinianum
1745 4001 1973 4055 tantum,
2003 3992 2098 4046 sed

525 4101 580 4144 et
603 4087 856 4142 finitimos
875 4080 1075 4141 omnes
1101 4083 1405 4154 complevit;
1429 4084 1565 4137 adeo
1591 4082 1715 4137 dum
1761 4080 1864 4136 hoc
1906 4081 1960 4134 in
1989 4094 2100 4134 mo-

527 4177 764 4234 nasterio
818 4176 1213 4246 eonjuraretur,
1263 4174 1416 4229 multi
1463 4174 1529 4228 ad
1574 4172 1677 4227 hoc
1731 4170 2095 4242 spectaculum

528 4269 780 4325 mortales
808 4283 970 4325 causa
998 4267 1171 4338 ipsius
1197 4280 1496 4322 convenere
1534 4263 1833 4334 praesertim
1866 4261 2096 4333 proximi

525 4362 762 4433 quique;
791 4368 845 4416 et
872 4360 1039 4414 multa
1063 4359 1189 4424 alia,
1226 4373 1347 4428 qua:
1391 4365 1484 4410 aut
1523 4354 1783 4412 benevola
1830 4352 2097 4408 aututilia

2201 1929 2539 2001 crepationes
2579 1930 2917 2000 crebrasque
2960 1928 3310 2000 probationes
3338 1928 3638 1984 sacerdotis
3669 1945 3783 1984 am-

2203 2020 2340 2090 plms
2365 2017 2510 2073 ferre
2535 2032 2641 2072 non
2670 2017 2871 2082 valens,
2921 2016 3305 2072 circumferens
3351 2017 3477 2072 hinc
3516 2019 3641 2073 inde
3669 2027 3788 2072 tru-

2202 2128 2293 2167 ccs
2330 2112 2610 2166 minaciter
2636 2110 2840 2173 oculos,
2876 2110 2928 2164 in
2950 2109 3063 2164 haec
3087 2109 3297 2163 tandem
3327 2110 3573 2181 prorupit
3593 2111 3784 2176 verba,

2201 2202 2325 2257 inde
2356 2203 2406 2256 ln
2444 2209 2694 2271 parentes
2740 2199 2930 2269 puella:
2972 2199 3115 2268 ipsos
3152 2198 3339 2254 oculos
3365 2200 3666 2271 ignivomos
3693 2201 3788 2255 de-

2200 2292 2369 2363 ligens
2403 2292 2613 2362 inquit:
2663 2290 2863 2345 Perditi
2903 2290 3194 2360 miserique
3241 2304 3417 2358 senes,
3459 2291 3551 2361 qui
3590 2291 3787 2346 vestris

2201 2378 2496 2434 sceleribus
2525 2378 2690 2433 ﬁliam
2736 2378 2973 2441 unicam,
3004 2377 3161 2447 longe
3197 2377 3348 2447 prius
3390 2379 3782 2444 excruciatam,

2200 2469 2414 2523 dcmmn
2443 2469 2666 2538 perdere
2692 2469 2895 2523 curatis
2924 2485 2936 2524 :
2961 2468 3196 2532 scelesti,
3229 2468 3434 2523 reddite
3459 2484 3576 2538 quae
3600 2469 3783 2523 furtim

2201 2557 2407 2612 clamve
2434 2555 2746 2611 monasterii
2776 2557 3115 2626 surripuistis
3146 2557 3310 2621 bona,
3331 2556 3454 2612 inde
3479 2558 3780 2623 discedam;

2201 2662 2357 2703 secus
2385 2657 2564 2701 autem
2596 2662 2788 2718 preces
2814 2647 3110 2715 incassum,
3146 2648 3357 2703 etiamsi
3391 2656 3558 2702 totum
3585 2663 3783 2701 annum

2200 2735 2432 2799 crucicr,
2463 2736 2671 2789 fierent.
2717 2734 2962 2790 Cunctati
3016 2734 3326 2804 aliquandiu
3358 2743 3485 2789 sunt
3511 2734 3785 2804 iniquissi-

2200 2827 2274 2881 mi
2305 2825 2401 2891 illi,
2426 2824 2562 2879 alius
2592 2824 2757 2879 alium
2802 2825 3350 2895 circumspectantes:
3384 2823 3551 2879 movit
3590 2822 3783 2877 deinde

2199 2916 2389 2987 pudor.
2414 2916 2621 2986 Itaque,
2654 2923 2764 2969 tum
2796 2915 2967 2980 vultu,
3002 2923 3112 2969 tum
3147 2913 3304 2979 facie,
3352 2912 3531 2969 colore
3558 2913 3783 2984 aliisque

2201 3007 2444 3077 corporis
2474 3007 2642 3077 signis
2666 3022 2725 3060 se
2777 3021 2897 3061 reos
2941 3006 3074 3060 tanti
3119 3004 3340 3061 sceleris
3383 3004 3778 3075 patefecerunt.

2274 3098 2393 3151 120.
2426 3096 2559 3151 Rem
2590 3097 2860 3160 sacerdos,
2887 3110 3043 3164 quam
3062 3104 3217 3150 caute
3233 3096 3566 3166 sagaciterve
3588 3096 3779 3164 potuit,

2202 3190 2522 3261 exploravit,
2556 3204 2624 3244 ne
2661 3189 2801 3258 quod
2831 3198 2956 3243 ante
3007 3187 3229 3253 nemini,
3259 3187 3358 3241 nisi
3388 3202 3483 3256 per
3510 3185 3778 3239 diabolum

2201 3282 2475 3353 cognitum
2501 3279 2697 3344 fuerat,
2729 3294 2824 3350 per
2852 3279 3090 3334 omnium
3122 3294 3215 3333 ora
3250 3277 3502 3347 deinceps
3531 3290 3778 3331 versare-

2203 3380 2305 3425 tur.
2337 3372 2602 3427 Czeterum
2637 3386 2813 3442 operae
2863 3369 3091 3442 pretium
3130 3367 3253 3434 fuit,
3304 3382 3397 3422 eos
3435 3378 3608 3431 senes,
3641 3366 3778 3419 male

2202 3474 2428 3533 urgente
2452 3462 2806 3526 conscientia,
2833 3462 2885 3515 in
2924 3461 3070 3515 vultu
3101 3468 3320 3530 totoque
3346 3458 3590 3528 corporis
3621 3471 3776 3528 aspe-

2201 3566 2288 3611 ctu
2324 3556 2636 3609 immutatos
2665 3554 2867 3618 videre,
2893 3567 3012 3607 cum
3042 3551 3207 3607 etiam
3238 3549 3485 3605 diabolus
3508 3549 3651 3620 ipsos
3682 3563 3779 3616 per

2198 3646 2388 3717 puellae
2412 3662 2494 3710 os,
2526 3646 2615 3700 ubi
2655 3645 2899 3699 monachi
2950 3644 3090 3700 intro
3141 3642 3372 3713 ingressi
3423 3639 3646 3713 [erant],
3681 3640 3777 3693 lm-

2193 3737 2428 3810 jusmodi
2477 3737 2837 3791 insectaretur
2887 3735 3103 3789 verbis:
3140 3734 3268 3799 Vos,
3305 3733 3546 3803 perversi
3594 3745 3775 3795 senes,

2199 3826 2358 3896 hujus
2380 3824 2566 3895 puellm
2592 3823 2988 3879 machinatores
3008 3820 3134 3875 mali
3158 3836 3174 3888 ;
3204 3835 3300 3877 vos
3345 3821 3509 3876 tiliam
3538 3828 3774 3876 vestram

2198 3920 2302 3973 hoc
2348 3917 2659 3974 discrimine
2714 3915 2910 3970 vestris
2958 3913 3253 3970 sceleribus
3307 3914 3622 3977 induxistis;
3653 3926 3772 3976 vos,

2198 4024 2319 4063 cum
2345 4006 2487 4063 aliud
2521 4007 2761 4062 clausum
2794 4006 2845 4083 in
2869 4013 3107 4077 pectore,
3140 4003 3284 4059 aliud
3311 4003 3363 4058 in
3392 4004 3569 4074 lingua
3598 4017 3776 4073 prom-

2198 4109 2369 4171 ptum,
2422 4098 2736 4170 hypocritac,
2793 4098 3028 4163 subdoli,
3067 4096 3222 4161 varii,
3286 4094 3579 4159 haberetis,
3638 4109 3776 4164 pene

2198 4192 2362 4246 tiliam
2391 4201 2622 4244 vestram
2657 4188 2983 4257 perdidistis.
3016 4186 3129 4241 lloc
3165 4185 3443 4256 aegerrime
3473 4184 3607 4247 fero,
3636 4176 3774 4253 quo-

2196 4283 2341 4338 niam
2382 4278 2678 4335 insanabile
2720 4285 2957 4332 vestrum
2997 4290 3262 4347 cognosco
3312 4272 3605 4343 ingenium,
3636 4273 3778 4328 hanc

2199 4372 2251 4427 in
2274 4387 2372 4427 suo
2394 4371 2445 4425 id
2465 4383 2688 4440 corpore
2703 4365 2956 4431 tolerare,
2971 4366 3110 4437 quod
3126 4361 3458 4417 meriticstis.
3471 4359 3773 4415 Voluissem

526 4470 649 4511 esse
674 4453 953 4519 credebat,
987 4452 1223 4521 scripsit,
1275 4459 1333 4504 ut
1386 4450 1598 4504 animos
1642 4456 1854 4503 nostros
1880 4447 2096 4518 pietatis

2201 4477 2298 4516 vos
2326 4470 2509 4515 vestro
2557 4457 2818 4527 supplicio
2862 4455 3109 4510 docuisse
3151 4453 3440 4510 humanum
3490 4466 3680 4521 genus.
3709 4465 3772 4505 ea

527 4544 753 4615 cupidos
773 4543 1118 4598 vehementer
1154 4541 1494 4597 accenderet.

601 4633 725 4689 118.
767 4618 1034 4688 Postridie
1078 4641 1257 4687 autem
1314 4633 1545 4686 adventu
1585 4630 1970 4685 monachorum
2016 4627 2101 4684 his

529 4723 750 4779 senibus
776 4721 979 4778 abortaa
1012 4722 1267 4793 lacryma:
1320 4737 1380 4777 se
1424 4723 1674 4787 miseros,
1717 4736 1777 4777 se
1811 4722 2099 4788 desolatas,

528 4813 676 4873 mutui
701 4828 796 4882 spe
820 4813 1130 4877 destitutos,
1174 4813 1279 4866 nisi
1329 4811 1437 4868 lilia
1485 4822 1703 4868 curetur
1742 4813 2095 4867 clamitantes.

533 4901 891 4965 Cotisolantur
908 4915 1080 4972 aegros
1100 4901 1262 4955 animi
1289 4901 1532 4956 monacbi
1561 4902 1642 4956 bis
1665 4902 1869 4956 verbis:
1893 4901 2097 4966 Patres,

534 5008 603 5049 ne
631 4992 734 5047 hoc
762 4990 1104 5062 impatienter
1144 4989 1351 5055 feratis,
1386 5006 1626 5055 oramus,
1679 5006 1801 5045 cum
1824 4991 2099 5059 Scriptura

2203 4551 2450 4615 scelesta,
2502 4547 2729 4613 nefaria,
2776 4547 3036 4617 sacrilega
3075 4559 3213 4607 esse,
3254 4556 3373 4613 quae
3398 4554 3504 4596 tam
3565 4542 3771 4610 inique,

2200 4642 2344 4698 nulla
2408 4638 2728 4695 necessitate
2803 4645 3045 4708 urgente,
3112 4635 3242 4689 estis
3297 4632 3612 4703 perpetrati.
3679 4630 3773 4692 llis

2201 4738 2425 4807 aliisque
2455 4750 2548 4789 eos
2576 4734 2819 4798 silentes,
2867 4740 3112 4796 mmstos,
3152 4728 3337 4785 oculos
3365 4726 3510 4783 lmmi
3537 4742 3647 4798 pra:
3676 4744 3772 4796 pu-

2200 4827 2329 4882 dore
2357 4823 2563 4879 detixos
2585 4830 2845 4887 tenentes,
2879 4822 3004 4890 quid
3032 4825 3274 4889 agerent,
3308 4815 3503 4885 quidve
3531 4815 3771 4869 dicereut

2198 4913 2416 4984 penitus
2440 4911 2654 4974 oblitos,
2686 4926 2827 4964 nunc
2856 4918 3062 4964 stantes
3090 4922 3185 4977 per
3204 4903 3461 4975 capellam
3501 4911 3768 4969 errantes,

2200 5004 2464 5057 insectere
2496 5002 2760 5054 instanter
2781 4997 3043 5052 diabolus.
