4110 5362
265 334 362 390 861
1788 336 1888 392 AC'

1898 335 1961 390 ΓΔ
1974 374 1987 387 .
3415 331 3521 387 862

265 448 411 507 nulla
442 461 574 503 voce
607 446 827 511 emissa,
877 444 1203 502 aiioversum
1251 447 1545 501 contendit.
1579 445 1712 499 Mira
1737 462 1843 508 res,
1874 452 1920 507 Α
1953 442 2247 498 sceleribus
2267 453 2614 512 sumpturos:
2644 441 2733 497 ubi
2760 443 2886 497 mali
2923 441 3066 511 justo
3088 442 3523 499 animadvertun-

266 552 595 611 quamquam
624 537 791 601 enim,
825 545 883 590 ut
912 537 1046 603 dixi,
1090 552 1302 592 summo
1330 554 1452 593 cum
1498 537 1712 591 silentio
1741 537 1847 590 alio
1954 545 2039 590 tttr
2067 552 2081 600 ;
2124 534 2250 589 boni
2286 549 2415 589 vero
2444 534 2722 603 praemium
2776 534 2932 589 factis
2979 534 3090 588 suis
3120 534 3336 604 dignum
3375 535 3525 589 inve-

266 634 475 688 dmmon
504 630 854 693 concesserit,
906 638 1084 684 tamen
1129 646 1250 684 mox
1302 630 1511 700 signum
1544 628 1850 685 miserabile
1951 625 2127 679 niunt.
2166 624 2253 678 Vel
2284 624 2356 678 ita
2383 639 2594 700 omnes.
2622 624 2713 693 qni
2750 625 2801 679 in
2842 625 3097 693 prtescnti
3125 626 3233 679 vita
3263 635 3520 695 torquen-

269 726 452 791 datum
474 732 579 789 est,
605 723 746 792 quod
768 723 1114 792 praesentium
1138 722 1528 791 perterrefeeit,
1554 722 1847 790 prmsertitn
1954 723 2062 776 tur,
2097 728 2200 767 non
2253 713 2463 778 alienis,
2498 714 2593 768 sed
2653 716 2788 780 suis,
2845 716 2944 769 etsi
2998 716 3152 769 nobis
3208 715 3346 770 clam
3395 716 3522 781 sint,

268 824 574 884 parentum,
608 811 818 865 animos
846 824 861 866 :
886 826 1008 865 cum
1060 810 1234 880 puella
1280 812 1345 863 ad
1381 821 1578 864 terram
1611 820 1853 864 conster-
1953 803 2247 858 sceleribus
2297 804 2559 871 torqueri.
2610 802 2924 873 Quanquam
2967 804 3057 858 hic
3095 803 3379 873 diligenter
3404 804 3527 858 aui-

272 916 416 970 nata,
446 902 778 958 moribunda:
819 901 1030 966 similis,
1059 903 1244 956 horam
1292 910 1563 970 prostrata
1594 901 1847 971 jacuerit.
1957 894 2314 947 tnadvertenti
2340 894 2685 963 perspicuum
2727 896 2854 958 erit,
2888 909 3046 949 senes
3076 894 3195 949 illos
3230 894 3529 950 acrioribus

272 996 427 1050 Tunc
448 994 690 1065 (aderam
716 992 882 1059 enim)
916 992 1046 1047 mihi
1079 1007 1237 1047 senes
1264 991 1336 1045 illi
1379 990 1547 1046 multo
1574 991 1855 1045 miserabi-
1956 981 2066 1037 lilia
2094 984 2371 1054 suppliciis
2394 983 2634 1039 allectos.
2665 983 2817 1039 Nunc
2843 985 2909 1039 ad
2942 985 3164 1055 reliqua.
3218 1014 3223 1019 -

272 1086 351 1141 les
373 1085 473 1139 visi
504 1093 669 1140 sunt:
718 1082 810 1152 qui
845 1097 965 1137 eam
1017 1082 1324 1136 defunctam
1373 1083 1766 1144 existimantes,
1799 1081 1853 1134 in
2029 1072 2151 1127 124-
2209 1074 2282 1127 lix
2331 1074 2516 1129 eodeni
2575 1074 2875 1129 Passiuiani
2924 1090 3050 1145 agro
3097 1075 3257 1129 aliam
3311 1075 3377 1130 ad
3428 1076 3532 1131 hoc

271 1156 455 1231 ﬂetum
481 1174 847 1245 gemitumque
871 1187 989 1227 sese
1010 1184 1441 1242 prorumpentes,
1461 1172 1652 1241 pugnis
1675 1182 1856 1241 pecto-
1959 1164 2018 1220 S.
2048 1164 2234 1219 Mariae
2256 1167 2644 1221 monasterium
2669 1167 2903 1221 vidimus
2934 1167 2986 1219 vi
3022 1176 3247 1221 tractam
3278 1167 3531 1237 puellam,

274 1283 335 1321 Ia
366 1265 612 1329 tundere,
652 1274 833 1319 vestes
862 1263 1131 1331 scindere,
1178 1263 1391 1333 aliaque
1417 1262 1588 1332 plura,
1616 1277 1735 1331 qua:
1762 1262 1857 1314 do-
1957 1272 2119 1326 quam
2141 1266 2298 1311 antea
2313 1267 2564 1328 parentes
2580 1257 2884 1323 Florentiae,
2909 1274 3036 1311 num
3063 1257 3121 1311 S.
3143 1258 3362 1313 Zenobii
3384 1258 3533 1330 (166)

274 1357 361 1413 lor
413 1356 530 1412 ﬁeri
584 1363 750 1419 amat,
810 1355 886 1409 uti
950 1355 1271 1420 insanirent,
1318 1369 1495 1426 agere.
1553 1352 1856 1420 Egerrinte
1959 1346 2204 1415 reliquiis
2230 1348 2447 1402 liberari
2480 1357 2748 1418 possetan
2774 1365 2902 1413 non,
2940 1349 3174 1417 experiri
3215 1349 3521 1403 voluerunt.

276 1449 493 1503 tandem
529 1461 558 1500 a
582 1446 738 1501 nobis
765 1444 1047 1515 exemplis,
1080 1445 1415 1515 aliorumque
1440 1443 1741 1499 rationibus
1769 1442 1853 1497 vix
1959 1439 2059 1493 Hie
2089 1439 2275 1495 multis
2306 1440 2519 1504 diebus,
2547 1456 2730 1504 cruce,
2769 1440 3012 1505 brachio,
3045 1440 3384 1495 orationibus
3407 1453 3532 1495 eum

276 1537 469 1602 sedati,
520 1536 656 1591 adeo
686 1534 1183 1605 perturbationibus
1228 1537 1583 1589 vexabantur.
1634 1535 1856 1588 Dennnn
1958 1533 2185 1602 privatis
2232 1542 2344 1586 tum
2391 1533 2642 1602 publicis,
2698 1533 2968 1588 incassum
3029 1531 3390 1601 consumptis,
3437 1546 3532 1586 eos

275 1626 615 1696 adiuratione
645 1627 884 1682 omnium
911 1627 1110 1681 sensim
1141 1626 1301 1680 anxie
1326 1626 1561 1680 surrexit
1600 1625 1859 1689 illa,inde
1962 1624 2156 1679 missos
2204 1625 2452 1678 monachi
2509 1625 2611 1680 hac
2652 1626 2959 1680 conditione
3006 1625 3183 1680 fecere
3232 1623 3336 1696 [ut]
3383 1623 3539 1683 alias.

276 1715 532 1789 paulatim
581 1716 917 1787 recuperatis
947 1716 1174 1781 viribus,
1201 1716 1403 1785 ingenti
1447 1725 1668 1787 stupore
1698 1716 1857 1769 ducta
1892 1779 1932 1789 ἰ
1961 1731 2085 1771 eum
2116 1724 2325 1786 tempus
2367 1726 2725 1786 opportunum
2758 1718 3001 1781 daretur,
3062 1717 3323 1771 redirent.
3366 1714 3545 1770 Caete-

279 1807 471 1876 (oculis
500 1808 644 1862 enim
669 1810 850 1865 omnia
889 1810 1043 1879 prius
1079 1808 1423 1879 lustraverat)
1474 1808 1690 1863 ubinam
1731 1823 1861 1879 gen-
1892 1779 1936 1837 Β
1964 1822 2083 1860 rum
2116 1807 2191 1861 illi
2212 1807 2465 1876 precibus
2494 1806 2857 1877 lacrytnisque
2879 1807 3039 1861 aliam
3068 1807 3208 1861 diem
3242 1821 3270 1858 a
3304 1805 3408 1875 piis
3431 1820 3545 1858 mo-

281 1902 414 1955 tium
443 1899 537 1965 sit,
567 1899 856 1954 sciscitari.
1964 1902 2153 1956 nachis
2197 1902 2573 1972 impetravere,
2619 1912 2859 1964 orantes,
2900 1901 3160 1971 quidquid
3194 1900 3391 1955 laboris
3416 1914 3547 1967 ope-

353 1993 477 2047 ηε.
508 1991 588 2048 Re
619 1993 802 2063 itaque
832 1992 1068 2064 cognita,
1118 1993 1171 2048 in
1204 2000 1486 2063 parentum
1532 1992 1714 2048 osenla
1742 2007 1859 2045 am-
1965 1995 2107 2047 risve
2153 1993 2396 2048 valerent
2443 1992 2826 2065 [impendere,]
2879 1993 2932 2046 in
2992 1993 3233 2047 dremone
3279 1990 3548 2061 ejiciendo

278 2085 576 2156 plexusqne
603 2100 786 2150 ruens,
818 2100 1006 2140 eorum
1041 2084 1559 2140 mmstitiamlenivit
1592 2103 1605 2140 :
1641 2085 1766 2138 inde
1796 2085 1862 2138 ad
1964 2086 2363 2155 experirentur.
2391 2084 2447 2139 Si
2478 2100 2606 2139 vero
2640 2084 2796 2139 aliter
2831 2100 2896 2139 ac
2932 2084 3036 2139 rati
3065 2090 3251 2139 essent
3278 2081 3546 2146 eveniret,

282 2178 457 2232 altare
488 2177 702 2232 rediens
740 2174 913 2233 oculis
942 2178 1300 2249 manibusque
1328 2192 1431 2232 una
1479 2194 1600 2232 cum
1628 2187 1862 2232 mentem
1965 2178 2082 2232 sine
2111 2193 2258 2231 mora
2287 2177 2549 2246 postridie
2578 2177 2806 2246 patriam
2831 2177 3117 2246 petituros.

281 2272 336 2326 in
369 2271 565 2348 emlum
592 2270 797 2343 jugiter
834 2271 1078 2336 intentis,
1127 2272 1245 2332 has,
1280 2271 1437 2327 nobis
1462 2270 1743 2325 monachis
1772 2286 1867 2323 an.
2037 2266 2159 2323 £25.
2189 2266 2351 2322 Jubet
2382 2268 2562 2334 itaque
2596 2267 2835 2320 deeanus
2864 2266 3161 2320 monachos
3183 2280 3425 2335 quosque
3451 2280 3548 2332 pro

281 2361 573 2423 dientibus,
599 2376 790 2431 preces
813 2360 1215 2417 ell‘uditdevote
1231 2376 1568 2430 nequaquam
1590 2360 1868 2415 muliebris
1967 2378 2026 2417 se
2049 2362 2321 2418 orationes
2351 2362 2417 2415 ad
2465 2361 2646 2415 Jesum
2692 2360 2832 2423 ﬁeri,
2868 2359 3215 2429 presbyteros
3252 2356 3302 2410 in
3342 2356 3543 2414 missis.

281 2451 519 2523 Ροειθτίε
553 2452 861 2523 ingeniique
888 2471 902 2507 τ
930 2452 1076 2517 Tibi.
1112 2451 1238 2508 18$"
1278 2452 1492 2507 ChriSle
1522 2452 1662 2506 Deus
1693 2451 1868 2507 Omni—
1968 2456 2103 2511 alios
2130 2472 2250 2509 cum
2285 2456 2337 2508 in
2379 2453 2571 2507 ollieiis
2611 2452 2839 2522 publicis
2864 2459 2974 2505 tum
3000 2449 3339 2504 orationibus
3371 2447 3549 2516 priva-

282 2554 497 2614 potens,
517 2559 624 2614 quo
648 2545 763 2600 sine
786 2544 917 2599 nihil
946 2545 1148 2614 superi,
1182 2543 1363 2608 inferi,
1393 2552 1449 2598 et
1470 2545 1611 2613 quod
1640 2557 1865 2613 nsquam
1969 2549 2075 2601 tis:
2121 2547 2188 2601 ab
2227 2544 2478 2600 omnibus
2509 2544 2673 2614 igitur
2707 2556 2916 2597 summa
2952 2540 3236 2594 devotione
3271 2538 3549 2591 orabatur.

282 2645 367 2690 est
393 2646 657 2701 creatum,
687 2645 852 2706 agunt
873 2645 1237 2705 tractantque,
1278 2636 1480 2706 gratias
1512 2650 1609 2705 pro
1640 2642 1791 2689 tanto
1813 2634 1867 2688 in
1967 2639 2152 2694 Altera
2177 2653 2306 2693 vero
2333 2637 2437 2697 die,
2469 2636 2647 2705 primo
2689 2648 2846 2688 mane
2889 2631 3162 2687 celebrato
3197 2629 3372 2684 cilicio
3404 2642 3555 2682 more

283 2738 372 2778 me
415 2723 612 2778 collato
671 2723 933 2778 beneﬁcio
981 2725 1285 2779 uberrimas
1331 2738 1476 2795 ago:
1528 2723 1730 2792 tibique
1782 2736 1872 2777 me
1971 2731 2147 2794 solito,
2182 2725 2434 2783 monachi
2464 2727 2654 2782 ordine
2677 2725 2905 2794 quodam
2928 2730 3212 2777 cantantes
3238 2729 3291 2774 et
3322 2717 3556 2788 psallen.

285 2814 477 2880 οπϐΐοι
514 2816 671 2881 dedo.
700 2815 1198 2886 Obligoﬂltammle
1242 2816 1560 2871 immensam
1612 2816 1868 2883 pietatem
1970 2831 2051 2877 tes
2074 2836 2137 2875 ea
2183 2819 2476 2882 voluntate,
2524 2831 2611 2881 eo,
2633 2816 2721 2871 ubi
2749 2816 3045 2869 daemonem
3087 2826 3207 2866 esse
3246 2805 3556 2882 [noverant]

285 2921 405 2971 οῖον
452 2914 531 2972 lli.
583 2906 751 2961 νειυιὶ
808 2922 893 2961 me
941 2921 1140 2976 argmm
1196 2907 1384 2961 morbo
1437 2905 1872 2977 intolerabiliqne
1972 2912 2327 2977 contendunt,
2355 2924 2423 2963 ne
2450 2909 2577 2963 inde
2613 2908 2828 2970 abeant,
2855 2905 2955 2960 nisi
3002 2901 3298 2974 perfectam
3325 2900 3557 2970 sospita-

286 2996 553 3060 crueiatu,
585 2996 843 3066 sospitam
873 2994 1268 3054 incolumemve
1305 3006 1394 3050 tua
1441 2996 1595 3051 solita
1628 2996 1872 3065 benigni—
1975 3010 2082 3058 tem
2116 3001 2451 3071 recuperarit
2481 3000 2677 3069 puella.

289 3096 402 3142 tate
438 3087 636 3153 fecisti,
663 3088 732 3142 ita
759 3089 893 3143 velis
937 3103 1023 3142 me
1046 3089 1273 3159 posthac
1321 3089 1479 3143 talem
1507 3099 1721 3158 tamque
1747 3105 1872 3144 san-
1900 3113 1945 3175 C
2048 3093 2170 3148 l26.
2198 3092 2331 3147 Cum
2372 3092 2534 3162 igitur
2567 3090 2842 3160 utrimque
2875 3102 3081 3143 summa
3114 3086 3188 3152 vi,
3219 3087 3306 3142 his
3330 3084 3555 3145 orando,

290 3189 432 3239 ctam
465 3180 747 3235 instituere
778 3181 964 3246 vitam,
994 3190 1051 3235 ut
1098 3190 1267 3235 tetras
1297 3180 1488 3235 inferni
1537 3198 1722 3251 pmnas
1747 3181 1875 3234 hor-
1976 3185 2067 3240 illo
2082 3185 2386 3240 resistendo
2405 3191 2727 3244 certaretur.
2754 3180 2969 3237 demunt
2995 3180 3259 3244 diabolus,
3280 3178 3336 3231 S.
3355 3177 3560 3231 Joanne

291 3269 599 3340 rendosque
650 3271 922 3326 cruciatus
974 3272 1175 3341 possim
1221 3273 1470 3326 evadere.
1531 3272 1738 3340 Tuque,
1768 3272 1877 3343 glo-
1975 3290 2073 3331 sua
2108 3274 2303 3328 virtute
2334 3272 2637 3337 annitente,
2691 3273 2779 3327 die
2808 3272 2897 3327 illa
2920 3282 3394 3341 se_eoneessnrnm
3428 3265 3562 3319 fate-

290 3361 588 3415 νῖοδίδεῖιηίι
614 3376 829 3430 semper
845 3362 1008 3431 Virgo
1035 3362 1223 3426 Maria.
1252 3378 1349 3432 per
1373 3377 1533 3433 quam
1561 3372 1679 3432 post
1707 3362 1874 3416 Deum
1975 3366 2138 3421 batur
2164 3381 2180 3428 ;
2226 3364 2292 3418 ad
2325 3364 2428 3417 hoc
2453 3364 2654 3418 addere
2681 3381 2695 3418 :
2725 3359 3198 3429 Conjurationibus
3225 3367 3277 3412 et
3304 3355 3564 3410 orationi-

294 3458 443 3513 ιυιιιδ
478 3450 610 3505 vivit
642 3451 791 3506 orbis
827 3459 1116 3517 terrarum.
1149 3453 1267 3506 sine
1312 3467 1416 3520 qua
1458 3452 1531 3505 nil
1564 3451 1750 3519 gratia:
1776 3452 1877 3507 hac
1976 3457 2078 3513 bus
2107 3455 2203 3511 ha!
2232 3455 2449 3511 tandem
2481 3454 2640 3509 finem
2665 3453 2822 3518 detis,
2852 3468 2987 3507 oro:
3019 3450 3172 3506 vobis
3197 3449 3493 3503 atrociores
3513 3453 3566 3499 et

294 3544 349 3597 ίη
378 3542 517 3598 “ne
538 3543 896 3614 lacrymm‘um
924 3559 1042 3608 008.
1075 3542 1359 3599 heilllisel‘i
1387 3542 1660 3607 ῐηοΓίίιΙθει
1691 3557 1721 3596 ³
1751 3541 1877 3599 vles“
1977 3550 2264 3607 certamini
2288 3550 2553 3603 instantes
2585 3546 2757 3616 magis
2784 3559 3045 3614 nusquam
3085 3542 3323 3611 gentium
3366 3537 3563 3607 reperi.

296 3634 554 3705 consequi
600 3650 910 3704 Possumus.
962 3649 1049 3689 me
1088 3634 1183 3689 libi
1246 3634 1408 3687 ﬁliam
1439 3634 1695 3704 θειοριονθ
1723 3632 1875 3697 velis.
1981 3643 2079 3698 llis
2107 3641 2358 3697 monachi
2392 3640 2442 3695 itt
2470 3654 2595 3694 enm
2642 3636 2976 3692 crudeliores
3009 3633 3148 3697 fieri,
3186 3629 3330 3684 nullo
3359 3628 3564 3690 labore,

296 3737 397 3779 om
424 3740 437 3776 ⁵
466 3733 699 3779 “emam
732 3739 860 3779 νθτο
884 3739 1057 3778 meam
1083 3724 1137 3778 Ῐη
1164 3740 1352 3778 δοιιίὶηι
1400 3732 1713 3793 τθοιαιηψιο
1736 3723 1880 3779 Viam
1983 3734 2127 3791 nullo
2153 3732 2452 3789 certamine
2486 3730 2744 3785 diuturno
2780 3726 2945 3780 vinci.
2979 3723 3131 3777 Tunc
3168 3720 3371 3776 exitum
3405 3732 3561 3771 suum

300 3814 503 3885 d'rigas
530 3814 837 3883 deprecor:
891 3800 1035 3869 nulla
1086 3815 1350 3870 sorditate
1393 3813 1720 3889 spurcitiave
1756 3828 1880 3868 cum
1981 3824 2192 3880 daemon
2224 3821 2386 3892 paulo
2415 3828 2555 3890 post,
2604 3816 2731 3885 quia
2764 3812 3013 3868 monachi
3051 3826 3153 3866 nec
3178 3809 3389 3872 cedere,
3423 3805 3567 3860 futu-

301 3906 501 3963 mentis
544 3914 657 3961 lum
705 3906 949 3976 Corporis
995 3906 1208 3963 animus
1237 3921 1389 3960 meus
1434 3905 1765 3973 inquinetur.
1801 3904 1882 3960 Τιι
1984 3930 2102 3968 rum
2148 3910 2508 3975 existimans;
2553 3905 2917 3961 inﬂammatus
2958 3903 3037 3956 ira
3072 3900 3307 3956 concitat
3345 3896 3571 3951 summis

302 4010 539 4067 quoque,
593 4010 627 4050 0
668 3994 905 4051 Joannes
956 3995 1288 4057 ὒθίιῐίεεῑωθο
1343 3995 1428 4049 Clll
1483 4004 1690 4049 ῑίὶηῑυιη
1742 3994 1884 4049 DCUS
1985 4005 2191 4060 viribus
2215 4000 2520 4065 mulierem,
2567 3995 2906 4064 extollitque.
2941 3990 3334 4060 Defatigantur,
3380 3985 3571 4038 lahntv

303 4087 519 4157 ιιιῖειιυθ
547 4095 694 4143 "me
727 4087 885 4141 Ῑειυιίε
910 4087 1186 4156 Immin".
1233 4095 1293 4140 ιιι
1314 4102 1438 4141 0553
1483 4086 1646 4139 eum“
1678 4083 1831 4138 ειτίάο
1852 4098 1882 4137 ει
1988 4107 2095 4159 tur,
2120 4095 2321 4150 cadunt
2351 4091 2645 4152 interdum,
2671 4087 2761 4156 qui
2792 4101 2913 4140 eam
2957 4080 3188 4153 amplexi
3221 4096 3249 4137 a
3283 4088 3431 4148 tergo
3461 4091 3575 4128 me-

302 4180 497 4253 quovis
532 4180 718 4244 morbo
749 4178 1001 4234 mortales
1031 4194 1223 4255 omnes
1248 4178 1469 4248 eripias.
1493 4192 1644 4246 roga.
1684 4191 1884 4245 paren-
1985 4186 2238 4253 diamqne
2286 4182 2657 4249 arripuerunt.
2721 4178 2931 4230 feroces
2981 4172 3231 4242 juvenes.
3281 4167 3571 4221 Terrorem

304 4278 390 4329 tes
420 4287 570 4326 meos
614 4285 806 4341 meque
862 4271 934 4324 ita
984 4268 1203 4338 adjnvcs
1237 4277 1292 4323 ct
1337 4282 1644 4328 cooserves,
1687 4276 1744 4320 ut
1783 4265 1885 4320 hac

1987 4276 2374 4349 aspicientibus
2395 4289 2500 4328 non
2525 4272 2853 4327 mediocrem
2871 4268 2937 4321 de
2958 4281 3018 4321 se
3045 4266 3254 4319 daemon
3275 4262 3419 4323 dare,
3448 4273 3570 4312 cunt

305 4360 478 4419 functi
506 4364 614 4417 vita
639 4372 815 4417 tecum
856 4377 961 4417 una
994 4361 1153 4416 bonis
1182 4359 1527 4432 perfruamur
1549 4358 1883 4413 cmlestibus.
1985 4385 2051 4424 os
2080 4366 2346 4428 fraudum,
2410 4376 2749 4432 spumosum,
2803 4357 2989 4411 oculos
3050 4353 3241 4425 puella:
3295 4351 3571 4409 ardentes.

382 4455 506 4512 ‘25-
536 4454 664 4520 Inde
686 4470 743 4509 se
765 4453 942 4528 Ρΐίωο
971 4451 1177 4509 ηθειτίε
1219 4448 1887 4510 εοηιῐῐιοηιιυηιθςοτῧιῖο*
1913 4448 1966 4511 1)
1992 4446 2131 4513 labia
2160 4456 2330 4527 ipsius
2354 4452 2680 4524 quandoque
2715 4456 2951 4502 lartarea
2989 4445 3039 4498 vi
3068 4444 3136 4499 ad
3168 4441 3383 4510 occiput
3405 4453 3575 4508 usque

308 4547 490 4614 nibus,
540 4549 759 4605 domum
817 4546 923 4601 laeti
973 4558 1294 4604 concessere
1340 4543 1633 4613 propriam.
1689 4541 1890 4596 Senem
1992 4548 2239 4609 trahens,
2271 4551 2570 4599 monstrum
2606 4536 2840 4594 hominis
2866 4535 3092 4590 faceret.

309 4639 462 4693 illtttn
499 4639 804 4702 annuatim,
834 4637 959 4692 dum
998 4635 1073 4690 illi
1106 4636 1215 4688 vita
1243 4649 1425 4689 comes
1455 4631 1579 4696 fuit,
1610 4631 1769 4686 nudis
1797 4644 1892 4701 pe-
2066 4636 2187 4691 127.
2212 4633 2329 4689 Tali
2361 4632 2412 4687 in
2440 4628 2742 4687 certamine
2773 4626 3000 4682 multtttn
3041 4623 3298 4696 temporis
3333 4634 3453 4677 cum
3487 4619 3567 4678 in-

312 4731 472 4793 tlibus
518 4730 573 4790 in
615 4730 674 4791 S.
721 4726 944 4784 Joannis
979 4725 1271 4782 feSliVilale
1299 4725 1399 4779 hoc
1425 4723 1486 4778 3-
1543 4721 1730 4776 Maria!)
1779 4735 1892 4775 ιιιο·
1993 4742 2208 4784 cassum
2236 4723 2718 4793 consumpsissem,
2750 4719 2841 4790 qui
2881 4718 3130 4780 aderant,
3169 4712 3404 4785 religiosi
3430 4710 3575 4781 (nam

313 4822 613 4879 nasterium
639 4838 761 4877 cum
792 4834 956 4876 cereo
979 4817 1148 4872 funali
1178 4818 1368 4873 devote
1395 4815 1616 4885 petiisse
1636 4814 1890 4869 vidimus.
1995 4817 2242 4875 diabolus
2279 4814 2464 4870 verbis
2505 4811 2688 4883 fugam
2734 4808 3019 4880 polliceri;
3057 4814 3314 4861 caeterum
3361 4817 3419 4857 re
3461 4801 3576 4870 ipsa

313 4914 516 4969 Verum
556 4914 609 4969 in
657 4913 763 4969 line
804 4911 963 4981 hujus
1009 4907 1254 4964 miraculi
1296 4923 1396 4974 pro
1441 4906 1703 4976 religione
1738 4902 1889 4959 Chri-
1996 4909 2199 4964 acriter
2223 4904 2456 4975 puellam
2489 4900 2707 4971 vexare)
2741 4900 2911 4971 ipsam
2935 4898 3113 4967 potius
3140 4908 3303 4964 quam
3326 4906 3384 4981 se
3419 4891 3582 4981 misew

315 5006 515 5068 etiana,
544 5019 750 5074 proque
794 4978 966 5056 salute
1011 5010 1194 5056 nostra
1237 5013 1345 5056 non
1393 4996 1687 5051 absurdum
1721 4994 1896 5048 visum
2000 5007 2205 5060 rantes,
2243 5008 2386 5067 agre
2411 4992 2597 5047 abiere
2620 4991 2782 5045 intro.
2815 4986 2954 5055 Quid
2977 4987 2999 5039 ἲ
3021 4983 3163 5056 quod
3202 4981 3287 5036 his
3320 4978 3583 5074 decedens

313 5105 400 5155 εει
424 5065 874 5150 “ilic-addidisse:
909 5090 1063 5158 Quali
1092 5091 1215 5151 elSi.
1240 5097 1295 5141 ιιι
1323 5084 1423 5159 [in]
1455 5086 1623 5141 sacris
1654 5083 1898 5152 Scriplu-
2001 5089 2143 5144 tibus
2174 5065 2355 5139 verbis
2399 5080 2721 5154 procacibus
2759 5075 3026 5133 insultare
3072 5074 3296 5170 daemon.
3338 5065 3457 5170 an
3497 5080 3586 5124 mo
