4110 5362
571 243 674 300 863

1593 253 1650 308 S.
1691 255 1972 311 ιωκκιε
2003 255 2390 312 (Συ-ΧΙᾹΠΣΚΠΊ
2427 259 2711 316 ADBATIS

3708 256 3814 313 864

571 366 708 417 erat,
751 355 919 413 fretus
965 356 1164 414 virtute
1202 358 1425 416 Joannis
1478 367 1825 428 sanctissimi,
1875 383 1937 422 ac
1986 368 2143 437 paulo
2170 371 2218 430 Α
2250 370 2542 431 resisteret,
2571 373 2710 440 quia‘
2726 373 2856 426 hora
2883 379 3182 439 vespertina
3223 359 3334 440 iam
3363 376 3668 432 advenerat.
3701 371 3814 426 da:-

573 463 733 514 Snpra
761 449 972 503 cunctis
1001 447 1172 502 fuerat
1217 453 1516 507 monachis.
1549 455 1786 510 instabat
1809 457 2006 526 itaque,
2036 459 2142 512 Deo

574 536 798 605 gloriam
825 537 998 590 daret.
1030 538 1068 590 E
1095 549 1278 594 contra
1322 541 1407 595 ille
1438 545 1606 613 magis
1629 547 1832 602 saevire.
1865 548 1996 600 Tum
2032 565 2144 600 mo-

574 625 812 679 nachus:
865 625 1306 696 Quamloquidem
1350 633 1487 701 apud
1529 645 1596 698 te,
1646 652 1679 690 ο
1723 615 1945 694 dirmnn.
2001 640 2142 694 nulla

575 713 965 778 misericordia,
999 718 1174 774 nullus
1200 719 1359 780 locus
1386 725 1600 792 pietatis
1649 735 1752 790 est,
1790 729 1888 781 etsi
1922 730 2144 798 singulis

573 805 724 862 horis
754 805 804 860 in
829 807 1005 880 capite
1045 811 1332 865 dimicetur
1360 815 1472 879 tu'o,
1525 815 1596 869 ita
1627 831 1766 880 eam,
1801 819 1926 872 mihi
1961 821 2142 885 crede,

571 893 832 968 pietatem
887 887 1149 968 nuSquam
1199 901 1462 958 invenies.
1513 904 1645 959 Rem
1683 907 1824 960 enim
1871 925 1972 961 non
2023 924 2143 962 eum

571 989 1332 1058 peccatoribus,‘vermneum
1384 997 1587 1050 sanctis
1611 997 1748 1065 agis,
1797 999 2145 1065 quamobrem

577 1080 681 1133 alio
701 1081 1153 1146 contendemlum,
1178 1083 1308 1138 velis
1333 1085 1488 1150 nolis,
1505 1086 1598 1139 tibi
1635 1088 1996 1141 necessarium
2019 1089 2144 1142 erit.

651 1189 768 1244 l28.
795 1189 1126 1244 Diuturniori
1155 1191 1336 1260 itaque
1381 1195 1676 1248 certamine
1723 1195 1930 1250 tla'mon
1958 1196 2148 1266 fatiga-

577 1286 684 1343 tas,
712 1295 900 1332 verum
929 1281 1226 1335 discessum
1273 1281 1563 1350 pollicere;
1613 1284 1770 1352 paulo
1811 1295 1926 1353 post
1961 1301 2018 1340 se
2042 1286 2150 1338 alio

575 1386 982 1438 concessurum,
1013 1373 1166 1443 signo
1217 1374 1364 1437 dato,
1416 1374 1702 1430 fatebatur.
1753 1376 1972 1446 Signum
2002 1379 2146 1431 enim

579 1473 690 1517 tum
723 1464 938 1533 aliquod
967 1465 1036 1520 ob
1064 1479 1204 1520 verae
1243 1465 1590 1522 discessionis
1631 1468 1888 1520 indicium
1921 1469 2161 1538 petierat

575 1558 858 1618 Sacerdos;
893 1567 989 1610 nec
1018 1555 1173 1624 longa
1222 1555 1341 1610 data
1373 1571 1540 1617 mora,
1584 1557 1776 1611 mulier
1797 1573 1960 1611 unum
1989 1568 2149 1612 exuta

575 1646 766 1715 pellem
804 1646 972 1712 solea,
1021 1656 1174 1706 extra
1216 1648 1427 1712 vallem,
1469 1663 1588 1717 qua:
1639 1649 1900 1718 capellam
1954 1650 2148 1716 munit,

575 1749 701 1790 cum
727 1735 926 1806 ingenti
967 1739 1203 1790 omnimn
1241 1739 1594 1793 admiratione
1637 1740 1706 1792 ab
1755 1739 2152 1808 inquirentibus

577 1829 868 1896 reperitur.
894 1828 1006 1883 lloc
1051 1829 1152 1884 nisi
1189 1837 1303 1884 arte
1343 1831 1602 1885 daemonis
1635 1831 1774 1884 hami
1809 1830 1922 1883 fieri
1957 1829 2150 1898 potuit.

580 1917 657 1970 Ex
691 1913 822 1972 tunc
847 1918 1188 1987 pucllahumi
1228 1927 1519 1978 prostrata.
1553 1919 1667 1974 fere
1694 1920 1972 1974 dimidium
2008 1921 2154 1974 home

574 2005 774 2074 jarait:
808 2009 928 2062 imle
979 2009 1261 2064 incolumis
1299 2011 1514 2064 domum
1559 2011 1716 2064 rediit
1739 2027 1916 2066 suam.
1959 2011 2156 2064 Fertur

581 2098 850 2152 diabolum
879 2099 1022 2154 inter
1047 2101 1434 2169 conjurandum
1461 2103 1680 2169 dixisse,
1705 2119 1766 2158 se
1787 2106 1856 2157 ob
1885 2105 2073 2158 matris
2100 2103 2152 2160 in

583 2188 747 2243 ﬁliam
781 2191 1061 2246 maledicta
1096 2192 1582 2262 blasphemiasque,
1609 2195 1788 2248 animo
1825 2193 2008 2262 iniquo
2033 2208 2157 2263 pro-

580 2279 739 2346 latas,
787 2278 959 2350 ipsam
989 2283 1284 2336 obsedisse.
1331 2283 1598 2338 Cmterum
1645 2286 1770 2352 quia
1803 2285 2066 2348 diabolus,
2098 2294 2156 2339 ut

581 2385 752 2424 sacra:
789 2378 1056 2425 testantur
1104 2373 1416 2443 Scripturzr,
1459 2375 1512 2428 iri
1553 2375 1638 2429 his
1687 2379 1799 2430 suis
1848 2377 2158 2445 primordiis

550 2459 841 2514 'tnentitus
871 2469 975 2527 est,
1010 2461 1084 2516 ita
1110 2463 1276 2518 fuisse
1307 2481 1373 2518 an
1406 2481 1534 2526 non.
1558 2466 1714 2521 nobis
1736 2481 1840 2520 non
1871 2469 2004 2522 satis
2026 2483 2155 2521 tono

583 2561 708 2607 stat.
747 2552 991 2608 Potuisse
1022 2563 1198 2609 tamen
1227 2553 1323 2610 Dei
1372 2556 1587 2611 occulto
1625 2557 1830 2628 judicio
1859 2559 1994 2622 tieri,
2034 2574 2160 2628 pro-2

582 2645 760 2698 habile
811 2646 1040 2700 videtur.
1091 2645 1224 2700 Nam
1270 2646 1633 2716 blasphemias
1687 2649 2010 2718 prtesertim,
2041 2664 2160 2718 qua:

585 2745 765 2806 urente
813 2746 1062 2805 corrupta
1114 2731 1142 2790 a
1187 2741 1502 2808 parentibus
1553 2739 1606 2793 in
1650 2739 1848 2794 liberos
1886 2739 2157 2804 dicuntur,

587 2827 780 2892 smpius
803 2826 1088 2895 plurimum
1118 2828 1200 2883 his
1223 2831 1458 2885 obfuisse
1486 2831 1654 2885 relatu
1679 2830 1988 2896 multorum,
2020 2829 2160 2884 litteo

587 2933 773 2971 rarmn
803 2921 1164 2976 monumentis
1191 2923 1562 2991 cognovimus.

1217 3033 1394 3088 PARS
1433 3033 1524 3088 XI.

659 3143 782 3198 {29.
815 3143 888 3198 Ex
919 3143 1171 3205 Alvernm
1204 3146 1469 3216 partibus,
1498 3145 1694 3216 oppido
1717 3143 1989 3208 videlicet,
2017 3141 2161 3213 quod

588 3230 664 3288 illi
715 3245 950 3288 montem
980 3235 1206 3288 Fati-mm
1257 3251 1351 3291 seu
1395 3235 1748 3291 Fatucchium
1794 3233 1940 3304 (167)
1973 3250 2004 3288 a
2035 3234 2163 3288 fatis

594 3324 780 3379 dicunt
818 3324 966 3395 (olim
996 3325 1138 3380 enim
1169 3335 1285 3380 arte
1319 3326 1701 3381 necromantia!I
1720 3325 2024 3395 diabolique
2044 3321 2166 3379 dolo

593 3416 871 3481 mortales,
901 3433 1021 3488 qtae
1046 3417 1220 3472 futura
1248 3427 1449 3480 essent,
1478 3416 1928 3485 vaticinabantur)
1966 3416 2032 3472 ad
2063 3417 2165 3471 hoc

595 3505 654 3561 S.
683 3507 864 3561 Mariae
909 3507 1290 3562 monasterium
1321 3507 1520 3578 puclla,
1551 3507 1674 3562 Lisa
1721 3505 1958 3572 nomine,
1999 3520 2028 3558 a
2072 3519 2166 3574 pa-

595 3597 840 3652 rentibus
870 3598 1027 3652 ducta
1053 3607 1154 3652 est.
1191 3597 1338 3653 lianc
1367 3598 1575 3654 dromon
1608 3600 1698 3670 qui
1726 3599 2018 3662 invaserat,
2049 3597 2168 3667 plu-

594 3675 732 3744 rima
761 3689 995 3744 facinora
1042 3691 1359 3746 diuturniori
1410 3691 1664 3761 temporis
1698 3690 1870 3760 spatio
1900 3688 2170 3760 [commit-

597 3781 734 3852 tere]
784 3780 912 3834 fecit
945 3799 958 3834 :
996 3797 1115 3851 quae
1162 3783 1284 3854 quia
1335 3783 1537 3840 atrocia
1576 3784 1833 3852 variaque
1881 3782 2048 3846 fuere,
2102 3796 2168 3836 ea

596 3869 795 3924 litteris
837 3872 1095 3928 mandare
1142 3869 1470 3929 curavimus.
1519 3873 1652 3930 Cum
1701 3875 1862 3944 igitur
1910 3887 2070 3928 cruce
2116 3879 2172 3926 et

598 3959 927 4016 sanctissimi
955 3962 1181 4020 Joannis
1211 3965 1454 4027 brachio,
1485 3965 1824 4020 orationibus
1853 3979 1974 4020 cum
1998 3963 2172 4032 publi-

601 4049 682 4104 cis
705 4057 814 4104 tutn
840 4051 1065 4120 privatis
1091 4054 1382 4122 da-monem
1408 4055 1496 4110 diu
1525 4055 1724 4110 acriter
1744 4052 2173 4124 infatigabiliter-

601 4154 710 4209 que
738 4153 1028 4198 vexassent
1055 4146 1324 4210 monachi,
1357 4155 1411 4200 et
1457 4147 1570 4216 ipse
1598 4146 1824 4200 Domino
1867 4145 1992 4199 Jesu
2031 4141 2174 4197 haud

601 4227 826 4298 gloriam
879 4230 1054 4298 daret,
1107 4233 1234 4288 lassi
1287 4233 1635 4305 fatigatique,
1687 4235 1884 4291 hiemis
1955 4231 2175 4299 insuper

603 4333 810 4388 asperae
838 4321 1040 4377 nivium
1089 4324 1315 4394 copiam.
1351 4339 1510 4395 quam
1558 4337 1738 4395 nocte,
1767 4342 1884 4397 quae
1922 4325 2173 4382 instabat,

604 4425 698 4464 aer
726 4411 938 4469 abunde
966 4414 1170 4482 effudit,
1216 4427 1487 4480 verentes,
1523 4417 1626 4483 his,
1672 4418 2028 4480 discederent,
2073 4414 2174 4468 mi-

603 4501 838 4572 tior-ique
859 4514 1098 4577 tempore
1111 4509 1394 4572 existente,
1413 4508 1651 4564 redirent
1673 4508 1826 4572 alias,
1853 4508 2172 4577 imperatum

576 4613 580 4622 ·
605 4601 708 4648 est.
741 4594 854 4650 Hoc
887 4597 959 4651 illi
987 4600 1288 4669 aegerrime,
1327 4608 1436 4653 tum
1464 4599 1606 4669 pulla
1633 4601 1866 4654 nondum
1896 4599 2173 4664 incolumi,

581 4697 584 4702 ‘
609 4694 717 4740 tum
751 4688 960 4743 itineris
993 4691 1240 4760 aerisque
1262 4689 1593 4756 difﬁcultate,
1617 4704 1740 4744 eum
1771 4689 2001 4758 ferrent,
2031 4706 2179 4746 man-

607 4777 815 4832 sionem
895 4779 946 4832 in
995 4780 1136 4836 diem
1185 4782 1411 4837 alterum
1442 4791 1602 4836 orant
1630 4781 1654 4835 ε’
1680 4781 1802 4836 inde
1846 4784 1897 4836 in
1927 4783 2174 4853 patriam,

573 4875 942 4941 ‘qmecunque
969 4889 1087 4928 sors
1129 4875 1406 4939 acciderit,
1453 4889 1512 4930 se
1541 4890 1896 4930 concessuros
1923 4877 2175 4930 fatentur.

607 4958 760 5026 Quod
787 4962 946 5018 facile
979 4966 1047 5018 ab
1089 4965 1174 5020 bis
1221 4967 1586 5036 impetratum.

679 5094 802 5148 150.
858 5094 932 5148 Ea
978 5093 1066 5147 die
1111 5107 1319 5147 summa
1377 5094 1426 5146 vi
1476 5095 1747 5163 utrimque
1794 5108 1822 5146 a
1877 5093 2086 5146 diabolo
2127 5101 2182 5147 et

611 5175 1183 5253 mouachis_certatum
1237 5191 1340 5236 est.
1379 5181 1440 5235 Hi
1483 5183 1626 5238 enim
1661 5198 1758 5250 pro
1806 5183 1898 5236 Dei
1936 5183 2180 5243 honore:

579 5272 706 5329 ,ωε
732 5291 859 5329 vero
903 5275 1063 5330 solita
1108 5271 1421 5328 crudelitate
1462 5287 1720 5341 pugnare.
1760 5272 1892 5345 Cum
1925 5285 2054 5342 ergo
2093 5271 2182 5325 diu

2188 3041 2234 3104 C

2246 475 2456 514 munem
2479 459 2696 528 iamiam
2733 461 2798 514 ad
2827 459 3008 513 ultima
3039 460 3322 513 deductum
3350 460 3679 524 «inserentes,
3724 460 3811 512 iu-

2249 551 2500 618 trogrcssi
2527 560 2672 605 sunt.
2704 550 2757 605 lu
2783 559 2932 603 nocte
2958 559 3132 603 autem
3153 549 3412 618 sequenti,
3441 535 3589 604 nives
3613 549 3809 620 ingenti

2244 650 2402 693 vento
2430 641 2731 694 commisce
2760 640 2858 695 has
2903 640 3066 710 Alpes
3104 639 3452 709 regionesque
3481 641 3685 695 circum
3715 631 3824 692 ad?

2245 745 2309 785 eo
2339 729 2694 800 complevere,
2727 737 2787 783 ut
2819 729 3064 783 homines
3103 738 3156 782 et
3194 731 3434 797 jumenta
3481 728 3682 782 torrida
3709 725 3807 782 fri-

2246 837 2408 891 gore,
2463 835 2560 874 nec
2615 821 2801 890 pedem
2851 820 3068 874 domum
3120 829 3272 872 extra
3323 817 3466 873 ferre
3517 817 3806 883 auderent,

2245 914 2422 966 ontnia
2465 913 2758 967 inanimato
2787 913 2948 967 etiam
2974 913 3212 984 rigerent
3237 911 3377 982 gelu.
3407 911 3577 978 Quam
3606 919 3809 982 tempo-

2246 1005 2322 1059 ris
2349 1005 2744 1059 deformitatem
2775 1005 2956 1060 miseri
2985 1005 3059 1059 illi
3083 1006 3468 1060 exacerbantes
3499 1005 3672 1074 pavidi
3697 1012 3806 1059 trc-

2248 1095 2462 1164 pilique
2493 1106 2634 1149 stare
2661 1114 2674 1148 :
2711 1111 2832 1149 ram
2878 1112 2982 1150 non
3013 1096 3172 1150 modo
3217 1096 3468 1150 redeundi
3500 1097 3554 1149 in
3582 1097 3807 1164 patriam

2248 1200 2370 1254 spes
2397 1186 2574 1239 omnis
2599 1197 2776 1239 amota
2803 1185 2986 1256 (etiam
3015 1186 3291 1255 asperiora
3321 1185 3406 1241 his
3439 1185 3651 1254 Alpium
3695 1183 3807 1238 loca

2250 1278 2596 1346 incolebant),
2633 1277 2726 1330 sed
2757 1278 2807 1330 in
2832 1277 2946 1331 dies
2980 1276 3162 1347 pejora
3188 1276 3529 1332 verebantur.
3569 1274 3648 1330 Eo
3687 1288 3816 1343 sup-

2249 1367 2416 1436 plices
2449 1374 2727 1435 gementes
2759 1374 2962 1419 tantum
2997 1367 3197 1420 victum
3227 1378 3386 1419 orare
3410 1381 3424 1418 :
3447 1379 3505 1418 se
3537 1377 3636 1432 pro
3665 1377 3813 1416 suum

2247 1447 2454 1529 ptibus,
2483 1472 2642 1525 quam
2677 1455 2870 1510 vellent
2899 1457 3181 1525 pecuniam
3210 1457 3462 1521 daturos;
3495 1455 3598 1509 etsi
3637 1453 3692 1508 in
3720 1467 3813 1506 ex-

2251 1562 2420 1608 trema
2451 1555 2628 1622 inopia
2657 1563 3020 1617 versarentur,
3055 1554 3314 1624 polliceri.

2324 1647 2446 1702 l5l.
2511 1647 2657 1714 Quos
2705 1647 2940 1702 decanos
2988 1646 3168 1711 Pater,
3220 1653 3528 1716 quassatos,
3591 1641 3814 1702 fractos.

2256 1752 2524 1806 pannosos
2555 1752 2804 1800 cernens,
2835 1752 3024 1790 eorum
3062 1737 3350 1792 miseratus
3380 1734 3675 1798 fortunam,
3700 1730 3816 1804 [ad]

2251 1843 2345 1884 eos
2374 1829 2444 1882 ita
2469 1829 2696 1899 benigne
2721 1845 2944 1883 exorsus
2967 1839 3084 1884 est:
3114 1827 3356 1882 Nondum
3377 1827 3817 1894 enim,quantum

2252 1919 2610 1989 coajecturari
2635 1921 3076 1990 valco,qu:tntum
3099 1921 3238 1990 apud
3257 1935 3443 1974 servos
3461 1919 3552 1974 Dei
3573 1925 3823 1988 oporteat

2252 2026 2372 2066 ese
2401 1997 2823 2066 misericordiam
2855 2013 3165 2081 spei-lastis;
3193 2011 3332 2080 quod
3361 2009 3601 2080 profecto
3631 2009 3674 2063 si
3706 2023 3826 2078 spe-

2254 2101 2579 2166 clavissctis,
2620 2103 2749 2157 nihil
2782 2119 2875 2156 vos
2899 2102 3308 2172 perterruissel,
3343 2116 3514 2171 neque
3547 2117 3645 2170 pro
3677 2101 3822 2155 victu

2253 2193 2560 2261 pecuniam,
2574 2207 2745 2261 neque
2759 2193 2900 2246 aliud
2913 2191 3107 2246 offerre
3119 2191 3264 2246 vobis
3278 2191 3358 2246 ori
3371 2191 3624 2260 cordique
3635 2190 3824 2249 fuisse.

2255 2299 2376 2336 cum
2395 2297 2557 2352 penes
2579 2297 2675 2337 nos
2688 2283 2864 2337 oumia
2893 2284 2944 2336 in
2970 2283 3202 2336 medium
3222 2290 3553 2351 qumrantur.
3579 2278 3694 2332 Non
3709 2279 3826 2332 diu-

2257 2382 2472 2428 turnum
2492 2384 2836 2444 tempus,non
2855 2374 3246 2443 nivesrigentes
3260 2371 3541 2426 obstabunt
3560 2369 3824 2440 libertati:

2257 2479 2378 2520 cum
2395 2479 2499 2518 non
2516 2481 2543 2518 a
2559 2464 2730 2530 nobis,
2749 2465 2840 2520 sed
2856 2465 2920 2518 ab
2937 2464 3048 2534 ipso
3065 2465 3171 2518 Deo
3181 2471 3234 2518 et
3248 2478 3313 2516 ex
3331 2461 3525 2517 vestris
3541 2460 3828 2514 sudoribus

2258 2554 2600 2625 proveniant,
2631 2571 2749 2625 quae
2769 2556 2986 2609 dantur.
3027 2554 3160 2607 Tuta
3187 2552 3344 2607 nobis
3371 2551 3572 2605 omnia.
3604 2550 3643 2604 A
3669 2547 3829 2604 nobis

2259 2659 2387 2700 vero
2425 2659 2528 2699 non
2564 2652 2777 2697 tantum
2805 2652 3051 2712 sumptus
3075 2641 3391 2704 necessarii,
3433 2639 3526 2695 sed
3566 2637 3826 2694 auxilium

2261 2734 2327 2790 ad
2356 2735 2652 2788 daemonem
2696 2732 3094 2802 expellendum,
3145 2731 3271 2786 .lesu
3313 2731 3546 2796 favente,
3589 2727 3825 2782 dabitur.

2261 2821 2338 2878 Eo
2364 2821 2557 2876 mittite
2587 2821 2791 2875 tristem
2822 2821 3159 2887 maestitiam,
3189 2820 3420 2890 desuper
3455 2817 3692 2874 divinum
3733 2831 3843 2878 ειν,

2260 2919 2568 2982 Spectantes
2615 2911 2896 2966 auxilium.
2949 2909 3044 2965 llis
3099 2909 3296 2964 arrecti
3354 2908 3594 2963 auiunun
3641 2906 3825 2962 dictis.

2266 2999 2518 3068 Imperat,
2549 2999 2636 3067 qui
2693 2998 2926 3068 hospitio
2963 3006 3214 3068 praeerat,
3265 2997 3570 3052 necessaria
3626 2995 3840 3058 omnia,

2263 3089 2388 3143 dum
2417 3103 2621 3153 moram
2647 3088 2735 3144 hic
2763 3088 3064 3152 traherent,
3087 3089 3224 3149 dari,
3254 3097 3308 3144 et
3329 3090 3408 3143 sic
3429 3103 3498 3144 ex
3519 3095 3642 3146 voto
3663 3085 3831 3141 omni-

2257 3181 2366 3237 bus
2407 3179 2568 3236 rebus
2621 3179 2753 3235 foris
2797 3179 3144 3250 compositis,
3201 3179 3591 3234 monaSterium
3648 3177 3829 3250 ingre-

2263 3259 2424 3330 ditur.
2465 3255 2471 3262 ’

2335 3361 2458 3416 152.
2498 3361 2630 3416 Eam
2671 3360 2833 3431 igitur
2859 3361 3104 3417 diabolus
3139 3375 3259 3417 cum
3303 3359 3498 3430 sa'pius
3545 3356 3828 3422 sutl’ocare,

2263 3453 2451 3508 ethoc
2482 3440 2728 3508 'summis
2776 3454 2979 3508 viribus
3021 3453 3272 3523 omnique
3323 3463 3440 3508 arte
3491 3451 3830 3515 tentavisset,

2265 3553 2538 3614 parentes,
2583 3543 2832 3598 humanis
2865 3543 3074 3598 auxiliis
3105 3543 3379 3606 destituti,
3434 3541 3615 3596 Jesum
3656 3541 3835 3610 modo,l

2267 3636 2428 3690 modo
2475 3633 2754 3704 Virginem
2821 3634 3066 3698 Mariam,
3112 3633 3378 3688 interdum
3439 3632 3832 3688 sanctissimum

2265 3724 2547 3788 Joannem,
2578 3725 2782 3779 ferrent
2809 3739 2990 3794 Opem,
3013 3724 3310 3779 clamitare.
3343 3723 3438 3783 llis
3477 3724 3530 3777 in
3558 3721 3835 3776 ditliculta-

2269 3816 2414 3871 tibus
2439 3829 2561 3871 cum
2588 3815 2824 3884 penitus,
2865 3814 2992 3884 quid
3037 3822 3274 3882 agerent,
3309 3827 3415 3882 quo
3449 3827 3509 3868 se
3544 3819 3835 3874 verterent,

2271 3905 2570 3974 nescirent,
2625 3905 2886 3975 hospitem
2955 3918 3312 3970 conversum,
3373 3903 3464 3978 qui
3516 3903 3594 3958 eis
3641 3903 3836 3954 vietum

2267 3981 2564 4068 prtebehat,
2593 3997 2637 4050 si
2689 4011 2792 4065 qua
2827 3995 2910 4048 via
2941 4004 3140 4064 posset,
3173 4009 3358 4048 eorum
3406 3995 3596 4062 inopia:
3615 4003 3668 4048 et
3694 3993 3842 4048 cala-

2273 4090 2449 4147 mitati
2473 4088 2800 4152 subveniret,
2829 4099 3074 4139 oravere.
3098 4085 3168 4137 At
3197 4085 3270 4137 illi
3313 4083 3536 4154 simplici
3569 4098 3692 4137 cum
3725 4099 3842 4137 om-

2273 4198 2372 4237 nes
2394 4179 2698 4254 huiusmodi
2746 4178 2800 4232 in
2841 4178 3058 4246 negotio
3099 4177 3346 4231 deessent
3375 4184 3549 4239 artes;
3581 4175 3668 4228 vix
3695 4177 3844 4230 enim

2274 4273 2608 4330 Dominicam
2664 4263 2978 4326 orationem
3006 4284 3129 4326 cum
3159 4267 3397 4338 Virginis
3426 4265 3606 4326 Marize
3637 4265 3844 4318 salma—

2203 4383 2250 4443 ι)
2277 4367 2421 4424 tione
2444 4364 2612 4441 scire,
2639 4361 2812 4432 inquit
2845 4379 2857 4415 :
2892 4359 3076 4416 Fidem
3131 4359 3389 4428 integram
3417 4357 3468 4410 in
3501 4355 3686 4430 primis
3715 4370 3842 4424 erga

2257 4457 2440 4521 ,Deum
2471 4464 2800 4533 sanctosque
2821 4453 2938 4523 ejus
2963 4451 3164 4508 habere
3190 4449 3374 4533 fideles
3391 4461 3578 4502 omnes
3599 4456 3840 4517 Oportet;

2275 4551 2402 4608 inde
2441 4527 2596 4604 suum
2645 4545 2960 4616 suppliciter
2994 4555 3286 4612 exposcere
3313 4527 3648 4624 praesidium;
3687 4537 3846 4605 idque

2278 4641 2566 4712 longanitui
2600 4654 2694 4709 spe
2727 4653 2906 4708 agere,
2950 4635 2994 4691 si
3023 4635 3364 4714 quandoque,
3398 4630 3538 4702 quod
3587 4628 3842 4698 petimus,

2278 4734 2578 4794 (litieratur,
2615 4745 2738 4784 cum
2795 4725 2991 4787 animis
3043 4725 3380 4795 cupientibus
3411 4722 3540 4776 nihil
3586 4720 3739 4783 satis,
3787 4728 3846 4772 ut

2279 4825 2497 4888 dicitur,
2523 4821 2829 4876 festinetur.
2881 4818 3006 4872 Inde
3058 4816 3442 4878 introvenieus,
3471 4811 3723 4882 quidquid
3750 4811 3845 4865 do-

2280 4915 2333 4968 lo
2355 4923 2539 4978 arteve
2573 4909 2769 4966 diaboli
2820 4889 3088 4962 acciderat
3118 4905 3327 4976 puellm,
3355 4913 3409 4959 et
3429 4912 3486 4958 ut
3510 4903 3668 4958 vitam
3701 4900 3846 4954 luctu

2281 5018 2622 5071 mceroreque
2661 5000 2871 5070 plenam
2923 5005 3142 5068 agerent
3171 4996 3285 5060 alii,
3327 4997 3531 5054 decano
3575 4989 3844 5063 quampri-

2282 5112 2428 5150 mum
2453 5095 2660 5150 studuit
2682 5107 2960 5149 enarrare.

2355 5189 2478 5242 155.
2521 5186 2695 5250 Motus
2725 5186 2812 5239 his
2849 5185 3082 5239 decanos
3110 5179 3376 5237 sacerdoti
3403 5177 3612 5253 cuidam
3639 5188 3704 5227 cx
3731 5185 3844 5226 mo-

2252 5277 2503 5340 .nachis,
2558 5273 2783 5343 singulis
2822 5273 3006 5328 diebus
3060 5287 3181 5325 cum
3229 5283 3389 5334 cruce
3435 5268 3500 5320 ad
3550 5257 3843 5320 dtemonem
