  <div class='ocr_page' id='page_1' title='image "/cluster/home/n/w/nwhite01/storage/ocr_20150623/146/hvd.32044015471832/448.png"; bbox 0 0 4110 5362; ppageno 0'>
   <div class='ocr_carea' id='block_1_1' title="bbox 300 307 409 362">
    <p class='ocr_par' dir='ltr' id='par_1_1' title="bbox 300 307 409 362">
     <span class='ocr_line' id='line_1_1' title="bbox 300 307 409 362; baseline 0.009 -1"><span class='ocrx_word' id='word_1_1' title='bbox 300 307 409 362; x_wconf 76' lang='lat'><strong>86$</strong></span> 
     </span>
    </p>
   </div>
   <div class='ocr_carea' id='block_1_2' title="bbox 1822 308 2021 364">
    <p class='ocr_par' dir='ltr' id='par_1_2' title="bbox 1822 308 2021 364">
     <span class='ocr_line' id='line_1_2' title="bbox 1822 308 2021 364; baseline -0.02 0"><span class='ocrx_word' id='word_1_2' title='bbox 1822 308 2021 364; x_wconf 61' lang='lat' dir='ltr'><strong>ACTA.</strong></span> 
     </span>
    </p>
   </div>
   <div class='ocr_carea' id='block_1_3' title="bbox 3454 302 3557 367">
    <p class='ocr_par' dir='ltr' id='par_1_3' title="bbox 3454 302 3557 367">
     <span class='ocr_line' id='line_1_3' title="bbox 3454 302 3557 367; baseline -0.019 0"><span class='ocrx_word' id='word_1_3' title='bbox 3454 302 3557 367; x_wconf 71' lang='lat' dir='ltr'><strong>SCG</strong></span> 
     </span>
    </p>
   </div>
   <div class='ocr_carea' id='block_1_4' title="bbox 302 415 3554 488">
    <p class='ocr_par' dir='ltr' id='par_1_4' title="bbox 302 415 3554 488">
     <span class='ocr_line' id='line_1_4' title="bbox 302 415 3554 488; baseline 0.001 -18"><span class='ocrx_word' id='word_1_4' title='bbox 302 419 454 485; x_wconf 82' lang='lat' dir='ltr'><strong>Quod</strong></span> <span class='ocrx_word' id='word_1_5' title='bbox 510 433 630 473; x_wconf 91' lang='lat' dir='ltr'><strong>cum</strong></span> <span class='ocrx_word' id='word_1_6' title='bbox 678 418 864 473; x_wconf 91' lang='lat' dir='ltr'><strong>decaui</strong></span> <span class='ocrx_word' id='word_1_7' title='bbox 917 426 1241 488; x_wconf 73' lang='lat' dir='ltr'><strong>prteccptum</strong></span> <span class='ocrx_word' id='word_1_8' title='bbox 1285 425 1597 471; x_wconf 87' lang='lat' dir='ltr'><strong>reverenter</strong></span> <span class='ocrx_word' id='word_1_9' title='bbox 1651 416 1952 486; x_wconf 67' lang='lat' dir='ltr'><strong>agitaretA</strong></span> <span class='ocrx_word' id='word_1_10' title='bbox 1983 425 2159 477; x_wconf 85' lang='lat' dir='ltr'><strong>erant,</strong></span> <span class='ocrx_word' id='word_1_11' title='bbox 2215 432 2373 484; x_wconf 86' lang='lat' dir='ltr'><strong>quam</strong></span> <span class='ocrx_word' id='word_1_12' title='bbox 2433 417 2621 472; x_wconf 79' lang='lat' dir='ltr'><strong>festive</strong></span> <span class='ocrx_word' id='word_1_13' title='bbox 2665 416 2919 487; x_wconf 89' lang='lat' dir='ltr'><strong>peractis,</strong></span> <span class='ocrx_word' id='word_1_14' title='bbox 2968 415 3173 482; x_wconf 78' lang='lat' dir='ltr'><strong>infelix,</strong></span> <span class='ocrx_word' id='word_1_15' title='bbox 3233 417 3422 488; x_wconf 77' lang='lat' dir='ltr'><strong>judicii</strong></span> <span class='ocrx_word' id='word_1_16' title='bbox 3481 419 3554 474; x_wconf 85' lang='lat' dir='ltr'><strong>De</strong></span> 
     </span>
    </p>
   </div>
   <div class='ocr_carea' id='block_1_5' title="bbox 301 512 1880 578">
    <p class='ocr_par' dir='ltr' id='par_1_5' title="bbox 301 512 1880 578">
     <span class='ocr_line' id='line_1_5' title="bbox 301 512 1880 578; baseline -0.004 -11"><span class='ocrx_word' id='word_1_17' title='bbox 301 513 581 573; x_wconf 89' lang='lat' dir='ltr'><strong>sacerdos,</strong></span> <span class='ocrx_word' id='word_1_18' title='bbox 616 512 861 565; x_wconf 77' lang='lat' dir='ltr'><strong>dialolus</strong></span> <span class='ocrx_word' id='word_1_19' title='bbox 907 512 1124 565; x_wconf 75' lang='lat' dir='ltr'><strong>interim</strong></span> <span class='ocrx_word' id='word_1_20' title='bbox 1180 524 1286 564; x_wconf 88' lang='lat' dir='ltr'><strong>non</strong></span> <span class='ocrx_word' id='word_1_21' title='bbox 1337 513 1637 578; x_wconf 77' lang='lat' dir='ltr'><strong>quiescere.</strong></span> <span class='ocrx_word' id='word_1_22' title='bbox 1693 522 1880 561; x_wconf 88' lang='lat' dir='ltr'><strong>verum</strong></span> 
     </span>
    </p>
   </div>
   <div class='ocr_carea' id='block_1_6' title="bbox 302 599 1879 675">
    <p class='ocr_par' dir='ltr' id='par_1_6' title="bbox 302 599 1879 675">
     <span class='ocr_line' id='line_1_6' title="bbox 302 599 1879 675; baseline -0.004 -18"><span class='ocrx_word' id='word_1_23' title='bbox 302 618 486 675; x_wconf 87' lang='lat' dir='ltr'><strong>peros</strong></span> <span class='ocrx_word' id='word_1_24' title='bbox 528 603 738 674; x_wconf 70' lang='lat' dir='ltr'><strong>puellm,</strong></span> <span class='ocrx_word' id='word_1_25' title='bbox 786 604 943 655; x_wconf 60' lang='lat' dir='ltr'><strong>modo</strong></span> <span class='ocrx_word' id='word_1_26' title='bbox 983 600 1208 668; x_wconf 87' lang='lat' dir='ltr'><strong>juvenes</strong></span> <span class='ocrx_word' id='word_1_27' title='bbox 1237 615 1548 663; x_wconf 85' lang='lat' dir='ltr'><strong>conversos,</strong></span> <span class='ocrx_word' id='word_1_28' title='bbox 1600 599 1757 654; x_wconf 82' lang='lat' dir='ltr'><strong>modo</strong></span> <span class='ocrx_word' id='word_1_29' title='bbox 1780 599 1879 652; x_wconf 88' lang='lat' dir='ltr'><strong>btt-</strong></span> 
     </span>
    </p>
   </div>
   <div class='ocr_carea' id='block_1_7' title="bbox 303 691 1882 764">
    <p class='ocr_par' dir='ltr' id='par_1_7' title="bbox 303 691 1882 764">
     <span class='ocr_line' id='line_1_7' title="bbox 303 691 1882 764; baseline -0.004 -14"><span class='ocrx_word' id='word_1_30' title='bbox 303 694 496 750; x_wconf 85' lang='lat' dir='ltr'><strong>bulcos</strong></span> <span class='ocrx_word' id='word_1_31' title='bbox 547 694 779 764; x_wconf 76' lang='lat' dir='ltr'><strong>benigne</strong></span> <span class='ocrx_word' id='word_1_32' title='bbox 832 692 1122 764; x_wconf 87' lang='lat' dir='ltr'><strong>appellare,</strong></span> <span class='ocrx_word' id='word_1_33' title='bbox 1162 691 1283 760; x_wconf 88' lang='lat' dir='ltr'><strong>joea</strong></span> <span class='ocrx_word' id='word_1_34' title='bbox 1315 706 1435 746; x_wconf 88' lang='lat' dir='ltr'><strong>cum</strong></span> <span class='ocrx_word' id='word_1_35' title='bbox 1467 693 1548 747; x_wconf 88' lang='lat' dir='ltr'><strong>eis</strong></span> <span class='ocrx_word' id='word_1_36' title='bbox 1587 706 1767 761; x_wconf 77' lang='lat' dir='ltr'><strong>agere,</strong></span> <span class='ocrx_word' id='word_1_37' title='bbox 1802 691 1882 745; x_wconf 89' lang='lat' dir='ltr'><strong>in-</strong></span> 
     </span>
    </p>
   </div>
   <div class='ocr_carea' id='block_1_8' title="bbox 304 781 1880 855">
    <p class='ocr_par' dir='ltr' id='par_1_8' title="bbox 304 781 1880 855">
     <span class='ocr_line' id='line_1_8' title="bbox 304 781 1880 855; baseline -0.002 -17"><span class='ocrx_word' id='word_1_38' title='bbox 304 783 459 838; x_wconf 82' lang='lat' dir='ltr'><strong>sidiis</strong></span> <span class='ocrx_word' id='word_1_39' title='bbox 478 782 714 855; x_wconf 89' lang='lat' dir='ltr'><strong>palliatis</strong></span> <span class='ocrx_word' id='word_1_40' title='bbox 735 781 914 837; x_wconf 92' lang='lat' dir='ltr'><strong>omnia</strong></span> <span class='ocrx_word' id='word_1_41' title='bbox 942 792 1173 847; x_wconf 91' lang='lat' dir='ltr'><strong>tentare,</strong></span> <span class='ocrx_word' id='word_1_42' title='bbox 1219 794 1403 837; x_wconf 87' lang='lat' dir='ltr'><strong>eorum</strong></span> <span class='ocrx_word' id='word_1_43' title='bbox 1434 782 1644 837; x_wconf 90' lang='lat' dir='ltr'><strong>animos</strong></span> <span class='ocrx_word' id='word_1_44' title='bbox 1671 782 1736 835; x_wconf 90' lang='lat' dir='ltr'><strong>ad</strong></span> <span class='ocrx_word' id='word_1_45' title='bbox 1768 795 1880 853; x_wconf 88' lang='lat' dir='ltr'><strong>rem</strong></span> 
     </span>
    </p>
   </div>
   <div class='ocr_carea' id='block_1_9' title="bbox 304 872 1882 945">
    <p class='ocr_par' dir='ltr' id='par_1_9' title="bbox 304 872 1882 945">
     <span class='ocr_line' id='line_1_9' title="bbox 304 872 1882 945; baseline 0 -18"><span class='ocrx_word' id='word_1_46' title='bbox 304 883 518 945; x_wconf 84' lang='lat' dir='ltr'><strong>turpem</strong></span> <span class='ocrx_word' id='word_1_47' title='bbox 545 872 712 929; x_wconf 87' lang='lat' dir='ltr'><strong>variis</strong></span> <span class='ocrx_word' id='word_1_48' title='bbox 763 872 937 929; x_wconf 86' lang='lat' dir='ltr'><strong>modis</strong></span> <span class='ocrx_word' id='word_1_49' title='bbox 978 874 1206 936; x_wconf 87' lang='lat' dir='ltr'><strong>illicere,</strong></span> <span class='ocrx_word' id='word_1_50' title='bbox 1238 873 1371 928; x_wconf 87' lang='lat' dir='ltr'><strong>nihil</strong></span> <span class='ocrx_word' id='word_1_51' title='bbox 1397 873 1538 942; x_wconf 87' lang='lat' dir='ltr'><strong>quod</strong></span> <span class='ocrx_word' id='word_1_52' title='bbox 1587 874 1653 927; x_wconf 91' lang='lat' dir='ltr'><strong>ad</strong></span> <span class='ocrx_word' id='word_1_53' title='bbox 1686 882 1882 927; x_wconf 87' lang='lat' dir='ltr'><strong>tetrum</strong></span> 
     </span>
    </p>
   </div>
   <div class='ocr_carea' id='block_1_10' title="bbox 304 960 1879 1031">
    <p class='ocr_par' dir='ltr' id='par_1_10' title="bbox 304 960 1879 1031">
     <span class='ocr_line' id='line_1_10' title="bbox 304 960 1879 1031; baseline -0.001 -16"><span class='ocrx_word' id='word_1_54' title='bbox 304 961 517 1017; x_wconf 78' lang='lat' dir='ltr'><strong>facinus</strong></span> <span class='ocrx_word' id='word_1_55' title='bbox 542 960 672 1017; x_wconf 81' lang='lat' dir='ltr'><strong>utile</strong></span> <span class='ocrx_word' id='word_1_56' title='bbox 701 970 938 1031; x_wconf 89' lang='lat' dir='ltr'><strong>putaret,</strong></span> <span class='ocrx_word' id='word_1_57' title='bbox 974 962 1297 1030; x_wconf 89' lang='lat' dir='ltr'><strong>relinquere.</strong></span> <span class='ocrx_word' id='word_1_58' title='bbox 1334 962 1393 1016; x_wconf 88' lang='lat' dir='ltr'><strong>Ei</strong></span> <span class='ocrx_word' id='word_1_59' title='bbox 1437 963 1600 1015; x_wconf 92' lang='lat' dir='ltr'><strong>multa</strong></span> <span class='ocrx_word' id='word_1_60' title='bbox 1624 962 1879 1030; x_wconf 74' lang='lat' dir='ltr'><strong>agitanti,</strong></span> 
     </span>
    </p>
   </div>
   <div class='ocr_carea' id='block_1_11' title="bbox 302 1050 1883 1123">
    <p class='ocr_par' dir='ltr' id='par_1_11' title="bbox 302 1050 1883 1123">
     <span class='ocr_line' id='line_1_11' title="bbox 302 1050 1883 1123; baseline 0.001 -18"><span class='ocrx_word' id='word_1_61' title='bbox 302 1050 431 1107; x_wconf 83' lang='lat' dir='ltr'><strong>Jesu</strong></span> <span class='ocrx_word' id='word_1_62' title='bbox 453 1051 683 1117; x_wconf 82' lang='lat' dir='ltr'><strong>volente,</strong></span> <span class='ocrx_word' id='word_1_63' title='bbox 719 1052 854 1106; x_wconf 83' lang='lat' dir='ltr'><strong>nihil</strong></span> <span class='ocrx_word' id='word_1_64' title='bbox 913 1066 1034 1106; x_wconf 90' lang='lat' dir='ltr'><strong>cum</strong></span> <span class='ocrx_word' id='word_1_65' title='bbox 1082 1055 1416 1123; x_wconf 81' lang='lat' dir='ltr'><strong>procederet,</strong></span> <span class='ocrx_word' id='word_1_66' title='bbox 1464 1054 1652 1108; x_wconf 86' lang='lat' dir='ltr'><strong>statuit</strong></span> <span class='ocrx_word' id='word_1_67' title='bbox 1697 1070 1883 1107; x_wconf 88' lang='lat' dir='ltr'><strong>mona-</strong></span> 
     </span>
    </p>
   </div>
   <div class='ocr_carea' id='block_1_12' title="bbox 303 1143 1881 1213">
    <p class='ocr_par' dir='ltr' id='par_1_12' title="bbox 303 1143 1881 1213">
     <span class='ocr_line' id='line_1_12' title="bbox 303 1143 1881 1213; baseline 0.002 -16"><span class='ocrx_word' id='word_1_68' title='bbox 303 1144 489 1206; x_wconf 87' lang='lat' dir='ltr'><strong>chum,</strong></span> <span class='ocrx_word' id='word_1_69' title='bbox 521 1143 644 1197; x_wconf 89' lang='lat' dir='ltr'><strong>inde</strong></span> <span class='ocrx_word' id='word_1_70' title='bbox 671 1146 865 1211; x_wconf 72' lang='lat' dir='ltr'><strong>smptus</strong></span> <span class='ocrx_word' id='word_1_71' title='bbox 889 1152 1277 1208; x_wconf 79' lang='lat' dir='ltr'><strong>transeuntem,</strong></span> <span class='ocrx_word' id='word_1_72' title='bbox 1302 1144 1718 1213; x_wconf 86' lang='lat' dir='ltr'><strong>euigallinarnm</strong></span> <span class='ocrx_word' id='word_1_73' title='bbox 1751 1161 1881 1200; x_wconf 88' lang='lat' dir='ltr'><strong>cura</strong></span> 
     </span>
    </p>
   </div>
   <div class='ocr_carea' id='block_1_13' title="bbox 302 1234 1884 1307">
    <p class='ocr_par' dir='ltr' id='par_1_13' title="bbox 302 1234 1884 1307">
     <span class='ocr_line' id='line_1_13' title="bbox 302 1234 1884 1307; baseline 0.003 -18"><span class='ocrx_word' id='word_1_74' title='bbox 302 1235 593 1290; x_wconf 87' lang='lat' dir='ltr'><strong>commissa</strong></span> <span class='ocrx_word' id='word_1_75' title='bbox 626 1234 829 1300; x_wconf 90' lang='lat' dir='ltr'><strong>fuerat,</strong></span> <span class='ocrx_word' id='word_1_76' title='bbox 873 1236 1089 1304; x_wconf 80' lang='lat' dir='ltr'><strong>alloqui.</strong></span> <span class='ocrx_word' id='word_1_77' title='bbox 1120 1237 1417 1292; x_wconf 85' lang='lat' dir='ltr'><strong>Observato</strong></span> <span class='ocrx_word' id='word_1_78' title='bbox 1448 1238 1629 1305; x_wconf 80' lang='lat' dir='ltr'><strong>itaque</strong></span> <span class='ocrx_word' id='word_1_79' title='bbox 1659 1237 1884 1307; x_wconf 88' lang='lat' dir='ltr'><strong>diligen-</strong></span> 
     </span>
    </p>
   </div>
   <div class='ocr_carea' id='block_1_14' title="bbox 303 1327 1880 1396">
    <p class='ocr_par' dir='ltr' id='par_1_14' title="bbox 303 1327 1880 1396">
     <span class='ocr_line' id='line_1_14' title="bbox 303 1327 1880 1396; baseline 0.001 -17"><span class='ocrx_word' id='word_1_80' title='bbox 303 1334 391 1380; x_wconf 87' lang='lat' dir='ltr'><strong>ter</strong></span> <span class='ocrx_word' id='word_1_81' title='bbox 415 1333 673 1395; x_wconf 86' lang='lat' dir='ltr'><strong>tetupore,</strong></span> <span class='ocrx_word' id='word_1_82' title='bbox 699 1343 818 1379; x_wconf 89' lang='lat' dir='ltr'><strong>cum</strong></span> <span class='ocrx_word' id='word_1_83' title='bbox 848 1341 874 1379; x_wconf 88' lang='lat' dir='ltr'><strong>a</strong></span> <span class='ocrx_word' id='word_1_84' title='bbox 902 1327 1059 1395; x_wconf 81' lang='lat' dir='ltr'><strong>pullis</strong></span> <span class='ocrx_word' id='word_1_85' title='bbox 1101 1328 1308 1396; x_wconf 73' lang='lat' dir='ltr'><strong>galliam</strong></span> <span class='ocrx_word' id='word_1_86' title='bbox 1330 1328 1612 1395; x_wconf 74' lang='lat' dir='ltr'><strong>pascendis</strong></span> <span class='ocrx_word' id='word_1_87' title='bbox 1659 1329 1880 1393; x_wconf 85' lang='lat' dir='ltr'><strong>rediret,</strong></span> 
     </span>
    </p>
   </div>
   <div class='ocr_carea' id='block_1_15' title="bbox 308 1415 1885 1490">
    <p class='ocr_par' dir='ltr' id='par_1_15' title="bbox 308 1415 1885 1490">
     <span class='ocr_line' id='line_1_15' title="bbox 308 1415 1885 1490; baseline 0.002 -21"><span class='ocrx_word' id='word_1_88' title='bbox 308 1415 423 1490; x_wconf 92' lang='lat' dir='ltr'><strong>[ad]</strong></span> <span class='ocrx_word' id='word_1_89' title='bbox 450 1432 570 1471; x_wconf 89' lang='lat' dir='ltr'><strong>eum</strong></span> <span class='ocrx_word' id='word_1_90' title='bbox 610 1419 703 1481; x_wconf 91' lang='lat' dir='ltr'><strong>ita,</strong></span> <span class='ocrx_word' id='word_1_91' title='bbox 744 1418 856 1471; x_wconf 84' lang='lat' dir='ltr'><strong>suis</strong></span> <span class='ocrx_word' id='word_1_92' title='bbox 888 1418 1201 1487; x_wconf 87' lang='lat' dir='ltr'><strong>parentibus</strong></span> <span class='ocrx_word' id='word_1_93' title='bbox 1230 1428 1527 1487; x_wconf 86' lang='lat' dir='ltr'><strong>opportune</strong></span> <span class='ocrx_word' id='word_1_94' title='bbox 1563 1419 1684 1472; x_wconf 89' lang='lat' dir='ltr'><strong>aliis</strong></span> <span class='ocrx_word' id='word_1_95' title='bbox 1723 1434 1885 1489; x_wconf 79' lang='lat' dir='ltr'><strong>nego-</strong></span> 
     </span>
    </p>
   </div>
   <div class='ocr_carea' id='block_1_16' title="bbox 306 1507 1883 1579">
    <p class='ocr_par' dir='ltr' id='par_1_16' title="bbox 306 1507 1883 1579">
     <span class='ocr_line' id='line_1_16' title="bbox 306 1507 1883 1579; baseline 0.002 -19"><span class='ocrx_word' id='word_1_96' title='bbox 306 1508 667 1571; x_wconf 87' lang='lat' dir='ltr'><strong>tiisintcntis,</strong></span> <span class='ocrx_word' id='word_1_97' title='bbox 722 1507 804 1562; x_wconf 88' lang='lat' dir='ltr'><strong>vel</strong></span> <span class='ocrx_word' id='word_1_98' title='bbox 855 1516 911 1561; x_wconf 89' lang='lat' dir='ltr'><strong>ut</strong></span> <span class='ocrx_word' id='word_1_99' title='bbox 939 1509 1240 1571; x_wconf 83' lang='lat' dir='ltr'><strong>dicebatur,</strong></span> <span class='ocrx_word' id='word_1_100' title='bbox 1293 1509 1563 1578; x_wconf 84' lang='lat' dir='ltr'><strong>paululum</strong></span> <span class='ocrx_word' id='word_1_101' title='bbox 1603 1510 1883 1579; x_wconf 84' lang='lat' dir='ltr'><strong>quiescen-</strong></span> 
     </span>
    </p>
   </div>
   <div class='ocr_carea' id='block_1_17' title="bbox 308 1596 1887 1667">
    <p class='ocr_par' dir='ltr' id='par_1_17' title="bbox 308 1596 1887 1667">
     <span class='ocr_line' id='line_1_17' title="bbox 308 1596 1887 1667; baseline 0.002 -17"><span class='ocrx_word' id='word_1_102' title='bbox 308 1596 474 1660; x_wconf 85' lang='lat' dir='ltr'><strong>tibus,</strong></span> <span class='ocrx_word' id='word_1_103' title='bbox 503 1613 730 1652; x_wconf 77' lang='lat' dir='ltr'><strong>exorsus</strong></span> <span class='ocrx_word' id='word_1_104' title='bbox 760 1606 844 1651; x_wconf 48' lang='lat' dir='ltr'><strong>ert</strong></span> <span class='ocrx_word' id='word_1_105' title='bbox 875 1616 888 1651; x_wconf 89' lang='lat'><strong>:</strong></span> <span class='ocrx_word' id='word_1_106' title='bbox 917 1598 1116 1653; x_wconf 83' lang='lat' dir='ltr'><strong>Antoni</strong></span> <span class='ocrx_word' id='word_1_107' title='bbox 1158 1598 1323 1653; x_wconf 77' lang='lat' dir='ltr'><strong>frater</strong></span> <span class='ocrx_word' id='word_1_108' title='bbox 1352 1604 1496 1667; x_wconf 89' lang='lat' dir='ltr'><strong>(nam</strong></span> <span class='ocrx_word' id='word_1_109' title='bbox 1539 1614 1732 1653; x_wconf 85' lang='lat' dir='ltr'><strong>nomen</strong></span> <span class='ocrx_word' id='word_1_110' title='bbox 1765 1616 1887 1654; x_wconf 85' lang='lat' dir='ltr'><strong>cre-</strong></span> 
     </span>
    </p>
   </div>
   <div class='ocr_carea' id='block_1_18' title="bbox 302 1688 1883 1760">
    <p class='ocr_par' dir='ltr' id='par_1_18' title="bbox 302 1688 1883 1760">
     <span class='ocr_line' id='line_1_18' title="bbox 302 1688 1883 1760; baseline 0.001 -16"><span class='ocrx_word' id='word_1_111' title='bbox 302 1688 541 1746; x_wconf 82' lang='lat' dir='ltr'><strong>berrime</strong></span> <span class='ocrx_word' id='word_1_112' title='bbox 589 1690 854 1744; x_wconf 86' lang='lat' dir='ltr'><strong>audiendo</strong></span> <span class='ocrx_word' id='word_1_113' title='bbox 894 1690 1199 1760; x_wconf 83' lang='lat' dir='ltr'><strong>didicerat),</strong></span> <span class='ocrx_word' id='word_1_114' title='bbox 1230 1690 1466 1757; x_wconf 80' lang='lat' dir='ltr'><strong>fortuna,</strong></span> <span class='ocrx_word' id='word_1_115' title='bbox 1520 1692 1565 1747; x_wconf 90' lang='lat' dir='ltr'><strong>si</strong></span> <span class='ocrx_word' id='word_1_116' title='bbox 1622 1693 1705 1746; x_wconf 79' lang='lat' dir='ltr'><strong>vir</strong></span> <span class='ocrx_word' id='word_1_117' title='bbox 1762 1705 1883 1746; x_wconf 85' lang='lat' dir='ltr'><strong>esse</strong></span> 
     </span>
    </p>
   </div>
   <div class='ocr_carea' id='block_1_19' title="bbox 1984 507 3558 578">
    <p class='ocr_par' dir='ltr' id='par_1_19' title="bbox 1984 507 3558 578">
     <span class='ocr_line' id='line_1_19' title="bbox 1984 507 3558 578; baseline 0.001 -15"><span class='ocrx_word' id='word_1_118' title='bbox 1984 523 2198 577; x_wconf 78' lang='lat' dir='ltr'><strong>semper</strong></span> <span class='ocrx_word' id='word_1_119' title='bbox 2219 509 2518 577; x_wconf 72' lang='lat' dir='ltr'><strong>prtesentis,</strong></span> <span class='ocrx_word' id='word_1_120' title='bbox 2557 518 2611 563; x_wconf 91' lang='lat' dir='ltr'><strong>et</strong></span> <span class='ocrx_word' id='word_1_121' title='bbox 2639 508 3013 578; x_wconf 79' lang='lat' dir='ltr'><strong>professionis,</strong></span> <span class='ocrx_word' id='word_1_122' title='bbox 3062 510 3204 578; x_wconf 91' lang='lat' dir='ltr'><strong>quod</strong></span> <span class='ocrx_word' id='word_1_123' title='bbox 3246 507 3422 578; x_wconf 85' lang='lat' dir='ltr'><strong>majus</strong></span> <span class='ocrx_word' id='word_1_124' title='bbox 3452 522 3558 574; x_wconf 83' lang='lat' dir='ltr'><strong>est,</strong></span> 
     </span>
    </p>
   </div>
   <div class='ocr_carea' id='block_1_20' title="bbox 1983 600 3558 669">
    <p class='ocr_par' dir='ltr' id='par_1_20' title="bbox 1983 600 3558 669">
     <span class='ocr_line' id='line_1_20' title="bbox 1983 600 3558 669; baseline 0.003 -18"><span class='ocrx_word' id='word_1_125' title='bbox 1983 615 2144 668; x_wconf 81' lang='lat' dir='ltr'><strong>quam</strong></span> <span class='ocrx_word' id='word_1_126' title='bbox 2176 615 2358 655; x_wconf 88' lang='lat' dir='ltr'><strong>coram</strong></span> <span class='ocrx_word' id='word_1_127' title='bbox 2394 600 2509 669; x_wconf 81' lang='lat' dir='ltr'><strong>ipso</strong></span> <span class='ocrx_word' id='word_1_128' title='bbox 2558 607 2613 653; x_wconf 88' lang='lat' dir='ltr'><strong>et</strong></span> <span class='ocrx_word' id='word_1_129' title='bbox 2655 601 2861 656; x_wconf 85' lang='lat' dir='ltr'><strong>sanctis</strong></span> <span class='ocrx_word' id='word_1_130' title='bbox 2889 600 3004 669; x_wconf 84' lang='lat' dir='ltr'><strong>ejus</strong></span> <span class='ocrx_word' id='word_1_131' title='bbox 3048 616 3108 656; x_wconf 90' lang='lat' dir='ltr'><strong>se</strong></span> <span class='ocrx_word' id='word_1_132' title='bbox 3147 600 3558 656; x_wconf 75' lang='lat' dir='ltr'><strong>observaturum</strong></span> 
     </span>
    </p>
   </div>
   <div class='ocr_carea' id='block_1_21' title="bbox 1977 692 3558 762">
    <p class='ocr_par' dir='ltr' id='par_1_21' title="bbox 1977 692 3558 762">
     <span class='ocr_line' id='line_1_21' title="bbox 1977 692 3558 762; baseline -0.001 -13"><span class='ocrx_word' id='word_1_133' title='bbox 1977 692 2276 762; x_wconf 76' lang='lat' dir='ltr'><strong>iuraverat,</strong></span> <span class='ocrx_word' id='word_1_134' title='bbox 2326 693 2543 753; x_wconf 87' lang='lat' dir='ltr'><strong>oblitus,</strong></span> <span class='ocrx_word' id='word_1_135' title='bbox 2597 709 2732 759; x_wconf 87' lang='lat' dir='ltr'><strong>rem,</strong></span> <span class='ocrx_word' id='word_1_136' title='bbox 2778 694 2915 747; x_wconf 91' lang='lat' dir='ltr'><strong>duce</strong></span> <span class='ocrx_word' id='word_1_137' title='bbox 2961 692 3194 758; x_wconf 80' lang='lat' dir='ltr'><strong>diabolo,</strong></span> <span class='ocrx_word' id='word_1_138' title='bbox 3244 702 3454 748; x_wconf 87' lang='lat' dir='ltr'><strong>tentare</strong></span> <span class='ocrx_word' id='word_1_139' title='bbox 3478 702 3558 748; x_wconf 86' lang='lat' dir='ltr'><strong>est</strong></span> 
     </span>
    </p>
   </div>
   <div class='ocr_carea' id='block_1_22' title="bbox 1984 780 3560 852">
    <p class='ocr_par' dir='ltr' id='par_1_22' title="bbox 1984 780 3560 852">
     <span class='ocr_line' id='line_1_22' title="bbox 1984 780 3560 852; baseline 0 -16"><span class='ocrx_word' id='word_1_140' title='bbox 1984 799 2164 836; x_wconf 86' lang='lat' dir='ltr'><strong>ausus.</strong></span> <span class='ocrx_word' id='word_1_141' title='bbox 2207 780 2287 836; x_wconf 78' lang='lat' dir='ltr'><strong>Ad</strong></span> <span class='ocrx_word' id='word_1_142' title='bbox 2328 793 2537 852; x_wconf 90' lang='lat' dir='ltr'><strong>portam</strong></span> <span class='ocrx_word' id='word_1_143' title='bbox 2594 781 2758 852; x_wconf 82' lang='lat' dir='ltr'><strong>igitur</strong></span> <span class='ocrx_word' id='word_1_144' title='bbox 2795 783 3108 838; x_wconf 89' lang='lat' dir='ltr'><strong>monasterii</strong></span> <span class='ocrx_word' id='word_1_145' title='bbox 3148 784 3389 850; x_wconf 70' lang='lat' dir='ltr'><strong>veniens,</strong></span> <span class='ocrx_word' id='word_1_146' title='bbox 3413 799 3560 850; x_wconf 88' lang='lat' dir='ltr'><strong>eam,</strong></span> 
     </span>
    </p>
   </div>
   <div class='ocr_carea' id='block_1_23' title="bbox 1984 870 3559 947">
    <p class='ocr_par' dir='ltr' id='par_1_23' title="bbox 1984 870 3559 947">
     <span class='ocr_line' id='line_1_23' title="bbox 1984 870 3559 947; baseline 0.003 -21"><span class='ocrx_word' id='word_1_147' title='bbox 1984 871 2269 928; x_wconf 74' lang='lat' dir='ltr'><strong>utdtentou</strong></span> <span class='ocrx_word' id='word_1_148' title='bbox 2321 870 2554 940; x_wconf 77' lang='lat' dir='ltr'><strong>dixerat,</strong></span> <span class='ocrx_word' id='word_1_149' title='bbox 2587 882 2862 943; x_wconf 89' lang='lat' dir='ltr'><strong>patentem</strong></span> <span class='ocrx_word' id='word_1_150' title='bbox 2900 876 3122 944; x_wconf 87' lang='lat' dir='ltr'><strong>reperit.</strong></span> <span class='ocrx_word' id='word_1_151' title='bbox 3154 874 3356 931; x_wconf 72' lang='lat' dir='ltr'><strong>Verum</strong></span> <span class='ocrx_word' id='word_1_152' title='bbox 3385 877 3559 947; x_wconf 49' lang='lat' dir='ltr'><strong>preci.</strong></span> 
     </span>
    </p>
   </div>
   <div class='ocr_carea' id='block_1_24' title="bbox 1984 960 3564 1036">
    <p class='ocr_par' dir='ltr' id='par_1_24' title="bbox 1984 960 3564 1036">
     <span class='ocr_line' id='line_1_24' title="bbox 1984 960 3564 1036; baseline 0.002 -18"><span class='ocrx_word' id='word_1_153' title='bbox 1984 964 2084 1033; x_wconf 86' lang='lat' dir='ltr'><strong>bus</strong></span> <span class='ocrx_word' id='word_1_154' title='bbox 2112 960 2336 1017; x_wconf 85' lang='lat' dir='ltr'><strong>Joannis</strong></span> <span class='ocrx_word' id='word_1_155' title='bbox 2366 962 2714 1029; x_wconf 88' lang='lat' dir='ltr'><strong>sanctissimi,</strong></span> <span class='ocrx_word' id='word_1_156' title='bbox 2762 964 2853 1034; x_wconf 93' lang='lat' dir='ltr'><strong>qui</strong></span> <span class='ocrx_word' id='word_1_157' title='bbox 2903 979 3089 1019; x_wconf 84' lang='lat' dir='ltr'><strong>servos</strong></span> <span class='ocrx_word' id='word_1_158' title='bbox 3121 979 3248 1019; x_wconf 88' lang='lat' dir='ltr'><strong>suos</strong></span> <span class='ocrx_word' id='word_1_159' title='bbox 3288 967 3564 1036; x_wconf 83' lang='lat' dir='ltr'><strong>decusque</strong></span> 
     </span>
    </p>
   </div>
   <div class='ocr_carea' id='block_1_25' title="bbox 1985 1036 3565 1130">
    <p class='ocr_par' dir='ltr' id='par_1_25' title="bbox 1985 1036 3565 1130">
     <span class='ocr_line' id='line_1_25' title="bbox 1985 1036 3565 1130; baseline 0.003 -20"><span class='ocrx_word' id='word_1_160' title='bbox 1985 1056 2296 1110; x_wconf 84' lang='lat' dir='ltr'><strong>monasterii</strong></span> <span class='ocrx_word' id='word_1_161' title='bbox 2319 1055 2523 1124; x_wconf 82' lang='lat' dir='ltr'><strong>jugiter</strong></span> <span class='ocrx_word' id='word_1_162' title='bbox 2551 1064 2774 1120; x_wconf 85' lang='lat' dir='ltr'><strong>tutatur,</strong></span> <span class='ocrx_word' id='word_1_163' title='bbox 2807 1056 3008 1111; x_wconf 88' lang='lat' dir='ltr'><strong>factum</strong></span> <span class='ocrx_word' id='word_1_164' title='bbox 3044 1065 3146 1122; x_wconf 90' lang='lat' dir='ltr'><strong>est,</strong></span> <span class='ocrx_word' id='word_1_165' title='bbox 3183 1066 3242 1111; x_wconf 88' lang='lat' dir='ltr'><strong>ut</strong></span> <span class='ocrx_word' id='word_1_166' title='bbox 3265 1069 3439 1114; x_wconf 84' lang='lat' dir='ltr'><strong>metus</strong></span> <span class='ocrx_word' id='word_1_167' title='bbox 3465 1036 3565 1130; x_wconf 38' lang='lat' dir='ltr'><strong>pa;</strong></span> 
     </span>
    </p>
   </div>
   <div class='ocr_carea' id='block_1_26' title="bbox 1983 1142 3568 1221">
    <p class='ocr_par' dir='ltr' id='par_1_26' title="bbox 1983 1142 3568 1221">
     <span class='ocr_line' id='line_1_26' title="bbox 1983 1142 3568 1221; baseline 0.004 -23"><span class='ocrx_word' id='word_1_168' title='bbox 1983 1160 2190 1214; x_wconf 76' lang='lat' dir='ltr'><strong>vorque</strong></span> <span class='ocrx_word' id='word_1_169' title='bbox 2224 1146 2411 1216; x_wconf 87' lang='lat' dir='ltr'><strong>ingens</strong></span> <span class='ocrx_word' id='word_1_170' title='bbox 2440 1161 2564 1200; x_wconf 92' lang='lat' dir='ltr'><strong>eum</strong></span> <span class='ocrx_word' id='word_1_171' title='bbox 2596 1146 2895 1200; x_wconf 84' lang='lat' dir='ltr'><strong>invaderet.</strong></span> <span class='ocrx_word' id='word_1_172' title='bbox 2944 1147 3019 1201; x_wconf 84' lang='lat' dir='ltr'><strong>Eo</strong></span> <span class='ocrx_word' id='word_1_173' title='bbox 3058 1148 3408 1204; x_wconf 82' lang='lat' dir='ltr'><strong>vehementer</strong></span> <span class='ocrx_word' id='word_1_174' title='bbox 3446 1142 3568 1221; x_wconf 49' lang='lat' dir='ltr'><strong>peri</strong></span> 
     </span>
    </p>
   </div>
   <div class='ocr_carea' id='block_1_27' title="bbox 1984 1226 3567 1308">
    <p class='ocr_par' dir='ltr' id='par_1_27' title="bbox 1984 1226 3567 1308">
     <span class='ocr_line' id='line_1_27' title="bbox 1984 1226 3567 1308; baseline 0.003 -18"><span class='ocrx_word' id='word_1_175' title='bbox 1984 1226 2229 1299; x_wconf 86' lang='lat' dir='ltr'><strong>territus,</strong></span> <span class='ocrx_word' id='word_1_176' title='bbox 2276 1252 2397 1291; x_wconf 83' lang='lat' dir='ltr'><strong>sese</strong></span> <span class='ocrx_word' id='word_1_177' title='bbox 2422 1253 2581 1305; x_wconf 89' lang='lat' dir='ltr'><strong>quam</strong></span> <span class='ocrx_word' id='word_1_178' title='bbox 2628 1238 2849 1307; x_wconf 82' lang='lat' dir='ltr'><strong>raptim,</strong></span> <span class='ocrx_word' id='word_1_179' title='bbox 2885 1238 3028 1291; x_wconf 89' lang='lat' dir='ltr'><strong>ostio</strong></span> <span class='ocrx_word' id='word_1_180' title='bbox 3072 1247 3309 1308; x_wconf 88' lang='lat' dir='ltr'><strong>patente,</strong></span> <span class='ocrx_word' id='word_1_181' title='bbox 3339 1248 3399 1293; x_wconf 91' lang='lat' dir='ltr'><strong>ut</strong></span> <span class='ocrx_word' id='word_1_182' title='bbox 3421 1227 3567 1306; x_wconf 72' lang='lat' dir='ltr'><strong>erat,</strong></span> 
     </span>
    </p>
   </div>
   <div class='ocr_carea' id='block_1_28' title="bbox 1985 1324 3565 1397">
    <p class='ocr_par' dir='ltr' id='par_1_28' title="bbox 1985 1324 3565 1397">
     <span class='ocr_line' id='line_1_28' title="bbox 1985 1324 3565 1397; baseline 0.004 -16"><span class='ocrx_word' id='word_1_183' title='bbox 1985 1327 2202 1392; x_wconf 86' lang='lat' dir='ltr'><strong>relicto,</strong></span> <span class='ocrx_word' id='word_1_184' title='bbox 2229 1327 2280 1380; x_wconf 91' lang='lat' dir='ltr'><strong>in</strong></span> <span class='ocrx_word' id='word_1_185' title='bbox 2308 1328 2596 1395; x_wconf 88' lang='lat' dir='ltr'><strong>coquiuam</strong></span> <span class='ocrx_word' id='word_1_186' title='bbox 2650 1328 2817 1391; x_wconf 80' lang='lat' dir='ltr'><strong>dedit,</strong></span> <span class='ocrx_word' id='word_1_187' title='bbox 2870 1326 3053 1396; x_wconf 77' lang='lat' dir='ltr'><strong>ibique</strong></span> <span class='ocrx_word' id='word_1_188' title='bbox 3099 1329 3254 1397; x_wconf 88' lang='lat' dir='ltr'><strong>signo</strong></span> <span class='ocrx_word' id='word_1_189' title='bbox 3291 1329 3470 1386; x_wconf 86' lang='lat' dir='ltr'><strong>crucis</strong></span> <span class='ocrx_word' id='word_1_190' title='bbox 3501 1324 3565 1388; x_wconf 67' lang='grc' dir='ltr'><strong>δε</strong></span> 
     </span>
    </p>
   </div>
   <div class='ocr_carea' id='block_1_29' title="bbox 1982 1417 3567 1493">
    <p class='ocr_par' dir='ltr' id='par_1_29' title="bbox 1982 1417 3567 1493">
     <span class='ocr_line' id='line_1_29' title="bbox 1982 1417 3567 1493; baseline 0.004 -21"><span class='ocrx_word' id='word_1_191' title='bbox 1982 1418 2255 1493; x_wconf 85' lang='lat' dir='ltr'><strong>muniens,</strong></span> <span class='ocrx_word' id='word_1_192' title='bbox 2300 1419 2454 1473; x_wconf 70' lang='lat' dir='ltr'><strong>ﬂexis</strong></span> <span class='ocrx_word' id='word_1_193' title='bbox 2497 1417 2752 1488; x_wconf 86' lang='lat' dir='ltr'><strong>genibus,</strong></span> <span class='ocrx_word' id='word_1_194' title='bbox 2797 1418 3025 1484; x_wconf 87' lang='lat' dir='ltr'><strong>orando,</strong></span> <span class='ocrx_word' id='word_1_195' title='bbox 3075 1419 3342 1489; x_wconf 87' lang='lat' dir='ltr'><strong>trepidus,</strong></span> <span class='ocrx_word' id='word_1_196' title='bbox 3386 1420 3567 1479; x_wconf 81' lang='lat' dir='ltr'><strong>adhuc</strong></span> 
     </span>
    </p>
   </div>
   <div class='ocr_carea' id='block_1_30' title="bbox 1986 1502 3237 1579">
    <p class='ocr_par' dir='ltr' id='par_1_30' title="bbox 1986 1502 3237 1579">
     <span class='ocr_line' id='line_1_30' title="bbox 1986 1502 3237 1579; baseline -0.002 -14"><span class='ocrx_word' id='word_1_197' title='bbox 1986 1511 2229 1565; x_wconf 85' lang='lat' dir='ltr'><strong>divinum</strong></span> <span class='ocrx_word' id='word_1_198' title='bbox 2272 1510 2561 1579; x_wconf 70' lang='lat' dir='ltr'><strong>implorare</strong></span> <span class='ocrx_word' id='word_1_199' title='bbox 2585 1509 2871 1564; x_wconf 73' lang='lat' dir='ltr'><strong>auuilium.</strong></span> <span class='ocrx_word' id='word_1_200' title='bbox 3223 1502 3237 1511; x_wconf 79' lang='grc'><em>’</em></span> 
     </span>
    </p>
   </div>
   <div class='ocr_carea' id='block_1_31' title="bbox 2056 1597 3565 1670">
    <p class='ocr_par' dir='ltr' id='par_1_31' title="bbox 2056 1597 3565 1670">
     <span class='ocr_line' id='line_1_31' title="bbox 2056 1597 3565 1670; baseline -0.001 -16"><span class='ocrx_word' id='word_1_201' title='bbox 2056 1599 2179 1654; x_wconf 75' lang='grc'><strong>157.</strong></span> <span class='ocrx_word' id='word_1_202' title='bbox 2222 1597 2397 1668; x_wconf 82' lang='lat' dir='ltr'><strong>ipsum</strong></span> <span class='ocrx_word' id='word_1_203' title='bbox 2428 1614 2529 1667; x_wconf 88' lang='lat' dir='ltr'><strong>ego</strong></span> <span class='ocrx_word' id='word_1_204' title='bbox 2560 1610 2768 1668; x_wconf 89' lang='lat' dir='ltr'><strong>postea,</strong></span> <span class='ocrx_word' id='word_1_205' title='bbox 2809 1597 2991 1654; x_wconf 89' lang='lat' dir='ltr'><strong>multis</strong></span> <span class='ocrx_word' id='word_1_206' title='bbox 3024 1598 3401 1669; x_wconf 64' lang='lat' dir='ltr'><strong>praesentibus,</strong></span> <span class='ocrx_word' id='word_1_207' title='bbox 3430 1616 3565 1670; x_wconf 69' lang='lat' dir='ltr'><strong>prae-</strong></span> 
     </span>
    </p>
   </div>
   <div class='ocr_carea' id='block_1_32' title="bbox 1986 1688 3569 1758">
    <p class='ocr_par' dir='ltr' id='par_1_32' title="bbox 1986 1688 3569 1758">
     <span class='ocr_line' id='line_1_32' title="bbox 1986 1688 3569 1758; baseline 0.001 -14"><span class='ocrx_word' id='word_1_208' title='bbox 1986 1688 2254 1744; x_wconf 82' lang='lat' dir='ltr'><strong>dicantem</strong></span> <span class='ocrx_word' id='word_1_209' title='bbox 2316 1688 2531 1751; x_wconf 83' lang='lat' dir='ltr'><strong>audivi,</strong></span> <span class='ocrx_word' id='word_1_210' title='bbox 2576 1702 2636 1742; x_wconf 90' lang='lat' dir='ltr'><strong>se</strong></span> <span class='ocrx_word' id='word_1_211' title='bbox 2696 1704 2970 1758; x_wconf 86' lang='lat' dir='ltr'><strong>nunquam</strong></span> <span class='ocrx_word' id='word_1_212' title='bbox 3021 1688 3210 1758; x_wconf 87' lang='lat' dir='ltr'><strong>tuajori</strong></span> <span class='ocrx_word' id='word_1_213' title='bbox 3259 1690 3485 1744; x_wconf 90' lang='lat' dir='ltr'><strong>horrore</strong></span> <span class='ocrx_word' id='word_1_214' title='bbox 3512 1698 3569 1746; x_wconf 88' lang='lat' dir='ltr'><strong>et</strong></span> 
     </span>
    </p>
   </div>
   <div class='ocr_carea' id='block_1_33' title="bbox 300 1752 3567 1853">
    <p class='ocr_par' dir='ltr' id='par_1_33' title="bbox 300 1752 3567 1853">
     <span class='ocr_line' id='line_1_33' title="bbox 300 1752 3567 1853; baseline 0.001 -20"><span class='ocrx_word' id='word_1_215' title='bbox 300 1781 459 1847; x_wconf 81' lang='lat' dir='ltr'><strong>velis,</strong></span> <span class='ocrx_word' id='word_1_216' title='bbox 508 1781 756 1851; x_wconf 73' lang='lat' dir='ltr'><strong>prteclari</strong></span> <span class='ocrx_word' id='word_1_217' title='bbox 798 1782 1076 1853; x_wconf 88' lang='lat' dir='ltr'><strong>dulcisque</strong></span> <span class='ocrx_word' id='word_1_218' title='bbox 1130 1782 1385 1840; x_wconf 85' lang='lat' dir='ltr'><strong>facinoris</strong></span> <span class='ocrx_word' id='word_1_219' title='bbox 1447 1799 1631 1840; x_wconf 90' lang='lat' dir='ltr'><strong>casum</strong></span> <span class='ocrx_word' id='word_1_220' title='bbox 1713 1786 1877 1839; x_wconf 80' lang='lat' dir='ltr'><strong>dedit.</strong></span> <span class='ocrx_word' id='word_1_221' title='bbox 1914 1752 1955 1811; x_wconf 73' lang='grc' dir='ltr'><strong><em>Β</em></strong></span> <span class='ocrx_word' id='word_1_222' title='bbox 1985 1791 2235 1838; x_wconf 81' lang='lat' dir='ltr'><strong>tremore</strong></span> <span class='ocrx_word' id='word_1_223' title='bbox 2273 1781 2575 1837; x_wconf 82' lang='lat' dir='ltr'><strong>affectum:</strong></span> <span class='ocrx_word' id='word_1_224' title='bbox 2621 1782 2984 1837; x_wconf 83' lang='lat' dir='ltr'><strong>visum‘enim</strong></span> <span class='ocrx_word' id='word_1_225' title='bbox 3029 1781 3205 1837; x_wconf 87' lang='lat' dir='ltr'><strong>fuerat</strong></span> <span class='ocrx_word' id='word_1_226' title='bbox 3248 1783 3375 1849; x_wconf 91' lang='lat' dir='ltr'><strong>sibi,</strong></span> <span class='ocrx_word' id='word_1_227' title='bbox 3423 1782 3567 1853; x_wconf 87' lang='lat' dir='ltr'><strong>quod</strong></span> 
     </span>
    </p>
   </div>
   <div class='ocr_carea' id='block_1_34' title="bbox 302 1871 1880 1929">
    <p class='ocr_par' dir='ltr' id='par_1_34' title="bbox 302 1871 1880 1929">
     <span class='ocr_line' id='line_1_34' title="bbox 302 1871 1880 1929; baseline 0.002 -3"><span class='ocrx_word' id='word_1_228' title='bbox 302 1871 545 1927; x_wconf 81' lang='lat' dir='ltr'><strong>Postulat</strong></span> <span class='ocrx_word' id='word_1_229' title='bbox 596 1874 893 1929; x_wconf 85' lang='lat' dir='ltr'><strong>monachus</strong></span> <span class='ocrx_word' id='word_1_230' title='bbox 935 1889 1144 1928; x_wconf 90' lang='lat' dir='ltr'><strong>casum.</strong></span> <span class='ocrx_word' id='word_1_231' title='bbox 1194 1873 1307 1927; x_wconf 82' lang='lat' dir='ltr'><strong>Hae</strong></span> <span class='ocrx_word' id='word_1_232' title='bbox 1350 1874 1559 1928; x_wconf 77' lang='lat' dir='ltr'><strong>scilicet</strong></span> <span class='ocrx_word' id='word_1_233' title='bbox 1603 1881 1758 1929; x_wconf 89' lang='lat' dir='ltr'><strong>nocte</strong></span> <span class='ocrx_word' id='word_1_234' title='bbox 1813 1874 1880 1929; x_wconf 89' lang='lat' dir='ltr'><strong>ad</strong></span> 
     </span>
    </p>
   </div>
   <div class='ocr_carea' id='block_1_35' title="bbox 300 1964 1883 2035">
    <p class='ocr_par' dir='ltr' id='par_1_35' title="bbox 300 1964 1883 2035">
     <span class='ocr_line' id='line_1_35' title="bbox 300 1964 1883 2035; baseline 0.001 -16"><span class='ocrx_word' id='word_1_235' title='bbox 300 1965 535 2035; x_wconf 85' lang='lat' dir='ltr'><strong>puellam</strong></span> <span class='ocrx_word' id='word_1_236' title='bbox 589 1964 733 2020; x_wconf 89' lang='lat' dir='ltr'><strong>hanc</strong></span> <span class='ocrx_word' id='word_1_237' title='bbox 762 1966 1111 2034; x_wconf 79' lang='lat' dir='ltr'><strong>ingrediaris,</strong></span> <span class='ocrx_word' id='word_1_238' title='bbox 1137 1974 1193 2020; x_wconf 88' lang='lat' dir='ltr'><strong>et</strong></span> <span class='ocrx_word' id='word_1_239' title='bbox 1228 1966 1356 2020; x_wconf 90' lang='lat' dir='ltr'><strong>mihi</strong></span> <span class='ocrx_word' id='word_1_240' title='bbox 1401 1967 1590 2021; x_wconf 88' lang='lat' dir='ltr'><strong>credas</strong></span> <span class='ocrx_word' id='word_1_241' title='bbox 1621 1965 1764 2031; x_wconf 84' lang='lat' dir='ltr'><strong>volo,</strong></span> <span class='ocrx_word' id='word_1_242' title='bbox 1798 1981 1883 2021; x_wconf 86' lang='lat' dir='ltr'><strong>me</strong></span> 
     </span>
    </p>
   </div>
   <div class='ocr_carea' id='block_1_36' title="bbox 300 2054 1883 2124">
    <p class='ocr_par' dir='ltr' id='par_1_36' title="bbox 300 2054 1883 2124">
     <span class='ocr_line' id='line_1_36' title="bbox 300 2054 1883 2124; baseline 0.003 -16"><span class='ocrx_word' id='word_1_243' title='bbox 300 2055 514 2109; x_wconf 81' lang='lat' dir='ltr'><strong>volente</strong></span> <span class='ocrx_word' id='word_1_244' title='bbox 544 2054 674 2108; x_wconf 90' lang='lat' dir='ltr'><strong>nihil</strong></span> <span class='ocrx_word' id='word_1_245' title='bbox 702 2055 924 2124; x_wconf 88' lang='lat' dir='ltr'><strong>periculi</strong></span> <span class='ocrx_word' id='word_1_246' title='bbox 960 2055 1261 2111; x_wconf 88' lang='lat' dir='ltr'><strong>imminere.</strong></span> <span class='ocrx_word' id='word_1_247' title='bbox 1295 2055 1429 2111; x_wconf 89' lang='lat' dir='ltr'><strong>Cum</strong></span> <span class='ocrx_word' id='word_1_248' title='bbox 1458 2057 1757 2111; x_wconf 89' lang='lat' dir='ltr'><strong>monachus</strong></span> <span class='ocrx_word' id='word_1_249' title='bbox 1794 2056 1883 2113; x_wconf 89' lang='lat' dir='ltr'><strong>ille</strong></span> 
     </span>
    </p>
   </div>
   <div class='ocr_carea' id='block_1_37' title="bbox 296 2146 1882 2215">
    <p class='ocr_par' dir='ltr' id='par_1_37' title="bbox 296 2146 1882 2215">
     <span class='ocr_line' id='line_1_37' title="bbox 296 2146 1882 2215; baseline 0.004 -16"><span class='ocrx_word' id='word_1_250' title='bbox 296 2146 409 2214; x_wconf 90' lang='lat' dir='ltr'><strong>jam</strong></span> <span class='ocrx_word' id='word_1_251' title='bbox 460 2147 655 2201; x_wconf 84' lang='lat' dir='ltr'><strong>diaboli</strong></span> <span class='ocrx_word' id='word_1_252' title='bbox 713 2157 830 2202; x_wconf 90' lang='lat' dir='ltr'><strong>arte</strong></span> <span class='ocrx_word' id='word_1_253' title='bbox 855 2148 1125 2215; x_wconf 84' lang='lat' dir='ltr'><strong>irretitus,</strong></span> <span class='ocrx_word' id='word_1_254' title='bbox 1175 2157 1232 2205; x_wconf 86' lang='lat' dir='ltr'><strong>et</strong></span> <span class='ocrx_word' id='word_1_255' title='bbox 1267 2149 1466 2204; x_wconf 81' lang='lat' dir='ltr'><strong>virtute</strong></span> <span class='ocrx_word' id='word_1_256' title='bbox 1493 2150 1783 2212; x_wconf 86' lang='lat' dir='ltr'><strong>castitatis,</strong></span> <span class='ocrx_word' id='word_1_257' title='bbox 1815 2151 1882 2206; x_wconf 87' lang='lat' dir='ltr'><strong>ad</strong></span> 
     </span>
    </p>
   </div>
   <div class='ocr_carea' id='block_1_38' title="bbox 296 2234 1883 2310">
    <p class='ocr_par' dir='ltr' id='par_1_38' title="bbox 296 2234 1883 2310">
     <span class='ocr_line' id='line_1_38' title="bbox 296 2234 1883 2310; baseline 0.005 -23"><span class='ocrx_word' id='word_1_258' title='bbox 296 2234 579 2289; x_wconf 73' lang='lat' dir='ltr'><strong>iibidinem</strong></span> <span class='ocrx_word' id='word_1_259' title='bbox 623 2234 852 2301; x_wconf 86' lang='lat' dir='ltr'><strong>illectus,</strong></span> <span class='ocrx_word' id='word_1_260' title='bbox 901 2251 1113 2307; x_wconf 85' lang='lat' dir='ltr'><strong>portam</strong></span> <span class='ocrx_word' id='word_1_261' title='bbox 1167 2240 1481 2293; x_wconf 87' lang='lat' dir='ltr'><strong>monasterii</strong></span> <span class='ocrx_word' id='word_1_262' title='bbox 1523 2241 1737 2310; x_wconf 79' lang='lat' dir='ltr'><strong>singulo</strong></span> <span class='ocrx_word' id='word_1_263' title='bbox 1791 2256 1883 2295; x_wconf 79' lang='lat' dir='ltr'><strong>ve-</strong></span> 
     </span>
    </p>
   </div>
   <div class='ocr_carea' id='block_1_39' title="bbox 304 2326 1881 2395">
    <p class='ocr_par' dir='ltr' id='par_1_39' title="bbox 304 2326 1881 2395">
     <span class='ocr_line' id='line_1_39' title="bbox 304 2326 1881 2395; baseline 0.005 -16"><span class='ocrx_word' id='word_1_264' title='bbox 304 2340 463 2395; x_wconf 86' lang='lat' dir='ltr'><strong>spere</strong></span> <span class='ocrx_word' id='word_1_265' title='bbox 489 2326 662 2381; x_wconf 79' lang='lat' dir='ltr'><strong>claudi</strong></span> <span class='ocrx_word' id='word_1_266' title='bbox 702 2327 928 2391; x_wconf 81' lang='lat' dir='ltr'><strong>diceret,</strong></span> <span class='ocrx_word' id='word_1_267' title='bbox 958 2338 1013 2383; x_wconf 89' lang='lat' dir='ltr'><strong>et</strong></span> <span class='ocrx_word' id='word_1_268' title='bbox 1042 2329 1093 2381; x_wconf 90' lang='lat' dir='ltr'><strong>id</strong></span> <span class='ocrx_word' id='word_1_269' title='bbox 1127 2329 1352 2385; x_wconf 89' lang='lat' dir='ltr'><strong>minime</strong></span> <span class='ocrx_word' id='word_1_270' title='bbox 1385 2333 1690 2386; x_wconf 78' lang='lat' dir='ltr'><strong>executioni</strong></span> <span class='ocrx_word' id='word_1_271' title='bbox 1727 2349 1881 2387; x_wconf 89' lang='lat' dir='ltr'><strong>man-</strong></span> 
     </span>
    </p>
   </div>
   <div class='ocr_carea' id='block_1_40' title="bbox 302 2412 1883 2493">
    <p class='ocr_par' dir='ltr' id='par_1_40' title="bbox 302 2412 1883 2493">
     <span class='ocr_line' id='line_1_40' title="bbox 302 2412 1883 2493; baseline 0.007 -22"><span class='ocrx_word' id='word_1_272' title='bbox 302 2418 419 2471; x_wconf 87' lang='lat' dir='ltr'><strong>dari</strong></span> <span class='ocrx_word' id='word_1_273' title='bbox 446 2433 603 2486; x_wconf 87' lang='lat' dir='ltr'><strong>posse</strong></span> <span class='ocrx_word' id='word_1_274' title='bbox 626 2460 641 2483; x_wconf 90' lang='lat'><strong>,</strong></span> <span class='ocrx_word' id='word_1_275' title='bbox 669 2419 746 2474; x_wconf 87' lang='lat' dir='ltr'><strong>ait</strong></span> <span class='ocrx_word' id='word_1_276' title='bbox 790 2421 996 2476; x_wconf 61' lang='lat' dir='ltr'><strong>daemon</strong></span> <span class='ocrx_word' id='word_1_277' title='bbox 1031 2412 1175 2478; x_wconf 80' lang='lat' dir='ltr'><strong>:Fae</strong></span> <span class='ocrx_word' id='word_1_278' title='bbox 1213 2423 1529 2493; x_wconf 90' lang='lat' dir='ltr'><strong>periculum,</strong></span> <span class='ocrx_word' id='word_1_279' title='bbox 1578 2425 1646 2479; x_wconf 87' lang='lat' dir='ltr'><strong>de</strong></span> <span class='ocrx_word' id='word_1_280' title='bbox 1686 2436 1883 2482; x_wconf 65' lang='lat' dir='ltr'><strong>caetero</strong></span> 
     </span>
    </p>
   </div>
   <div class='ocr_carea' id='block_1_41' title="bbox 300 2511 1883 2589">
    <p class='ocr_par' dir='ltr' id='par_1_41' title="bbox 300 2511 1883 2589">
     <span class='ocr_line' id='line_1_41' title="bbox 300 2511 1883 2589; baseline 0.007 -26"><span class='ocrx_word' id='word_1_281' title='bbox 300 2511 437 2563; x_wconf 69' lang='lat' dir='ltr'><strong>nihil</strong></span> <span class='ocrx_word' id='word_1_282' title='bbox 467 2512 563 2566; x_wconf 91' lang='lat' dir='ltr'><strong>tibi</strong></span> <span class='ocrx_word' id='word_1_283' title='bbox 598 2514 671 2566; x_wconf 73' lang='grc' dir='ltr'><strong>εἰ</strong></span> <span class='ocrx_word' id='word_1_284' title='bbox 709 2529 853 2569; x_wconf 65' lang='grc' dir='ltr'><strong>ουτω</strong></span> <span class='ocrx_word' id='word_1_285' title='bbox 880 2532 893 2568; x_wconf 92' lang='lat'>:</span> <span class='ocrx_word' id='word_1_286' title='bbox 937 2530 1053 2570; x_wconf 87' lang='lat' dir='ltr'><strong>mea</strong></span> <span class='ocrx_word' id='word_1_287' title='bbox 1083 2517 1227 2571; x_wconf 84' lang='lat' dir='ltr'><strong>enim</strong></span> <span class='ocrx_word' id='word_1_288' title='bbox 1258 2526 1375 2572; x_wconf 85' lang='lat' dir='ltr'><strong>arte</strong></span> <span class='ocrx_word' id='word_1_289' title='bbox 1406 2526 1618 2586; x_wconf 87' lang='lat' dir='ltr'><strong>portam</strong></span> <span class='ocrx_word' id='word_1_290' title='bbox 1646 2520 1883 2589; x_wconf 85' lang='lat' dir='ltr'><strong>undique</strong></span> 
     </span>
    </p>
   </div>
   <div class='ocr_carea' id='block_1_42' title="bbox 298 2601 862 2673">
    <p class='ocr_par' dir='ltr' id='par_1_42' title="bbox 298 2601 862 2673">
     <span class='ocr_line' id='line_1_42' title="bbox 298 2601 862 2673; baseline 0.014 -19"><span class='ocrx_word' id='word_1_291' title='bbox 298 2601 545 2657; x_wconf 82' lang='lat' dir='ltr'><strong>invenies</strong></span> <span class='ocrx_word' id='word_1_292' title='bbox 574 2613 862 2673; x_wconf 86' lang='lat' dir='ltr'><strong>patentem.</strong></span> 
     </span>
    </p>
   </div>
   <div class='ocr_carea' id='block_1_43' title="bbox 378 2693 1885 2773">
    <p class='ocr_par' dir='ltr' id='par_1_43' title="bbox 378 2693 1885 2773">
     <span class='ocr_line' id='line_1_43' title="bbox 378 2693 1885 2773; baseline 0.007 -28"><span class='ocrx_word' id='word_1_293' title='bbox 378 2693 498 2747; x_wconf 67' lang='grc'>134.</span> <span class='ocrx_word' id='word_1_294' title='bbox 544 2695 637 2748; x_wconf 82' lang='lat' dir='ltr'><strong>llis</strong></span> <span class='ocrx_word' id='word_1_295' title='bbox 687 2697 864 2757; x_wconf 86' lang='lat' dir='ltr'><strong>dictis.</strong></span> <span class='ocrx_word' id='word_1_296' title='bbox 921 2700 1217 2756; x_wconf 88' lang='lat' dir='ltr'><strong>monachus</strong></span> <span class='ocrx_word' id='word_1_297' title='bbox 1244 2718 1406 2771; x_wconf 86' lang='lat' dir='ltr'><strong>quam</strong></span> <span class='ocrx_word' id='word_1_298' title='bbox 1453 2702 1734 2756; x_wconf 80' lang='lat' dir='ltr'><strong>celerrime</strong></span> <span class='ocrx_word' id='word_1_299' title='bbox 1763 2718 1885 2773; x_wconf 88' lang='lat' dir='ltr'><strong>pro-</strong></span> 
     </span>
    </p>
   </div>
   <div class='ocr_carea' id='block_1_44' title="bbox 304 2791 1880 2856">
    <p class='ocr_par' dir='ltr' id='par_1_44' title="bbox 304 2791 1880 2856">
     <span class='ocr_line' id='line_1_44' title="bbox 304 2791 1880 2856; baseline 0.008 -20"><span class='ocrx_word' id='word_1_300' title='bbox 304 2798 522 2852; x_wconf 71' lang='lat' dir='ltr'><strong>perans,</strong></span> <span class='ocrx_word' id='word_1_301' title='bbox 557 2791 940 2843; x_wconf 75' lang='lat' dir='ltr'><strong>monasterium</strong></span> <span class='ocrx_word' id='word_1_302' title='bbox 974 2807 1161 2846; x_wconf 84' lang='lat' dir='ltr'><strong>versus</strong></span> <span class='ocrx_word' id='word_1_303' title='bbox 1186 2793 1300 2856; x_wconf 90' lang='lat' dir='ltr'><strong>ire;</strong></span> <span class='ocrx_word' id='word_1_304' title='bbox 1335 2810 1541 2847; x_wconf 89' lang='lat' dir='ltr'><strong>moram</strong></span> <span class='ocrx_word' id='word_1_305' title='bbox 1572 2794 1714 2847; x_wconf 90' lang='lat' dir='ltr'><strong>enim</strong></span> <span class='ocrx_word' id='word_1_306' title='bbox 1742 2794 1880 2848; x_wconf 86' lang='lat' dir='ltr'><strong>ultra</strong></span> 
     </span>
    </p>
   </div>
   <div class='ocr_carea' id='block_1_45' title="bbox 305 2876 1883 2950">
    <p class='ocr_par' dir='ltr' id='par_1_45' title="bbox 305 2876 1883 2950">
     <span class='ocr_line' id='line_1_45' title="bbox 305 2876 1883 2950; baseline 0.004 -20"><span class='ocrx_word' id='word_1_307' title='bbox 305 2877 463 2930; x_wconf 87' lang='lat' dir='ltr'><strong>solito</strong></span> <span class='ocrx_word' id='word_1_308' title='bbox 517 2876 741 2932; x_wconf 87' lang='lat' dir='ltr'><strong>fecerat.</strong></span> <span class='ocrx_word' id='word_1_309' title='bbox 778 2879 987 2934; x_wconf 88' lang='lat' dir='ltr'><strong>Domini</strong></span> <span class='ocrx_word' id='word_1_310' title='bbox 1038 2882 1201 2950; x_wconf 78' lang='lat' dir='ltr'><strong>igitur</strong></span> <span class='ocrx_word' id='word_1_311' title='bbox 1250 2883 1413 2936; x_wconf 84' lang='lat' dir='ltr'><strong>multa</strong></span> <span class='ocrx_word' id='word_1_312' title='bbox 1443 2898 1624 2937; x_wconf 83' lang='lat' dir='ltr'><strong>secum</strong></span> <span class='ocrx_word' id='word_1_313' title='bbox 1665 2884 1883 2937; x_wconf 85' lang='lat' dir='ltr'><strong>volvens</strong></span> 
     </span>
    </p>
   </div>
   <div class='ocr_carea' id='block_1_46' title="bbox 304 2968 1880 3046">
    <p class='ocr_par' dir='ltr' id='par_1_46' title="bbox 304 2968 1880 3046">
     <span class='ocr_line' id='line_1_46' title="bbox 304 2968 1880 3046; baseline 0.006 -24"><span class='ocrx_word' id='word_1_314' title='bbox 304 2968 359 3022; x_wconf 86' lang='lat' dir='ltr'><strong>in</strong></span> <span class='ocrx_word' id='word_1_315' title='bbox 394 2970 599 3023; x_wconf 87' lang='lat' dir='ltr'><strong>incerto</strong></span> <span class='ocrx_word' id='word_1_316' title='bbox 640 2972 859 3035; x_wconf 86' lang='lat' dir='ltr'><strong>habere,</strong></span> <span class='ocrx_word' id='word_1_317' title='bbox 902 2976 1154 3041; x_wconf 88' lang='lat' dir='ltr'><strong>quidnam</strong></span> <span class='ocrx_word' id='word_1_318' title='bbox 1186 2990 1216 3031; x_wconf 84' lang='lat' dir='ltr'><strong>e</strong></span> <span class='ocrx_word' id='word_1_319' title='bbox 1238 2976 1466 3042; x_wconf 82' lang='lat' dir='ltr'><strong>duobus,</strong></span> <span class='ocrx_word' id='word_1_320' title='bbox 1506 2994 1624 3046; x_wconf 75' lang='lat' dir='ltr'><strong>qum</strong></span> <span class='ocrx_word' id='word_1_321' title='bbox 1654 2980 1880 3032; x_wconf 78' lang='lat' dir='ltr'><strong>seorsim</strong></span> 
     </span>
    </p>
   </div>
   <div class='ocr_carea' id='block_1_47' title="bbox 305 3059 1949 3146">
    <p class='ocr_par' dir='ltr' id='par_1_47' title="bbox 305 3059 1949 3146">
     <span class='ocr_line' id='line_1_47' title="bbox 305 3059 1949 3146; baseline 0.003 -34"><span class='ocrx_word' id='word_1_322' title='bbox 305 3059 360 3112; x_wconf 92' lang='lat' dir='ltr'><strong>in</strong></span> <span class='ocrx_word' id='word_1_323' title='bbox 413 3070 594 3114; x_wconf 80' lang='lat' dir='ltr'><strong>mente</strong></span> <span class='ocrx_word' id='word_1_324' title='bbox 642 3065 943 3125; x_wconf 82' lang='lat' dir='ltr'><strong>certabant,</strong></span> <span class='ocrx_word' id='word_1_325' title='bbox 1011 3065 1253 3130; x_wconf 73' lang='lat' dir='ltr'><strong>eligeret.</strong></span> <span class='ocrx_word' id='word_1_326' title='bbox 1315 3065 1448 3120; x_wconf 79' lang='lat' dir='ltr'><strong>Nam</strong></span> <span class='ocrx_word' id='word_1_327' title='bbox 1498 3068 1548 3119; x_wconf 93' lang='lat' dir='ltr'><strong>iu</strong></span> <span class='ocrx_word' id='word_1_328' title='bbox 1581 3083 1683 3119; x_wconf 90' lang='lat' dir='ltr'><strong>una</strong></span> <span class='ocrx_word' id='word_1_329' title='bbox 1731 3080 1949 3146; x_wconf 76' lang='lat' dir='ltr'><strong>parteC</strong></span> 
     </span>
    </p>
   </div>
   <div class='ocr_carea' id='block_1_48' title="bbox 288 3148 1877 3225">
    <p class='ocr_par' dir='ltr' id='par_1_48' title="bbox 288 3148 1877 3225">
     <span class='ocr_line' id='line_1_48' title="bbox 288 3148 1877 3225; baseline 0.006 -25"><span class='ocrx_word' id='word_1_330' title='bbox 288 3148 445 3201; x_wconf 74' lang='lat' dir='ltr'><strong>‘tnala</strong></span> <span class='ocrx_word' id='word_1_331' title='bbox 471 3150 718 3219; x_wconf 83' lang='lat' dir='ltr'><strong>voluptas</strong></span> <span class='ocrx_word' id='word_1_332' title='bbox 766 3153 942 3220; x_wconf 90' lang='lat' dir='ltr'><strong>puella</strong></span> <span class='ocrx_word' id='word_1_333' title='bbox 1003 3156 1162 3223; x_wconf 83' lang='lat' dir='ltr'><strong>potiri</strong></span> <span class='ocrx_word' id='word_1_334' title='bbox 1191 3157 1383 3225; x_wconf 85' lang='lat' dir='ltr'><strong>quovis</strong></span> <span class='ocrx_word' id='word_1_335' title='bbox 1413 3157 1571 3210; x_wconf 79' lang='lat' dir='ltr'><strong>modo</strong></span> <span class='ocrx_word' id='word_1_336' title='bbox 1599 3158 1877 3225; x_wconf 84' lang='lat' dir='ltr'><strong>cupiebat;</strong></span> 
     </span>
    </p>
   </div>
   <div class='ocr_carea' id='block_1_49' title="bbox 302 3239 1880 3324">
    <p class='ocr_par' dir='ltr' id='par_1_49' title="bbox 302 3239 1880 3324">
     <span class='ocr_line' id='line_1_49' title="bbox 302 3239 1880 3324; baseline 0.003 -33"><span class='ocrx_word' id='word_1_337' title='bbox 302 3249 357 3291; x_wconf 89' lang='lat' dir='ltr'><strong>at</strong></span> <span class='ocrx_word' id='word_1_338' title='bbox 398 3239 450 3292; x_wconf 89' lang='lat' dir='ltr'><strong>in</strong></span> <span class='ocrx_word' id='word_1_339' title='bbox 478 3240 644 3293; x_wconf 86' lang='lat' dir='ltr'><strong>altera</strong></span> <span class='ocrx_word' id='word_1_340' title='bbox 679 3242 842 3295; x_wconf 91' lang='lat' dir='ltr'><strong>timor</strong></span> <span class='ocrx_word' id='word_1_341' title='bbox 876 3243 988 3310; x_wconf 85' lang='lat' dir='ltr'><strong>Dei,</strong></span> <span class='ocrx_word' id='word_1_342' title='bbox 1033 3246 1113 3299; x_wconf 92' lang='lat' dir='ltr'><strong>sui</strong></span> <span class='ocrx_word' id='word_1_343' title='bbox 1137 3245 1386 3324; x_wconf 77' lang='lat' dir='ltr'><strong>dedecus.</strong></span> <span class='ocrx_word' id='word_1_344' title='bbox 1425 3247 1467 3300; x_wconf 89' lang='lat' dir='ltr'><strong>si</strong></span> <span class='ocrx_word' id='word_1_345' title='bbox 1500 3248 1551 3299; x_wconf 92' lang='lat' dir='ltr'><strong>in</strong></span> <span class='ocrx_word' id='word_1_346' title='bbox 1579 3263 1635 3301; x_wconf 87' lang='lat' dir='ltr'><strong>re</strong></span> <span class='ocrx_word' id='word_1_347' title='bbox 1658 3262 1880 3314; x_wconf 81' lang='lat' dir='ltr'><strong>capere.-</strong></span> 
     </span>
    </p>
   </div>
   <div class='ocr_carea' id='block_1_50' title="bbox 301 3326 1883 3411">
    <p class='ocr_par' dir='ltr' id='par_1_50' title="bbox 301 3326 1883 3411">
     <span class='ocr_line' id='line_1_50' title="bbox 301 3326 1883 3411; baseline 0.006 -26"><span class='ocrx_word' id='word_1_348' title='bbox 301 3341 412 3397; x_wconf 90' lang='lat' dir='ltr'><strong>tur,</strong></span> <span class='ocrx_word' id='word_1_349' title='bbox 441 3326 677 3389; x_wconf 80' lang='lat' dir='ltr'><strong>carceris</strong></span> <span class='ocrx_word' id='word_1_350' title='bbox 718 3339 1006 3407; x_wconf 85' lang='lat' dir='ltr'><strong>asperitas,</strong></span> <span class='ocrx_word' id='word_1_351' title='bbox 1060 3355 1127 3393; x_wconf 89' lang='lat' dir='ltr'><strong>ne</strong></span> <span class='ocrx_word' id='word_1_352' title='bbox 1159 3349 1266 3395; x_wconf 91' lang='lat' dir='ltr'><strong>tam</strong></span> <span class='ocrx_word' id='word_1_353' title='bbox 1302 3341 1595 3410; x_wconf 87' lang='lat' dir='ltr'><strong>pessimum</strong></span> <span class='ocrx_word' id='word_1_354' title='bbox 1627 3342 1883 3411; x_wconf 76' lang='lat' dir='ltr'><strong>aggrede-</strong></span> 
     </span>
    </p>
   </div>
   <div class='ocr_carea' id='block_1_51' title="bbox 302 3416 1882 3505">
    <p class='ocr_par' dir='ltr' id='par_1_51' title="bbox 302 3416 1882 3505">
     <span class='ocr_line' id='line_1_51' title="bbox 302 3416 1882 3505; baseline 0.003 -26"><span class='ocrx_word' id='word_1_355' title='bbox 302 3416 456 3479; x_wconf 85' lang='lat' dir='ltr'><strong>retur</strong></span> <span class='ocrx_word' id='word_1_356' title='bbox 501 3426 731 3505; x_wconf 84' lang='lat' dir='ltr'><strong>facinus,</strong></span> <span class='ocrx_word' id='word_1_357' title='bbox 780 3430 1124 3484; x_wconf 89' lang='lat' dir='ltr'><strong>deterrebaut</strong></span> <span class='ocrx_word' id='word_1_358' title='bbox 1170 3432 1344 3485; x_wconf 89' lang='lat' dir='ltr'><strong>:vieit</strong></span> <span class='ocrx_word' id='word_1_359' title='bbox 1397 3441 1571 3485; x_wconf 87' lang='lat' dir='ltr'><strong>tamen</strong></span> <span class='ocrx_word' id='word_1_360' title='bbox 1624 3432 1687 3485; x_wconf 65' lang='lat' dir='ltr'><strong>in‘</strong></span> <span class='ocrx_word' id='word_1_361' title='bbox 1726 3431 1882 3484; x_wconf 66' lang='lat' dir='ltr'><strong>avido</strong></span> 
     </span>
    </p>
   </div>
   <div class='ocr_carea' id='block_1_52' title="bbox 292 3516 1881 3590">
    <p class='ocr_par' dir='ltr' id='par_1_52' title="bbox 292 3516 1881 3590">
     <span class='ocr_line' id='line_1_52' title="bbox 292 3516 1881 3590; baseline 0.003 -21"><span class='ocrx_word' id='word_1_362' title='bbox 292 3516 518 3583; x_wconf 79' lang='lat' dir='ltr'><strong>ingenio</strong></span> <span class='ocrx_word' id='word_1_363' title='bbox 551 3518 844 3587; x_wconf 87' lang='lat' dir='ltr'><strong>pessimum</strong></span> <span class='ocrx_word' id='word_1_364' title='bbox 868 3521 1173 3574; x_wconf 85' lang='lat' dir='ltr'><strong>consilium.</strong></span> <span class='ocrx_word' id='word_1_365' title='bbox 1202 3521 1276 3574; x_wconf 81' lang='lat' dir='ltr'><strong>Eo</strong></span> <span class='ocrx_word' id='word_1_366' title='bbox 1304 3521 1463 3590; x_wconf 75' lang='lat' dir='ltr'><strong>hujus</strong></span> <span class='ocrx_word' id='word_1_367' title='bbox 1495 3521 1543 3576; x_wconf 92' lang='lat' dir='ltr'><strong>ei</strong></span> <span class='ocrx_word' id='word_1_368' title='bbox 1567 3520 1881 3590; x_wconf 85' lang='lat' dir='ltr'><strong>participem</strong></span> 
     </span>
    </p>
   </div>
   <div class='ocr_carea' id='block_1_53' title="bbox 288 3606 1883 3683">
    <p class='ocr_par' dir='ltr' id='par_1_53' title="bbox 288 3606 1883 3683">
     <span class='ocr_line' id='line_1_53' title="bbox 288 3606 1883 3683; baseline 0.005 -24"><span class='ocrx_word' id='word_1_369' title='bbox 288 3606 508 3662; x_wconf 74' lang='lat' dir='ltr'><strong>faciens</strong></span> <span class='ocrx_word' id='word_1_370' title='bbox 535 3612 825 3672; x_wconf 86' lang='lat' dir='ltr'><strong>neminem.</strong></span> <span class='ocrx_word' id='word_1_371' title='bbox 854 3614 1044 3666; x_wconf 85' lang='lat' dir='ltr'><strong>statuit</strong></span> <span class='ocrx_word' id='word_1_372' title='bbox 1069 3613 1299 3683; x_wconf 52' lang='grc' dir='ltr'><strong>Μαιηοᾶ</strong></span> <span class='ocrx_word' id='word_1_373' title='bbox 1324 3614 1475 3668; x_wconf 86' lang='lat' dir='ltr'><strong>nefas</strong></span> <span class='ocrx_word' id='word_1_374' title='bbox 1503 3622 1641 3677; x_wconf 87' lang='lat' dir='ltr'><strong>erat,</strong></span> <span class='ocrx_word' id='word_1_375' title='bbox 1666 3628 1883 3682; x_wconf 89' lang='lat' dir='ltr'><strong>quoquo</strong></span> 
     </span>
    </p>
   </div>
   <div class='ocr_carea' id='block_1_54' title="bbox 300 3698 1881 3773">
    <p class='ocr_par' dir='ltr' id='par_1_54' title="bbox 300 3698 1881 3773">
     <span class='ocr_line' id='line_1_54' title="bbox 300 3698 1881 3773; baseline 0.006 -25"><span class='ocrx_word' id='word_1_376' title='bbox 300 3698 463 3773; x_wconf 77' lang='lat' dir='ltr'><strong>modo</strong></span> <span class='ocrx_word' id='word_1_377' title='bbox 517 3710 850 3768; x_wconf 87' lang='lat' dir='ltr'><strong>perpetrare.</strong></span> <span class='ocrx_word' id='word_1_378' title='bbox 915 3702 1054 3757; x_wconf 88' lang='lat' dir='ltr'><strong>Casu</strong></span> <span class='ocrx_word' id='word_1_379' title='bbox 1110 3719 1175 3758; x_wconf 90' lang='lat' dir='ltr'><strong>eo</strong></span> <span class='ocrx_word' id='word_1_380' title='bbox 1230 3704 1318 3758; x_wconf 87' lang='lat' dir='ltr'><strong>die</strong></span> <span class='ocrx_word' id='word_1_381' title='bbox 1356 3706 1602 3773; x_wconf 80' lang='lat' dir='ltr'><strong>coquinae</strong></span> <span class='ocrx_word' id='word_1_382' title='bbox 1649 3698 1881 3758; x_wconf 86' lang='lat' dir='ltr'><strong>ollicium</strong></span> 
     </span>
    </p>
   </div>
   <div class='ocr_carea' id='block_1_55' title="bbox 301 3791 1877 3862">
    <p class='ocr_par' dir='ltr' id='par_1_55' title="bbox 301 3791 1877 3862">
     <span class='ocr_line' id='line_1_55' title="bbox 301 3791 1877 3862; baseline 0.004 -17"><span class='ocrx_word' id='word_1_383' title='bbox 301 3791 569 3846; x_wconf 84' lang='lat' dir='ltr'><strong>familiare</strong></span> <span class='ocrx_word' id='word_1_384' title='bbox 608 3809 822 3858; x_wconf 88' lang='lat' dir='ltr'><strong>munus,</strong></span> <span class='ocrx_word' id='word_1_385' title='bbox 876 3796 1017 3862; x_wconf 81' lang='lat' dir='ltr'><strong>quod</strong></span> <span class='ocrx_word' id='word_1_386' title='bbox 1056 3797 1108 3850; x_wconf 91' lang='lat' dir='ltr'><strong>in</strong></span> <span class='ocrx_word' id='word_1_387' title='bbox 1151 3796 1413 3857; x_wconf 72' lang='lat' dir='ltr'><strong>religione</strong></span> <span class='ocrx_word' id='word_1_388' title='bbox 1442 3812 1728 3851; x_wconf 85' lang='lat' dir='ltr'><strong>commune</strong></span> <span class='ocrx_word' id='word_1_389' title='bbox 1777 3812 1877 3851; x_wconf 80' lang='lat' dir='ltr'><strong>ne.-</strong></span> 
     </span>
    </p>
   </div>
   <div class='ocr_carea' id='block_1_56' title="bbox 301 3882 1880 3956">
    <p class='ocr_par' dir='ltr' id='par_1_56' title="bbox 301 3882 1880 3956">
     <span class='ocr_line' id='line_1_56' title="bbox 301 3882 1880 3956; baseline 0.003 -18"><span class='ocrx_word' id='word_1_390' title='bbox 301 3882 505 3951; x_wconf 77' lang='lat' dir='ltr'><strong>gotium</strong></span> <span class='ocrx_word' id='word_1_391' title='bbox 536 3885 803 3941; x_wconf 90' lang='lat' dir='ltr'><strong>omnibus.</strong></span> <span class='ocrx_word' id='word_1_392' title='bbox 839 3894 898 3939; x_wconf 91' lang='lat' dir='ltr'><strong>ut</strong></span> <span class='ocrx_word' id='word_1_393' title='bbox 928 3887 1107 3956; x_wconf 80' lang='lat' dir='ltr'><strong>regula</strong></span> <span class='ocrx_word' id='word_1_394' title='bbox 1140 3888 1374 3951; x_wconf 85' lang='lat' dir='ltr'><strong>dictitat,</strong></span> <span class='ocrx_word' id='word_1_395' title='bbox 1427 3888 1588 3942; x_wconf 90' lang='lat' dir='ltr'><strong>etiam</strong></span> <span class='ocrx_word' id='word_1_396' title='bbox 1625 3890 1880 3944; x_wconf 84' lang='lat' dir='ltr'><strong>sacerdo-</strong></span> 
     </span>
    </p>
   </div>
   <div class='ocr_carea' id='block_1_57' title="bbox 303 3972 1875 4048">
    <p class='ocr_par' dir='ltr' id='par_1_57' title="bbox 303 3972 1875 4048">
     <span class='ocr_line' id='line_1_57' title="bbox 303 3972 1875 4048; baseline 0.004 -22"><span class='ocrx_word' id='word_1_397' title='bbox 303 3973 465 4028; x_wconf 86' lang='lat' dir='ltr'><strong>tibus.</strong></span> <span class='ocrx_word' id='word_1_398' title='bbox 497 3972 583 4026; x_wconf 88' lang='lat' dir='ltr'><strong>his</strong></span> <span class='ocrx_word' id='word_1_399' title='bbox 606 3982 813 4028; x_wconf 88' lang='lat' dir='ltr'><strong>tantum</strong></span> <span class='ocrx_word' id='word_1_400' title='bbox 849 3975 939 4043; x_wconf 92' lang='lat' dir='ltr'><strong>qui</strong></span> <span class='ocrx_word' id='word_1_401' title='bbox 986 3975 1186 4042; x_wconf 87' lang='lat' dir='ltr'><strong>majora</strong></span> <span class='ocrx_word' id='word_1_402' title='bbox 1217 3987 1411 4031; x_wconf 89' lang='lat' dir='ltr'><strong>curant</strong></span> <span class='ocrx_word' id='word_1_403' title='bbox 1434 3978 1648 4038; x_wconf 81' lang='lat' dir='ltr'><strong>amotis.</strong></span> <span class='ocrx_word' id='word_1_404' title='bbox 1688 3980 1754 4033; x_wconf 88' lang='lat' dir='ltr'><strong>ad</strong></span> <span class='ocrx_word' id='word_1_405' title='bbox 1798 3980 1875 4048; x_wconf 81' lang='lat' dir='ltr'><strong>ip-</strong></span> 
     </span>
    </p>
   </div>
   <div class='ocr_carea' id='block_1_58' title="bbox 300 4065 1469 4137">
    <p class='ocr_par' dir='ltr' id='par_1_58' title="bbox 300 4065 1469 4137">
     <span class='ocr_line' id='line_1_58' title="bbox 300 4065 1469 4137; baseline 0.006 -19"><span class='ocrx_word' id='word_1_406' title='bbox 300 4080 423 4119; x_wconf 86' lang='lat' dir='ltr'><strong>sum</strong></span> <span class='ocrx_word' id='word_1_407' title='bbox 463 4065 653 4119; x_wconf 83' lang='lat' dir='ltr'><strong>ordine</strong></span> <span class='ocrx_word' id='word_1_408' title='bbox 678 4067 1143 4124; x_wconf 83' lang='lat' dir='ltr'><strong>vicissitudinario</strong></span> <span class='ocrx_word' id='word_1_409' title='bbox 1175 4070 1469 4137; x_wconf 85' lang='lat' dir='ltr'><strong>pertinere.</strong></span> 
     </span>
    </p>
   </div>
   <div class='ocr_carea' id='block_1_59' title="bbox 372 4152 1878 4227">
    <p class='ocr_par' dir='ltr' id='par_1_59' title="bbox 372 4152 1878 4227">
     <span class='ocr_line' id='line_1_59' title="bbox 372 4152 1878 4227; baseline 0.007 -20"><span class='ocrx_word' id='word_1_410' title='bbox 372 4152 494 4207; x_wconf 70' lang='lat'><strong>{35.</strong></span> <span class='ocrx_word' id='word_1_411' title='bbox 510 4153 771 4220; x_wconf 80' lang='lat' dir='ltr'><strong>Quocirca</strong></span> <span class='ocrx_word' id='word_1_412' title='bbox 789 4158 989 4224; x_wconf 90' lang='lat' dir='ltr'><strong>optima</strong></span> <span class='ocrx_word' id='word_1_413' title='bbox 1013 4159 1096 4211; x_wconf 89' lang='lat' dir='ltr'><strong>via</strong></span> <span class='ocrx_word' id='word_1_414' title='bbox 1116 4160 1184 4213; x_wconf 87' lang='lat' dir='ltr'><strong>ad</strong></span> <span class='ocrx_word' id='word_1_415' title='bbox 1198 4162 1615 4227; x_wconf 83' lang='lat' dir='ltr'><strong>perpetrandum</strong></span> <span class='ocrx_word' id='word_1_416' title='bbox 1636 4162 1878 4225; x_wconf 84' lang='lat' dir='ltr'><strong>inventa,</strong></span> 
     </span>
    </p>
   </div>
   <div class='ocr_carea' id='block_1_60' title="bbox 260 4246 1884 4326">
    <p class='ocr_par' dir='ltr' id='par_1_60' title="bbox 260 4246 1884 4326">
     <span class='ocr_line' id='line_1_60' title="bbox 260 4246 1884 4326; baseline 0.005 -25"><span class='ocrx_word' id='word_1_417' title='bbox 260 4259 269 4269; x_wconf 86' lang='lat'><strong>‘</strong></span> <span class='ocrx_word' id='word_1_418' title='bbox 298 4246 601 4316; x_wconf 86' lang='lat' dir='ltr'><strong>Gasparum</strong></span> <span class='ocrx_word' id='word_1_419' title='bbox 632 4252 979 4317; x_wconf 87' lang='lat' dir='ltr'><strong>monachum,</strong></span> <span class='ocrx_word' id='word_1_420' title='bbox 1010 4253 1185 4306; x_wconf 85' lang='lat' dir='ltr'><strong>virum</strong></span> <span class='ocrx_word' id='word_1_421' title='bbox 1214 4255 1545 4321; x_wconf 78' lang='lat' dir='ltr'><strong>religiosum,</strong></span> <span class='ocrx_word' id='word_1_422' title='bbox 1572 4256 1665 4326; x_wconf 85' lang='lat' dir='ltr'><strong>qui</strong></span> <span class='ocrx_word' id='word_1_423' title='bbox 1700 4272 1884 4310; x_wconf 88' lang='lat' dir='ltr'><strong>mona-</strong></span> 
     </span>
    </p>
   </div>
   <div class='ocr_carea' id='block_1_61' title="bbox 299 4338 1879 4418">
    <p class='ocr_par' dir='ltr' id='par_1_61' title="bbox 299 4338 1879 4418">
     <span class='ocr_line' id='line_1_61' title="bbox 299 4338 1879 4418; baseline 0.007 -28"><span class='ocrx_word' id='word_1_424' title='bbox 299 4338 523 4392; x_wconf 84' lang='lat' dir='ltr'><strong>chorum</strong></span> <span class='ocrx_word' id='word_1_425' title='bbox 554 4347 682 4395; x_wconf 91' lang='lat' dir='ltr'><strong>tunc</strong></span> <span class='ocrx_word' id='word_1_426' title='bbox 711 4357 894 4395; x_wconf 89' lang='lat' dir='ltr'><strong>curam</strong></span> <span class='ocrx_word' id='word_1_427' title='bbox 937 4352 990 4396; x_wconf 87' lang='lat' dir='ltr'><strong>et</strong></span> <span class='ocrx_word' id='word_1_428' title='bbox 1020 4347 1317 4412; x_wconf 62' lang='lat' dir='ltr'><strong>praesertim</strong></span> <span class='ocrx_word' id='word_1_429' title='bbox 1342 4347 1598 4416; x_wconf 85' lang='lat' dir='ltr'><strong>juvenum</strong></span> <span class='ocrx_word' id='word_1_430' title='bbox 1642 4348 1879 4418; x_wconf 80' lang='lat' dir='ltr'><strong>gerebat.</strong></span> 
     </span>
    </p>
   </div>
   <div class='ocr_carea' id='block_1_62' title="bbox 1984 1871 3570 1941">
    <p class='ocr_par' dir='ltr' id='par_1_62' title="bbox 1984 1871 3570 1941">
     <span class='ocr_line' id='line_1_62' title="bbox 1984 1871 3570 1941; baseline 0 -14"><span class='ocrx_word' id='word_1_431' title='bbox 1984 1872 2245 1928; x_wconf 82' lang='lat' dir='ltr'><strong>horresco</strong></span> <span class='ocrx_word' id='word_1_432' title='bbox 2284 1872 2546 1936; x_wconf 85' lang='lat' dir='ltr'><strong>referens,</strong></span> <span class='ocrx_word' id='word_1_433' title='bbox 2592 1871 2840 1926; x_wconf 88' lang='lat' dir='ltr'><strong>umbram</strong></span> <span class='ocrx_word' id='word_1_434' title='bbox 2880 1871 3171 1941; x_wconf 83' lang='lat' dir='ltr'><strong>quamdam</strong></span> <span class='ocrx_word' id='word_1_435' title='bbox 3215 1880 3389 1927; x_wconf 89' lang='lat' dir='ltr'><strong>atram</strong></span> <span class='ocrx_word' id='word_1_436' title='bbox 3440 1872 3570 1927; x_wconf 86' lang='lat' dir='ltr'><strong>bor-</strong></span> 
     </span>
    </p>
   </div>
   <div class='ocr_carea' id='block_1_63' title="bbox 1985 1962 3564 2033">
    <p class='ocr_par' dir='ltr' id='par_1_63' title="bbox 1985 1962 3564 2033">
     <span class='ocr_line' id='line_1_63' title="bbox 1985 1962 3564 2033; baseline 0.001 -16"><span class='ocrx_word' id='word_1_437' title='bbox 1985 1964 2339 2033; x_wconf 86' lang='lat' dir='ltr'><strong>rendamque,</strong></span> <span class='ocrx_word' id='word_1_438' title='bbox 2385 1962 2577 2017; x_wconf 90' lang='lat' dir='ltr'><strong>oculos</strong></span> <span class='ocrx_word' id='word_1_439' title='bbox 2625 1963 2823 2033; x_wconf 81' lang='lat' dir='ltr'><strong>ignitus</strong></span> <span class='ocrx_word' id='word_1_440' title='bbox 2854 1978 2965 2033; x_wconf 66' lang='lat' dir='ltr'><strong>pra:</strong></span> <span class='ocrx_word' id='word_1_441' title='bbox 3010 1978 3069 2019; x_wconf 89' lang='lat' dir='ltr'><strong>se</strong></span> <span class='ocrx_word' id='word_1_442' title='bbox 3120 1962 3409 2027; x_wconf 88' lang='lat' dir='ltr'><strong>ferentem,</strong></span> <span class='ocrx_word' id='word_1_443' title='bbox 3451 1963 3564 2019; x_wconf 88' lang='lat' dir='ltr'><strong>sul-</strong></span> 
     </span>
    </p>
   </div>
   <div class='ocr_carea' id='block_1_64' title="bbox 1981 2053 3568 2126">
    <p class='ocr_par' dir='ltr' id='par_1_64' title="bbox 1981 2053 3568 2126">
     <span class='ocr_line' id='line_1_64' title="bbox 1981 2053 3568 2126; baseline 0.001 -17"><span class='ocrx_word' id='word_1_444' title='bbox 1981 2057 2248 2126; x_wconf 89' lang='lat' dir='ltr'><strong>phureum</strong></span> <span class='ocrx_word' id='word_1_445' title='bbox 2318 2054 2743 2125; x_wconf 77' lang='lat' dir='ltr'><strong>pestiferumque</strong></span> <span class='ocrx_word' id='word_1_446' title='bbox 2818 2053 3021 2109; x_wconf 85' lang='lat' dir='ltr'><strong>fumum</strong></span> <span class='ocrx_word' id='word_1_447' title='bbox 3092 2056 3315 2110; x_wconf 88' lang='lat' dir='ltr'><strong>naribus</strong></span> <span class='ocrx_word' id='word_1_448' title='bbox 3371 2055 3568 2111; x_wconf 88' lang='lat' dir='ltr'><strong>hiulcis</strong></span> 
     </span>
    </p>
   </div>
   <div class='ocr_carea' id='block_1_65' title="bbox 1981 2146 3566 2217">
    <p class='ocr_par' dir='ltr' id='par_1_65' title="bbox 1981 2146 3566 2217">
     <span class='ocr_line' id='line_1_65' title="bbox 1981 2146 3566 2217; baseline -0.001 -15"><span class='ocrx_word' id='word_1_449' title='bbox 1981 2148 2255 2210; x_wconf 87' lang='lat' dir='ltr'><strong>edentem,</strong></span> <span class='ocrx_word' id='word_1_450' title='bbox 2304 2148 2481 2215; x_wconf 86' lang='lat' dir='ltr'><strong>ipsum</strong></span> <span class='ocrx_word' id='word_1_451' title='bbox 2558 2147 2766 2217; x_wconf 82' lang='lat' dir='ltr'><strong>insequi</strong></span> <span class='ocrx_word' id='word_1_452' title='bbox 2799 2161 2814 2200; x_wconf 90' lang='lat'><strong>:</strong></span> <span class='ocrx_word' id='word_1_453' title='bbox 2846 2162 2955 2216; x_wconf 91' lang='lat' dir='ltr'><strong>quo</strong></span> <span class='ocrx_word' id='word_1_454' title='bbox 3020 2155 3183 2202; x_wconf 88' lang='lat' dir='ltr'><strong>totam</strong></span> <span class='ocrx_word' id='word_1_455' title='bbox 3229 2158 3441 2203; x_wconf 88' lang='lat' dir='ltr'><strong>noctem</strong></span> <span class='ocrx_word' id='word_1_456' title='bbox 3498 2146 3566 2201; x_wconf 90' lang='lat' dir='ltr'><strong>ad</strong></span> 
     </span>
    </p>
   </div>
   <div class='ocr_carea' id='block_1_66' title="bbox 1982 2238 3561 2305">
    <p class='ocr_par' dir='ltr' id='par_1_66' title="bbox 1982 2238 3561 2305">
     <span class='ocr_line' id='line_1_66' title="bbox 1982 2238 3561 2305; baseline 0.001 -12"><span class='ocrx_word' id='word_1_457' title='bbox 1982 2240 2279 2293; x_wconf 86' lang='lat' dir='ltr'><strong>matutinas</strong></span> <span class='ocrx_word' id='word_1_458' title='bbox 2313 2239 2475 2292; x_wconf 88' lang='lat' dir='ltr'><strong>horas</strong></span> <span class='ocrx_word' id='word_1_459' title='bbox 2523 2254 2691 2305; x_wconf 86' lang='lat' dir='ltr'><strong>usque</strong></span> <span class='ocrx_word' id='word_1_460' title='bbox 2723 2238 3127 2293; x_wconf 84' lang='lat' dir='ltr'><strong>formidolosum</strong></span> <span class='ocrx_word' id='word_1_461' title='bbox 3158 2248 3212 2293; x_wconf 90' lang='lat' dir='ltr'><strong>et</strong></span> <span class='ocrx_word' id='word_1_462' title='bbox 3239 2248 3561 2294; x_wconf 87' lang='lat' dir='ltr'><strong>trementem</strong></span> 
     </span>
    </p>
   </div>
   <div class='ocr_carea' id='block_1_67' title="bbox 1983 2330 3567 2399">
    <p class='ocr_par' dir='ltr' id='par_1_67' title="bbox 1983 2330 3567 2399">
     <span class='ocr_line' id='line_1_67' title="bbox 1983 2330 3567 2399; baseline 0.001 -13"><span class='ocrx_word' id='word_1_463' title='bbox 1983 2347 2042 2386; x_wconf 89' lang='lat' dir='ltr'><strong>se</strong></span> <span class='ocrx_word' id='word_1_464' title='bbox 2068 2331 2231 2386; x_wconf 89' lang='lat' dir='ltr'><strong>etiam</strong></span> <span class='ocrx_word' id='word_1_465' title='bbox 2289 2339 2664 2399; x_wconf 87' lang='lat' dir='ltr'><strong>pernoctasse;</strong></span> <span class='ocrx_word' id='word_1_466' title='bbox 2700 2332 2799 2384; x_wconf 88' lang='lat' dir='ltr'><strong>hoc</strong></span> <span class='ocrx_word' id='word_1_467' title='bbox 2840 2330 2893 2383; x_wconf 90' lang='lat' dir='ltr'><strong>iu</strong></span> <span class='ocrx_word' id='word_1_468' title='bbox 2937 2331 3117 2383; x_wconf 90' lang='lat' dir='ltr'><strong>animo</strong></span> <span class='ocrx_word' id='word_1_469' title='bbox 3158 2331 3321 2385; x_wconf 87' lang='lat' dir='ltr'><strong>etiam</strong></span> <span class='ocrx_word' id='word_1_470' title='bbox 3369 2332 3567 2399; x_wconf 75' lang='lat' dir='ltr'><strong>smpius</strong></span> 
     </span>
    </p>
   </div>
   <div class='ocr_carea' id='block_1_68' title="bbox 1982 2419 3569 2482">
    <p class='ocr_par' dir='ltr' id='par_1_68' title="bbox 1982 2419 3569 2482">
     <span class='ocr_line' id='line_1_68' title="bbox 1982 2419 3569 2482; baseline -0.001 -8"><span class='ocrx_word' id='word_1_471' title='bbox 1982 2421 2233 2482; x_wconf 84' lang='lat' dir='ltr'><strong>volvisse,</strong></span> <span class='ocrx_word' id='word_1_472' title='bbox 2263 2435 2323 2474; x_wconf 87' lang='lat' dir='ltr'><strong>se</strong></span> <span class='ocrx_word' id='word_1_473' title='bbox 2349 2419 2725 2473; x_wconf 87' lang='lat' dir='ltr'><strong>dormitorium</strong></span> <span class='ocrx_word' id='word_1_474' title='bbox 2766 2429 2942 2482; x_wconf 75' lang='lat' dir='ltr'><strong>extra,</strong></span> <span class='ocrx_word' id='word_1_475' title='bbox 2973 2419 3096 2472; x_wconf 91' lang='lat' dir='ltr'><strong>dum</strong></span> <span class='ocrx_word' id='word_1_476' title='bbox 3135 2420 3316 2474; x_wconf 68' lang='lat' dir='ltr'><strong>creteri</strong></span> <span class='ocrx_word' id='word_1_477' title='bbox 3346 2421 3569 2473; x_wconf 86' lang='lat' dir='ltr'><strong>decum-</strong></span> 
     </span>
    </p>
   </div>
   <div class='ocr_carea' id='block_1_69' title="bbox 1983 2509 3568 2579">
    <p class='ocr_par' dir='ltr' id='par_1_69' title="bbox 1983 2509 3568 2579">
     <span class='ocr_line' id='line_1_69' title="bbox 1983 2509 3568 2579; baseline -0.001 -14"><span class='ocrx_word' id='word_1_478' title='bbox 1983 2512 2137 2574; x_wconf 91' lang='lat' dir='ltr'><strong>hunt,</strong></span> <span class='ocrx_word' id='word_1_479' title='bbox 2195 2510 2311 2565; x_wconf 89' lang='lat' dir='ltr'><strong>fore</strong></span> <span class='ocrx_word' id='word_1_480' title='bbox 2370 2526 2664 2579; x_wconf 90' lang='lat' dir='ltr'><strong>nunquam.</strong></span> <span class='ocrx_word' id='word_1_481' title='bbox 2722 2509 2989 2563; x_wconf 67' lang='lat' dir='ltr'><strong>Cietcrum</strong></span> <span class='ocrx_word' id='word_1_482' title='bbox 3055 2510 3287 2564; x_wconf 88' lang='lat' dir='ltr'><strong>domnus</strong></span> <span class='ocrx_word' id='word_1_483' title='bbox 3356 2510 3568 2579; x_wconf 78' lang='lat' dir='ltr'><strong>Gaspar</strong></span> 
     </span>
    </p>
   </div>
   <div class='ocr_carea' id='block_1_70' title="bbox 1977 2603 3565 2674">
    <p class='ocr_par' dir='ltr' id='par_1_70' title="bbox 1977 2603 3565 2674">
     <span class='ocr_line' id='line_1_70' title="bbox 1977 2603 3565 2674; baseline 0 -15"><span class='ocrx_word' id='word_1_484' title='bbox 1977 2605 2156 2668; x_wconf 79' lang='lat' dir='ltr'><strong>Prior,</strong></span> <span class='ocrx_word' id='word_1_485' title='bbox 2176 2607 2241 2659; x_wconf 87' lang='lat' dir='ltr'><strong>de</strong></span> <span class='ocrx_word' id='word_1_486' title='bbox 2273 2620 2378 2674; x_wconf 87' lang='lat' dir='ltr'><strong>quo</strong></span> <span class='ocrx_word' id='word_1_487' title='bbox 2404 2621 2563 2673; x_wconf 90' lang='lat' dir='ltr'><strong>supra</strong></span> <span class='ocrx_word' id='word_1_488' title='bbox 2592 2605 2812 2658; x_wconf 80' lang='lat' dir='ltr'><strong>verbum</strong></span> <span class='ocrx_word' id='word_1_489' title='bbox 2845 2603 3298 2668; x_wconf 82' lang='lat' dir='ltr'><strong>fecimus,ostium</strong></span> <span class='ocrx_word' id='word_1_490' title='bbox 3322 2604 3565 2659; x_wconf 89' lang='lat' dir='ltr'><strong>clausum</strong></span> 
     </span>
    </p>
   </div>
   <div class='ocr_carea' id='block_1_71' title="bbox 1984 2692 3568 2765">
    <p class='ocr_par' dir='ltr' id='par_1_71' title="bbox 1984 2692 3568 2765">
     <span class='ocr_line' id='line_1_71' title="bbox 1984 2692 3568 2765; baseline -0.001 -17"><span class='ocrx_word' id='word_1_491' title='bbox 1984 2694 2188 2748; x_wconf 87' lang='lat' dir='ltr'><strong>invenit</strong></span> <span class='ocrx_word' id='word_1_492' title='bbox 2221 2712 2234 2747; x_wconf 90' lang='lat'><strong>:</strong></span> <span class='ocrx_word' id='word_1_493' title='bbox 2265 2711 2387 2747; x_wconf 89' lang='lat' dir='ltr'><strong>nam</strong></span> <span class='ocrx_word' id='word_1_494' title='bbox 2420 2695 2728 2747; x_wconf 85' lang='lat' dir='ltr'><strong>monasterii</strong></span> <span class='ocrx_word' id='word_1_495' title='bbox 2779 2692 3020 2765; x_wconf 76' lang='lat' dir='ltr'><strong>[claves]</strong></span> <span class='ocrx_word' id='word_1_496' title='bbox 3064 2709 3277 2763; x_wconf 88' lang='lat' dir='ltr'><strong>semper</strong></span> <span class='ocrx_word' id='word_1_497' title='bbox 3305 2695 3372 2748; x_wconf 88' lang='lat' dir='ltr'><strong>ad</strong></span> <span class='ocrx_word' id='word_1_498' title='bbox 3405 2695 3568 2749; x_wconf 77' lang='lat' dir='ltr'><strong>deca-</strong></span> 
     </span>
    </p>
   </div>
   <div class='ocr_carea' id='block_1_72' title="bbox 1984 2784 3569 2854">
    <p class='ocr_par' dir='ltr' id='par_1_72' title="bbox 1984 2784 3569 2854">
     <span class='ocr_line' id='line_1_72' title="bbox 1984 2784 3569 2854; baseline 0.004 -18"><span class='ocrx_word' id='word_1_499' title='bbox 1984 2799 2110 2836; x_wconf 91' lang='lat' dir='ltr'><strong>num</strong></span> <span class='ocrx_word' id='word_1_500' title='bbox 2146 2798 2240 2835; x_wconf 86' lang='lat' dir='ltr'><strong>seu</strong></span> <span class='ocrx_word' id='word_1_501' title='bbox 2272 2784 2339 2836; x_wconf 89' lang='lat' dir='ltr'><strong>ad</strong></span> <span class='ocrx_word' id='word_1_502' title='bbox 2365 2784 2603 2837; x_wconf 85' lang='lat' dir='ltr'><strong>Priorem</strong></span> <span class='ocrx_word' id='word_1_503' title='bbox 2641 2784 2973 2838; x_wconf 84' lang='lat' dir='ltr'><strong>deferuntur.</strong></span> <span class='ocrx_word' id='word_1_504' title='bbox 3008 2784 3193 2854; x_wconf 66' lang='lat' dir='ltr'><strong>Neque</strong></span> <span class='ocrx_word' id='word_1_505' title='bbox 3224 2786 3325 2839; x_wconf 91' lang='lat' dir='ltr'><strong>hoc</strong></span> <span class='ocrx_word' id='word_1_506' title='bbox 3353 2784 3569 2842; x_wconf 69' lang='lat' dir='ltr'><strong>silentio</strong></span> 
     </span>
    </p>
   </div>
   <div class='ocr_carea' id='block_1_73' title="bbox 1983 2873 3570 2941">
    <p class='ocr_par' dir='ltr' id='par_1_73' title="bbox 1983 2873 3570 2941">
     <span class='ocr_line' id='line_1_73' title="bbox 1983 2873 3570 2941; baseline 0.004 -17"><span class='ocrx_word' id='word_1_507' title='bbox 1983 2873 2415 2941; x_wconf 74' lang='lat' dir='ltr'><strong>pra-tereundum</strong></span> <span class='ocrx_word' id='word_1_508' title='bbox 2444 2882 2593 2941; x_wconf 92' lang='lat' dir='ltr'><strong>puto,</strong></span> <span class='ocrx_word' id='word_1_509' title='bbox 2623 2874 2764 2941; x_wconf 90' lang='lat' dir='ltr'><strong>quod</strong></span> <span class='ocrx_word' id='word_1_510' title='bbox 2790 2889 2911 2928; x_wconf 93' lang='lat' dir='ltr'><strong>cum</strong></span> <span class='ocrx_word' id='word_1_511' title='bbox 2938 2875 3075 2928; x_wconf 82' lang='lat' dir='ltr'><strong>forte</strong></span> <span class='ocrx_word' id='word_1_512' title='bbox 3111 2875 3248 2930; x_wconf 89' lang='lat' dir='ltr'><strong>alias</strong></span> <span class='ocrx_word' id='word_1_513' title='bbox 3274 2875 3570 2930; x_wconf 86' lang='lat' dir='ltr'><strong>monachus</strong></span> 
     </span>
    </p>
   </div>
   <div class='ocr_carea' id='block_1_74' title="bbox 1985 2962 3570 3035">
    <p class='ocr_par' dir='ltr' id='par_1_74' title="bbox 1985 2962 3570 3035">
     <span class='ocr_line' id='line_1_74' title="bbox 1985 2962 3570 3035; baseline 0.003 -21"><span class='ocrx_word' id='word_1_514' title='bbox 1985 2962 2086 3015; x_wconf 91' lang='lat' dir='ltr'><strong>iste</strong></span> <span class='ocrx_word' id='word_1_515' title='bbox 2110 2962 2378 3017; x_wconf 74' lang='lat' dir='ltr'><strong>Antonius</strong></span> <span class='ocrx_word' id='word_1_516' title='bbox 2405 2964 2526 3027; x_wconf 91' lang='lat' dir='ltr'><strong>iter,</strong></span> <span class='ocrx_word' id='word_1_517' title='bbox 2561 2963 2648 3017; x_wconf 83' lang='lat' dir='ltr'><strong>ubi</strong></span> <span class='ocrx_word' id='word_1_518' title='bbox 2680 2964 2891 3017; x_wconf 75' lang='lat' dir='ltr'><strong>dzemon</strong></span> <span class='ocrx_word' id='word_1_519' title='bbox 2936 2974 3075 3028; x_wconf 89' lang='lat' dir='ltr'><strong>erat,</strong></span> <span class='ocrx_word' id='word_1_520' title='bbox 3113 2965 3180 3019; x_wconf 88' lang='lat' dir='ltr'><strong>de</strong></span> <span class='ocrx_word' id='word_1_521' title='bbox 3210 2965 3399 3035; x_wconf 90' lang='lat' dir='ltr'><strong>majori</strong></span> <span class='ocrx_word' id='word_1_522' title='bbox 3431 2980 3570 3035; x_wconf 72' lang='lat' dir='ltr'><strong>prm-</strong></span> 
     </span>
    </p>
   </div>
   <div class='ocr_carea' id='block_1_75' title="bbox 1985 3054 3566 3117">
    <p class='ocr_par' dir='ltr' id='par_1_75' title="bbox 1985 3054 3566 3117">
     <span class='ocr_line' id='line_1_75' title="bbox 1985 3054 3566 3117; baseline 0.004 -13"><span class='ocrx_word' id='word_1_523' title='bbox 1985 3060 2140 3117; x_wconf 80' lang='lat' dir='ltr'><strong>cepto</strong></span> <span class='ocrx_word' id='word_1_524' title='bbox 2171 3054 2427 3117; x_wconf 82' lang='lat' dir='ltr'><strong>haberet;</strong></span> <span class='ocrx_word' id='word_1_525' title='bbox 2469 3069 2593 3108; x_wconf 91' lang='lat' dir='ltr'><strong>eum</strong></span> <span class='ocrx_word' id='word_1_526' title='bbox 2640 3054 2726 3108; x_wconf 90' lang='lat' dir='ltr'><strong>bis</strong></span> <span class='ocrx_word' id='word_1_527' title='bbox 2766 3055 2948 3109; x_wconf 87' lang='lat' dir='ltr'><strong>verbis</strong></span> <span class='ocrx_word' id='word_1_528' title='bbox 3008 3056 3262 3111; x_wconf 82' lang='lat' dir='ltr'><strong>irrideret</strong></span> <span class='ocrx_word' id='word_1_529' title='bbox 3313 3058 3566 3112; x_wconf 72' lang='lat' dir='ltr'><strong>dtrmou:</strong></span> 
     </span>
    </p>
   </div>
   <div class='ocr_carea' id='block_1_76' title="bbox 1987 3141 3565 3217">
    <p class='ocr_par' dir='ltr' id='par_1_76' title="bbox 1987 3141 3565 3217">
     <span class='ocr_line' id='line_1_76' title="bbox 1987 3141 3565 3217; baseline 0.005 -23"><span class='ocrx_word' id='word_1_530' title='bbox 1987 3141 2098 3194; x_wconf 80' lang='lat' dir='ltr'><strong>\ah</strong></span> <span class='ocrx_word' id='word_1_531' title='bbox 2123 3144 2133 3195; x_wconf 86' lang='lat'><strong>!</strong></span> <span class='ocrx_word' id='word_1_532' title='bbox 2161 3144 2399 3196; x_wconf 73' lang='lat' dir='ltr'><strong>nmmum</strong></span> <span class='ocrx_word' id='word_1_533' title='bbox 2435 3144 2802 3213; x_wconf 72' lang='lat' dir='ltr'><strong>ignavissima,</strong></span> <span class='ocrx_word' id='word_1_534' title='bbox 2839 3145 3140 3215; x_wconf 91' lang='lat' dir='ltr'><strong>unlliusque</strong></span> <span class='ocrx_word' id='word_1_535' title='bbox 3172 3148 3329 3217; x_wconf 90' lang='lat' dir='ltr'><strong>pretii</strong></span> <span class='ocrx_word' id='word_1_536' title='bbox 3373 3147 3565 3202; x_wconf 91' lang='lat' dir='ltr'><strong>formi-</strong></span> 
     </span>
    </p>
   </div>
   <div class='ocr_carea' id='block_1_77' title="bbox 1984 3228 3566 3305">
    <p class='ocr_par' dir='ltr' id='par_1_77' title="bbox 1984 3228 3566 3305">
     <span class='ocr_line' id='line_1_77' title="bbox 1984 3228 3566 3305; baseline 0.006 -20"><span class='ocrx_word' id='word_1_537' title='bbox 1984 3234 2190 3298; x_wconf 76' lang='lat' dir='ltr'><strong>dolose,</strong></span> <span class='ocrx_word' id='word_1_538' title='bbox 2238 3235 2327 3302; x_wconf 86' lang='lat' dir='ltr'><strong>qui</strong></span> <span class='ocrx_word' id='word_1_539' title='bbox 2367 3228 2649 3289; x_wconf 80' lang='lat' dir='ltr'><strong>mulierem</strong></span> <span class='ocrx_word' id='word_1_540' title='bbox 2699 3237 2932 3305; x_wconf 91' lang='lat' dir='ltr'><strong>puellam</strong></span> <span class='ocrx_word' id='word_1_541' title='bbox 2980 3239 3131 3293; x_wconf 88' lang='lat' dir='ltr'><strong>adire</strong></span> <span class='ocrx_word' id='word_1_542' title='bbox 3184 3256 3291 3293; x_wconf 87' lang='lat' dir='ltr'><strong>non</strong></span> <span class='ocrx_word' id='word_1_543' title='bbox 3354 3241 3566 3295; x_wconf 88' lang='lat' dir='ltr'><strong>audes:</strong></span> 
     </span>
    </p>
   </div>
   <div class='ocr_carea' id='block_1_78' title="bbox 1984 3321 3561 3399">
    <p class='ocr_par' dir='ltr' id='par_1_78' title="bbox 1984 3321 3561 3399">
     <span class='ocr_line' id='line_1_78' title="bbox 1984 3321 3561 3399; baseline 0.007 -23"><span class='ocrx_word' id='word_1_544' title='bbox 1984 3341 2219 3395; x_wconf 81' lang='lat' dir='ltr'><strong>quonam</strong></span> <span class='ocrx_word' id='word_1_545' title='bbox 2267 3335 2425 3395; x_wconf 88' lang='lat' dir='ltr'><strong>pacto</strong></span> <span class='ocrx_word' id='word_1_546' title='bbox 2481 3326 2655 3380; x_wconf 93' lang='lat' dir='ltr'><strong>virum</strong></span> <span class='ocrx_word' id='word_1_547' title='bbox 2706 3321 3081 3399; x_wconf 68' lang='lat' dir='ltr'><strong>aggredereris</strong></span> <span class='ocrx_word' id='word_1_548' title='bbox 3128 3331 3433 3385; x_wconf 87' lang='lat' dir='ltr'><strong>armatum?</strong></span> <span class='ocrx_word' id='word_1_549' title='bbox 3462 3332 3561 3387; x_wconf 76' lang='lat' dir='ltr'><strong>Abi</strong></span> 
     </span>
    </p>
   </div>
   <div class='ocr_carea' id='block_1_79' title="bbox 1984 3417 3562 3486">
    <p class='ocr_par' dir='ltr' id='par_1_79' title="bbox 1984 3417 3562 3486">
     <span class='ocr_line' id='line_1_79' title="bbox 1984 3417 3562 3486; baseline 0.004 -18"><span class='ocrx_word' id='word_1_550' title='bbox 1984 3430 2091 3485; x_wconf 91' lang='lat' dir='ltr'><strong>quo</strong></span> <span class='ocrx_word' id='word_1_551' title='bbox 2133 3417 2325 3486; x_wconf 83' lang='lat' dir='ltr'><strong>dignus</strong></span> <span class='ocrx_word' id='word_1_552' title='bbox 2363 3430 2422 3471; x_wconf 87' lang='lat' dir='ltr'><strong>es</strong></span> <span class='ocrx_word' id='word_1_553' title='bbox 2467 3432 2587 3472; x_wconf 91' lang='lat' dir='ltr'><strong>cum</strong></span> <span class='ocrx_word' id='word_1_554' title='bbox 2641 3418 2779 3472; x_wconf 86' lang='lat' dir='ltr'><strong>istac</strong></span> <span class='ocrx_word' id='word_1_555' title='bbox 2827 3426 2913 3472; x_wconf 92' lang='lat' dir='ltr'><strong>tua</strong></span> <span class='ocrx_word' id='word_1_556' title='bbox 2960 3418 3245 3473; x_wconf 88' lang='lat' dir='ltr'><strong>timiditate</strong></span> <span class='ocrx_word' id='word_1_557' title='bbox 3291 3422 3562 3485; x_wconf 67' lang='lat' dir='ltr'><strong>muliebri,</strong></span> 
     </span>
    </p>
   </div>
   <div class='ocr_carea' id='block_1_80' title="bbox 1985 3502 3566 3582">
    <p class='ocr_par' dir='ltr' id='par_1_80' title="bbox 1985 3502 3566 3582">
     <span class='ocr_line' id='line_1_80' title="bbox 1985 3502 3566 3582; baseline 0.005 -23"><span class='ocrx_word' id='word_1_558' title='bbox 1985 3522 2272 3575; x_wconf 88' lang='lat' dir='ltr'><strong>meamque</strong></span> <span class='ocrx_word' id='word_1_559' title='bbox 2293 3523 2448 3576; x_wconf 87' lang='lat' dir='ltr'><strong>opem</strong></span> <span class='ocrx_word' id='word_1_560' title='bbox 2489 3509 2714 3577; x_wconf 86' lang='lat' dir='ltr'><strong>posthac</strong></span> <span class='ocrx_word' id='word_1_561' title='bbox 2743 3524 2811 3563; x_wconf 92' lang='lat' dir='ltr'><strong>ne</strong></span> <span class='ocrx_word' id='word_1_562' title='bbox 2840 3518 3086 3578; x_wconf 81' lang='lat' dir='ltr'><strong>expetas,</strong></span> <span class='ocrx_word' id='word_1_563' title='bbox 3118 3527 3182 3565; x_wconf 90' lang='lat' dir='ltr'><strong>ne</strong></span> <span class='ocrx_word' id='word_1_564' title='bbox 3214 3502 3475 3582; x_wconf 83' lang='lat' dir='ltr'><strong>inquiras,</strong></span> <span class='ocrx_word' id='word_1_565' title='bbox 3500 3529 3566 3567; x_wconf 81' lang='lat' dir='ltr'><strong>ex</strong></span> 
     </span>
    </p>
   </div>
   <div class='ocr_carea' id='block_1_81' title="bbox 1982 3598 3564 3672">
    <p class='ocr_par' dir='ltr' id='par_1_81' title="bbox 1982 3598 3564 3672">
     <span class='ocr_line' id='line_1_81' title="bbox 1982 3598 3564 3672; baseline 0.004 -21"><span class='ocrx_word' id='word_1_566' title='bbox 1982 3614 2112 3668; x_wconf 92' lang='lat' dir='ltr'><strong>quo,</strong></span> <span class='ocrx_word' id='word_1_567' title='bbox 2153 3608 2210 3652; x_wconf 94' lang='lat' dir='ltr'><strong>ut</strong></span> <span class='ocrx_word' id='word_1_568' title='bbox 2238 3598 2551 3663; x_wconf 82' lang='lat' dir='ltr'><strong>voluissem,</strong></span> <span class='ocrx_word' id='word_1_569' title='bbox 2582 3599 2759 3669; x_wconf 90' lang='lat' dir='ltr'><strong>puella</strong></span> <span class='ocrx_word' id='word_1_570' title='bbox 2792 3601 2892 3655; x_wconf 88' lang='lat' dir='ltr'><strong>hac</strong></span> <span class='ocrx_word' id='word_1_571' title='bbox 2923 3602 3082 3656; x_wconf 89' lang='lat' dir='ltr'><strong>modo</strong></span> <span class='ocrx_word' id='word_1_572' title='bbox 3120 3618 3226 3656; x_wconf 92' lang='lat' dir='ltr'><strong>non</strong></span> <span class='ocrx_word' id='word_1_573' title='bbox 3257 3618 3315 3656; x_wconf 87' lang='lat' dir='ltr'><strong>es</strong></span> <span class='ocrx_word' id='word_1_574' title='bbox 3342 3605 3564 3672; x_wconf 89' lang='lat' dir='ltr'><strong>potitus.</strong></span> 
     </span>
    </p>
   </div>
   <div class='ocr_carea' id='block_1_82' title="bbox 1985 3689 3563 3763">
    <p class='ocr_par' dir='ltr' id='par_1_82' title="bbox 1985 3689 3563 3763">
     <span class='ocr_line' id='line_1_82' title="bbox 1985 3689 3563 3763; baseline 0.005 -22"><span class='ocrx_word' id='word_1_575' title='bbox 1985 3689 2280 3744; x_wconf 83' lang='lat' dir='ltr'><strong>Monachus</strong></span> <span class='ocrx_word' id='word_1_576' title='bbox 2308 3707 2436 3744; x_wconf 86' lang='lat' dir='ltr'><strong>vero</strong></span> <span class='ocrx_word' id='word_1_577' title='bbox 2474 3692 2626 3760; x_wconf 87' lang='lat' dir='ltr'><strong>signo</strong></span> <span class='ocrx_word' id='word_1_578' title='bbox 2654 3693 2831 3747; x_wconf 88' lang='lat' dir='ltr'><strong>crucis</strong></span> <span class='ocrx_word' id='word_1_579' title='bbox 2861 3692 3022 3757; x_wconf 84' lang='lat' dir='ltr'><strong>facto,</strong></span> <span class='ocrx_word' id='word_1_580' title='bbox 3074 3695 3128 3747; x_wconf 92' lang='lat' dir='ltr'><strong>in</strong></span> <span class='ocrx_word' id='word_1_581' title='bbox 3172 3694 3363 3763; x_wconf 89' lang='lat' dir='ltr'><strong>primis</strong></span> <span class='ocrx_word' id='word_1_582' title='bbox 3401 3696 3563 3749; x_wconf 88' lang='lat' dir='ltr'><strong>surda</strong></span> 
     </span>
    </p>
   </div>
   <div class='ocr_carea' id='block_1_83' title="bbox 1983 3784 3566 3857">
    <p class='ocr_par' dir='ltr' id='par_1_83' title="bbox 1983 3784 3566 3857">
     <span class='ocr_line' id='line_1_83' title="bbox 1983 3784 3566 3857; baseline 0.002 -22"><span class='ocrx_word' id='word_1_583' title='bbox 1983 3784 2349 3853; x_wconf 81' lang='lat' dir='ltr'><strong>pertransieus</strong></span> <span class='ocrx_word' id='word_1_584' title='bbox 2402 3800 2551 3848; x_wconf 89' lang='lat' dir='ltr'><strong>aure,</strong></span> <span class='ocrx_word' id='word_1_585' title='bbox 2585 3785 2650 3837; x_wconf 78' lang='lat' dir='ltr'><strong>ad</strong></span> <span class='ocrx_word' id='word_1_586' title='bbox 2723 3785 3084 3856; x_wconf 83' lang='lat' dir='ltr'><strong>peragendum</strong></span> <span class='ocrx_word' id='word_1_587' title='bbox 3135 3786 3248 3849; x_wconf 83' lang='lat' dir='ltr'><strong>ivit,</strong></span> <span class='ocrx_word' id='word_1_588' title='bbox 3279 3784 3421 3857; x_wconf 90' lang='lat' dir='ltr'><strong>quod</strong></span> <span class='ocrx_word' id='word_1_589' title='bbox 3462 3786 3566 3840; x_wconf 86' lang='lat' dir='ltr'><strong>sibl</strong></span> 
     </span>
    </p>
   </div>
   <div class='ocr_carea' id='block_1_84' title="bbox 1966 3872 3173 3946">
    <p class='ocr_par' dir='ltr' id='par_1_84' title="bbox 1966 3872 3173 3946">
     <span class='ocr_line' id='line_1_84' title="bbox 1966 3872 3173 3946; baseline 0.002 -19"><span class='ocrx_word' id='word_1_590' title='bbox 1966 3873 2311 3946; x_wconf 71' lang='lat' dir='ltr'><strong>imperatum</strong></span> <span class='ocrx_word' id='word_1_591' title='bbox 2339 3872 2533 3945; x_wconf 81' lang='lat' dir='ltr'><strong>fuerat,</strong></span> <span class='ocrx_word' id='word_1_592' title='bbox 2562 3873 2818 3929; x_wconf 76' lang='lat' dir='ltr'><strong>oﬂicium.</strong></span> <span class='ocrx_word' id='word_1_593' title='bbox 2982 3874 2989 3879; x_wconf 82' lang='grc'><em>’</em></span> <span class='ocrx_word' id='word_1_594' title='bbox 3172 3914 3173 3917; x_wconf 60' lang='grc' dir='ltr'><strong>η</strong></span> 
     </span>
    </p>
   </div>
   <div class='ocr_carea' id='block_1_85' title="bbox 2061 3964 3563 4035">
    <p class='ocr_par' dir='ltr' id='par_1_85' title="bbox 2061 3964 3563 4035">
     <span class='ocr_line' id='line_1_85' title="bbox 2061 3964 3563 4035; baseline 0.001 -16"><span class='ocrx_word' id='word_1_595' title='bbox 2061 3964 2180 4019; x_wconf 80' lang='grc'><strong>158.</strong></span> <span class='ocrx_word' id='word_1_596' title='bbox 2221 3964 2317 4019; x_wconf 87' lang='lat' dir='ltr'><strong>Est</strong></span> <span class='ocrx_word' id='word_1_597' title='bbox 2348 3974 2401 4019; x_wconf 91' lang='lat' dir='ltr'><strong>et</strong></span> <span class='ocrx_word' id='word_1_598' title='bbox 2432 3964 2600 4030; x_wconf 89' lang='lat' dir='ltr'><strong>aliud,</strong></span> <span class='ocrx_word' id='word_1_599' title='bbox 2646 3966 2809 4034; x_wconf 90' lang='lat' dir='ltr'><strong>quod,</strong></span> <span class='ocrx_word' id='word_1_600' title='bbox 2842 3980 3045 4035; x_wconf 69' lang='lat' dir='ltr'><strong>qna‘so,</strong></span> <span class='ocrx_word' id='word_1_601' title='bbox 3091 3965 3321 4021; x_wconf 89' lang='lat' dir='ltr'><strong>libenter</strong></span> <span class='ocrx_word' id='word_1_602' title='bbox 3363 3966 3563 4023; x_wconf 85' lang='lat' dir='ltr'><strong>audite.</strong></span> 
     </span>
    </p>
   </div>
   <div class='ocr_carea' id='block_1_86' title="bbox 1967 4048 3568 4130">
    <p class='ocr_par' dir='ltr' id='par_1_86' title="bbox 1967 4048 3568 4130">
     <span class='ocr_line' id='line_1_86' title="bbox 1967 4048 3568 4130; baseline 0 -17"><span class='ocrx_word' id='word_1_603' title='bbox 1967 4048 2222 4119; x_wconf 38' lang='lat' dir='ltr'><strong>&#39;Joannes</strong></span> <span class='ocrx_word' id='word_1_604' title='bbox 2270 4057 2485 4127; x_wconf 86' lang='lat' dir='ltr'><strong>quidam</strong></span> <span class='ocrx_word' id='word_1_605' title='bbox 2518 4074 2830 4123; x_wconf 81' lang='lat' dir='ltr'><strong>conversus,</strong></span> <span class='ocrx_word' id='word_1_606' title='bbox 2873 4060 2962 4130; x_wconf 91' lang='lat' dir='ltr'><strong>qui</strong></span> <span class='ocrx_word' id='word_1_607' title='bbox 3008 4059 3154 4113; x_wconf 70' lang='lat' dir='ltr'><strong>cella:</strong></span> <span class='ocrx_word' id='word_1_608' title='bbox 3202 4060 3422 4113; x_wconf 71' lang='lat' dir='ltr'><strong>vinariae</strong></span> <span class='ocrx_word' id='word_1_609' title='bbox 3468 4073 3568 4128; x_wconf 87' lang='lat' dir='ltr'><strong>pro</strong></span> 
     </span>
    </p>
   </div>
   <div class='ocr_carea' id='block_1_87' title="bbox 1983 4149 3567 4220">
    <p class='ocr_par' dir='ltr' id='par_1_87' title="bbox 1983 4149 3567 4220">
     <span class='ocr_line' id='line_1_87' title="bbox 1983 4149 3567 4220; baseline 0.002 -16"><span class='ocrx_word' id='word_1_610' title='bbox 1983 4149 2344 4204; x_wconf 83' lang='lat' dir='ltr'><strong>exterioribus</strong></span> <span class='ocrx_word' id='word_1_611' title='bbox 2386 4152 2547 4205; x_wconf 87' lang='lat' dir='ltr'><strong>rebus</strong></span> <span class='ocrx_word' id='word_1_612' title='bbox 2598 4151 2855 4206; x_wconf 91' lang='lat' dir='ltr'><strong>curandis</strong></span> <span class='ocrx_word' id='word_1_613' title='bbox 2897 4160 3148 4220; x_wconf 71' lang='lat' dir='ltr'><strong>przeerat,</strong></span> <span class='ocrx_word' id='word_1_614' title='bbox 3189 4152 3271 4204; x_wconf 88' lang='lat' dir='ltr'><strong>vir</strong></span> <span class='ocrx_word' id='word_1_615' title='bbox 3322 4150 3567 4220; x_wconf 86' lang='lat' dir='ltr'><strong>profecto</strong></span> 
     </span>
    </p>
   </div>
   <div class='ocr_carea' id='block_1_88' title="bbox 1983 4241 3561 4314">
    <p class='ocr_par' dir='ltr' id='par_1_88' title="bbox 1983 4241 3561 4314">
     <span class='ocr_line' id='line_1_88' title="bbox 1983 4241 3561 4314; baseline 0.001 -19"><span class='ocrx_word' id='word_1_616' title='bbox 1983 4241 2234 4310; x_wconf 74' lang='lat' dir='ltr'><strong>simplex,</strong></span> <span class='ocrx_word' id='word_1_617' title='bbox 2286 4257 2407 4295; x_wconf 92' lang='lat' dir='ltr'><strong>cum</strong></span> <span class='ocrx_word' id='word_1_618' title='bbox 2464 4243 2698 4312; x_wconf 85' lang='lat' dir='ltr'><strong>quodam</strong></span> <span class='ocrx_word' id='word_1_619' title='bbox 2747 4243 2953 4311; x_wconf 88' lang='lat' dir='ltr'><strong>vesperi</strong></span> <span class='ocrx_word' id='word_1_620' title='bbox 2992 4242 3336 4314; x_wconf 89' lang='lat' dir='ltr'><strong>quamplures</strong></span> <span class='ocrx_word' id='word_1_621' title='bbox 3367 4259 3561 4312; x_wconf 87' lang='lat' dir='ltr'><strong>super-</strong></span> 
     </span>
    </p>
   </div>
   <div class='ocr_carea' id='block_1_89' title="bbox 1984 4332 3565 4402">
    <p class='ocr_par' dir='ltr' id='par_1_89' title="bbox 1984 4332 3565 4402">
     <span class='ocr_line' id='line_1_89' title="bbox 1984 4332 3565 4402; baseline 0.001 -18"><span class='ocrx_word' id='word_1_622' title='bbox 1984 4334 2259 4388; x_wconf 81' lang='lat' dir='ltr'><strong>venissent</strong></span> <span class='ocrx_word' id='word_1_623' title='bbox 2294 4332 2554 4402; x_wconf 82' lang='lat' dir='ltr'><strong>hospites,</strong></span> <span class='ocrx_word' id='word_1_624' title='bbox 2583 4340 2638 4386; x_wconf 90' lang='lat' dir='ltr'><strong>et</strong></span> <span class='ocrx_word' id='word_1_625' title='bbox 2673 4348 2967 4386; x_wconf 88' lang='lat' dir='ltr'><strong>conversus</strong></span> <span class='ocrx_word' id='word_1_626' title='bbox 3016 4333 3172 4392; x_wconf 24' lang='lat' dir='ltr'><strong>alter,</strong></span> <span class='ocrx_word' id='word_1_627' title='bbox 3206 4332 3565 4401; x_wconf 80' lang='lat' dir='ltr'><strong>Augustinus.</strong></span> 
     </span>
    </p>
   </div>
   <div class='ocr_carea' id='block_1_90' title="bbox 300 4423 3562 4504">
    <p class='ocr_par' dir='ltr' id='par_1_90' title="bbox 300 4423 3562 4504">
     <span class='ocr_line' id='line_1_90' title="bbox 300 4423 3562 4504; baseline 0.004 -23"><span class='ocrx_word' id='word_1_628' title='bbox 300 4428 593 4490; x_wconf 71' lang='lat' dir='ltr'><strong>bisverbis</strong></span> <span class='ocrx_word' id='word_1_629' title='bbox 620 4431 867 4486; x_wconf 89' lang='lat' dir='ltr'><strong>adoritur</strong></span> <span class='ocrx_word' id='word_1_630' title='bbox 897 4452 911 4486; x_wconf 92' lang='lat'><strong>:</strong></span> <span class='ocrx_word' id='word_1_631' title='bbox 945 4433 1001 4487; x_wconf 77' lang='lat' dir='ltr'><strong>Si</strong></span> <span class='ocrx_word' id='word_1_632' title='bbox 1024 4435 1227 4501; x_wconf 77' lang='lat' dir='ltr'><strong>iustum</strong></span> <span class='ocrx_word' id='word_1_633' title='bbox 1257 4446 1362 4504; x_wconf 79' lang='lat' dir='ltr'><strong>est.</strong></span> <span class='ocrx_word' id='word_1_634' title='bbox 1391 4437 1572 4502; x_wconf 87' lang='lat' dir='ltr'><strong>Pater,</strong></span> <span class='ocrx_word' id='word_1_635' title='bbox 1595 4447 1649 4491; x_wconf 83' lang='lat' dir='ltr'><strong>et</strong></span> <span class='ocrx_word' id='word_1_636' title='bbox 1673 4439 1715 4492; x_wconf 89' lang='lat' dir='ltr'><strong>si</strong></span> <span class='ocrx_word' id='word_1_637' title='bbox 1750 4438 1879 4491; x_wconf 84' lang='lat' dir='ltr'><strong>libet</strong></span> <span class='ocrx_word' id='word_1_638' title='bbox 1911 4424 1955 4483; x_wconf 81' lang='grc' dir='ltr'>υ</span> <span class='ocrx_word' id='word_1_639' title='bbox 1983 4427 2049 4481; x_wconf 70' lang='lat' dir='ltr'><strong>de</strong></span> <span class='ocrx_word' id='word_1_640' title='bbox 2077 4440 2183 4493; x_wconf 70' lang='lat' dir='ltr'><strong>ll&quot;0</strong></span> <span class='ocrx_word' id='word_1_641' title='bbox 2215 4440 2377 4492; x_wconf 60' lang='lat' dir='ltr'><strong>s&quot;llra</strong></span> <span class='ocrx_word' id='word_1_642' title='bbox 2403 4425 2623 4478; x_wconf 61' lang='grc' dir='ltr'><strong>νοΐιηηη</strong></span> <span class='ocrx_word' id='word_1_643' title='bbox 2658 4423 2907 4489; x_wconf 63' lang='grc' dir='ltr'><strong>Γηείηηιδυ</strong></span> <span class='ocrx_word' id='word_1_644' title='bbox 2932 4424 3016 4477; x_wconf 64' lang='lat' dir='ltr'><strong>mli</strong></span> <span class='ocrx_word' id='word_1_645' title='bbox 3046 4424 3319 4493; x_wconf 64' lang='lat' dir='ltr'><strong>&quot;“gmi&#39;lm</strong></span> <span class='ocrx_word' id='word_1_646' title='bbox 3350 4423 3434 4476; x_wconf 66' lang='lat' dir='ltr'><strong>his</strong></span> <span class='ocrx_word' id='word_1_647' title='bbox 3463 4423 3562 4479; x_wconf 74' lang='lat' dir='ltr'><strong>de‘</strong></span> 
     </span>
    </p>
   </div>
   <div class='ocr_carea' id='block_1_91' title="bbox 300 4518 1880 4586">
    <p class='ocr_par' dir='ltr' id='par_1_91' title="bbox 300 4518 1880 4586">
     <span class='ocr_line' id='line_1_91' title="bbox 300 4518 1880 4586; baseline 0.009 -16"><span class='ocrx_word' id='word_1_648' title='bbox 300 4518 676 4575; x_wconf 83' lang='lat' dir='ltr'><strong>dormitorium</strong></span> <span class='ocrx_word' id='word_1_649' title='bbox 734 4534 926 4584; x_wconf 84' lang='lat' dir='ltr'><strong>extra,</strong></span> <span class='ocrx_word' id='word_1_650' title='bbox 982 4527 1106 4586; x_wconf 85' lang='lat' dir='ltr'><strong>quia</strong></span> <span class='ocrx_word' id='word_1_651' title='bbox 1162 4528 1293 4582; x_wconf 91' lang='lat' dir='ltr'><strong>mihi</strong></span> <span class='ocrx_word' id='word_1_652' title='bbox 1345 4529 1508 4582; x_wconf 91' lang='lat' dir='ltr'><strong>multa</strong></span> <span class='ocrx_word' id='word_1_653' title='bbox 1563 4530 1880 4584; x_wconf 88' lang='lat' dir='ltr'><strong>incumbunt</strong></span> 
     </span>
    </p>
   </div>
   <div class='ocr_carea' id='block_1_92' title="bbox 282 4613 1876 4689">
    <p class='ocr_par' dir='ltr' id='par_1_92' title="bbox 282 4613 1876 4689">
     <span class='ocr_line' id='line_1_92' title="bbox 282 4613 1876 4689; baseline 0.008 -27"><span class='ocrx_word' id='word_1_654' title='bbox 282 4613 524 4677; x_wconf 39' lang='lat' dir='ltr'><strong>.negocia</strong></span> <span class='ocrx_word' id='word_1_655' title='bbox 546 4655 559 4676; x_wconf 91' lang='lat'><strong>,</strong></span> <span class='ocrx_word' id='word_1_656' title='bbox 606 4615 904 4682; x_wconf 82' lang='lat' dir='ltr'><strong>quiescam.</strong></span> <span class='ocrx_word' id='word_1_657' title='bbox 933 4617 1067 4672; x_wconf 88' lang='lat' dir='ltr'><strong>Cum</strong></span> <span class='ocrx_word' id='word_1_658' title='bbox 1123 4619 1211 4677; x_wconf 84' lang='lat' dir='ltr'><strong>ille.</strong></span> <span class='ocrx_word' id='word_1_659' title='bbox 1237 4622 1412 4689; x_wconf 84' lang='lat' dir='ltr'><strong>primo</strong></span> <span class='ocrx_word' id='word_1_660' title='bbox 1457 4632 1757 4676; x_wconf 87' lang='lat' dir='ltr'><strong>commotus</strong></span> <span class='ocrx_word' id='word_1_661' title='bbox 1791 4622 1876 4674; x_wconf 88' lang='lat' dir='ltr'><strong>in-</strong></span> 
     </span>
    </p>
   </div>
   <div class='ocr_carea' id='block_1_93' title="bbox 299 4704 1876 4782">
    <p class='ocr_par' dir='ltr' id='par_1_93' title="bbox 299 4704 1876 4782">
     <span class='ocr_line' id='line_1_93' title="bbox 299 4704 1876 4782; baseline 0.008 -26"><span class='ocrx_word' id='word_1_662' title='bbox 299 4704 456 4757; x_wconf 86' lang='lat' dir='ltr'><strong>solita</strong></span> <span class='ocrx_word' id='word_1_663' title='bbox 514 4722 570 4761; x_wconf 92' lang='lat' dir='ltr'><strong>re</strong></span> <span class='ocrx_word' id='word_1_664' title='bbox 595 4747 609 4771; x_wconf 93' lang='lat'><strong>,</strong></span> <span class='ocrx_word' id='word_1_665' title='bbox 655 4707 707 4761; x_wconf 90' lang='lat' dir='ltr'><strong>id</strong></span> <span class='ocrx_word' id='word_1_666' title='bbox 736 4709 881 4762; x_wconf 90' lang='lat' dir='ltr'><strong>nullo</strong></span> <span class='ocrx_word' id='word_1_667' title='bbox 911 4720 1089 4779; x_wconf 87' lang='lat' dir='ltr'><strong>pacto,</strong></span> <span class='ocrx_word' id='word_1_668' title='bbox 1128 4722 1183 4765; x_wconf 89' lang='lat' dir='ltr'><strong>et</strong></span> <span class='ocrx_word' id='word_1_669' title='bbox 1228 4715 1497 4782; x_wconf 69' lang='lat' dir='ltr'><strong>prteeipue</strong></span> <span class='ocrx_word' id='word_1_670' title='bbox 1533 4714 1602 4767; x_wconf 85' lang='lat' dir='ltr'><strong>ob</strong></span> <span class='ocrx_word' id='word_1_671' title='bbox 1645 4714 1876 4768; x_wconf 89' lang='lat' dir='ltr'><strong>aliorum</strong></span> 
     </span>
    </p>
   </div>
   <div class='ocr_carea' id='block_1_94' title="bbox 299 4794 1878 4873">
    <p class='ocr_par' dir='ltr' id='par_1_94' title="bbox 299 4794 1878 4873">
     <span class='ocr_line' id='line_1_94' title="bbox 299 4794 1878 4873; baseline 0.009 -29"><span class='ocrx_word' id='word_1_672' title='bbox 299 4794 607 4863; x_wconf 79' lang='lat' dir='ltr'><strong>exemplum</strong></span> <span class='ocrx_word' id='word_1_673' title='bbox 638 4813 742 4851; x_wconf 90' lang='lat' dir='ltr'><strong>non</strong></span> <span class='ocrx_word' id='word_1_674' title='bbox 766 4800 959 4854; x_wconf 87' lang='lat' dir='ltr'><strong>decere</strong></span> <span class='ocrx_word' id='word_1_675' title='bbox 998 4812 1291 4865; x_wconf 85' lang='lat' dir='ltr'><strong>assereret,</strong></span> <span class='ocrx_word' id='word_1_676' title='bbox 1322 4812 1376 4858; x_wconf 91' lang='lat' dir='ltr'><strong>et</strong></span> <span class='ocrx_word' id='word_1_677' title='bbox 1405 4813 1616 4859; x_wconf 88' lang='lat' dir='ltr'><strong>caveret</strong></span> <span class='ocrx_word' id='word_1_678' title='bbox 1647 4806 1697 4859; x_wconf 91' lang='lat' dir='ltr'><strong>id</strong></span> <span class='ocrx_word' id='word_1_679' title='bbox 1729 4814 1878 4873; x_wconf 87' lang='lat' dir='ltr'><strong>pete-</strong></span> 
     </span>
    </p>
   </div>
   <div class='ocr_carea' id='block_1_95' title="bbox 299 4887 1875 4956">
    <p class='ocr_par' dir='ltr' id='par_1_95' title="bbox 299 4887 1875 4956">
     <span class='ocr_line' id='line_1_95' title="bbox 299 4887 1875 4956; baseline 0.01 -18"><span class='ocrx_word' id='word_1_680' title='bbox 299 4901 381 4947; x_wconf 87' lang='lat' dir='ltr'><strong>re,</strong></span> <span class='ocrx_word' id='word_1_681' title='bbox 422 4887 565 4954; x_wconf 90' lang='lat' dir='ltr'><strong>quod</strong></span> <span class='ocrx_word' id='word_1_682' title='bbox 597 4887 853 4946; x_wconf 84' lang='lat' dir='ltr'><strong>indecens</strong></span> <span class='ocrx_word' id='word_1_683' title='bbox 879 4903 1054 4954; x_wconf 63' lang='lat' dir='ltr'><strong>esset;</strong></span> <span class='ocrx_word' id='word_1_684' title='bbox 1091 4904 1146 4949; x_wconf 91' lang='lat' dir='ltr'><strong>et</strong></span> <span class='ocrx_word' id='word_1_685' title='bbox 1178 4896 1346 4950; x_wconf 87' lang='lat' dir='ltr'><strong>iratus</strong></span> <span class='ocrx_word' id='word_1_686' title='bbox 1374 4898 1693 4956; x_wconf 88' lang='lat' dir='ltr'><strong>monachus.</strong></span> <span class='ocrx_word' id='word_1_687' title='bbox 1739 4899 1875 4953; x_wconf 87' lang='lat' dir='ltr'><strong>nihil</strong></span> 
     </span>
    </p>
   </div>
   <div class='ocr_carea' id='block_1_96' title="bbox 298 4982 1875 5058">
    <p class='ocr_par' dir='ltr' id='par_1_96' title="bbox 298 4982 1875 5058">
     <span class='ocr_line' id='line_1_96' title="bbox 298 4982 1875 5058; baseline 0.01 -28"><span class='ocrx_word' id='word_1_688' title='bbox 298 4993 538 5046; x_wconf 89' lang='lat' dir='ltr'><strong>unquam</strong></span> <span class='ocrx_word' id='word_1_689' title='bbox 589 4982 660 5035; x_wconf 87' lang='lat' dir='ltr'><strong>ob</strong></span> <span class='ocrx_word' id='word_1_690' title='bbox 700 4999 795 5039; x_wconf 85' lang='lat' dir='ltr'><strong>sua</strong></span> <span class='ocrx_word' id='word_1_691' title='bbox 858 4986 909 5038; x_wconf 93' lang='lat' dir='ltr'><strong>in</strong></span> <span class='ocrx_word' id='word_1_692' title='bbox 963 5000 1089 5041; x_wconf 85' lang='lat' dir='ltr'><strong>eum’</strong></span> <span class='ocrx_word' id='word_1_693' title='bbox 1117 4988 1344 5058; x_wconf 76' lang='lat' dir='ltr'><strong>plurima</strong></span> <span class='ocrx_word' id='word_1_694' title='bbox 1381 4989 1658 5044; x_wconf 85' lang='lat' dir='ltr'><strong>benefacta</strong></span> <span class='ocrx_word' id='word_1_695' title='bbox 1690 5007 1875 5046; x_wconf 83' lang='lat' dir='ltr'><strong>consc-</strong></span> 
     </span>
    </p>
   </div>
   <div class='ocr_carea' id='block_1_97' title="bbox 294 5073 1876 5148">
    <p class='ocr_par' dir='ltr' id='par_1_97' title="bbox 294 5073 1876 5148">
     <span class='ocr_line' id='line_1_97' title="bbox 294 5073 1876 5148; baseline 0.007 -25"><span class='ocrx_word' id='word_1_696' title='bbox 294 5075 517 5130; x_wconf 80' lang='lat' dir='ltr'><strong>cutnm.</strong></span> <span class='ocrx_word' id='word_1_697' title='bbox 575 5073 813 5139; x_wconf 84' lang='lat' dir='ltr'><strong>diceret;</strong></span> <span class='ocrx_word' id='word_1_698' title='bbox 866 5076 1082 5132; x_wconf 90' lang='lat' dir='ltr'><strong>demum</strong></span> <span class='ocrx_word' id='word_1_699' title='bbox 1109 5094 1273 5148; x_wconf 89' lang='lat' dir='ltr'><strong>super</strong></span> <span class='ocrx_word' id='word_1_700' title='bbox 1323 5080 1427 5134; x_wconf 85' lang='lat' dir='ltr'><strong>hoc</strong></span> <span class='ocrx_word' id='word_1_701' title='bbox 1494 5080 1680 5135; x_wconf 88' lang='lat' dir='ltr'><strong>multis</strong></span> <span class='ocrx_word' id='word_1_702' title='bbox 1732 5081 1876 5134; x_wconf 90' lang='lat' dir='ltr'><strong>ultro</strong></span> 
     </span>
    </p>
   </div>
   <div class='ocr_carea' id='block_1_98' title="bbox 272 5158 1875 5241">
    <p class='ocr_par' dir='ltr' id='par_1_98' title="bbox 272 5158 1875 5241">
     <span class='ocr_line' id='line_1_98' title="bbox 272 5158 1875 5241; baseline 0.007 -27"><span class='ocrx_word' id='word_1_703' title='bbox 272 5158 750 5227; x_wconf 62' lang='lat' dir='ltr'><strong>.citt‘equeverhis</strong></span> <span class='ocrx_word' id='word_1_704' title='bbox 782 5169 1138 5236; x_wconf 90' lang='lat' dir='ltr'><strong>consumptis,</strong></span> <span class='ocrx_word' id='word_1_705' title='bbox 1175 5169 1386 5234; x_wconf 82' lang='lat' dir='ltr'><strong>Gaspar</strong></span> <span class='ocrx_word' id='word_1_706' title='bbox 1414 5170 1583 5240; x_wconf 92' lang='lat' dir='ltr'><strong>ipsius</strong></span> <span class='ocrx_word' id='word_1_707' title='bbox 1614 5172 1875 5241; x_wconf 88' lang='lat' dir='ltr'><strong>importu-</strong></span> 
     </span>
    </p>
   </div>
   <div class='ocr_carea' id='block_1_99' title="bbox 1979 4513 3565 4593">
    <p class='ocr_par' dir='ltr' id='par_1_99' title="bbox 1979 4513 3565 4593">
     <span class='ocr_line' id='line_1_99' title="bbox 1979 4513 3565 4593; baseline -0.001 -22"><span class='ocrx_word' id='word_1_708' title='bbox 1979 4514 2210 4571; x_wconf 90' lang='lat' dir='ltr'><strong>serendo</strong></span> <span class='ocrx_word' id='word_1_709' title='bbox 2266 4516 2574 4569; x_wconf 89' lang='lat' dir='ltr'><strong>necessaria</strong></span> <span class='ocrx_word' id='word_1_710' title='bbox 2634 4515 2931 4583; x_wconf 89' lang='lat' dir='ltr'><strong>injunctum</strong></span> <span class='ocrx_word' id='word_1_711' title='bbox 2978 4513 3207 4593; x_wconf 82' lang='lat' dir='ltr'><strong>fuerat,</strong></span> <span class='ocrx_word' id='word_1_712' title='bbox 3260 4515 3565 4584; x_wconf 79' lang='lat' dir='ltr'><strong>hospitibus</strong></span> 
     </span>
    </p>
   </div>
   <div class='ocr_carea' id='block_1_100' title="bbox 1979 4606 3561 4677">
    <p class='ocr_par' dir='ltr' id='par_1_100' title="bbox 1979 4606 3561 4677">
     <span class='ocr_line' id='line_1_100' title="bbox 1979 4606 3561 4677; baseline -0.002 -13"><span class='ocrx_word' id='word_1_713' title='bbox 1979 4609 2098 4664; x_wconf 88' lang='lat' dir='ltr'><strong>aliis</strong></span> <span class='ocrx_word' id='word_1_714' title='bbox 2122 4608 2439 4673; x_wconf 88' lang='lat' dir='ltr'><strong>inserviret;</strong></span> <span class='ocrx_word' id='word_1_715' title='bbox 2466 4606 2702 4662; x_wconf 85' lang='lat' dir='ltr'><strong>Joannes</strong></span> <span class='ocrx_word' id='word_1_716' title='bbox 2729 4607 2829 4663; x_wconf 87' lang='lat' dir='ltr'><strong>iste</strong></span> <span class='ocrx_word' id='word_1_717' title='bbox 2862 4607 3093 4671; x_wconf 92' lang='lat' dir='ltr'><strong>illorum,</strong></span> <span class='ocrx_word' id='word_1_718' title='bbox 3123 4607 3212 4677; x_wconf 91' lang='lat' dir='ltr'><strong>qui</strong></span> <span class='ocrx_word' id='word_1_719' title='bbox 3242 4624 3363 4662; x_wconf 92' lang='lat' dir='ltr'><strong>cum</strong></span> <span class='ocrx_word' id='word_1_720' title='bbox 3388 4607 3561 4675; x_wconf 89' lang='lat' dir='ltr'><strong>puella</strong></span> 
     </span>
    </p>
   </div>
   <div class='ocr_carea' id='block_1_101' title="bbox 1978 4699 3566 4770">
    <p class='ocr_par' dir='ltr' id='par_1_101' title="bbox 1978 4699 3566 4770">
     <span class='ocr_line' id='line_1_101' title="bbox 1978 4699 3566 4770; baseline -0.001 -16"><span class='ocrx_word' id='word_1_721' title='bbox 1978 4708 2130 4769; x_wconf 90' lang='lat' dir='ltr'><strong>capta</strong></span> <span class='ocrx_word' id='word_1_722' title='bbox 2154 4715 2185 4753; x_wconf 87' lang='lat' dir='ltr'><strong>a</strong></span> <span class='ocrx_word' id='word_1_723' title='bbox 2213 4700 2453 4754; x_wconf 61' lang='lat' dir='ltr'><strong>dcemoue</strong></span> <span class='ocrx_word' id='word_1_724' title='bbox 2482 4707 2658 4763; x_wconf 88' lang='lat' dir='ltr'><strong>erant,</strong></span> <span class='ocrx_word' id='word_1_725' title='bbox 2684 4715 2872 4753; x_wconf 89' lang='lat' dir='ltr'><strong>curam</strong></span> <span class='ocrx_word' id='word_1_726' title='bbox 2892 4700 3075 4769; x_wconf 69' lang='lat' dir='ltr'><strong>erepit.</strong></span> <span class='ocrx_word' id='word_1_727' title='bbox 3100 4699 3357 4754; x_wconf 82' lang='lat' dir='ltr'><strong>Deferens</strong></span> <span class='ocrx_word' id='word_1_728' title='bbox 3385 4700 3566 4770; x_wconf 88' lang='lat' dir='ltr'><strong>itaque</strong></span> 
     </span>
    </p>
   </div>
   <div class='ocr_carea' id='block_1_102' title="bbox 1977 4790 3565 4862">
    <p class='ocr_par' dir='ltr' id='par_1_102' title="bbox 1977 4790 3565 4862">
     <span class='ocr_line' id='line_1_102' title="bbox 1977 4790 3565 4862; baseline 0 -16"><span class='ocrx_word' id='word_1_729' title='bbox 1977 4792 2058 4846; x_wconf 92' lang='lat' dir='ltr'><strong>eis</strong></span> <span class='ocrx_word' id='word_1_730' title='bbox 2101 4790 2430 4857; x_wconf 88' lang='lat' dir='ltr'><strong>necessaria,</strong></span> <span class='ocrx_word' id='word_1_731' title='bbox 2465 4790 2607 4846; x_wconf 87' lang='lat' dir='ltr'><strong>forte</strong></span> <span class='ocrx_word' id='word_1_732' title='bbox 2651 4799 2859 4862; x_wconf 90' lang='lat' dir='ltr'><strong>patrem</strong></span> <span class='ocrx_word' id='word_1_733' title='bbox 2905 4807 3115 4857; x_wconf 89' lang='lat' dir='ltr'><strong>senem,</strong></span> <span class='ocrx_word' id='word_1_734' title='bbox 3164 4792 3381 4846; x_wconf 84' lang='lat' dir='ltr'><strong>diabolo</strong></span> <span class='ocrx_word' id='word_1_735' title='bbox 3422 4794 3565 4846; x_wconf 85' lang='lat' dir='ltr'><strong>vires</strong></span> 
     </span>
    </p>
   </div>
   <div class='ocr_carea' id='block_1_103' title="bbox 1979 4880 3569 4954">
    <p class='ocr_par' dir='ltr' id='par_1_103' title="bbox 1979 4880 3569 4954">
     <span class='ocr_line' id='line_1_103' title="bbox 1979 4880 3569 4954; baseline 0.001 -20"><span class='ocrx_word' id='word_1_736' title='bbox 1979 4881 2414 4940; x_wconf 88' lang='lat' dir='ltr'><strong>administrante.</strong></span> <span class='ocrx_word' id='word_1_737' title='bbox 2473 4882 2577 4938; x_wconf 88' lang='lat' dir='ltr'><strong>hoc</strong></span> <span class='ocrx_word' id='word_1_738' title='bbox 2626 4883 2807 4938; x_wconf 89' lang='lat' dir='ltr'><strong>animo</strong></span> <span class='ocrx_word' id='word_1_739' title='bbox 2860 4880 2982 4954; x_wconf 87' lang='lat' dir='ltr'><strong>[ut]</strong></span> <span class='ocrx_word' id='word_1_740' title='bbox 3035 4883 3209 4953; x_wconf 90' lang='lat' dir='ltr'><strong>ipsum</strong></span> <span class='ocrx_word' id='word_1_741' title='bbox 3278 4881 3569 4937; x_wconf 70' lang='lat' dir='ltr'><strong>suffocarct</strong></span> 
     </span>
    </p>
   </div>
   <div class='ocr_carea' id='block_1_104' title="bbox 1979 4971 3571 5043">
    <p class='ocr_par' dir='ltr' id='par_1_104' title="bbox 1979 4971 3571 5043">
     <span class='ocr_line' id='line_1_104' title="bbox 1979 4971 3571 5043; baseline -0.002 -18"><span class='ocrx_word' id='word_1_742' title='bbox 1979 4972 2087 5026; x_wconf 85' lang='lat' dir='ltr'><strong>ﬁlia</strong></span> <span class='ocrx_word' id='word_1_743' title='bbox 2141 4986 2388 5043; x_wconf 86' lang='lat' dir='ltr'><strong>aggressa</strong></span> <span class='ocrx_word' id='word_1_744' title='bbox 2422 4972 2598 5027; x_wconf 84' lang='lat' dir='ltr'><strong>fuerat</strong></span> <span class='ocrx_word' id='word_1_745' title='bbox 2645 4974 2941 5038; x_wconf 89' lang='lat' dir='ltr'><strong>incassum,</strong></span> <span class='ocrx_word' id='word_1_746' title='bbox 2973 4982 3149 5028; x_wconf 89' lang='lat' dir='ltr'><strong>matre</strong></span> <span class='ocrx_word' id='word_1_747' title='bbox 3181 4971 3401 5040; x_wconf 88' lang='lat' dir='ltr'><strong>insuper</strong></span> <span class='ocrx_word' id='word_1_748' title='bbox 3448 4971 3571 5026; x_wconf 86' lang='lat' dir='ltr'><strong>totis</strong></span> 
     </span>
    </p>
   </div>
   <div class='ocr_carea' id='block_1_105' title="bbox 1980 5060 3578 5137">
    <p class='ocr_par' dir='ltr' id='par_1_105' title="bbox 1980 5060 3578 5137">
     <span class='ocr_line' id='line_1_105' title="bbox 1980 5060 3578 5137; baseline -0.003 -21"><span class='ocrx_word' id='word_1_749' title='bbox 1980 5063 2188 5117; x_wconf 88' lang='lat' dir='ltr'><strong>viribus</strong></span> <span class='ocrx_word' id='word_1_750' title='bbox 2218 5063 2520 5127; x_wconf 88' lang='lat' dir='ltr'><strong>annitente,</strong></span> <span class='ocrx_word' id='word_1_751' title='bbox 2548 5073 2853 5134; x_wconf 87' lang='lat' dir='ltr'><strong>orauteque</strong></span> <span class='ocrx_word' id='word_1_752' title='bbox 2905 5079 3120 5135; x_wconf 88' lang='lat' dir='ltr'><strong>semper</strong></span> <span class='ocrx_word' id='word_1_753' title='bbox 3148 5060 3337 5121; x_wconf 81' lang='lat' dir='ltr'><strong>filiam,</strong></span> <span class='ocrx_word' id='word_1_754' title='bbox 3368 5075 3436 5113; x_wconf 91' lang='lat' dir='ltr'><strong>ne</strong></span> <span class='ocrx_word' id='word_1_755' title='bbox 3458 5069 3578 5137; x_wconf 87' lang='lat' dir='ltr'><strong>tan-</strong></span> 
     </span>
    </p>
   </div>
   <div class='ocr_carea' id='block_1_106' title="bbox 1982 5146 3577 5225">
    <p class='ocr_par' dir='ltr' id='par_1_106' title="bbox 1982 5146 3577 5225">
     <span class='ocr_line' id='line_1_106' title="bbox 1982 5146 3577 5225; baseline -0.007 -18"><span class='ocrx_word' id='word_1_756' title='bbox 1982 5164 2091 5207; x_wconf 87' lang='lat' dir='ltr'><strong>lttut</strong></span> <span class='ocrx_word' id='word_1_757' title='bbox 2125 5162 2345 5225; x_wconf 79' lang='lat' dir='ltr'><strong>Iamque</strong></span> <span class='ocrx_word' id='word_1_758' title='bbox 2370 5162 2566 5208; x_wconf 86' lang='lat' dir='ltr'><strong>tetrum</strong></span> <span class='ocrx_word' id='word_1_759' title='bbox 2595 5153 2807 5209; x_wconf 77' lang='lat' dir='ltr'><strong>facinus</strong></span> <span class='ocrx_word' id='word_1_760' title='bbox 2840 5153 2894 5206; x_wconf 87' lang='lat' dir='ltr'><strong>in</strong></span> <span class='ocrx_word' id='word_1_761' title='bbox 2927 5161 3211 5221; x_wconf 83' lang='lat' dir='ltr'><strong>parentem</strong></span> <span class='ocrx_word' id='word_1_762' title='bbox 3239 5146 3577 5225; x_wconf 76' lang='lat' dir='ltr'><strong>admitteret.</strong></span> 
     </span>
    </p>
   </div>
   <div class='ocr_carea' id='block_1_107' title="bbox 3225 5233 3516 5252">
    <p class='ocr_par' dir='ltr' id='par_1_107' title="bbox 3225 5233 3516 5252">
     <span class='ocr_line' id='line_1_107' title="bbox 3225 5233 3516 5252; baseline 0 0"><span class='ocrx_word' id='word_1_763' title='bbox 3225 5243 3267 5252; x_wconf 73' lang='lat'><strong>-.</strong></span> <span class='ocrx_word' id='word_1_764' title='bbox 3312 5233 3440 5252; x_wconf 47' lang='lat' dir='ltr'><strong>._,.,D</strong></span> <span class='ocrx_word' id='word_1_765' title='bbox 3505 5244 3516 5252; x_wconf 77' lang='lat'><em>.</em></span> 
     </span>
    </p>
   </div>
  </div>
