4110 5362
611 327 711 384 367

1668 331 1725 388 S.
1767 330 2052 389 JOANNIS
2091 326 2487 389 CUALBEth
2526 326 2811 389 .\llB.\T‘lS

2479 237 2531 252 υ.

3750 341 3857 399 863

609 418 767 508 trem,
808 449 1035 498 mortem
1075 442 1264 497 crebro
1309 443 1626 509 minitando.
1665 447 1992 518 aggreditur.
2043 438 2179 517 lujea
2208 452 2248 507 Λ
2282 447 2367 501 vix
2407 450 2472 501 ad
2525 449 2700 505 bovile
2737 464 2923 520 nSque,
2981 451 3122 520 quod
3165 467 3269 506 non
3319 452 3543 508 mullum
3597 455 3855 528 distabat,

609 541 759 588 cerat
780 534 922 589 enim
960 549 1150 588 manus
1177 534 1227 588 in
1255 535 1452 605 gulam.
1477 535 1567 592 llle
1600 537 1742 591 intro
1758 538 2177 608 quamprimum,

609 631 782 674 matre
838 621 1247 687 conclamaute,
1298 625 1542 688 rediens.
1596 626 1927 690 dmmonem,
1998 642 2060 681 ea
2127 623 2177 679 vi

607 723 810 779 amota,
843 722 900 766 nt
931 712 1102 766 solent
1127 714 1445 769 sacerdotes
1484 724 1538 770 et
1577 715 1837 785 religiosi,
1869 716 2178 785 vulgaribus

608 810 783 854 tamen
828 798 1010 855 verbis
1036 803 1389 872 .(lilterarum
1419 806 1564 859 enim
1611 806 1832 873 ignarus
1878 807 2023 875 erat)
2051 821 2180 862 con-

600 906 781 960 iurare
809 892 994 961 cmpit.
1027 891 1082 946 ln
1111 909 1270 964 quem
1296 895 1505 950 dmmon
1531 896 1679 950 vultu
1709 897 1878 953 atroci
1923 897 2177 952 terribili-

601 984 810 1055 busquc
841 985 1014 1039 oculis
1045 1001 1125 1047 se.
1172 995 1229 1040 ut
1273 987 1384 1054 ipse
1416 986 1606 1042 solitus
1635 995 1752 1041 erat
1794 988 2020 1054 referre,
2047 1003 2177 1043 con-

600 1076 1036 1146 vertensinquit:
1068 1077 1255 1140 Asino,
1279 1078 1524 1142 bubulce,
1554 1079 1750 1132 nullius
1764 1079 1964 1134 valoris
1992 1080 2174 1143 homo,

600 1164 744 1218 unde
776 1166 890 1219 lucc
933 1166 1026 1221 tibi
1085 1168 1335 1231 audacia,
1377 1184 1484 1235 me,
1516 1179 1573 1222 ut
1632 1167 1865 1240 religiosi
1916 1170 2172 1234 assolent,

600 1253 884 1323 conjures?
914 1256 1013 1309 Abi
1057 1256 1182 1311 hinc
1221 1258 1273 1310 in
1332 1274 1549 1313 crucem
1586 1267 1755 1324 tuam,
1790 1270 1844 1313 et
1877 1269 2023 1314 tuum
2068 1278 2172 1316 non

599 1346 824 1401 aliorum
851 1363 1075 1418 peragas
1114 1350 1416 1419 negotium;
1444 1362 1497 1405 cl
1517 1351 1562 1405 si
1590 1351 1812 1406 ulterius
1839 1352 2032 1417 bellua,
2068 1368 2172 1408 non

598 1434 781 1499 homo,
812 1439 1136 1504 porrexeris,
1165 1438 1293 1492 mihi
1322 1441 1501 1503 crede,
1543 1452 1632 1495 tuo
1670 1444 1930 1512 supplicio
1957 1445 2172 1501 docebis

598 1525 890 1580 humanum
938 1543 1125 1597 genus,
1186 1530 1314 1599 quid
1362 1533 1589 1601 periculi
1644 1532 1923 1590 immineat
1991 1536 2171 1592 divina

596 1615 875 1674 tractanti.
912 1617 1012 1670 nisi
1043 1619 1215 1672 sacris
1244 1619 1393 1674 prius
1426 1621 1669 1678 initiatus
1696 1622 1879 1678 fuerit.

2283 551 2482 607 repens
2518 539 2847 607 pervenerit.

2354 648 2474 705 142,
2514 651 2629 718 Quo
2662 661 2883 721 repente
2932 652 3216 724 subitoque
3247 670 3374 710 casu
3414 664 3693 727 stupentes
3727 658 3854 729 alii,

2280 744 2369 814 qui
2397 753 2573 808 erant,
2623 745 2861 810 bubulci,
2909 747 3052 801 unde
3097 746 3197 802 hoc
3240 747 3361 812 sili,
3412 747 3495 801 vel
3536 763 3655 818 qua:
3703 757 3852 807 tanta

2279 836 2455 906 ipsum
2488 846 2731 892 tenuerat
2765 853 2938 904 mora,
2969 838 3325 902 sciscitantes,
3363 853 3560 906 pavens
3593 849 3855 898 tremens-

2278 941 2382 995 que
2427 927 2604 982 adlmc
2652 927 2802 997 ipsis,
2846 927 2939 998 qui
2986 927 3087 982 hoc
3128 927 3267 983 idem
3317 929 3474 998 paulo
3518 940 3680 991 ante.
3720 929 3848 986 dum

2276 1033 2485 1074 moram
2530 1018 2798 1080 traheret.
2836 1020 3292 1090 conjectaverant,
3333 1037 3444 1076 rem
3472 1036 3711 1085 onmem,
3748 1022 3849 1077 hac

2276 1107 2394 1179 lege
2433 1111 2675 1167 dicerent
2716 1112 2964 1177 nemini.,
3013 1110 3243 1180 aperuit.
3296 1111 3493 1167 Verum
3533 1126 3639 1165 non
3679 1112 3846 1165 multo

2278 1209 2517 1269 tempore
2547 1208 2685 1270 post,
2728 1215 2849 1257 cum
2896 1200 2961 1254 de
2996 1199 3133 1257 istac
3166 1199 3340 1269 puella
3368 1200 3844 1263 sermocinamur,

2276 1292 2426 1360 quasi
2450 1306 2547 1361 pro
2572 1290 2833 1346 miraculo
2858 1292 2970 1346 haec
2995 1289 3182 1344 eadem
3206 1290 3469 1343 Antonius
3496 1288 3845 1359 prtesentibus

2274 1383 2544 1438 nonnullis
2574 1376 2906 1453 praedicavit.
2950 1383 3064 1439 Hoc
3100 1384 3157 1438 S.
3205 1384 3430 1440 Joannis
3470 1383 3720 1454 precibus
3766 1382 3848 1440 fa-

2272 1483 2418 1529 ctum
2444 1475 2570 1529 nulli
2597 1484 2837 1530 nostrum
2860 1476 3081 1530 dubium
3112 1476 3342 1540 exstitit,
3360 1493 3481 1531 cum
3510 1475 3843 1539 suiOrdinis,

2271 1566 2544 1636 prtecipue
2587 1564 2747 1636 hujus
2789 1564 3144 1632 monasterii,
3181 1568 3346 1623 dccus
3391 1568 3668 1638 honosque
3700 1584 3846 1625 cura

2270 1667 2354 1712 est
2379 1675 2393 1712 :
2421 1668 2478 1712 ut
2503 1660 2617 1727 ipse
2646 1667 2700 1712 et
2728 1654 2817 1713 alii
2848 1659 3075 1729 posthac
3101 1659 3166 1712 ad
3197 1658 3499 1727 huiusmodi
3535 1659 3843 1730 turpissima
3878 1720 3881 1723 η

667 1750 787 1804 HO.
834 1750 901 1805 At
951 1767 1248 1810 conversus
1283 1764 1337 1810 et
1372 1758 1652 1813 ueterrimo
1698 1759 1958 1816 άωιῃοτρςε
2006 1777 2163 1832 ηερε.
2198 1780 2244 1841 Β
2273 1758 2452 1807 essent
2498 1749 2762 1804 tardiores
2804 1750 2885 1803 vel
2923 1759 3217 1805 caverent:
3254 1766 3376 1805 nam
3425 1751 3593 1804 ausim
3640 1750 3844 1817 dicere,

595 1847 685 1892 ctu
715 1849 767 1894 et
811 1842 972 1896 minis
1012 1842 1129 1909 ejus
1156 1860 1259 1899 non
1289 1862 1456 1915 parvo
1483 1848 1676 1904 timore
1702 1860 2004 1920 correptus,
2045 1854 2169 1909 inde

595 1943 759 1998 quam
790 1933 985 2002 raptim
1015 1934 1187 1990 abire.
1214 1936 1381 2003 Quem
1413 1954 1579 1994 senex
1614 1942 1750 2008 parti
1783 1956 1895 1997 sua;
1923 1944 2168 2003 difﬁdens

594 2034 922 2091 magnopere
937 2038 1115 2104 orare,
1150 2025 1276 2081 illuc
1295 2027 1459 2082 alium
1487 2044 1552 2083 ex
1578 2031 1824 2087 bubulcis
1849 2050 1942 2088 seu
1983 2034 2165 2089 subul-

590 2111 670 2164 cis
696 2125 795 2179 per
835 2109 962 2168 Jesn
1014 2115 1215 2170 Christi
1265 2118 1609 2176 clementiam
1669 2126 1867 2189 mittat,
1918 2135 1973 2181 et
2023 2126 2166 2183 illico

588 2213 744 2254 Suum
814 2216 1054 2270 praesens
1125 2208 1423 2275 periculum
1496 2212 1702 2269 decano
1782 2217 2166 2287 monachisque

585 2291 870 2346 enuntiare
903 2295 1137 2350 studeat.
1170 2296 1322 2364 Quod
1349 2298 1438 2354 ille
1469 2301 1759 2373 diligenter
1789 2315 1999 2361 oratum
2036 2322 2161 2377 per-

587 2395 775 2450 agens,
835 2384 1130 2442 Antonium
1175 2391 1464 2459 quemdam
1512 2409 1578 2447 ex
1635 2394 1882 2451 bubulcis
1912 2397 2037 2453 illuc
2085 2399 2164 2455 ire

581 2466 774 2538 jussit;
811 2489 1030 2548 remque
1061 2493 1276 2533 onmem
1308 2480 1506 2536 deinde
1531 2481 1675 2538 Patri
1700 2486 1907 2543 decano
1929 2490 2159 2554 aperuit.

584 2557 819 2616 Mittitur
863 2566 1047 2621 statim
1078 2571 1358 2634 sacerdos,
1409 2574 1524 2641 qui,
1577 2575 1654 2629 uti
1697 2574 1906 2644 justum
1960 2578 2160 2647 fuerat,

583 2650 822 2721 puellam
870 2655 1006 2710 stola
1043 2660 1369 2716 sacerdotali
1403 2663 1815 2735 circumligavit,
1865 2676 1921 2721 et
1967 2668 2163 2725 deinde

584 2756 857 2811 parentes,
886 2761 951 2801 ne
981 2746 1207 2804 ulterius
1232 2749 1543 2817 formident,
1570 2769 1821 2819 monens,
1864 2756 2083 2827 insuper
2107 2767 2163 2813 ct

582 2835 815 2891 bubulco
845 2838 1133 2906 imperans,
1159 2843 1225 2897 ad
1247 2859 1402 2897 suum
1434 2845 1650 2900 solitum
1665 2848 1927 2903 concedat
1951 2848 2155 2916 locum;

583 2927 709 2996 quia
737 2926 849 2994 jam
893 2930 1122 2985 multum
1165 2934 1340 2988 noctis
1367 2947 1645 3004 peractum
1674 2948 1818 3003 erat,
1848 2954 2011 3009 quam
2052 2942 2160 2995 cito

583 3015 637 3069 in
671 3019 1056 3074 monasterium
1106 3022 1286 3075 rediit.
1320 3021 1459 3079 Hinc
1486 3024 1647 3080 facile
1690 3027 1913 3099 intelligi
1960 3039 2157 3099 potest,

2276 1838 2435 1893 talem
2482 1854 2594 1894 rem
2640 1848 2765 1895 ante
2808 1839 2890 1893 vel
2936 1848 3056 1909 post
3111 1849 3345 1895 tentasse
3390 1843 3691 1903 nemiuem,
3739 1841 3844 1899 etsi

2270 1924 2451 1982 multa:
2479 1939 2532 1981 et
2561 1928 2710 1981 vultu
2744 1928 2987 1983 modesto
3010 1942 3063 1983 et
3083 1939 3310 1984 venusto
3334 1928 3579 1985 venerint
3604 1940 3660 1986 et
3685 1940 3845 1986 aetate

2271 2017 2479 2087 integra
2531 2019 2739 2089 puellae,
2786 2035 2909 2075 cum
2954 2037 2983 2076 a
3029 2021 3262 2089 diabolo,
3313 2031 3425 2079 tum
3481 2021 3601 2079 aliis
3640 2022 3845 2080 morbis

2268 2124 2562 2180 oppressae.

2340 2222 2460 2277 145.
2501 2221 2606 2277 Sed
2642 2222 2707 2277 ad
2744 2221 3037 2291 diabolum,
3082 2223 3171 2292 qui
3207 2224 3389 2280 Lisam
3426 2225 3662 2296 puellam
3694 2227 3845 2284 inva-

2265 2325 2434 2377 serat.
2467 2318 2770 2372 redeamus.
2801 2316 2935 2372 Cum
2963 2317 3129 2383 enim,
3167 2328 3225 2373 nt
3253 2332 3416 2389 supra
3449 2319 3701 2384 diximus.
3728 2321 3843 2389 jam

2263 2405 2516 2461 omnibus
2554 2407 2668 2461 suis
2705 2407 2912 2462 viribus
2946 2409 3257 2476 destitutus,
3298 2413 3461 2467 etiam
3504 2429 3605 2470 nec
3646 2415 3847 2471 mutire

2262 2496 2493 2564 amplius
2528 2499 2783 2562 auderet,
2829 2498 3041 2554 nivibus
3079 2500 3277 2556 Austro
3320 2501 3484 2557 ﬂante
3515 2502 3842 2574 liquefactis,

2264 2584 2351 2639 die
2375 2584 2629 2654 quadam,
2657 2600 2757 2640 nec
2776 2601 2908 2642 aura
2930 2587 3144 2657 quidem
3171 2590 3429 2660 spirante,
3456 2607 3651 2647 sereno
3676 2591 3840 2661 caelo,

2261 2688 2405 2744 aegre
2444 2673 2510 2728 ad
2552 2674 2842 2743 capellam,
2884 2679 3112 2733 summis
3151 2679 3374 2745 viribus,
3421 2681 3635 2737 diabolo
3675 2697 3751 2737 ne
3785 2682 3842 2738 id

2262 2761 2416 2818 ﬂeret
2464 2764 2766 2831 annitente,
2801 2766 3056 2835 trahitur,
3082 2778 3139 2823 et
3165 2768 3232 2824 de
3255 2785 3409 2825 more
3434 2786 3559 2826 cum
3585 2770 3646 2826 S.
3676 2770 3843 2827 Joan—

2263 2855 2349 2910 nis
2376 2854 2623 2923 brachio,
2650 2859 3007 2927 praesentibus
3034 2861 3316 2917 monachis
3356 2863 3657 2933 devotaque
3691 2863 3838 2933 psal-

2261 2945 2514 3012 lentibus,
2559 2957 2613 3004 et
2654 2950 3008 3018 canentibus,
3054 2953 3107 3008 in
3152 2968 3360 3010 moram
3397 2955 3608 3026 longam
3653 2958 3841 3026 conju-

2261 3037 2435 3091 rando
2455 3048 2510 3092 et
2535 3040 3043 3098 anathematizando
3071 3051 3390 3115 torquetur:
3414 3061 3536 3102 cum
3559 3048 3704 3103 enim
3723 3046 3842 3116 jam

582 3104 737 3173 cujus
768 3107 985 3164 virtutis
1008 3120 1061 3164 et
1088 3113 1339 3180 potentia:
1360 3114 1469 3169 sint
1490 3115 1642 3172 stolas
1663 3129 1927 3183 sacrm,et
1944 3133 2159 3186 cte'era,
2189 3115 2235 3178 C
2265 3126 2573 3183 discedendi
2603 3138 2815 3199 tempus
2852 3133 3083 3197 adesset,
3128 3104 3371 3204 pristinis
3396 3138 3602 3193 viribus
3632 3104 3842 3194 resum-

583 3195 780 3261 quibus
846 3201 1155 3257 sacerdotes
1199 3215 1485 3269 ornantur,
1537 3206 1663 3261 dum
1695 3209 1810 3263 suis
1870 3209 2164 3281 funguntur

581 3286 795 3354 olIiciis,
834 3289 939 3346 tlde
969 3302 1166 3358 tamen,
1197 3306 1252 3350 ut
1277 3297 1334 3352 tit
1365 3298 1416 3352 in
1439 3301 1652 3356 caeteris
1678 3301 1836 3357 rebus
1860 3303 2159 3371 praemissa.

583 3375 716 3433 Nam
742 3380 1004 3446 diabolus,
1051 3387 1142 3455 qui
1184 3399 1339 3445 antea
1370 3392 1519 3447 ferox
1570 3396 1622 3449 iu
1670 3411 1826 3451 senes
1857 3396 1974 3452 illos
1999 3398 2163 3452 mise-

584 3471 782 3528 rabilcs
830 3474 1024 3534 fuerat.
1080 3479 1130 3533 in
1184 3481 1320 3538 alios
1374 3500 1502 3540 vero
1558 3488 1722 3543 verba
1773 3487 2158 3544 contumeliosa

581 3557 814 3631 dixerat,
860 3569 999 3624 stola
1053 3573 1444 3645 circumligata,
1493 3580 1828 3646 utdiximus,
1870 3581 2157 3644 demissus,

564 3653 822 3723 humilis,
865 3659 1197 3731 impotensve
1248 3668 1495 3737 cﬂectus,
1547 3680 1711 3727 totam
1759 3683 1971 3728 noctem
2007 3674 2160 3729 duxit

581 3744 843 3813 quietam.

653 3882 777 3938 Ml.
817 3885 1049 3940 Additur
1078 3887 1202 3942 huic
1232 3900 1287 3942 et
1316 3890 1458 3944 aliud
1492 3893 1829 3949 miraculum.
1873 3896 2009 3951 Nam
2039 3899 2155 3953 An-

580 3973 761 4029 tmius
804 3975 893 4031 ille
935 3975 1223 4045 bubulcus,
1256 3998 1415 4050 quem
1470 3985 1630 4052 paulo
1679 3997 1807 4042 ante
1849 3990 2155 4057 retulimus,

579 4062 669 4118 cui
691 4063 852 4118 boum
882 4080 1011 4119 cura
1035 4084 1156 4121 cum
1197 4069 1317 4124 aliis
1346 4073 1921 4147 quibusdaminjuncta
1955 4080 2153 4146 fuerat,

578 4155 720 4225 turpi
749 4169 933 4211 amore
964 4157 1153 4226 puellae
1174 4170 1381 4230 captus,
1418 4180 1600 4220 secum
1632 4168 1684 4221 in
1735 4180 1911 4225 mente
1940 4172 2156 4229 volvere

577 4245 763 4315 coepit,
791 4262 897 4317 qua
931 4249 1014 4303 via
1038 4261 1222 4320 posset
1242 4252 1377 4308 clam
1408 4256 1721 4326 parentibus
1759 4259 1924 4331 ipsius
1963 4264 2154 4335 puella:

574 4337 737 4405 potiri
781 4341 1090 4396 concubitu.
1144 4342 1279 4398 Nam
1335 4362 1456 4400 cum
1512 4349 1753 4405 moribus
1790 4360 1900 4407 tum
1956 4343 2150 4411 natu'ra

2262 3216 2372 3285 ptis
2404 3218 2711 3274 exclamare
2749 3230 2987 3291 repente,
3029 3224 3372 3291 debacchari,
3408 3229 3647 3284 convicia
3672 3228 3840 3284 male-

2262 3306 2516 3379 dictaque
2545 3309 2749 3377 dicere,
2779 3311 2937 3368 solito
2964 3313 3116 3385 pejus
3148 3317 3379 3386 puellam
3404 3334 3617 3375 sursum
3651 3318 3839 3376 tollere

2262 3399 2447 3467 cmpit.

2334 3509 2455 3565 444.
2495 3512 2896 3572 Accedentibus
2939 3516 3103 3589 igitur
3141 3520 3432 3587 nonnullis,
3479 3522 3570 3592 qni
3611 3521 3837 3578 aderant

2261 3593 2579 3667 familiares,
2611 3605 2880 3660 montanis
2907 3605 3279 3676 ferocissimis,
3309 3624 3427 3665 eam
3457 3611 3690 3666 maximo
3709 3626 3834 3668 cum

2261 3686 2446 3743 labore
2487 3690 2572 3745 vix
2618 3692 2813 3749 sistere
2851 3695 3181 3766 valentibus,
3224 3714 3323 3769 pro
3367 3710 3602 3770 tempore
3628 3700 3836 3771 quievit

2259 3776 2489 3832 daemon.
2535 3777 2772 3836 Tandem
2816 3780 2873 3835 S.
2918 3783 3142 3841 Joannis
3184 3788 3438 3844 virtutem
3465 3789 3694 3861 amplius
3722 3804 3835 3845 non

2258 3865 2458 3935 ferens,
2490 3869 2596 3926 alio
2641 3873 2845 3944 ingenti
2887 3891 3012 3931 cum
3054 3879 3289 3937 stridore
3324 3883 3614 3938 concessit.
3650 3880 3832 3937 Puella

2257 3973 2387 4015 vero
2413 3976 2444 4017 e
2472 3964 2721 4020 manibus
2754 3969 3050 4024 tenentium
3090 3971 3347 4041 paulatim
3399 3974 3679 4045 prolapsa,
3716 3973 3830 4039 diu,

2255 4051 2335 4106 uti
2363 4053 2466 4109 hac
2494 4055 2604 4109 vita
2629 4058 2840 4115 mortali
2870 4060 3055 4116 functa
3090 4077 3253 4131 supra
3282 4062 3528 4119 ecclesiae
3556 4063 3833 4134 pavimen-

2258 4149 2369 4197 tum
2390 4141 2578 4211 jacuit.
2619 4147 2838 4204 Demum
2868 4167 3115 4222 surgens,
3140 4151 3267 4209 Jesu
3308 4156 3360 4209 in
3401 4152 3629 4224 primis,
3656 4156 3836 4227 Virgi-

2254 4232 2419 4302 nique
2445 4232 2646 4300 Mariae,
2685 4249 2740 4294 et
2769 4237 2827 4293 S.
2855 4239 3051 4296 Joanni
3080 4243 3283 4313 gratias
3311 4258 3504 4314 agens,
3543 4244 3663 4300 lata
3705 4262 3831 4304 cum

2255 4324 2367 4379 suis
2407 4325 2628 4381 domum
2672 4331 2946 4399 propriam
2984 4332 3277 4387 contendit.
3323 4332 3553 4399 Verum,
3590 4336 3831 4394 nondum

574 4429 881 4485 msucanus
920 4442 1036 4487 eral
1073 4432 1284 4508 [essm].
1321 4437 1450 4506 quid
1481 4439 1704 4507 pericu"
1734 4441 1804 4498 ob
1826 4443 2024 4501 diaboli
2046 4463 2147 4503 sae-
2179 4449 2229 4508 Β
2256 4417 2426 4472 tritius
2457 4421 2732 4476 mensibus
2758 4424 3005 4493 capletis,
3051 4425 3243 4481 iterum
3288 4426 3424 4481 idem
3465 4430 3677 4484 daemon
3708 4443 3831 4486 eam

572 4517 760 4572 vitium
812 4521 1141 4588 immineret.
1200 4527 1419 4583 minime
1462 4532 1721 4602 cogi'ans.
1766 4548 1949 4590 verum
2000 4539 2154 4594 voln-

573 4618 773 4677 ptatem
817 4615 1010 4670 malam
1060 4622 1262 4674 unitum
1293 4621 1512 4690 explere
1539 4627 1776 4694 cupiens.
1818 4626 1931 4683 Sibi
1984 4632 2148 4687 multa

571 4700 800 4770 agitanti
834 4704 947 4759 hcec
974 4709 1175 4776 optima
1214 4711 1299 4765 via
1350 4713 1460 4768 visa
1488 4725 1592 4778 est,
1624 4718 1826 4773 aditum
1875 4720 2144 4786 fenestrm,

573 4806 694 4860 qua:
736 4803 942 4863 partem
987 4800 1306 4865 respiciebat
1361 4804 1699 4871 inferiorem.
1757 4811 1918 4866 scalis
1958 4813 2148 4881 positis

575 4894 813 4952 tentare;
851 4904 970 4958 quze
1010 4890 1224 4958 quidem
1266 4893 1502 4951 fenestra
1555 4898 1789 4967 pessulo,
1849 4917 1942 4955 seu
2000 4918 2142 4969 sera,

572 4975 718 5033 ῐιιέηο
748 4979 980 5035 artiﬁcio
1033 4982 1211 5036 inepte
1249 4984 1383 5036 adeo
1410 4987 1793 5036 ‘clandelmtnr-
1860 5000 1917 5036 nl.
1966 4994 2145 5036 nniuic

2254 4512 2494 4567 atrocius
2520 4512 2681 4569 solito
2714 4513 2934 4572 invasit.

2322 4623 2447 4678 H5.
2490 4623 2567 4679 Eo
2592 4638 2845 4695 parentes
2871 4629 3097 4683 nimium
3119 4632 3379 4699 percussi,
3407 4631 3535 4702 quid
3564 4633 3615 4686 in
3644 4630 3831 4699 hujus-

2251 4712 2394 4768 modi
2430 4729 2488 4769 re
2523 4716 2690 4772 atroci
2727 4729 2968 4788 agerent,
3016 4735 3124 4791 quo
3165 4736 3223 4778 se
3263 4732 3567 4785 verterent,
3613 4723 3827 4793 penitus

2250 4803 2593 4874 ignorabant.
2641 4807 2756 4863 llue
2789 4812 2965 4865 redire
3008 4826 3103 4867 eos
3140 4814 3409 4882 pudebat,
3449 4813 3556 4867 alio
3595 4829 3653 4870 se
3689 4831 3824 4868 con-

2249 4890 2416 4957 ferre,
2445 4897 2547 4950 etsi
2582 4899 2877 4953 necessitas
2909 4911 3148 4970 cogeret,
3190 4912 3385 4967 tamen,
3432 4904 3557 4973 quia
3588 4912 3644 4957 et
3678 4906 3827 4957 vires

2246 4992 2302 5036 et
2332 4987 2572 5036 uecunize
2600 4987 2772 5036 longis
2799 4990 3084 5036 itineribus
3121 4991 3228 5036 iam
3261 4994 3557 5036 almnmntm
3589 4992 3813 5036 fiman
