4110 5362
371 295 476 354 869

1893 286 2084 341 ACTA.

3523 287 3622 344 870

372 402 532 457 modo
560 399 787 464 orando,
820 396 1202 469 supplicando,
1245 395 1417 466 ipsum
1451 395 1747 450 dientnnem
1783 409 1937 449 acer-
1972 423 2015 475 Α
2046 395 2320 458 recreatis,
2373 397 2554 450 tandiu
2603 396 2939 451 orationibus
2985 403 3038 450 ct
3086 395 3338 467 precibus
3375 396 3621 455 instaret.

373 492 508 552 rimo
538 491 871 560 impugnare.

333 562 345 629 ξ
444 583 568 637 N6.
608 583 741 636 Cum
783 581 947 648 igitur
975 577 1101 631 hinc
1144 577 1269 632 inde
1306 592 1514 631 sununa
1552 578 1600 630 vi
1643 576 1949 631 decertare-

371 681 481 738 tur,
531 680 585 727 et
627 669 853 725 Joannis
891 668 1213 722 sanctissimi
1262 669 1488 722 virtutes
1515 680 1807 736 crucesque
1839 675 1947 718 tant

294 796 301 802 -
369 776 591 830 asperas
622 758 865 813 diabolus
909 757 1140 827 amplius
1184 762 1427 825 perferre
1475 772 1578 810 non
1627 764 1845 825 posset,
1894 755 1947 807 in

369 866 526 906 senes
565 849 708 913 illos,
740 858 992 917 parentes
1031 846 1241 918 puellae,
1276 855 1453 901 truces
1494 845 1677 899 oculos
1718 859 1945 899 conver-

369 948 508 1003 tens,
542 955 642 996 nec
666 936 892 992 mortale
922 952 1142 1000 sonans,
1178 936 1391 1007 inquit:
1422 935 1595 1006 luiqui
1636 935 1948 1004 perversive

369 1049 549 1099 senes,
581 1048 679 1088 cur
706 1046 792 1085 me
821 1030 1094 1101 filiamque
1125 1040 1385 1094 vestram,
1420 1029 1532 1082 vita
1563 1044 1594 1082 a
1626 1028 1778 1083 vobis
1807 1028 1946 1082 male

366 1132 422 1177 et
447 1122 678 1193 pessime
705 1120 967 1183 instituta,
1001 1120 1053 1172 in
1085 1127 1161 1172 tot
1188 1117 1482 1173 devexistis
1514 1115 1814 1171 tormenta?
1841 1113 1947 1170 Re-

367 1217 499 1280 dite,
540 1215 710 1269 redite
738 1214 805 1267 ad
838 1212 1266 1277 conscientiam;
1309 1210 1551 1265 facinora
1589 1208 1676 1264 illa
1708 1209 1943 1275 mucida,

366 1319 487 1374 quae
513 1304 659 1360 intus
678 1303 867 1367 latent,
892 1302 1004 1372 jam
1025 1311 1343 1372 expurgate,
1373 1311 1431 1354 ut
1451 1300 1781 1371 paenitentia:
1805 1301 1943 1354 acri-

366 1396 547 1448 monia
568 1434 584 1461 ,
631 1395 903 1450 virtuteve
939 1393 1031 1447 Dei
1064 1403 1343 1447 curentur.
1374 1391 1471 1446 llis
1496 1391 1652 1446 dictis
1688 1391 1947 1445 conticuit

364 1485 592 1537 memon.
638 1482 701 1536 lli
736 1498 862 1537 vero
903 1482 1097 1537 rubore
1140 1481 1368 1551 perfusi,
1415 1498 1518 1550 qua
1557 1491 1779 1550 potuere
1815 1496 1944 1534 con-

366 1575 605 1639 tritione,
645 1590 737 1629 sua
773 1584 992 1644 peccata
1035 1573 1267 1628 confessi
1308 1582 1456 1627 sunt.
1491 1572 1568 1624 Ex
1603 1583 1728 1626 tunc
1757 1572 1945 1625 diabo-

366 1666 450 1718 lus
501 1664 663 1717 velnti
714 1663 895 1717 fumus
944 1662 1091 1717 visus
1136 1672 1220 1718 est
1260 1678 1358 1734 per
1400 1661 1592 1732 puellae
1640 1677 1702 1716 os
1748 1676 1943 1731 supera

2050 485 2317 552 quandiu,
2373 494 2465 538 aut
2517 485 2765 539 diabolus
2828 486 3148 539 alioversum
3205 485 3474 553 tenderet,
3529 497 3622 543 aut

2049 572 2166 626 dies
2238 572 2501 626 finiretur.
2587 574 2753 640 Quem
2836 574 3073 628 laborem
3144 576 3435 630 monachus
3498 590 3621 629 cum

2050 661 2279 715 libenter
2346 663 2566 726 obiret,
2642 673 2930 731 oraretqne
3010 663 3388 729 incessanter,
3462 664 3622 719 ambo

2048 750 2158 822 (ille
2206 750 2538 819 conjurando
2568 792 2584 818 ,
2642 753 2729 806 hic
2780 753 3144 823 vociferando)
3198 753 3393 807 defessi
3469 761 3616 807 sunt.

2046 844 2247 901 Verum
2310 846 2523 901 tandem
2590 845 2731 901 Deus
2799 847 3139 917 omnipotens
3185 863 3253 901 ex
3325 848 3432 903 alto
3487 866 3621 919 pro-

2048 944 2346 1005 spectans,
2402 935 2612 991 mulieri
2681 938 2932 1007 precibus
2992 937 3215 993 Joannis
3284 941 3621 998 sanctissimi

2047 1042 2202 1097 opem
2256 1028 2421 1093 tulit;
2489 1043 2614 1082 nam
2662 1027 2802 1082 inter
2848 1027 3273 1098 conjuraudum:
3309 1030 3500 1096 Exibo,
3534 1031 3620 1085 iu-

2047 1119 2182 1189 quit,
2214 1120 2395 1187 exibo,
2432 1119 2573 1174 idem
2597 1120 2713 1174 dira
2744 1135 2875 1176 voce
2906 1122 3224 1191 geminans;
3264 1123 3390 1193 quia
3425 1124 3511 1176 hic
3536 1122 3619 1176 ul-

2049 1212 2213 1265 terius
2234 1225 2373 1276 esse,
2403 1210 2612 1266 etiamsi
2644 1199 3009 1275 sit’voluntas,
3038 1222 3273 1281 potestas
3303 1229 3405 1267 non
3437 1213 3614 1267 datur.

2046 1300 2198 1367 Quod
2222 1300 2375 1355 nobis
2402 1301 2475 1354 tui
2501 1301 2679 1355 exitus
2705 1299 2913 1369 signum
2940 1301 3113 1365 dabis,
3144 1302 3316 1370 inquit
3338 1305 3615 1356 sacerdos.

2044 1389 2296 1455 Cereum,
2328 1390 2415 1445 ille
2448 1389 2590 1463 [ait],
2620 1392 2901 1445 ardentem
2942 1390 3300 1461 exstinguam.
3345 1392 3491 1446 lllico
3528 1407 3619 1447 eeo

2044 1494 2195 1533 reum
2227 1494 2535 1545 accensum,
2570 1477 2741 1534 solum
2790 1494 2895 1533 non
2920 1479 3197 1544 exstinxit,
3244 1481 3337 1534 sed
3379 1484 3613 1550 quadam

2044 1569 2379 1638 impatientia
2425 1569 2637 1635 ductus,
2696 1568 2763 1622 ad
2810 1576 3008 1622 terram
3059 1568 3331 1623 detrusit:
3378 1569 3618 1625 lnerebat

2045 1664 2189 1719 enim
2215 1661 2431 1733 parieti.
2481 1663 2633 1718 Anus
2678 1678 2805 1718 vero
2856 1663 2944 1718 diu
2994 1662 3138 1718 velut
3168 1662 3417 1718 defuncta
3468 1665 3616 1719 humi

363 1762 566 1823 petere.
595 1754 723 1820 Quae
745 1754 960 1823 quidem
988 1751 1390 1808 devotissitnam
1420 1761 1476 1805 et
1504 1752 1687 1805 utilem
1718 1766 1937 1836 suerunt
1970 1749 2015 1809 Β
2041 1763 2312 1825 prostrata
2339 1752 2548 1822 jacens,
2596 1768 2891 1824 exsurgens
2919 1753 3129 1807 tandem
3173 1752 3284 1806 Deo
3320 1762 3618 1822 sanctoque

364 1845 629 1900 scelerum
672 1846 725 1899 in
773 1848 872 1899 hoc
917 1843 976 1899 S.
1020 1843 1203 1900 Maria:
1256 1848 1608 1909 monasterio,
1653 1844 1789 1897 sicut
1838 1858 1938 1911 pa-

365 1947 571 2001 rentes,
598 1935 784 1991 habuit
804 1934 1223 2000 confessionem,
1246 1944 1299 1989 et
1320 1933 1548 1988 Domino
1568 1932 1696 1989 .lesu
1724 1935 1938 2001 deinde,

363 2027 456 2097 qui
484 2042 602 2080 eam
633 2026 888 2095 sospitem
922 2025 1149 2091 fecerat,
1194 2037 1249 2079 ut
1281 2039 1500 2094 sponso,
1532 2024 1776 2078 adhmsit.

980 2115 1063 2170 PA
1075 2116 1160 2171 llS
1199 2114 1313 2169 Xll.

434 2206 556 2262 M7.
585 2209 732 2263 Anus
777 2208 1019 2279 quadam
1051 2210 1117 2263 de
1151 2209 1210 2263 S.
1245 2207 1428 2262 Maria:
1441 2206 1688 2263 Pruneta'
1708 2208 1940 2280 regioni-

362 2302 483 2363 bus,
500 2300 678 2354 utultis
700 2301 1101 2365 comitantibus,
1136 2301 1259 2370 quia
1280 2316 1385 2354 non
1409 2300 1640 2355 obscuro
1664 2299 1780 2354 loco
1812 2308 1938 2353 nata

360 2392 552 2465 [erat],
583 2394 634 2446 in
660 2394 904 2463 jumeuto
934 2392 1174 2461 undique
1204 2390 1423 2446 funibus
1447 2392 1808 2461 circumsepta
1848 2406 1935 2446 se-

362 2496 515 2549 dens,
553 2483 630 2538 sic
657 2485 724 2537 ad
756 2483 857 2537 hoc
882 2483 941 2536 ὃ.
975 2481 1159 2536 Mariae
1188 2482 1575 2536 monasterium
1618 2482 1889 2537 concessit
1918 2494 1934 2535 :

359 2591 522 2644 quam
554 2574 765 2629 daemon
818 2572 953 2628 adeo
986 2572 1137 2628 ferox
1168 2573 1497 2642 demensque
1536 2574 1841 2640 invaserat,
1880 2583 1938 2628 ut

360 2664 717 2733 praesentibus
740 2664 1021 2719 monachis
1040 2680 1162 2718 cum
1185 2663 1451 2735 reliquiis,
1484 2681 1514 2719 a
1541 2665 1746 2732 multis,
1761 2665 1927 2721 etiam

362 2759 611 2811 manibus
637 2774 666 2809 a
700 2767 846 2826 tergo
869 2757 1150 2822 revinctis,
1179 2771 1279 2810 nec
1309 2756 1485 2811 teneri
1517 2772 1617 2811 nec
1640 2757 1781 2813 lleeti
1806 2773 1932 2829 pos-

363 2857 468 2900 set.
501 2848 575 2901 Εο
597 2862 819 2902 necesse
854 2847 957 2903 fuit
987 2846 1099 2919 [ad]
1128 2848 1359 2904 abietem
1385 2848 1696 2918 quamdam,
1721 2863 1842 2918 quae
1880 2847 1934 2901 in

361 2936 562 3006 capella
602 2936 671 2990 ob
702 2952 898 2990 novum
947 2936 1234 2991 aedilicium
1272 2938 1636 3007 peragendum
1682 2946 1793 2990 tum
1832 2937 1935 2991 sita

361 3024 555 3097 [erat],
589 3026 716 3081 forte
745 3027 1114 3081 circumducto
1148 3026 1316 3099 [caui]
1354 3028 1594 3092 irretire;
1630 3036 1686 3081 et
1722 3027 1797 3082 ita
1844 3028 1932 3081 vix

362 3117 479 3173 sisti
503 3115 788 3189 lpoterat].
819 3115 1008 3188 Opera:
1038 3118 1272 3187 pretium
1295 3119 1402 3171 erit
1433 3118 1739 3184 advertere,
1766 3133 1929 3187 quam

362 3224 391 3261 a
424 3209 666 3263 daemone
701 3207 916 3263 assidue
940 3217 1277 3277 quateretur,
1303 3207 1534 3263 subinde
1563 3209 1798 3263 subnixo
1830 3224 1930 3265 ex-

363 3298 661 3362 tolleretur,
700 3298 1007 3353 exclamare
1047 3299 1242 3370 ipsam,
1278 3297 1513 3353 ululatus
1549 3300 1721 3355 aniles
1749 3300 1931 3366 edere,

359 3404 422 3443 se
450 3388 701 3443 miseram
737 3405 847 3460 prae
882 3388 1066 3446 dolore
1092 3389 1393 3456 clamitare,
1431 3389 1504 3445 ita
1529 3391 1798 3455 omnibus,
1841 3390 1931 3460 qui

361 3484 607 3546 aderant,
637 3491 690 3535 et
710 3481 1093 3537 misericordiae
1138 3496 1260 3538 esse
1300 3490 1355 3538 et
1380 3481 1572 3536 terrori
1599 3497 1705 3536 non
1744 3497 1931 3552 parvo.

435 3573 556 3627 148.
613 3570 809 3627 Verum
864 3589 987 3628 eum
1039 3572 1291 3637 daemoni,
1343 3572 1447 3628 etsi
1505 3571 1818 3642 ingentibus
1872 3568 1933 3626 S.

361 3662 588 3717 Joannis
614 3664 810 3718 virtute
833 3662 1144 3719 afficeretur
1167 3663 1520 3729 cruciatibus,
1547 3663 1689 3717 vires
1715 3676 1821 3717 non
1842 3661 1937 3716 im-

364 3757 757 3822 minuereutur,
790 3756 898 3810 imo
940 3757 1111 3827 magis
1140 3755 1419 3828 magisque
1463 3762 1813 3825 augerentur,
1862 3752 1937 3807 ita

362 3847 590 3903 defessis
610 3849 877 3915 omnibus,
904 3849 994 3917 qui
1020 3863 1141 3903 eam
1169 3851 1406 3904 vinctam
1433 3848 1726 3913 habebant,
1747 3862 1939 3904 mona-

364 3941 451 3995 chi
484 3942 753 3997 cantando
788 3950 843 3996 et
889 3941 1118 4008 orando,
1165 3941 1238 3997 ita
1286 3950 1343 3996 ut
1382 3941 1442 3996 fit
1485 3955 1723 4010 semper,
1773 3956 1938 3994 anum

364 4030 538 4100 ipsam
568 4038 759 4085 natura
788 4040 843 4086 et
867 4039 1025 4093 aetate
1049 4031 1350 4101 squalidam
1394 4042 1450 4086 et
1470 4032 1817 4098 horrendam,
1850 4032 1937 4086 cui

363 4121 528 4174 etiam
556 4120 797 4175 diabolus
822 4118 1449 4195 feramtdeformemque
1480 4120 1785 4176 reddiderat
1813 4135 1937 4189 spe-

364 4210 504 4265 ciem
532 4209 664 4276 oris,
698 4209 889 4278 trepidi
918 4209 1228 4265 deserentes
1249 4210 1459 4264 rediere
1485 4210 1649 4264 intro.
1674 4208 1938 4264 Caeterum

362 4301 469 4362 hoc
507 4302 812 4357 miserabile
850 4302 1214 4374 spectaculum
1260 4301 1533 4367 omnibus,
1559 4302 1650 4371 qui
1690 4300 1937 4365 aderant,

2039 1847 2255 1914 Joanni,
2284 1847 2408 1902 inde
2432 1845 2585 1902 nobis
2613 1846 2818 1915 gratias
2845 1860 3037 1916 agens;
3068 1845 3284 1900 domum
3311 1859 3464 1899 suam
3491 1846 3609 1898 laeta

2040 1955 2148 1993 una
2177 1954 2301 1994 cum
2331 1938 2494 1993 sociis
2522 1938 2807 1993 concessit.

2112 2030 2216 2087 I50
2241 2030 2483 2086 Vidimus
2501 2028 2554 2083 in
2581 2029 2683 2083 hoc
2707 2026 2767 2084 S.
2791 2026 2971 2082 Marize
2992 2028 3319 2082 monasterio
3346 2036 3401 2083 et
3426 2028 3612 2096 aliam,

2039 2122 2094 2177 in
2124 2122 2398 2191 decrepita
2418 2128 2578 2176 astate
2597 2119 2964 2184 constitutam,
2990 2132 3109 2188 quae
3130 2134 3271 2173 nunc
3288 2134 3446 2175 secus
3470 2135 3611 2185 eam,

2038 2214 2107 2268 de
2132 2227 2236 2281 qua
2265 2227 2409 2265 nttnc
2439 2210 2659 2265 verbum
2699 2209 2926 2265 fecirnus
2947 2250 2963 2274 ,
2997 2225 3026 2261 a
3058 2209 3300 2263 dienione
3324 2210 3615 2265 crudeliter

2040 2304 2412 2371 torquebatur.
2466 2301 2659 2355 Verum
2709 2314 3090 2367 nommnquam
3122 2297 3305 2367 jocum
3346 2309 3402 2353 et
3443 2300 3610 2354 risutn

2037 2391 2103 2446 de
2130 2406 2189 2445 se
2218 2393 2369 2453 dare,
2411 2406 2533 2445 cum
2572 2390 3008 2459 presbyterorum
3041 2402 3190 2441 more
3218 2388 3476 2458 hynmum
3502 2390 3614 2441 An-

2036 2482 2291 2552 gelieunt,
2321 2480 2807 2551 Apostolus-umque
2830 2478 3152 2550 symbolum,
3179 2480 3321 2548 quod
3346 2475 3500 2533 festis
3526 2493 3615 2533 ce-

2036 2573 2370 2641 lebratisqne
2385 2572 2573 2625 diebus
2590 2571 2804 2634 dicitur,
2828 2579 3048 2624 eanerct
3062 2585 3169 2623 non
3196 2569 3447 2623 absurde.
3474 2568 3610 2623 Cum

2036 2665 2204 2734 igitur
2232 2664 2390 2735 longa
2428 2661 2802 2731 conjuratioue
2829 2664 3187 2731 frangeretur,
3222 2661 3439 2715 tandem
3469 2676 3609 2728 rem,

2036 2772 2135 2813 cur
2160 2773 2266 2811 non
2290 2756 2395 2812 alio
2421 2756 2764 2821 concederet,
2787 2756 2931 2810 nullo
2958 2756 3345 2825 interrogante,
3372 2754 3605 2823 aperuit.

2034 2848 2225 2903 Aiebat
2247 2849 2421 2903 enim:
2444 2845 2580 2913 Nisi,
2596 2848 2736 2916 quod
2759 2847 2900 2901 intra
2920 2854 3094 2901 vestes
3106 2845 3265 2900 situm
3285 2844 3447 2899 breve
3462 2844 3508 2915 (l
3520 2844 3608 2912 68)

2036 2941 2191 3006 latet,
2220 2951 2556 3006 amoveatur;
2587 2941 2731 3003 hinc,
2758 2938 2804 2993 si
2834 2938 3049 3004 vellem,
3077 2951 3286 3006 nequeo
3309 2936 3611 2991 discedere.

2035 3030 2196 3085 Locis
2244 3030 2408 3101 igitur
2453 3029 2673 3096 abditis,
2721 3029 2999 3084 sacerdote
3048 3035 3104 3081 et
3152 3026 3207 3081 id
3254 3028 3609 3091 assentiente,

2037 3121 2320 3186 scrutatis,
2352 3120 2575 3175 dissutis
2614 3120 2815 3185 etiam,
2865 3134 2971 3173 anu
3009 3117 3121 3183 illa,
3148 3131 3217 3171 ne
3260 3116 3388 3187 quid
3434 3116 3609 3181 fieret,

2032 3209 2356 3281 prohibente
2381 3248 2397 3275 ,
2426 3210 2702 3264 inventum
2727 3218 2828 3264 est.
2869 3208 2986 3275 Quo
3013 3214 3216 3276 amoto,
3244 3222 3371 3261 mox
3398 3206 3609 3262 danuon

2033 3302 2275 3358 clamans
2305 3316 2436 3357 voce
2476 3317 2668 3371 magna
2696 3302 2801 3354 alio
2829 3300 3123 3356 contendit.

2108 3390 2231 3446 l5l.
2261 3391 2317 3444 ld
2348 3390 2510 3446 breve
2540 3392 2919 3460 conspeximus
2944 3389 3056 3446 fere
3085 3405 3276 3446 omnes
3315 3391 3471 3459 lmjus
3499 3406 3614 3447 mo-

2035 3482 2261 3538 nasterii
2291 3482 2558 3536 monachi.
2598 3481 2725 3533 Erat
2745 3482 2887 3534 enim
2918 3481 3084 3549 signis
3112 3481 3280 3536 variis
3330 3483 3611 3536 characte-

2037 3572 2327 3640 risbusque
2361 3569 2680 3640 quibusdam
2711 3570 2762 3623 in
2797 3570 3027 3642 angulis,
3066 3570 3373 3625 nominibus
3403 3573 3608 3636 mixtis,

2039 3665 2360 3735 impressum
2406 3677 2529 3719 cera
2560 3662 2679 3717 alba
2706 3662 2919 3733 filisqne
2951 3662 3381 3732 circumligatum
3415 3680 3427 3717 :
3456 3666 3611 3732 cujus

2038 3769 2145 3810 non
2165 3754 2343 3808 omnia
2358 3754 2451 3809 sed
2471 3754 2711 3825 qumdam
2729 3762 2883 3808 teneo
2900 3752 3139 3818 nomina,
3156 3750 3233 3824 0g
3255 3752 3400 3825 (l69)
3422 3753 3615 3807 videli-

2039 3857 2127 3903 cet
2146 3856 2199 3902 et
2222 3846 2431 3919 Magog,
2464 3862 2583 3916 qua:
2608 3848 2659 3901 in
2678 3846 2902 3902 Joannis
2930 3846 3275 3918 evangelista-
3294 3846 3614 3917 Apocalypsi

2038 3939 2289 4010 leguntur
2339 3937 2887 4009 :Tetragrannnaton
2942 3939 3184 4008 insuper,
3233 3937 3464 4003 Adonai,
3507 3939 3609 3991 Sa-

2039 4027 2223 4094 baoth,
2249 4044 2368 4098 quae
2420 4026 2638 4099 quidem
2666 4028 2905 4093 nomina,
2936 4036 2993 4081 ut
3021 4036 3217 4082 nostra:
3249 4028 3444 4082 docent
3466 4028 3616 4081 Scri-

2038 4130 2233 4190 plorat,
2257 4119 2348 4173 Dei
2379 4118 2555 4190 magni
2588 4127 2731 4173 sunt.
2763 4117 2887 4172 llaec
2909 4118 3033 4172 huic
3057 4117 3207 4186 operi
3232 4132 3324 4171 seu
3354 4115 3621 4170 miraculo

2043 4212 2281 4267 inserere
2308 4226 2412 4268 non
2444 4211 2541 4264 ahs
2572 4227 2627 4264 re
2666 4210 2840 4264 visum
2880 4220 2986 4274 est,
3017 4218 3073 4261 ut
3105 4208 3282 4278 quivis
3320 4208 3617 4278 intelligat,

2043 4304 2338 4358 dmutonem
2366 4302 2562 4372 smpius
2595 4311 2705 4356 tum
2755 4301 2933 4356 verbis
2980 4309 3088 4354 tum
3122 4300 3282 4353 rebus
3313 4298 3465 4367 ipsis,
3514 4298 3614 4351 sub

364 4394 572 4453 exsutit
596 4413 610 4448 :
638 4394 726 4448 ubi
749 4394 894 4448 enim
919 4394 1165 4449 monachi
1196 4407 1408 4448 cessere
1430 4391 1571 4446 forte
1597 4406 1694 4461 per
1725 4393 1935 4457 horam,
1969 4414 2017 4473 Β
2043 4394 2180 4448 facie
2215 4393 2683 4463 speciequehoni,
2716 4392 2943 4446 miseros
2969 4390 3221 4443 mortales
3244 4398 3299 4443 et
3325 4402 3494 4456 genus
3521 4385 3617 4439 fal-

361 4505 485 4544 eam
507 4489 712 4543 daemon
744 4489 890 4559 (nam
924 4488 1097 4543 soluta
1128 4488 1266 4559 erat)
1290 4488 1342 4541 in
1369 4502 1560 4558 gyrum
1592 4495 1824 4552 vertere,
1852 4487 1940 4540 in-

359 4580 805 4652 comparabiliter
847 4594 1080 4645 movere,
1123 4589 1179 4632 et
1207 4578 1281 4632 ita
1314 4579 1565 4633 tartareis
1590 4578 1811 4633 vocibus
1839 4592 1937 4633 ex-

327 4653 627 4757 }clamare,
660 4670 763 4744 [ut]
797 4683 1007 4727 montes
1029 4663 1301 4741 collesque
1331 4671 1508 4741 supini
1538 4681 1591 4726 et
1622 4671 1939 4726 formidolo-

314 4770 329 4792 ’ί
364 4779 441 4818 sze
471 4780 630 4834 rupes
660 4778 846 4818 vocem
889 4764 1242 4833 reciprocam,
1280 4770 1340 4816 ut
1369 4761 1545 4818 Poeta:
1579 4764 1748 4817 nostri
1780 4762 1939 4816 dicti-

365 4865 448 4910 tat
475 4857 766 4921 sententia,
796 4854 1016 4910 reddere
1044 4854 1376 4910 viderentur.

440 4949 561 5004 H9.
602 4948 703 5016 Qui
724 4963 854 5003 vero
874 4956 1126 5017 parentes
1140 4956 1194 5001 et
1212 4948 1437 5002 comites
1462 4946 1709 5012 aderant,
1736 4946 1940 5017 ingenti

365 5050 587 5110 stupore
625 5041 886 5111 percussi,
912 5055 1055 5106 cum,
1089 5040 1217 5109 quid
1242 5040 1296 5093 in
1323 5040 1413 5093 tali
1439 5053 1495 5094 re
1522 5047 1766 5109 agerent,
1792 5040 1944 5110 peni-

366 5144 457 5186 tus
485 5133 816 5202 ignorarent,
851 5140 1059 5185 tantum
1088 5131 1284 5185 divinae
1312 5128 1612 5184 clementiae
1643 5131 1696 5184 in
1729 5131 1940 5199 primis,

365 5224 497 5278 inde
544 5222 600 5277 S.
639 5222 835 5279 Joanni
862 5230 916 5277 et
940 5222 1115 5286 nobis,
1154 5220 1260 5294 [ut]
1293 5235 1478 5278 eorum
1518 5224 1856 5290 miserentur,
1885 5239 1946 5281 se

730 5331 739 5334 -
792 5313 888 5334 IV"!
917 5313 1139 5334 _.!--..9._.
1180 5320 1223 5334 -ι
1256 5314 1477 5336 1--.”...2-
1516 5313 1678 5336 -l.l.--
1732 5330 1907 5336 --.μ-.-

2041 4488 2155 4542 lere
2184 4486 2480 4541 humanum
2512 4504 2525 4539 :
2561 4485 2614 4540 id
2644 4499 2793 4548 vero,
2818 4492 2877 4537 ut
2906 4498 2990 4538 res
3019 4480 3318 4547 diabolica,
3339 4479 3446 4550 igni
3497 4477 3615 4532 dari

2042 4578 2362 4648 imperatum
2388 4584 2492 4632 est.
2523 4574 2599 4631 Eo
2647 4573 2850 4644 liquido
2876 4581 3105 4638 constat,
3144 4572 3326 4626 brevia
3366 4586 3466 4625 nec
3498 4569 3616 4624 fieri

2044 4685 2142 4724 nec
2171 4669 2305 4735 ferri
2338 4668 2522 4735 licere,
2557 4667 2659 4722 nisi
2692 4664 2811 4737 quae
2837 4681 2866 4718 a
2894 4664 3067 4719 sacris
3094 4661 3393 4717 canonibus
3420 4673 3617 4715 conce-

2043 4763 2266 4827 duntur,
2294 4775 2413 4830 qua:
2443 4760 2660 4829 quidem
2693 4767 3033 4829 pertranseo,
3064 4769 3131 4808 ne
3162 4754 3346 4807 videar
3401 4749 3616 4820 regula-

2042 4867 2132 4907 res
2173 4850 2590 4906 constitutiones
2632 4850 2809 4919 potius
2838 4863 3000 4918 quam
3051 4843 3310 4900 historias
3353 4845 3615 4898 scribere.

2041 4944 2439 5000 lncantationes
2491 4957 2623 4997 vero
2666 4949 2721 4994 et
2762 4956 2898 5010 quas
2939 4938 3171 5009 vulgatis
3214 4934 3397 4987 verbis
3437 4934 3624 4987 dixere

2042 5038 2271 5108 magias,
2309 5035 2449 5105 apud
2470 5033 2808 5090 Christianos
2838 5045 3101 5102 nusquam
3130 5024 3370 5097 gentium
3400 5021 3627 5092 probau-

2046 5144 2153 5189 tur.
2189 5132 2382 5185 Verum
2415 5144 2558 5185 nunc
2587 5127 2656 5181 ad
2682 5125 2905 5201 reliqua.

2122 5219 2238 5274 152.
2269 5220 2344 5274 Ex
2369 5215 2557 5273 Gallia:
2587 5215 2872 5284 Cisalpina:
2897 5213 3147 5283 partibus
3175 5200 3411 5255 nobilem
3441 5210 3632 5272 quem-

2319 5310 2412 5338 τμη
2441 5311 2505 5338 ...1
2540 5311 2715 5338 nlo-rae
2755 5306 2978 5338 incana-nl
3026 5307 3340 5338 c-‘nl‘inruln
3373 5290 3637 5338 l'PlintliaS

2281 5311 2329 5338 II:
2356 5325 2412 5338 θη
2441 5311 2505 5338 Α..
2540 5311 2715 5338 ιιΙοιΐηε
