4110 5362
502 302 592 356 871

1567 297 1618 353 s.
1657 297 1935 353 mmsis
1971 291 2362 352 GUAI..lii£ltTl
2402 272 2688 352 auarus

3644 300 3750 354 872

501 415 590 482 qui
623 427 715 465 eas
746 411 799 464 in
838 407 1177 463 monaSIeriis
1215 406 1457 461 incalant
1503 408 1777 477 regiones,
1820 393 1885 460 ad
1919 406 2058 460 istud
2098 409 2138 464 Λ
2172 403 2253 456 nis
2292 405 2535 471 precibus
2583 409 2636 458 in
2693 405 2803 460 lucc
2873 407 3085 460 tandem
3130 406 3452 461 furibundus
3501 411 3747 478 prorupit

505 502 562 556 S.
598 500 778 555 Maria:
825 499 1211 552 monasterium
1251 514 1439 566 usque,
1485 497 1653 566 gratia
1692 498 2072 560 recuperanda:

506 592 755 648 sanitatis
779 631 793 656 ,
824 591 1038 643 venisse
1068 599 1307 658 tempore
1343 589 1552 642 abbatis
1581 579 1858 652 Bernardi,
1889 605 1916 640 a
1940 603 2074 656 quo-

507 685 627 736 dam
659 681 842 734 nostro
871 694 1132 734 converso
1158 680 1268 750 jam
1300 681 1576 749 decrepito
1610 679 1938 747 accepimus.
1974 676 2073 732 llic

508 772 594 825 ubi
628 771 858 839 primum
909 769 1189 824 ecclesiam
1235 763 1649 838 ingressns'cst,
1695 765 1928 821 nondum
1966 765 2072 820 lata

506 878 687 927 cruce,
720 875 846 930 qua,
877 868 937 913 ut
981 875 1140 928 supra
1185 860 1386 913 dictum
1425 867 1530 920 est,
1570 853 1843 912 dmmonCS
1883 855 2074 924 conju-

506 964 726 1013 rantur,
757 951 999 1006 diabolus
1043 959 1154 1003 tum
1196 949 1320 1014 loci,
1357 959 1468 1003 tum
1510 946 1732 1003 Joannis
1775 947 2074 1001 beatissimi

507 1045 850 1096 sanctitatem
879 1039 1107 1108 amplius
1122 1039 1360 1110 perferre
1391 1054 1495 1092 non
1529 1038 1732 1100 valens,
1771 1039 1969 1092 emissa
2005 1037 2080 1090 in-

459 1125 470 1138 "
508 1134 648 1202 genti
680 1146 832 1195 voce,
856 1131 1008 1184 abiit.
1035 1129 1164 1196 Qua:
1185 1147 1311 1194 vox,
1337 1141 1395 1183 nt
1419 1131 1529 1200 ipse
1554 1145 1847 1185 conversus
1874 1128 2079 1183 referre

511 1225 700 1278 soiitus
757 1232 905 1287 erat,
973 1222 1108 1275 adeo
1153 1221 1408 1274 terribilis
1463 1229 1517 1275 et
1568 1231 1798 1274 tartarea
1851 1221 2078 1284 exstitit,

511 1323 568 1366 ut
598 1329 807 1376 omnes,
841 1312 930 1380 qui
991 1320 1115 1364 tunc
1144 1311 1308 1364 cultui
1341 1311 1520 1364 divino
1550 1311 1930 1373 inserviebam,
1963 1312 2083 1364 red-

511 1404 706 1457 diderit
757 1403 1033 1455 attonitos.
1078 1401 1170 1455 Vir
1200 1400 1286 1453 ille
1334 1400 1580 1454 beneficii
1612 1402 1815 1469 accepti
1855 1415 2082 1466 memor,

513 1509 617 1545 non
647 1506 863 1560 parvam
889 1490 1132 1558 pecunia:
1155 1490 1508 1556 quantitatem
1526 1491 1715 1544 devote
1737 1505 1895 1558 super
1918 1489 2084 1543 altare

513 1598 720 1652 ponens
741 1581 935 1636 obtulit
966 1599 978 1632 :
1016 1581 1106 1650 qui
1138 1581 1259 1633 inde
1287 1580 1583 1654 liberaliter
1609 1596 1731 1633 cum
1784 1580 1946 1634 sociis
1985 1581 2084 1634 ha-

512 1673 677 1736 bitus,
700 1669 962 1740 postridie
989 1670 1198 1722 cunctis
1218 1671 1281 1722 de
1311 1685 1458 1722 more
1485 1670 1734 1731 visitatis,
1760 1684 1878 1737 qme
1901 1677 2084 1722 saneta

514 1772 659 1825 sunt,
693 1761 842 1824 locis,
875 1760 1039 1813 etiam
1071 1760 1518 1812 anachoretarum
1545 1759 1833 1813 humilibus
1855 1759 2082 1824 cellulis,

514 1852 568 1905 in
599 1852 870 1922 Liguriam
906 1851 1043 1904 bene
1085 1851 1383 1904 instructus
1413 1859 1463 1904 et
1495 1852 1868 1906 admiratione
1896 1853 2085 1922 plenus

518 1952 627 1994 tmn
676 1942 778 1996 loci
817 1941 1122 2005 devotione,
1175 1951 1284 1994 tum
1347 1943 1734 1997 monachorum
1801 1944 2086 1997 virtutibus

516 2034 802 2086 concessit.
982 2039 988 2045 ’
1400 2037 1402 2040 ’
2068 2092 2070 2094 ,

591 2124 708 2177 155.
739 2125 816 2178 Ad
865 2125 988 2187 hoc,
1021 2139 1086 2178 ne
1115 2124 1196 2176 cui
1239 2125 1288 2177 id
1341 2123 1584 2177 mirabile
1631 2140 1723 2179 seu
1775 2124 2084 2180 incredibile

517 2217 797 2278 existeret;
822 2225 874 2269 et
906 2217 1045 2269 aliud
1081 2217 1248 2269 multo
1276 2216 1447 2284 majus
1483 2217 1770 2285 przedictus
1796 2232 2087 2270 conversus

516 2310 720 2364 referre
761 2310 948 2363 solitus
1003 2320 1138 2363 erat.
1190 2309 1378 2362 Aiebat
1429 2310 1594 2371 enim,
1626 2309 1907 2376 quemdam
1951 2323 2089 2360 mer-

515 2409 750 2454 catorem
801 2400 1128 2469 prredivitem
1157 2403 1220 2453 de
1253 2400 1506 2466 Ungnrize
1536 2399 1778 2467 partibus
1816 2398 2085 2460 Venutius,

520 2488 646 2543 inde
679 2489 830 2544 Pisas
878 2489 1047 2559 (l70),
1082 2489 1183 2559 [ut]
1231 2491 1454 2543 Ruinam
1489 2492 1700 2543 tandem
1740 2499 1967 2558 peteret,
2000 2505 2090 2542 co-

518 2580 835 2633 mitantibus
900 2581 1109 2645 multis,
1180 2581 1480 2646 navigasse.
1551 2580 1719 2646 Quem
1771 2597 1892 2634 cum
1955 2580 2090 2632 l’isis

518 2668 726 2722 tlzemon
771 2670 1079 2735 invasisset,
1121 2685 1352 2738 cumque
1386 2679 1655 2737 torqueret
1689 2671 1905 2735 acriter,
1959 2671 2091 2722 adeo

520 2760 626 2829 [ut]
655 2775 718 2813 ex
772 2760 933 2812 sociis
984 2760 1156 2827 ipsum
1193 2761 1408 2828 aggredi
1444 2761 1666 2813 auderet
1696 2775 1853 2812 nemo
1877 2761 2092 2830 (multos

519 2853 657 2906 enin
685 2853 948 2905 morsibus
969 2855 1206 2919 graviter
1229 2850 1656 2919 attrectaverat),
1677 2852 1889 2904 demum
1913 2851 2093 2918 cujus-

520 2944 638 2996 dam
668 2942 844 2995 Pisani
877 2941 1064 2994 fraude
1093 2940 1540 3010 deetpttts,'fune
1582 2950 1878 3009 catenaque
1903 2942 2091 3012 ligatus

2175 495 2334 546 verba
2377 512 2389 546 :
2429 495 2471 549 Ο
2517 495 2793 549 hominum
2846 497 3085 548 omnium
3122 497 3480 566 iniquissime,
3526 502 3751 552 curme

2174 589 2331 649 teque
2356 583 2406 636 in
2442 584 2538 636 has
2577 599 2767 638 cruces
2805 585 3181 654 horrendath
3224 594 3486 639 tormenta
3523 587 3750 641 dedisti?

2174 670 2324 726 Nosti
2349 673 2514 738 enim,
2545 690 2661 743 qua:
2691 677 2796 730 Deo
2823 685 2876 729 et
2899 674 3181 745 Matriejus
3205 678 3424 742 vovisti;
3454 680 3751 746 per-optime

2175 762 2362 826 calles,
2401 764 2492 817 sed
2520 762 2844 828 dissimulas,
2881 764 3109 833 p‘erjure.
3148 764 3239 819 llis
3260 767 3419 820 dictis
3438 767 3624 830 voluit,
3655 767 3750 822 sed

2176 863 2281 906 neu
2307 853 2493 916 valuit,
2538 854 2711 922 ipsum
2766 855 2832 907 ad
2875 863 3074 908 terram
3110 864 3344 909 tartarea
3385 857 3434 910 vi
3469 849 3748 913 detrusum

2177 941 2466 997 sulTocare.

2250 1032 2370 1086 155.
2413 1033 2562 1087 Miles
2591 1033 2702 1101 ille,
2733 1033 2822 1088 ubi
2855 1033 3035 1088 divina
3064 1035 3266 1105 pietate
3286 1035 3559 1106 paululum
3592 1046 3748 1094 natu-

2181 1121 2318 1175 rales
2349 1138 2538 1176 sensus
2571 1124 2862 1190 rcvocavit,
2895 1140 3014 1178 cum
3058 1139 3088 1178 a
3140 1125 3407 1180 monacho
3444 1129 3743 1194 sacerdote,

2181 1219 2224 1272 si
2260 1219 2386 1286 quid
2424 1219 2529 1271 voti
2571 1217 2680 1272 Deo
2731 1219 3084 1290 obligaretur,
3125 1230 3458 1287 moneretur,
3507 1221 3610 1294 [ut]
3655 1239 3754 1291 per

2183 1308 2573 1362 confessionem
2605 1309 2862 1377 aperiret,
2893 1311 3075 1366 habita
3105 1326 3324 1365 suorum
3363 1313 3628 1366 scelerum
3659 1315 3751 1369 de-

2182 1406 2311 1451 vota
2358 1397 2717 1463 confessione,
2758 1409 2962 1466 votum,
3003 1417 3110 1470 quo
3147 1401 3348 1471 Virgini
3388 1403 3567 1458 Mariae
3598 1414 3749 1459 tene-

2185 1488 2363 1549 batur,
2418 1501 2491 1548 se,
2543 1487 2634 1541 tibi
2683 1489 2916 1557 primum
2948 1505 3134 1558 sospes
3177 1494 3392 1546 domum
3425 1497 3748 1561 repedassct,

2186 1575 2495 1629 executioni
2570 1575 2946 1630 mandaturum
3002 1580 3272 1648 pollicitus
3329 1593 3434 1636 est.
3502 1584 3616 1650 Qua
3683 1600 3751 1637 ex

2188 1665 2350 1720 corde
2386 1666 2741 1735 promissione
2795 1666 3023 1722 fideliter
3063 1668 3315 1740 justeque
3359 1673 3503 1737 data,
3542 1673 3749 1726 dtcmon

2188 1755 2392 1831 absque
2431 1763 2611 1817 miseri
2645 1763 2880 1818 hominis
2912 1774 3138 1833 tortura,
3181 1767 3313 1820 nihil
3361 1771 3650 1824 mussitans
3685 1770 3753 1823 ad

2189 1853 2323 1906 alias
2355 1868 2412 1905 se
2448 1847 2674 1907 contulit
2711 1854 2974 1924 regiones.
3014 1853 3147 1911 llinc
3191 1859 3364 1928 quivis
3412 1861 3754 1916 Christianus

2181 1941 2343 2009 plene.
2389 1941 2633 2012 intelligit
2673 1945 2800 2012 quid
2841 1937 3061 2012 periculi
3093 1947 3160 2001 sit
3189 1949 3416 2012 vovisse,
3449 1965 3568 2014 nec,
3601 1951 3645 2005 si
3677 1951 3754 2006 fa—

2187 2028 2360 2085 cultas
2396 2033 2514 2086 data
2547 2044 2649 2096 est,
2677 2035 2884 2103 ignavia
2910 2035 2992 2090 vel
3018 2023 3239 2101 malitia,
3270 2053 3360 2091 seu
3380 2027 3581 2108 saepius
3605 2055 3756 2095 men-

2191 2123 2257 2175 tis
2297 2124 2668 2191 perversitate,
2723 2141 2830 2178 non
2876 2123 3174 2182 reddidisse
3223 2137 3423 2181 votum.
3471 2130 3669 2184 Verum
3707 2133 3753 2184 si

2191 2216 2385 2284 partim
2417 2217 2481 2268 de
2529 2214 2612 2268 his
2645 2215 2780 2268 votis
2807 2232 2926 2285 qua:
2958 2217 3205 2283 viderim,
3246 2229 3432 2288 qumve
3459 2221 3754 2277 audiverim

2191 2305 2372 2372 digna,
2431 2305 2625 2358 litteris
2671 2307 2929 2361 mandare
2968 2309 3296 2374 statuissem,
3349 2320 3541 2374 melus,
3590 2327 3754 2380 quam

2192 2393 2475 2456 miracula,
2524 2395 2788 2472 maturius
2835 2413 2920 2451 me
2966 2399 3266 2453 desereret.
3308 2400 3383 2452 Eo
3425 2402 3491 2454 ad
3524 2401 3753 2470 reliqua,

2191 2500 2330 2553 qure,
2374 2486 2424 2538 ni
2466 2484 2635 2545 fallor,
2673 2503 2778 2540 non
2819 2489 3080 2542 minorem
3112 2489 3410 2558 legentibus
3433 2499 3487 2544 et
3524 2490 3758 2544 admira-

2195 2579 2392 2632 tionem
2423 2590 2473 2632 ct
2504 2581 2786 2635 utilitatem
2813 2583 3082 2651 prioribus
3110 2583 3332 2636 allatura
3365 2593 3508 2637 sunt.

2267 2669 2383 2722 i556.
2427 2669 2507 2722 Me
2557 2670 2609 2721 in
2657 2671 2847 2727 puerili
2896 2680 3052 2725 aetate
3089 2673 3403 2736 constituto,
3447 2687 3568 2726 cum
3619 2686 3754 2726 non-

2195 2759 2375 2820 nullis,
2429 2761 2517 2827 qui
2561 2761 2734 2813 adhuc
2773 2773 3077 2829 supersunt,
3119 2764 3414 2827 monachis,
3463 2763 3529 2815 de
3580 2761 3752 2816 Sena-

2197 2867 2310 2902 rutn
2332 2851 2476 2920 (l7?)
2511 2853 2753 2921 partibus
2779 2852 3090 2907 adolescens
3117 2855 3331 2922 quidam
3358 2870 3460 2906 non
3495 2862 3697 2907 tantum
3721 2869 3751 2907 a

2194 2943 2431 2995 (temone
2458 2952 2668 3012 captus,
2695 2956 2879 2996 verum
2909 2945 3069 2997 etiam
3103 2941 3449 3014 paralyticos.
3481 2955 3658 2999 mutus
3700 2955 3755 2999 et

519 3048 570 3091 et
610 3038 675 3089 ad
707 3035 879 3089 varias
912 3035 1074 3087 Italiae
1098 3043 1295 3104 partes,
1322 3036 1408 3086 ubi
1438 3034 1759 3087 Sanctorum
1787 3033 1900 3087 loca
1924 3032 2088 3105 [esse]
2119 3060 2162 3119 ε
2195 3032 2408 3092 surdus,
2441 3049 2467 3082 a
2499 3033 2833 3099 parentibus,
2865 3033 2919 3086 S.
2946 3033 3169 3086 Joannis
3200 3032 3472 3088 miraculis
3502 3045 3554 3088 et
3577 3037 3756 3104 prodi-

519 3129 856 3190 audiverant,
885 3124 1171 3189 adduetus,
1207 3133 1504 3178 nee'tamen
1533 3125 1844 3187 convalens,
1896 3125 2089 3177 intuitu

520 3219 875 3288 quorumdam
907 3216 1187 3276 bonormn,
1225 3215 1323 3269 hoc
1375 3214 1429 3269 S.
1477 3213 1657 3268 Maria:
1703 3215 2090 3267 monasterium

520 3321 639 3360 cum
678 3306 840 3360 socTis
883 3306 1070 3359 adivit.
1122 3304 1254 3358 lluic
1283 3314 1398 3358 erat
1450 3305 1734 3373 interpres,
1801 3307 1890 3374 qui
1937 3305 2094 3358 modo

522 3396 704 3459 latina,
756 3398 912 3450 modo
957 3405 1195 3450 materna
1239 3396 1420 3464 lingua
1457 3412 1582 3449 suos
1633 3412 1822 3450 omnes
1859 3396 2094 3465 aperiret

521 3503 815 3542 sermones.
845 3487 954 3542 Nec
975 3487 1156 3540 statim
1181 3487 1286 3550 hic,
1311 3497 1369 3541 ut
1396 3489 1752 3556 supradictus,
1782 3489 2092 3557 sospitatem

475 3637 478 3640 ,
521 3580 721 3648 recepit
757 3598 769 3632 :
802 3579 894 3632 sed
927 3579 1100 3646 quivis
1129 3579 1179 3631 in
1218 3578 1386 3630 atroci
1420 3579 1716 3631 certamine
1763 3579 2094 3646 consumptis

520 3670 724 3729 diebus,
756 3671 986 3726 demoti.
1038 3683 1156 3721 sese
1191 3669 1296 3720 alio
1327 3681 1736 3731 concessurum,
1768 3677 1889 3719 'ncc
1939 3682 2095 3734 posse

520 3759 742 3813 Joannis
782 3759 1110 3812 sanetissimi
1164 3759 1414 3811 virtutem
1456 3758 1684 3826 amplius
1717 3759 1974 3825 perferre,
2019 3758 2095 3807 fa-

522 3861 685 3904 tetur.
721 3850 1042 3903 Sciscitaute
1077 3849 1376 3909 sacerdote,
1427 3848 1566 3914 quod
1608 3848 1839 3913 signum,
1871 3846 1959 3897 ubi
1983 3847 2094 3898 dis-

521 3944 740 3995 cederet
789 3939 974 4002 daret,
1017 3939 1130 3989 ait:
1168 3938 1433 3988 Audietur
1454 3936 1522 3986 ab
1551 3934 1822 3987 on'tnibus.
1860 3936 1923 3987 Et
1955 3935 2097 3988 illico

523 4031 740 4099 capella:
806 4026 1246 4086 tintinnabulum,
1319 4025 1535 4077 nemine
1586 4017 1768 4076 funem
1822 4024 2092 4086 trahente,

525 4121 734 4189 signum
762 4115 908 4168 fecit.
949 4113 1099 4179 Quod
1128 4113 1338 4180 signum
1369 4113 1646 4175 omnibus,
1679 4111 1770 4164 sed
1799 4113 2094 4179 praesertim

522 4211 637 4265 suis
679 4204 1019 4260 admirationi
1069 4204 1329 4266 existens,
1385 4203 1474 4271 qui
1521 4202 1656 4256 forte
1699 4219 1988 4272 numquam
2016 4203 2099 4256 vel

523 4313 650 4352 raro
676 4292 978 4360 hujusmodi
1009 4292 1252 4360 prodigia
1285 4292 1556 4346 viderant.
1591 4294 1757 4346 Deum
1805 4308 1934 4362 ergo
1969 4308 2096 4347 san-

2193 3121 2294 3190 giis
2324 3121 2582 3190 impulsis.
2628 3122 2693 3175 ad
2728 3123 2867 3177 istud
2903 3124 2958 3176 S.
2981 3120 3173 3176 ’Marite
3204 3125 3606 3188 monasterium,
3648 3140 3755 3177 non

2195 3228 2355 3279 parva
2398 3214 2672 3266 hominum
2707 3214 2860 3266 turba
2907 3215 3144 3268 inaudita
3175 3231 3232 3268 re
3273 3225 3460 3274 tracta,
3508 3217 3558 3268 in
3603 3216 3757 3270 cistis

2187 3300 2431 3369 jnmento
2469 3303 2815 3372 superpositis
2841 3303 3101 3356 deductus
3127 3312 3226 3356 est.
3273 3303 3412 3356 Proh
3435 3301 3558 3358 Jesu
3586 3305 3751 3359 bone!

2194 3390 2321 3457 quid
2362 3390 2734 3444 admirationis
2780 3391 2973 3458 quidve
3021 3390 3398 3444 amaritudinis
3448 3391 3752 3445 mortalium

2195 3481 2463 3535 mentibus
2498 3483 2625 3536 dare
2655 3491 2892 3536 nostram
2938 3482 3226 3553 imaginem
3259 3484 3549 3552 spirantem
3581 3493 3634 3538 et
3671 3485 3754 3536 vi-

2194 3585 2340 3632 vam,
2364 3571 2508 3623 omni
2544 3572 2906 3624 membrorum
2938 3570 3109 3625 officio
3147 3573 3408 3640 privatam
3438 3584 3489 3625 et
3519 3575 3758 3626 dtemone

2199 3660 2452 3727 repletam
2491 3661 2834 3728 conspicere!
2878 3659 3008 3724 Quis
3045 3675 3266 3728 nsquam
3297 3662 3532 3728 gentium
3569 3661 3756 3729 hujus~

2197 3752 2339 3804 modi
2367 3753 2597 3804 audivit!
2631 3752 2760 3817 Quis
2790 3753 3036 3821 aspexit?
3062 3751 3192 3817 Quis
3216 3769 3320 3806 non
3357 3755 3557 3822 ingenti
3591 3753 3760 3808 admi-

2199 3839 2406 3893 ratione
2459 3841 2778 3905 afiieeretur,
2827 3858 2930 3895 non
2971 3851 3174 3895 tantum
3218 3845 3447 3914 propriis
3477 3844 3646 3906 oculis
3679 3846 3759 3896 vi—

2199 3931 2406 3993 dendo,
2442 3933 2536 3986 sed
2587 3934 2899 4002 accipiendo
2953 3937 3206 3990 auribus?
3274 3937 3371 3992 Ubi
3427 3940 3655 4006 prinmm
3707 3938 3760 3992 in

2197 4019 2418 4087 parvula
2458 4021 2710 4084 ecclesia,
2748 4038 2867 4091 qua:
2903 4035 3057 4077 extra
3098 4027 3480 4079 monasterium
3523 4028 3625 4080 sita
3655 4036 3760 4091 est,

2199 4109 2385 4164 matris
2431 4118 2486 4164 et
2529 4110 2754 4164 aliarttm
2804 4113 3087 4166 mulierum
3134 4114 3336 4183 gratia,
3398 4131 3515 4182 qum
3565 4118 3767 4184 pietate

2199 4207 2422 4262 coactm,
2453 4200 2558 4252 iter
2590 4215 2694 4252 una
2732 4216 3000 4271 aggressa:
3035 4202 3252 4256 fuerant
3297 4204 3350 4255 in
3395 4203 3618 4272 grabato
3649 4213 3768 4260 toto

2201 4305 2426 4360 corpore
2449 4299 2648 4345 stratus
2674 4302 2815 4347 esset
2841 4293 2984 4364 (nam
3012 4295 3218 4359 sedere,
3250 4295 3371 4362 quia
3413 4294 3766 4363 paralyticos,

525 4398 777 4451 ctuaique
807 4383 1069 4437 Joannem
1102 4383 1502 4446 benedieeates,
1545 4384 1755 4438 rediere
1776 4383 1947 4449 Pisas,
1973 4383 2095 4438 inde
2125 4387 2171 4446 υ
2201 4381 2339 4434 haud
2373 4385 2630 4452 poterat),
2663 4382 2803 4438 illico
2834 4383 2957 4437 illuc
2985 4400 3043 4438 re
3077 4399 3211 4438 nova
3242 4385 3428 4448 illecti,
3462 4383 3635 4455 [multi
3671 4387 3767 4439 ad-

526 4475 776 4535 Romam,
804 4481 1078 4539 postremo
1108 4473 1160 4524 in
1190 4474 1416 4539 patriam
1461 4473 1756 4541 propriam.

601 4563 720 4615 le-i.
787 4563 856 4613 De
906 4560 1177 4614 Casentini
1229 4561 1491 4628 partibus,
1537 4559 1648 4631 [ex]
1697 4561 1914 4630 oppido,
1957 4563 2098 4630 quod

532 4655 768 4707 Ruinena
794 4652 944 4723 (l7!)
971 4654 1187 4716 dicitur,
1218 4654 1438 4706 militem
1474 4655 1759 4722 quemdam
1796 4669 1894 4722 pro
1928 4653 2099 4722 sospi-

530 4757 640 4800 tate
666 4745 955 4798 obtinenda
984 4745 1214 4798 vidimus
1241 4747 1572 4800 concessisse
1603 4747 1669 4798 ad
1699 4747 1801 4800 llOC
1834 4747 1890 4800 S.
1919 4746 2098 4798 Maria:

528 4835 953 4886 monasterium:
991 4833 1137 4901 quia
1170 4841 1316 4886 tanto
1356 4835 1711 4903 torquebatur
1746 4835 2006 4896 dzeinone,
2043 4841 2101 4886 ut

529 4940 557 4977 a
584 4925 764 4979 multis
792 4925 954 4978 etiam
982 4923 1329 4977 ferocissimis
1353 4923 1642 4990 juvenibus
1672 4925 1780 4987 vix,
1811 4926 1933 4977 dum
1963 4939 2096 4977 con-

523 5019 824 5085 ]uraretur,
849 5015 1076 5070 detineri
1102 5024 1307 5085 posset.
1347 5013 1541 5067 Verum
1569 5029 1689 5067 cum
1714 5014 1822 5082 jam
1856 5015 1966 5068 fere
2003 5029 2100 5083 per

533 5111 765 5163 triduum
805 5109 985 5163 multis
1010 5110 1456 5169 torntentis,.tum
1484 5111 1663 5169 crure,
1692 5119 1803 5161 tum
1837 5107 1894 5162 S.
1931 5109 2096 5162 Joan-

533 5199 616 5253 nis
638 5199 863 5253 bracliio
889 5198 1109 5252 affectus
1140 5207 1306 5260 esset,
1339 5196 1464 5250 Jesu
1511 5196 1733 5261 virtute,
1765 5206 1820 5251 et
1845 5198 1902 5251 S.
1931 5196 2098 5252 Joano

2200 4473 2443 4537 veniunt,
2484 4475 2559 4546 et]
2605 4491 3012 4541 conversorum,
3059 4477 3467 4539 monachorum,
3509 4475 3768 4530 aliorum-

2200 4577 2304 4631 que
2332 4562 2582 4630 opifietnn
2627 4572 2681 4616 et
2728 4560 3120 4627 montanorum,
3154 4564 3246 4633 qui
3283 4563 3446 4618 variis
3493 4564 3765 4618 incumbe-

2200 4652 2327 4705 bant
2355 4653 2604 4722 uegotiis,
2641 4654 2695 4705 lit
2724 4668 3040 4708 concursus.

2272 4742 2390 4795 157.
2436 4742 2530 4796 llic
2557 4744 2656 4796 ctsi
2685 4758 2847 4812 Opera
2881 4743 3102 4806 diaboli,
3130 4753 3189 4797 ut
3220 4743 3477 4805 diximus,
3524 4743 3761 4796 omnium

2201 4834 2443 4900 corporis
2479 4834 2843 4885 ιιιυιιὼιόιιιιιι
2876 4832 3050 4886 ollicio
3087 4833 3412 4902 privaretur,
3444 4842 3620 4885 tamen
3658 4832 3762 4884 litt-

2200 4939 2302 4992 gna
2333 4924 2522 4992 ipsius,
2550 4923 2808 4976 dtemonis
2843 4924 3042 4977 virtute
3079 4923 3366 4992 plurimum
3397 4924 3447 4976 in
3477 4938 3541 4976 eo
3566 4922 3761 4991 vigere.

2201 5015 2332 5068 Nam
2385 5014 2685 5067 iudecentia
2736 5014 2786 5066 in
2829 5013 2994 5067 Deum
3032 5025 3086 5068 et
3137 5016 3194 5068 8.
3243 5014 3503 5068 Joannem
3547 5014 3767 5085 (virtute

2200 5107 2343 5161 enim
2373 5106 2539 5174 ipsius
2567 5104 2944 5177 torquebatur)
2977 5107 3157 5160 edere.
3189 5106 3322 5160 Cum
3356 5106 3517 5176 igitur
3547 5121 3650 5159 non
3676 5120 3767 5172 pa-

2201 5213 2318 5251 rum
2345 5197 2562 5261 laboris,
2591 5200 2668 5267 ut)
2693 5195 3003 5266 sospitalem
3032 5197 3310 5266 reciperet,
3342 5197 3456 5252 dies
3482 5208 3767 5262 noctesque
