4110 5362
312 172 418 226 875

1824 157 2030 214 ACTA.

3458 168 3565 227 87!

310 285 544 349 orando,
573 280 928 352 conjurando,
958 280 1209 337 instando
1232 274 1594 352 singularibus
1621 279 1720 350 (ita
1741 278 1888 335 enim
1914 284 1967 343 Α
1996 280 2071 337 ita
2095 281 2260 339 fuisse
2289 297 2319 337 a
2345 284 2482 339 viris
2510 283 2615 341 fide
2638 283 2836 356 dignis,
2862 283 2959 353 qui
2984 283 3038 339 in
3064 282 3126 340 S.
3152 268 3383 340 Joannis
3408 284 3565 341 festi-

312 381 643 446 prteceptum
669 371 866 442 fuerat)
899 372 1178 443 suppliciis
1222 372 1472 428 monachi
1504 369 1884 441 pertulissent;

309 466 529 521 demum
555 465 711 521 Jesus
753 464 1012 519 Dominus
1058 472 1249 519 noster
1293 462 1433 535 [eius
1476 463 1737 517 misertus
1781 459 1888 531 est]

306 558 565 627 precibus
594 554 863 633 imprimis
886 554 1112 610 Joannis
1154 554 1479 621 beatissimi,
1516 554 1642 611 inde
1678 552 1783 609 fide
1813 552 1888 606 Ia-

306 648 623 720 crymisque
661 662 906 712 suorum,
952 647 1253 719 praesertim
1307 647 1539 702 matris:
1572 644 1705 703 nihil
1740 644 1887 699 enim

308 748 560 795 votorum
584 738 963 808 pnetermisit;
994 737 1252 807 paulatim
1280 737 1619 802 adolescens,
1654 737 1889 808 propriis

306 828 556 898 corporis
581 825 771 883 ofﬁciis
812 836 868 882 et
900 827 1107 882 viribus
1149 826 1509 896 recuperatis,
1553 833 1610 880 et
1645 825 1889 881 daturone

303 916 436 972 Jesu
461 915 664 973 Christi
694 916 894 971 virtute
927 916 1199 984 (monachi
1231 931 1336 969 non
1364 930 1584 984 parvam
1613 924 1888 971 traxerant

308 1010 541 1073 moram)
579 1006 786 1077 fugato,
819 1007 1105 1061 Dominum
1153 1022 1249 1078 per
1293 1022 1352 1061 se
1397 1006 1673 1075 laudabat,
1714 1008 1887 1064 omni-

305 1095 518 1164 busque
544 1096 962 1150 admirationem
992 1095 1075 1149 sui
1114 1096 1367 1151 faciebat.

380 1187 505 1243 158.
540 1186 618 1242 Eo
643 1196 899 1257 parentes
920 1202 1030 1257 prae
1055 1188 1253 1258 gaudio
1276 1195 1389 1245 toto
1414 1203 1642 1257 corpore
1665 1189 1882 1259 gestire,

304 1278 487 1349 ipsum
512 1276 785 1348 amplecti,
820 1279 1076 1334 osculari.
1123 1279 1226 1345 Qui
1258 1280 1507 1343 aderant,
1549 1281 1684 1334 tanti
1721 1280 1885 1335 mira-

311 1368 423 1424 culi
461 1378 683 1438 stupore
723 1370 990 1439 percussi,
1031 1369 1090 1424 S.
1135 1369 1398 1426 Joannem
1445 1370 1598 1426 miris
1636 1371 1886 1427 laudibus

303 1459 375 1512 ad
401 1458 602 1513 ctelum
640 1459 923 1514 extollere.
965 1460 1227 1523 Tandem,
1269 1459 1487 1515 silentio
1527 1461 1676 1525 dato,
1720 1460 1882 1516 talem

304 1545 487 1611 Pater,
519 1547 864 1602 audientibus
890 1548 1124 1611 cunctis,
1159 1548 1348 1604 habuit
1368 1549 1674 1605 orationem
1703 1569 1718 1603 :
1749 1549 1886 1606 Piis-

303 1638 443 1694 sime
470 1638 621 1705 Jesu,
660 1654 690 1695 a
718 1656 828 1712 quo
862 1656 1022 1695 omne
1057 1641 1277 1704 bonum,
1334 1652 1390 1696 et
1440 1642 1558 1697 sine
1596 1658 1704 1713 quo
1752 1643 1885 1698 nihil

303 1739 540 1797 rectum,
571 1739 685 1786 toto
713 1732 901 1797 corde,
932 1740 1039 1786 tota
1069 1741 1273 1796 mente,
1308 1733 1432 1787 totis
1472 1733 1677 1788 viribus
1713 1744 1763 1787 te
1792 1735 1886 1789 be-

302 1821 523 1886 nedico,
570 1821 750 1884 laudo,
810 1822 1119 1891 magnifico,
1169 1820 1261 1891 qui
1313 1836 1409 1890 per
1458 1836 1676 1877 servum
1736 1832 1885 1877 tuum

300 1911 569 1967 Joannem
622 1912 991 1968 beatissimum
1048 1912 1353 1982 hujusmodi
1401 1911 1645 1983 prodigia
1704 1911 1883 1976 nobis,

302 2002 413 2074 [ut]
462 2012 515 2057 te
560 2003 734 2073 magis
777 2002 1059 2071 magisque
1096 2001 1376 2056 laudemus
1422 2001 1663 2058 ostendis
1696 2016 1709 2055 :
1742 2000 1886 2069 quod

302 2090 557 2163 profecto
589 2092 641 2144 in
675 2089 787 2145 filio
824 2105 947 2145 meo
986 2092 1250 2146 hactenus
1286 2092 1507 2156 misero,
1548 2106 1693 2146 nunc
1738 2090 1884 2145 felici

300 2198 367 2239 ea
394 2182 673 2248 felicitate,
719 2188 990 2253 quaevera
1026 2182 1259 2239 felicitas
1288 2183 1393 2238 dici
1425 2193 1481 2239 et
1507 2192 1684 2250 potest
1707 2192 1761 2239 et
1788 2185 1878 2239 de«

302 2275 414 2336 hei,
474 2274 737 2344 intelligo.
781 2273 860 2329 Eo
905 2275 1045 2331 bone
1088 2272 1238 2339 Jesu,
1291 2285 1458 2346 tuque
1510 2275 1672 2347 Virgo
1717 2275 1885 2331 Maria

301 2348 714 2436 gloriosissima,
744 2364 908 2418 etiam
927 2374 983 2420 et
1007 2372 1061 2418 tu
1089 2362 1327 2420 Joannes
1356 2363 1689 2431 beatissime,
1715 2366 1885 2420 lilium

302 2471 483 2509 meum
513 2470 718 2524 uosque
742 2470 933 2511 omnes
964 2456 1016 2510 in
1054 2464 1257 2511 rectam
1286 2456 1429 2509 viam
1461 2465 1517 2511 et
1557 2454 1624 2510 ad
1654 2458 1883 2528 patriam

304 2550 522 2603 tandem
566 2548 834 2604 deducere
875 2547 1171 2621 dignemini
1200 2565 1213 2599 :
1239 2548 1525 2618 vobisque,
1574 2549 1737 2604 Pater
1776 2550 1885 2605 Ab-

302 2640 403 2694 has
449 2649 504 2693 et
544 2640 817 2705 monachi,
859 2655 997 2709 quos
1039 2639 1106 2695 ad
1150 2639 1457 2709 huiusmodi
1508 2642 1883 2713 dignissimqu

301 2730 544 2786 officium
582 2731 747 2802 elegit
778 2731 946 2797 Dens,
971 2746 1071 2786 nos
1094 2740 1386 2802 nostraque
1421 2734 1882 2799 commendamus,

303 2831 366 2877 ιιι
397 2832 641 2878 nostrum
677 2838 946 2879 memores
977 2823 1029 2878 in
1057 2825 1309 2880 omnibus
1347 2824 1548 2880 vestris
1586 2838 1705 2880 esse
1748 2825 1883 2880 veli-

304 2914 425 3009 tis:
465 2914 684 2985 insuper
714 2914 1017 3009 ipse-Jcsus
1059 2930 1173 3009 pro
1196 2915 1287 2970 tali
1333 2913 1883 3009 tantoqtrehlieneficio
1908 2946 1956 3009 ο

303 3000 360 3056 in
387 3000 676 3058 Bcatorunt
706 3004 880 3074 patria
911 3019 1012 3074 pro
1051 3004 1207 3059 nobis
1238 3005 1513 3059 restituat.
1554 3004 1649 3058 llis
1692 3004 1880 3072 finitis,

301 3092 548 3148 osculato
569 3093 760 3150 devote
790 3094 849 3149 8.
879 3094 1105 3150 Joannis
1136 3094 1382 3159 brachio,
1423 3095 1528 3149 la-ti
1567 3096 1619 3149 in
1651 3096 1882 3165 patriam

302 3186 657 3241 contendere.
719 3187 873 3252 Quod
931 3187 1240 3258 prodigium
1298 3196 1457 3241 antea
1514 3194 1630 3241 toto
1685 3186 1885 3240 saeculo

306 3276 633 3342 inauditum,
667 3292 773 3332 non
805 3285 1011 3331 tantum
1050 3277 1259 3331 civitati
1302 3278 1592 3336 Senarnm.
1627 3276 1719 3334 sed
1764 3274 1886 3329 lini-

305 3365 455 3420 timis
479 3367 716 3433 cunctis,
745 3368 836 3423 ubi
876 3368 1223 3431 narrabatur,
1269 3381 1495 3422 summa:
1540 3366 1886 3421 admirationi

304 3455 514 3512 extitit.

380 3565 503 3623 159.
536 3560 679 3623 Rem
728 3584 915 3624 revera
957 3569 1267 3635 ridiculam,
1311 3569 1457 3623 veris
1502 3568 1663 3623 rebus
1713 3568 1890 3623 verio-

308 3673 425 3714 rem
472 3667 678 3725 tamen,
714 3675 838 3730 qum
878 3669 1063 3715 nostra
1102 3668 1427 3729 tempestate
1472 3658 1693 3723 accidit,
1724 3673 1886 3713 enar-

300 3766 434 3806 rare
460 3751 646 3822 glisco.
680 3751 852 3807 Senex
887 3752 1108 3821 quidam
1135 3755 1201 3806 de
1248 3752 1549 3821 Scarparirc
1598 3750 1745 3821 (I75)
1796 3765 1891 3820 op-

307 3841 457 3911 pido,
505 3841 612 3896 sito
649 3842 705 3897 in
746 3841 959 3913 Mugelli
993 3843 1260 3913 partibus,
1308 3843 1375 3896 ad
1420 3840 1478 3897 S.
1508 3841 1693 3896 Cresci
1719 3840 1890 3895 cccle-

310 3931 449 3985 siam
493 3930 640 4005 [ivit]
682 3932 973 4001 imprimis,
1016 3948 1138 4003 quae
1166 3947 1228 3987 ea
1274 3932 1327 3987 in
1378 3933 1601 4002 regione
1644 3931 1891 3986 dedicata

308 4031 426 4088 est;
461 4023 607 4089 inde,
640 4037 763 4079 cum
795 4026 937 4080 haud
963 4040 1152 4095 sospes
1182 4025 1356 4089 fieret,
1386 4027 1453 4078 ad
1486 4025 1589 4079 hoc
1619 4024 1678 4081 S.
1709 4022 1893 4078 Mariae

310 4112 702 4166 monasterium
730 4114 1019 4168 concessit.
1052 4114 1151 4168 ilic
1182 4114 1335 4182 brcvj
1375 4113 1621 4183 pristinae
1651 4112 1895 4167 redditur

1991 374 2180 439 vitate,
2219 373 2539 439 votiemissi
2564 374 2761 446 gratia.
2800 375 2940 431 hanc
2970 373 3156 431 adiere
3188 374 3391 442 edem,
3420 374 3536 434 vela

1994 471 2104 518 tum
2134 472 2237 519 est.

2064 553 2186 609 160.
2228 552 2650 611 Molendinarins
2677 556 2895 626 quidam
2933 557 3000 612 de
3023 555 3162 613 valle
3189 556 3322 612 Arni
3362 557 3430 613 de
3465 571 3565 627 op,

1990 642 2117 714 pido
2145 643 2392 711 videlicet
2426 643 2689 710 Lancisae,
2732 646 2820 701 die
2866 646 3100 717 quadam
3136 661 3269 702 cum
3298 646 3563 703 molendi-

1989 747 2119 786 num
2162 741 2315 789 extra
2363 748 2554 802 sospes
2597 732 2701 805 [in]
2733 734 2881 805 ligno
2916 736 3151 805 quedam
3178 736 3560 803 decumberet;

1988 818 2080 874 ubi
2123 820 2380 883 surrexit,
2428 836 2604 892 neque
2653 838 2808 878 meus
2847 840 3023 893 neque
3065 833 3269 880 caetera
3312 826 3562 895 corporis

1990 907 2230 962 membra
2258 910 2392 964 satis
2422 924 2578 965 suum
2601 909 2833 966 ofﬁcium
2858 927 3039 983 agere,
3073 915 3180 968 imo
3201 916 3305 970 huc
3330 914 3561 983 illucque

1988 997 2372 1055 debacchando
2392 1014 2637 1064 currere.
2663 1012 2720 1055 et
2748 1008 2809 1055 ut
2843 1006 3030 1071 paucis
3045 1003 3343 1069 absolvam,
3382 1003 3561 1058 insani

1987 1088 2184 1158 capitis
2237 1100 2293 1146 ct
2338 1090 2491 1147 stulti
2549 1090 2785 1147 hominis
2836 1091 3013 1148 officia
3066 1093 3133 1147 de
3186 1107 3249 1147 se
3298 1095 3558 1162 praebere.

1935 1174 1951 1184 ”
1985 1181 2181 1247 Quem,
2218 1182 2313 1252 qui
2350 1192 2798 1254 supervenerant,
2841 1182 2967 1239 dolo
3009 1182 3171 1253 vique
3204 1184 3561 1254 comprehen-

1988 1274 2204 1339 dentes,
2229 1275 2452 1337 ,vinctis
2489 1291 2520 1330 a
2560 1284 2708 1348 tergo
2741 1275 3015 1341 manibus,
3048 1276 3117 1329 ad
3155 1276 3258 1331 hoc
3286 1276 3347 1331 S.
3377 1275 3564 1333 “alia!

1987 1367 2401 1435 monasterium,
2434 1366 2846 1433 vociferantem,
2882 1374 2958 1430 et,
2994 1381 3103 1437 quo
3143 1366 3322 1429 ibant,
3370 1380 3565 1423 omnes

1986 1465 2171 1526 partes
2193 1456 2525 1512 clamoribus
2555 1457 2873 1527 replentem,
2900 1466 3119 1514 traxene
3149 1458 3398 1513 invitum.
3420 1457 3561 1514 Cum

1981 1545 2130 1600 enim
2158 1546 2281 1615 quis
2307 1554 2476 1613 esset,
2521 1556 2577 1603 et
2615 1563 2715 1603 cur
2755 1557 3033 1619 utntopere
3072 1550 3337 1605 miserum
3373 1549 3562 1605 homi-

1917 1612 1959 1672 n
1989 1653 2115 1692 nem
2150 1612 2451 1709 torqueret,
2496 1655 2527 1694 a
2574 1641 2861 1697 sacerdote
2903 1612 3395 1711 interrogaretur;
3424 1650 3561 1707 uim,

1986 1728 2068 1783 ait
2117 1729 2328 1787 daemon
2352 1745 2368 1785 :
2392 1731 2473 1787 Me
2495 1732 2624 1788 hinc
2654 1732 2926 1802 expellere
2948 1735 3175 1789 minime
3203 1735 3270 1790 ad
3293 1749 3396 1791 vos
3434 1749 3561 1805 per-

1986 1818 2145 1884 tinet,
2175 1820 2267 1891 qui
2298 1835 2485 1876 veram
2516 1820 2745 1891 professi
2778 1822 2913 1878 estis
2949 1823 3293 1894 religionem,
3341 1832 3397 1878 et
3425 1838 3564 1893 quos

1985 1912 2088 1967 nisi
2114 1910 2322 1980 justum
2344 1928 2505 1985 agere
2526 1914 2668 1969 hami
2690 1915 2870 1978 decet;
2900 1914 3071 1970 furem
3096 1916 3241 1970 enim
3271 1929 3564 1986 aggressus

1985 2015 2106 2056 sum
2144 2001 2341 2058 crebro
2379 2003 2752 2069 mentientem,
2798 2005 3078 2075 Deumque
3112 2006 3278 2061 etiam
3317 2020 3565 2075 smpemt-

1985 2104 2138 2145 mero
2181 2091 2670 2161 hlasphemantem.
2701 2092 2778 2149 Ita
2810 2108 2952 2159 esse,
2986 2095 3341 2151 audientibus
3382 2096 3561 2162 nobis,

1985 2181 2321 2239 aiiirmavere
2354 2184 2724 2254 quamplures.
2752 2185 2953 2245 Verum
2974 2203 3104 2242 cum
3135 2188 3395 2243 sacerdos
3421 2186 3563 2242 clam

1987 2272 2109 2328 aliis
2136 2288 2260 2329 eum
2305 2274 2374 2329 ab
2410 2271 2716 2342 huiusmodi
2754 2275 2981 2333 nefariis
3010 2276 3114 2349 [ut]
3147 2291 3342 2334 cavere
3378 2276 3560 2344 vellet,

1987 2373 2252 2429 moneret,
2277 2365 2490 2422 demum
2514 2375 2639 2437 post
2664 2367 2922 2433 triduum,
2949 2383 3058 2438 quo
3087 2378 3329 2439 tempore
3352 2367 3563 2423 daemon

1983 2471 2111 2511 eum
2141 2458 2341 2512 acriter
2365 2459 2611 2514 vexando
2634 2468 2887 2524 torserat,
2913 2460 2980 2515 de
3009 2474 3068 2515 se
3106 2475 3211 2515 non
3228 2475 3406 2531 parvo
3436 2462 3564 2518 dato

1985 2549 2140 2617 signo
2168 2549 2443 2621 (fenestrze
2469 2550 2614 2606 enim
2650 2560 2861 2621 partem
2890 2550 3075 2623 fregit)
3113 2551 3247 2605 abiit
3298 2567 3407 2616 quo
3450 2566 3565 2606 me-

1987 2643 2123 2697 ritus
2172 2651 2276 2698 est.
2329 2643 2407 2697 Eo
2450 2642 2875 2697 molendinarius
2908 2642 2997 2696 ille
3039 2642 3167 2697 Jesu
3195 2652 3251 2697 et
3276 2640 3334 2698 S.
3368 2641 3563 2699 Joanni

1985 2732 2189 2801 gratias
2212 2746 2401 2802 agens,
2427 2740 2483 2785 et
2502 2743 2646 2786 artes
2666 2741 2721 2785 ct
2752 2746 2930 2786 mores
2955 2731 3173 2786 domum
3206 2733 3422 2788 rediens
3448 2748 3568 2787 mu-

1987 2820 2136 2877 tavit.
3550 2838 3556 2845 ‘

2580 2908 2780 2966 'PARS
2819 2911 2956 2967 ΧΙΗ.

2056 3021 2177 3077 itii.
2208 3021 2265 3077 In
2281 3021 2461 3094 vigilia
2492 3022 2551 3077 S.
2583 3022 2784 3089 Marias,
2816 3038 2937 3093 quas
2961 3024 3324 3095 obingen'tem
3354 3026 3566 3096 copiam

1983 3114 2143 3179 nivis,
2161 3114 2415 3183 qnmolim
2428 3115 2749 3170 Aventinum
2765 3124 3001 3172 montem
3014 3115 3162 3188 (ι-ιι)
3176 3115 3385 3184 Romae,
3401 3118 3569 3188 ipsius

1986 3203 2222 3274 Virginis
2248 3204 2514 3274 prodigio,
2551 3205 2804 3261 secundis
2850 3204 3019 3262 Nonis
3058 3207 3285 3278 Augusti
3326 3210 3567 3277 comple-

1986 3291 2084 3354 vit,
2115 3292 2182 3344 de
2209 3289 2344 3346 Nive
2367 3290 2591 3345 dicitur.
2625 3290 2680 3346 is
2707 3292 2852 3346 enim
2888 3292 3061 3349 festus
3091 3293 3207 3348 dies
3233 3304 3289 3348 et
3326 3295 3566 3349 celebra-

1989 3388 2074 3433 tus
2109 3394 2206 3447 per
2238 3379 2548 3449 religionem
2587 3379 2951 3436 Christianam
2981 3380 3202 3451 quintus
3222 3385 3429 3436 emensis
3455 3383 3569 3437 Au-

1988 3472 2187 3543 gustia
2232 3471 2574 3527 Christicolis
2611 3480 2853 3527 notatur.
2884 3472 2954 3526 Et
2994 3485 3061 3527 ne
3092 3473 3179 3527 cui
3217 3473 3571 3529 admirationi

1986 3564 2080 3628 sit,
2130 3577 2214 3617 me
2257 3560 2359 3616 hoc
2404 3561 2456 3614 in
2506 3560 2767 3617 miraculo
2802 3568 3018 3615 tantum
3040 3574 3286 3617 mensem
3317 3562 3573 3632 diemque

1991 3662 2211 3708 notasse
2264 3651 2550 3722 intelligat,
2582 3666 2673 3705 res
2698 3650 3350 3721 novumqueprodigium,
3383 3649 3487 3721 [ut]
3518 3651 3570 3705 id

1991 3758 2235 3815 agerem,
2271 3744 2533 3813 coegisse.
2558 3740 2713 3808 Quod
2745 3742 2993 3811 equidem
3010 3740 3365 3807 horrendum,
3386 3750 3573 3812 pecto-

1991 3838 2251 3907 ribusque
2311 3844 2513 3890 :cterue
2577 3834 2900 3889 servandum
2957 3833 3402 3888 animadvertatis
3452 3848 3571 3888 oro.

1993 3925 2106 3981 Hoc
2131 3924 2277 3980 enim
2305 3924 2373 3979 ab
2401 3924 2508 3979 alio
2542 3937 2649 3979 non
2679 3922 2887 3992 accepi,
2933 3924 3026 3978 sed
3052 3931 3114 3977 ut
3140 3922 3368 3977 multum
3397 3922 3570 3978 inter-

1994 4015 2089 4079 fui,
2122 4014 2248 4086 legi,
2268 4015 2565 4070 daemonem
2585 4012 2894 4082 rconjuravi.
2925 4013 3001 4067 Ea
3022 4012 3195 4083 igitur
3245 4028 3408 4082 quam
3436 4013 3577 4068 dixi.

1994 4119 2116 4159 mus
2163 4104 2273 4169 die,
2305 4102 2499 4157 mulier
2546 4102 2790 4170 quaedam
2819 4115 2848 4154 a
2883 4102 3126 4155 datmonc
3152 4108 3335 4168 capta,
3379 4111 3573 4153 revera

304 4202 562 4267 sanitati,
593 4204 815 4259 domum
859 4219 1011 4259 suam
1053 4204 1207 4259 laetus
1241 4205 1430 4259 abiens
1457 4222 1469 4257 :
1501 4202 1664 4275 [sed],
1706 4200 1894 4258 nescio
1926 4272 1953 4275 _
1995 4200 2137 4257 haud
2169 4196 2421 4269 ignobilis
2449 4198 2516 4252 de
2541 4197 2734 4252 (Ialcia‘.
2761 4195 2910 4265 (175)
2934 4194 3200 4263 partibus,
3233 4193 3368 4247 utin
3393 4191 3485 4247 tali
3516 4202 3576 4247 re

310 4307 419 4361 qua
450 4309 615 4348 causa
655 4293 737 4349 vel
780 4308 888 4363 quo
930 4294 1061 4348 vitio
1103 4292 1309 4348 factum
1357 4294 1449 4358 sit,
1497 4272 1551 4347 in
1581 4272 1704 4347 eum
1735 4291 1891 4362 paulo
1922 4272 1970 4332 Ῑ)
1998 4288 2113 4345 fieri
2164 4289 2360 4357 saepius
2414 4285 2586 4349 solet,
2647 4284 2829 4338 nmltis
2877 4284 3266 4339 comitantibus
3310 4283 3378 4337 ad
3431 4281 3577 4338 istud

301 4393 439 4453 post
482 4385 622 4439 idem
676 4386 789 4454 ipse
831 4384 1041 4440 daemon
1090 4384 1287 4440 iterum
1333 4384 1564 4439 introiit.
1611 4383 1781 4450 Quem
1824 4382 1892 4436 ad

312 4475 598 4544 praefatum
644 4476 700 4530 S.
744 4475 1046 4543 Creseium,
1079 4490 1201 4531 cum
1228 4485 1483 4546 parentes
1507 4475 1667 4543 longo
1699 4476 1895 4529 itinere

230 4578 233 4579 '
314 4567 618 4637 hiemisque
642 4568 956 4637 asperitate,
981 4568 1024 4622 si
1051 4568 1156 4622 huc
1178 4568 1592 4631 concessissent,
1620 4564 1892 4634 perterriti

306 4656 496 4712 denuo
544 4658 917 4723 deduxissent,
968 4659 1139 4728 petito
1176 4658 1334 4728 signo
1374 4672 1405 4710 a
1445 4659 1747 4721 sacerdote,
1801 4657 1893 4727 qui

307 4761 444 4801 eum
495 4749 908 4819 conjuraverat,
971 4746 1147 4814 inquit
1194 4748 1402 4802 daemon
1442 4762 1455 4798 :
1500 4744 1622 4799 Mox
1681 4745 1894 4815 signum

314 4836 665 4894 manifestum
699 4838 950 4904 dabitur;
998 4847 1054 4893 et
1092 4837 1236 4892 illico
1270 4836 1504 4902 asinum,
1537 4850 1702 4905 super
1736 4849 1895 4904 quem

316 4924 559 4991 sederat,
591 4927 645 4982 in
678 4927 893 4984 arboris
938 4936 1130 4982 trunco
1175 4924 1532 4995 suspendens,
1586 4926 1719 4997 ipsis
1744 4922 1898 4979 dolo-

314 5027 438 5072 rem
461 5019 715 5072 damnum
749 5019 956 5074 illatum
983 5026 1036 5071 et
1085 5018 1271 5072 multis
1308 5016 1473 5070 risum
1505 5017 1754 5086 prn'huit.
1785 5013 1897 5069 Hoc

396 5195 542 5264 (175)
568 5193 856 5266 ‘Scarparia
885 5193 985 5247 sita
1012 5194 1158 5249 estin
1181 5206 1314 5261 agro
1348 5188 1650 5258 Mugcllano
1668 5192 1828 5262 vulgo
1858 5189 1896 5243 il

326 5263 575 5331 ﬂagello,
600 5268 664 5319 de
691 5263 796 5334 duo
831 5273 888 5317 et
918 5276 1073 5332 supra
1096 5266 1331 5334 egimus.

398 5336 548 5362 ιιηιι.
583 5335 733 5362 0..-...
759 5335 845 5362 ιιι..
870 5334 895 5362 Α
913 5343 1065 5362 ιιιιιηιι
1089 5329 1331 5362 ηηηιιηιιη

931 5329 1065 5362 ιιιίηιι
1089 5329 1335 5362 ηιῖηιιιιδη
1350 5340 1572 5362 mnaalnm
1598 5332 1624 5362 Α
1637 5330 1891 5362 ..βιαία-ιιι-

1996 4379 2055 4435 8.
2088 4379 2273 4433 Mariae
2310 4375 2697 4433 monasterium
2737 4374 3035 4428 contendit.
3065 4372 3200 4429 Cum
3226 4373 3374 4429 enim
3414 4388 3445 4428 a
3482 4386 3578 4428 me

1996 4470 2051 4524 in
2080 4468 2408 4523 Sanctorum
2447 4464 2716 4535 sepulcro,
2745 4463 2813 4518 de
2850 4477 2960 4532 quo
2987 4462 3112 4517 alibi
3156 4462 3317 4518 latius
3348 4462 3576 4527 verbum

1998 4559 2257 4624 fecimus,
2283 4567 2412 4613 tunc
2440 4563 2710 4625 prostrata
2747 4552 3147 4623 conjurarctur,
3180 4561 3234 4608 et
3262 4561 3444 4608 mutus
3469 4554 3577 4608 day

1999 4666 2125 4706 mon
2156 4646 2403 4714 euectus,
2434 4646 2676 4717 legendo,
2723 4644 2931 4700 orando
2954 4657 3056 4698 seu
3092 4643 3426 4713 conjurando
3455 4644 3578 4699 nul-

1999 4745 2110 4800 lum
2159 4743 2315 4796 daret
2370 4752 2707 4809 responsum,
2760 4735 2901 4792 forte
2938 4734 3164 4791 Ordinis
3203 4734 3264 4789 8.
3292 4733 3581 4790 «ΕΙ-αιιοίεεί

2003 4837 2112 4893 duo
2163 4844 2527 4901 supervenere
2560 4829 2803 4893 Fratres,
2836 4826 2929 4897 qui
2958 4842 2988 4879 a
3015 4826 3214 4881 Fratre
3241 4822 3425 4878 Marco
3450 4831 3590 4878 tunc

2004 4922 2232 4980 eremita
2261 4919 2321 4975 8.
2346 4918 2531 4973 Mariae
2557 4919 2623 4974 de
2644 4917 2879 4973 Cascesa
2906 4916 3143 4982 invitati,
3172 4914 3242 4968 ad
3267 4911 3440 4979 ipsius
3461 4911 3591 4967 Vir-

2010 5015 2151 5093 ginis
2187 5010 2371 5066 Mariae
2406 5007 2602 5064 festum
2630 5008 2710 5063 ire
2740 5003 3129 5077 praperahant.

2012 5204 2260 5260 Romano
2285 5190 2511 5257 aliisque
2539 5182 3166 5260 monumentisconstat.

2085 5237 2607 5342 't'i'ié3"6rii?ii§ééé
2631 5237 2884 5342 εδίηαεέιςι
2906 5237 3612 5342 ξροξιρτηξιξξὲἒξὲ).

2020 5343 2056 5362 ρ
2085 5309 2953 5362 ἱζέἷπζ’ῖξζᾴξζηςῖ’ᾗολμζηηιιίρίς
2992 5309 3258 5362 ςωιιιῖιιιν
3290 5309 3434 5360 inter
3473 5309 3615 5362 duos
