4110 5362
590 305 705 369 8τὸ

1658 305 1714 360 s.
1756 303 2039 360 JOANNIS
2076 285 2466 359 ouatutsnrt
2505 298 2794 354 ABBATIS

3740 295 3851 350 87G

569 449 577 455 -
667 421 793 478 {62.
833 420 935 490 Qui
981 417 1276 475 liberaliter
1314 434 1345 473 a
1392 416 1594 473 uestris
1619 417 1811 482 habiti,
1853 417 1976 470 dum
2022 413 2247 478 more‘A
2277 414 2419 468 ultro
2453 413 2698 480 citroque
2729 413 2868 466 datis
2907 420 2960 466 ct
3003 409 3271 480 acceptis,
3316 410 3368 466 in
3417 423 3565 481 spem
3597 411 3842 467 animum

599 513 756 569 solito
781 514 950 566 talum
981 509 1222 564 viserent
1256 507 1667 571 monasterium,
1697 507 1898 561 dictum
1931 503 2032 559 fuit
2078 518 2169 558 ve-

599 605 747 658 nisse
771 601 1050 656 mulierem
1080 614 1110 653 a
1142 598 1384 653 daemone
1428 611 1754 666 possessam.
1799 594 1946 650 Illico
1987 595 2170 663 itaque

599 695 747 746 nova
770 704 832 744 re
859 688 1024 742 illecti
1056 701 1376 742 concessere
1406 687 1472 740 ad
1501 686 1866 756 sepulchrum.
1901 684 2050 740 Unus
2075 700 2172 738 au-
2250 706 2253 708 ·

601 789 706 835 tem
732 793 798 834 ex
837 778 922 833 his
967 777 1108 833 forte
1138 777 1522 831 necromantia:
1549 787 1668 831 arte
1714 777 2035 839 instructus,
2082 789 2168 829 me

598 868 688 923 diu
733 867 1116 936 interrogando
1163 865 1463 927 laborante,
1503 873 1559 919 et
1593 865 1892 918 dazmouem
1935 878 2039 918 non
2085 878 2170 918 re-

599 957 953 1025 spondentem
1008 955 1148 1009 haud
1199 969 1354 1024 aequo
1399 955 1580 1009 animo
1629 953 1908 1024 perferens
1955 952 2163 1021 inquit:

596 1047 811 1113 Quzeso,
855 1046 1035 1109 Pater,
1068 1059 1201 1114 pace
1233 1044 1327 1098 ﬁat
1357 1053 1554 1098 vestra.
1597 1043 1735 1098 Huic
1766 1042 1976 1097 mulieri
2018 1056 2167 1110 quae-

485 1129 503 1146 ’
596 1139 719 1191 dam
747 1144 956 1190 secrete
985 1135 1039 1188 in
1071 1150 1235 1189 aures
1272 1133 1434 1188 liccat
1466 1134 1668 1188 dicere.
1707 1133 1844 1201 Quid
1879 1133 1924 1187 si
1957 1133 2166 1186 dmmon

581 1229 761 1283 etiam
786 1227 991 1280 invitus
1016 1226 1346 1296 respondere
1373 1226 1634 1294 cogatur?
1665 1225 1776 1295 Ego
1805 1225 1968 1293 igitur
1999 1225 2048 1278 in
2073 1223 2166 1278 tali

598 1333 656 1371 re
683 1332 873 1386 parum
902 1325 1179 1385 expertus,
1211 1323 1410 1386 putans
1452 1314 1619 1369 verba
1649 1315 1825 1383 aliqua
1864 1315 2062 1377 divina,
2109 1323 2166 1368 ut

596 1409 752 1463 decet
781 1407 1022 1472 Fratres,
1051 1406 1344 1470 dicturum,
1373 1405 1591 1475 permisi
1616 1404 1863 1458 libenter.
1891 1405 2168 1460 Accedens

595 1498 778 1566 itaque
807 1497 873 1550 ad
904 1495 1148 1550 mulieris
1171 1509 1352 1558 aures,
1375 1493 1575 1548 .nescio
1615 1493 1745 1563 quid
1797 1494 2086 1548 mussitans
2113 1502 2167 1548 ct

593 1587 735 1641 labia
760 1600 984 1640 movens
1022 1593 1230 1639 secrete
1264 1583 1569 1653 spiraverit.
1599 1583 1695 1637 Cui
1727 1583 1907 1637 statim
1956 1583 2163 1636 dzrmon

594 1679 900 1750 indignans,
924 1689 1156 1745 eumque
1180 1675 1423 1729 trucibus
1446 1674 1728 1728 minaciter
1751 1675 2017 1743 aspiciens
2038 1689 2167 1728 ocu-

2254 505 2464 559 ‘arrecti
2491 544 2505 569 ,
2543 519 2599 558 se
2624 503 2874 558 Fratrum
2903 504 3236 558 orationibus
3269 505 3709 560 commendantes
3749 519 3845 574 po-

2269 593 2458 649 stridie
2493 594 2596 648 iter
2622 609 2911 663 perrexere
2939 609 3116 648 suum.

2340 680 2460 735 165.
2501 681 2696 736 Verum
2736 697 2857 736 cmn
2906 682 3270 737 intensissimo
3296 682 3424 738 solis
3453 684 3644 737 ardore
3671 692 3724 738 et
3756 683 3840 738 la-

2270 772 2400 827 bore
2421 772 2568 836 fessi,
2583 773 2682 826 sub
2698 773 2802 826 lata
2833 773 2945 827 olea
2967 773 3139 827 locum
3157 772 3471 827 Perusinum
3486 774 3632 843 (I77)
3647 789 3841 843 prope,

2272 859 2326 914 in
2369 860 2564 914 itinere
2607 863 3008 926 consedissent;
3052 877 3177 917 ecce
3227 863 3504 933 (borrcSco
3549 866 3834 932 referens),

2270 950 2543 1004 condensa
2568 950 2760 1004 nebula
2791 961 2845 1004 et
2871 953 3161 1021 nigerrima
3189 954 3420 1022 quodam
3453 969 3573 1008 cum
3602 954 3842 1009 stridore

2269 1038 2512 1094 horrenti
2557 1055 2588 1094 e
2623 1040 2742 1095 lacu
2779 1051 2999 1110 repente
3034 1043 3257 1098 veniens
3281 1083 3296 1107 ,
3343 1044 3432 1097 ubi
3481 1043 3842 1099 consederant

2269 1130 2474 1194 miseri,
2504 1131 2678 1185 locum
2711 1146 2922 1185 onmem
2957 1133 3302 1204 conglobatis,
3329 1134 3399 1188 ita
3431 1134 3535 1206 [ut]
3561 1136 3665 1189 illic
3691 1135 3837 1190 diem

2269 1218 2322 1273 in
2352 1230 2562 1274 noctem
2585 1233 2856 1286 verteret,
2887 1223 3090 1292 ingenti
3114 1239 3233 1277 cum
3264 1225 3457 1280 foetore
3485 1243 3576 1280 eos
3598 1228 3838 1282 circum-

2269 1308 2423 1372 dans,
2470 1311 2593 1364 inde
2622 1311 2781 1378 paulo
2824 1323 2944 1381 post
2970 1313 3175 1379 abiens,
3201 1329 3470 1370 summum
3507 1333 3630 1371 aera
3661 1319 3838 1388 petiit,

2269 1396 2323 1450 in
2371 1413 2479 1466 quo
2524 1398 2781 1466 paulatim
2851 1401 3024 1454 soluta
3072 1417 3332 1471 nusquam
3373 1408 3692 1476 comparuit.
3741 1407 3841 1464 His

2269 1484 2414 1540 illico
2439 1488 2725 1557 obriguere
2753 1489 2868 1558 pili,
2900 1499 2954 1545 et
2981 1492 3194 1546 subitus
3222 1496 3460 1548 cucurrit
3487 1497 3567 1550 eis
3590 1513 3686 1566 per
3712 1511 3842 1553 ossa

2271 1580 2495 1637 tremor,
2520 1585 2574 1628 et
2607 1576 2804 1629 humor
2833 1578 3071 1647 undique
3097 1589 3152 1633 et
3187 1583 3421 1651 undique
3451 1583 3626 1638 salsus
3658 1595 3841 1654 gutta-

2271 1662 2364 1716 tim
2391 1665 2713 1718 scaturiens.
2776 1664 2872 1719 Ubi
2921 1667 3194 1734 paululum
3239 1671 3434 1725 morati
3469 1681 3632 1736 sunt,
3679 1672 3841 1745 longe

594 1769 679 1831 lis,
716 1747 776 1824 in
817 1769 933 1824 haec
982 1768 1200 1821 demum
1236 1766 1400 1821 verba
1447 1765 1681 1820 stridens
1726 1764 1901 1840 erupit
1927 1781 1948 1821 ;
1981 1763 2161 1837 pro-
2196 1747 2238 1806 Β
2270 1756 2461 1831 trepidi
2491 1756 2714 1831 pedibus
2745 1757 3053 1812 labantibus
3075 1775 3270 1831 surgcn
3299 1771 3398 1827 lcs,
3424 1764 3684 1834 signoque
3713 1781 3839 1820 cru-

592 1861 750 1930 crita,
793 1857 1076 1919 simulator
1119 1873 1226 1917 non
1263 1855 1468 1926 Frater,
1507 1855 1600 1914 sed
1655 1869 1960 1928 corruptor,
2001 1874 2033 1912 ο
2064 1859 2151 1912 Ιιοο

594 1957 798 2012 minum
839 1956 1092 2026 pesSime,
1141 1969 1247 2022 qua
1285 1961 1342 2006 tu
1372 1953 1595 2006 audacia
1644 1951 1819 2006 isthoc
1849 1949 1902 2002 in
1929 1948 2046 2003 loco
2075 1963 2164 2004 sa-

593 2062 706 2111 cro,
739 2047 1006 2117 Reliquiis
1040 2045 1323 2114 servisque
1364 2043 1457 2098 Dei
1498 2041 1877 2112 praesentibus,
1915 2054 2079 2094 ausus
2106 2053 2166 2094 es

595 2148 684 2195 tua
715 2140 948 2210 pessima
972 2149 1111 2204 arte,
1142 2151 1302 2208 quem
1327 2136 1472 2190 Deus
1496 2135 1733 2191 nondum
1764 2142 2036 2204 coegerat,
2076 2146 2166 2186 co-

593 2245 746 2301 gere.
783 2228 880 2296 Te,
924 2229 1056 2284 mihi
1114 2227 1298 2292 crede,
1328 2225 1646 2295 pmniteret,
1693 2224 1739 2278 si
1787 2237 1906 2294 quae
1950 2223 2003 2277 in
2043 2221 2165 2276 sinu

594 2319 775 2375 defers
829 2332 1110 2374 amoreres
1136 2335 1149 2372 :
1180 2315 1391 2372 ferebat
1411 2315 1579 2380 enim,
1601 2322 1658 2368 ut
1680 2314 1809 2367 mihi
1838 2314 1950 2382 ipse
1975 2311 2166 2366 deinde

584 2409 802 2477 retulit,
849 2410 918 2466 de
952 2409 1096 2480 ligno
1123 2408 1528 2479 pretiosissima:
1559 2405 1748 2460 Crucis
1777 2403 1977 2460 Christi
2015 2401 2162 2458 Jesu.

662 2497 790 2554 165.
827 2497 927 2554 Cui
967 2514 1089 2553 cum
1126 2498 1306 2552 statim
1338 2495 1661 2566 intrepidus,
1686 2493 1799 2549 Nec
1831 2496 1883 2548 te
1920 2508 2017 2547 nec
2048 2503 2166 2546 tuas

587 2602 765 2659 paveo
785 2588 980 2652 minas,
1015 2588 1400 2657 responderet,
1447 2586 1622 2655 inquit
1643 2584 1852 2638 daemon
1884 2599 1898 2638 :
1935 2583 2032 2645 Da,
2069 2598 2166 2637 oro

594 2692 670 2750 te,
691 2683 843 2748 huic,
867 2684 1010 2751 quod
1044 2683 1097 2736 in
1129 2683 1249 2738 sinu
1289 2681 1420 2736 latet
1447 2689 1539 2735 tuo
1567 2699 1580 2734 :
1606 2681 1732 2734 inde
1761 2680 1815 2733 in
1845 2677 2162 2748 Alpisjuga,

593 2773 680 2830 vel
711 2775 904 2844 qirovis
932 2782 1086 2828 extra
1127 2774 1241 2828 haec
1275 2772 1389 2828 loca
1419 2779 1604 2826 sancta
1639 2780 1692 2824 te
1720 2770 1929 2833 confer,
1965 2778 2020 2823 et
2058 2769 2166 2823 illic

592 2881 806 2921 mecum
831 2863 1189 2920 eonllictando
1237 2863 1516 2932 experiere
1555 2860 1678 2928 quid
1707 2869 1822 2923 tua,
1850 2876 1883 2914 o
1901 2860 2022 2922 ‘bos,
2053 2858 2164 2913 vir-

595 2967 680 3011 tus
709 2957 760 3009 in
793 2969 876 3010 me
905 2953 1077 3023 possit
1108 2972 1120 3006 :
1156 2967 1338 3007 verum
1368 2967 1467 3007 nec
1497 2951 1683 3004 urbem
1713 2950 1912 3004 adieris
1948 2948 2165 3003 Perusi-

592 3062 718 3100 nam
742 3044 922 3116 [quin]
968 3058 1067 3113 ego
1122 3042 1250 3112 quid
1278 3057 1397 3097 mea
1433 3041 1486 3096 in
1528 3041 1815 3137 tenvalcat,
1850 3039 2160 3137 periculum
2191 3077 2236 3137 Ο

593 3135 810 3191 faciam.
834 3134 929 3188 His
961 3134 1122 3188 dictis
1152 3133 1436 3189 conticuit.
1469 3130 1659 3187 Infelix
1692 3145 1823 3186 vero
1850 3129 2063 3196 Frater,
2097 3131 2163 3183 de

593 3228 680 3284 his
729 3242 850 3298 qua:
877 3227 928 3281 in
960 3225 1228 3281 diabolum
1252 3225 1478 3286 dixerat,
1502 3211 1814 3295 paenitentia
1840 3222 2056 3284 ductus,
2084 3220 2166 3273 in-

595 3317 741 3388 genti
768 3331 967 3387 pavore
994 3329 1304 3386 percussus,
1329 3329 1435 3367 una
1465 3329 1598 3382 cum,
1620 3313 1837 3376 comite,
1873 3309 1931 3363 S.
1965 3308 2161 3363 .loanni

592 3408 886 3480 imprimis,
925 3406 1051 3462 inde
1077 3404 1265 3470 nobis,
1312 3402 1605 3473 plurimum
1640 3416 1699 3457 se
1737 3399 2161 3462 commendans,

567 3518 570 3520 ‘
598 3499 767 3553 tristis
798 3495 954 3555 abiit.
989 3494 1184 3550 Mulier
1205 3508 1334 3547 vero
1363 3491 1557 3546 eodem
1587 3490 1675 3546 die
1709 3489 1910 3544 virtute
1944 3486 2166 3542 Joannis

593 3585 894 3642 beatissimi
921 3584 1170 3654 pristina:
1191 3581 1439 3650 sospitati
1475 3580 1682 3635 reddita
1703 3619 1720 3644 ,
1755 3579 1880 3649 quia
1909 3591 2016 3632 non
2045 3591 2166 3645 pro-

595 3677 680 3730 cul
705 3692 734 3730 a
764 3675 1096 3732 monasterio
1119 3669 1472 3744 [habitabat],
1507 3669 1747 3742 gaudens
1783 3669 2000 3724 domum
2040 3679 2166 3736 pro-

594 3766 766 3836 priatn
796 3766 1089 3822 concessit.

659 3857 789 3912 464.
818 3856 1012 3912 Frater
1038 3865 1220 3912 autem
1245 3855 1357 3920 ille,
1378 3855 1446 3910 de
1469 3867 1578 3924 quo
1598 3865 1741 3908 nunc
1771 3851 1997 3906 verbum
2032 3847 2165 3911 feci,

598 3957 656 4002 ut
686 3956 1030 4018 suuspostea
1067 3946 1222 4002 nobis
1252 3945 1433 4001 retulit
1452 3957 1641 3999 comes
1661 3981 1676 4006 ,
1710 3940 1844 3995 tales
1869 3938 2044 3993 exitus
2074 3937 2170 3989 ha-

592 4038 713 4098 buit
734 4054 748 4097 :
766 4036 1117 4100 sanclmcoim
1136 4036 1316 4096 Maria:
1338 4035 1631 4094 festivitate
1651 4047 1718 4086 ex
1741 4039 1863 4084 voto
1884 4037 1938 4099 et
1954 4035 2169 4081 senten-

600 4135 678 4190 tia
714 4134 956 4190 eremita:
997 4132 1161 4188 Marci
1201 4142 1322 4187 acta
1371 4131 1676 4199 diligenter,
1746 4121 1814 4180 ad
1880 4117 2168 4187 quemdam

596 4228 932 4285 Conventum
964 4227 1242 4292 Fratrum,
1286 4225 1338 4279 in
1382 4223 1518 4278 colle
1556 4220 1790 4290 quodam
1823 4217 1958 4272 satis
1986 4209 2038 4266 in
2071 4208 2169 4266 ima

593 4334 836 4374 mensum
865 4317 1190 4386 pet-tingenti
1237 4316 1378 4369 inter
1407 4309 1756 4368 S.Joannem
1783 4307 1847 4361 dc
1872 4305 2007 4358 valle
2036 4301 2168 4356 Arni

2267 1853 2347 1908 cis
2375 1868 2434 1909 se
2464 1855 2803 1919 munientes,
2846 1851 3117 1920 inceptum
3147 1867 3251 1908 non
3274 1855 3404 1908 'sine
3431 1871 3627 1924 magno
3655 1856 3841 1912 labore

2267 1958 2526 2014 peregere
2572 1943 2697 1998 iter.
2757 1945 3028 2002 Caeterum
3075 1943 3164 1997 ubi
3199 1944 3471 1999 civitatem
3519 1935 3837 2001 Perusinam

2268 2033 2500 2104 ingressi
2548 2044 2695 2101 sunt,
2736 2035 2903 2090 miser
2941 2036 3049 2101 ille,
3092 2049 3252 2106 quem
3299 2034 3510 2090 dromon
3555 2045 3744 2092 nostro
3784 2039 3838 2093 in

2269 2126 2598 2182 monasterio
2643 2125 2846 2181 acriter
2889 2120 3203 2196 castigarat,
3252 2128 3392 2182 diem
3435 2126 3628 2192 clausit
3661 2139 3840 2185 extre-

2267 2228 2437 2268 mum.
2480 2213 2605 2269 llatc
2647 2215 2829 2269 omnia
2878 2213 3014 2270 alter
3058 2214 3270 2279 Frater,
3327 2230 3511 2272 comes
3563 2218 3732 2287 ipsius
3781 2219 3836 2272 in

2268 2305 2442 2360 reditu
2468 2320 2568 2360 suo
2588 2304 2937 2368 Florentiam,
2972 2305 3126 2360 nobis
3155 2304 3356 2360 referre
3384 2308 3613 2362 curavit.
3641 2304 3840 2363 Exiem-

2267 2392 2355 2463 plo
2385 2394 2488 2449 hoc
2509 2404 2656 2463 patet
2685 2395 2840 2460 satis,
2862 2403 3037 2449 artem
3061 2397 3503 2460 necromantiam,
3534 2413 3632 2452 nec
3663 2413 3835 2452 sarcu-

2267 2481 2434 2539 larem
2466 2485 2706 2555 quidem,
2733 2497 2938 2554 quanto
2976 2486 3154 2541 minus
3196 2487 3525 2558 Religiosum
3577 2505 3840 2545 exercere

2267 2574 2488 2641 debere,
2517 2579 2814 2644 praesertim
2877 2578 3002 2646 quia
3037 2577 3372 2633 Christianos
3397 2595 3619 2646 omnes,
3651 2581 3835 2636 divina

2267 2663 2631 2732 humanaque,
2659 2681 2766 2720 non
2795 2666 3059 2720 diabolica
3078 2707 3094 2734 ,
3124 2669 3399 2736 requirere
3429 2671 3630 2724 auxilia
3670 2687 3844 2740 opor-~

2269 2763 2361 2810 tet.
2399 2747 2600 2808 Verum
2629 2771 2771 2810 nunc
2800 2757 2865 2809 ad
2901 2757 3131 2827 reliqua.

2338 2844 2458 2899 166.
2510 2845 2584 2900 Ea
2632 2846 2686 2900 in
2749 2846 3084 2901 hebdomada
3112 2849 3306 2918 puclla,
3348 2849 3632 2919 septimum
3671 2865 3838 2921 agens

2266 2953 2485 3002 annum,
2532 2953 2561 2990 a
2610 2938 2853 2993 daemone
2897 2954 3165 3008 possessa,
3212 2955 3242 2994 a
3280 2943 3591 3009 parentibus
3638 2943 3840 2996 ad-hoc

2267 3030 2326 3084 S.
2357 3029 2538 3083 Marize
2562 3031 2945 3085 monasterium
2976 3031 3027 3085 vi
3055 3040 3223 3100 rapta,
3248 3032 3492 3086 onmibus
3512 3048 3573 3087 ea
3603 3035 3654 3086 in
3680 3041 3840 3087 actate

2267 3122 2489 3192 puellari
2523 3124 2716 3191 posita,
2747 3120 3086 3178 admirationi
3123 3126 3314 3178 extitit.
3348 3126 3443 3180 Cui
3473 3141 3592 3181 cum
3623 3127 3674 3180 in
3703 3128 3840 3180 San-

2265 3223 2476 3268 ctorum
2502 3214 2750 3282 sepulcro
2779 3217 2964 3269 matris
3007 3214 3260 3284 lacrymis
3285 3214 3618 3284 aliorumque
3641 3203 3842 3284 pietate

2266 3313 2464 3369 motus,
2501 3314 2858 3371 compatcrer,
2905 3305 3196 3358 daetttonem
3243 3320 3369 3358 vero
3415 3307 3749 3360 orationibus
3785 3316 3840 3360 et

2265 3391 2515 3461 precibus
2564 3393 2614 3446 in
2649 3408 2759 3447 rem
2786 3408 2937 3447 suam
2962 3393 3135 3446 abiret
3165 3393 3537 3464 conjurarem,
3574 3405 3723 3448 tanta
3757 3397 3839 3450 vis

2265 3483 2476 3552 puellm,
2508 3484 2748 3539 dtemone
2771 3485 3068 3550 annitente,
3092 3483 3210 3546 fuit,
3231 3493 3288 3538 ut
3333 3485 3564 3555 ingentia
3596 3501 3724 3540 saxa
3746 3501 3843 3542 ca-

2265 3575 2375 3642 pite
2402 3583 2698 3638 amoveret,
2728 3576 2977 3645 virosque
3005 3590 3212 3640 omnes,
3239 3578 3328 3647 qui
3350 3591 3509 3647 super
3533 3579 3839 3647 sepulcrum

2267 3661 2528 3715 sedebant
2561 3676 2628 3716 ne
2649 3660 2785 3716 forte
2804 3665 2998 3727 exiret,
3023 3661 3076 3716 in
3105 3664 3282 3717 varias
3304 3675 3485 3732 partes
3506 3664 3668 3734 (quod
3691 3665 3840 3720 diem

2268 3747 2581 3803 incredibile
2634 3747 2736 3816 est)
2790 3747 2896 3802 labi
2928 3751 3162 3818 coegerit
3191 3768 3204 3803 :
3248 3751 3358 3820 ipsa
3383 3767 3512 3808 vero
3533 3769 3692 3823 quam
3721 3754 3839 3823 pri-

2269 3852 2412 3888 mum
2441 3835 2670 3904 prosiliit
2714 3844 2886 3890 extra.
2917 3838 3027 3908 Ego
3069 3839 3316 3908 equidem
3366 3843 3468 3898 tale
3507 3843 3677 3898 oculis
3707 3843 3846 3898 meis

2267 3941 2366 3980 nec
2395 3935 2521 3980 ante
2565 3942 2665 3980 nec
2706 3937 2828 3996 post
2856 3929 3071 3984 tuemini
3123 3946 3208 3986 me
3251 3932 3450 3988 vidisse
3499 3933 3663 4000 Proh,
3699 3933 3844 3990 bone

2267 4015 2430 4072 Jesu!
2464 4019 2682 4087 parvula
2707 4019 2905 4087 puella,
2932 4021 2984 4074 in
3016 4030 3222 4077 tantum
3264 4034 3382 4079 arte
3411 4027 3668 4082 daemonis
3695 4025 3843 4082 furo-

2270 4122 2384 4162 rem
2411 4121 2564 4161 versa
2613 4108 2715 4162 hoc
2742 4108 2846 4162 tale
2874 4109 2988 4163 solo
3012 4111 3187 4179 capite
3217 4129 3347 4168 ausa
3378 4116 3451 4168 sit
3481 4116 3708 4171 facinus.
3735 4115 3843 4172 Ubi

2268 4197 2518 4269 primum.
2564 4205 2622 4254 ut
2669 4198 2798 4263 dixi,
2833 4214 2882 4277 ‘a
2936 4197 3253 4259 Sanctorum
3297 4204 3544 4275 sepulcro
3587 4207 3842 4277 prcsiliit,

2269 4293 2656 4348 circumferens
2683 4294 2807 4347 hinc
2828 4275 2958 4349 inde
2986 4304 3164 4351 truces
3195 4298 3478 4353 minaciter
3505 4301 3712 4366 oculos,
3746 4305 3847 4356 mi-

593 4419 650 4464 et
677 4409 930 4478 oppidum
954 4402 1374 4461 Montis-Varcbi
1399 4400 1818 4467 (l76)situm,se
1839 4393 2062 4448 Fratres
2091 4390 2162 4443 illi
2194 4406 2242 4464 ι)
2270 4387 2499 4443 serabile
2551 4387 2908 4458 pavidumque
2953 4388 3020 4444 de
3064 4404 3124 4444 so
3175 4391 3426 4445 omnibus
3477 4395 3844 4461 spectaculum

593 4500 958 4561 conferentes,
991 4497 1036 4550 is
1067 4495 1155 4565 qui
1212 4493 1506 4562 pessimum
1550 4489 1773 4553 facinus,
1805 4490 2163 4554 perpetrarat,

592 4605 693 4645 sua
729 4590 1037 4659 lacrymans
1072 4584 1306 4644 scelera,
1345 4579 1626 4635 humiliter
1658 4577 1939 4630 confessus
1983 4573 2170 4643 impri-

589 4681 723 4744 mis,
746 4679 868 4740 inde
888 4678 977 4746 qui
998 4680 1014 4728 l
1038 4675 1138 4730 stbi
1171 4672 1431 4727 acciderit
1465 4667 1835 4736 compluribus
1873 4663 2165 4720 enarravit.

594 4770 696 4825 llis
723 4771 904 4837 itaque
925 4764 1211 4819 Fratribus
1237 4777 1326 4816 res
1357 4759 1597 4814 inaudita
1625 4773 1730 4812 non
1757 4770 1976 4825 parvam
2000 4762 2056 4808 et
2077 4753 2172 4807 ad-

593 4861 941 4915 mirationem
973 4853 1195 4908 incussit
1233 4861 1286 4905 et
1331 4860 1563 4915 metum;
1597 4859 1798 4913 tamen,
1831 4856 1888 4900 ut
1918 4846 2170 4900 Fratrum

598 4964 717 5005 mos
755 4955 872 5008 est,
912 4944 1026 5011 ejus
1059 4943 1268 4996 blandis
1297 4941 1479 4996 verbis
1520 4941 1691 4995 lenire
1729 4939 2006 5000 dolorem,
2039 4935 2172 4990 nihil

598 5052 720 5092 esse
773 5033 917 5094 quod
946 5031 1120 5087 vereri
1151 5030 1395 5094 deberet,
1420 5039 1530 5083 tmn
1555 5029 1682 5094 quia
1715 5026 2022 5089 confessus,
2058 5032 2173 5078 tum

2268 4481 2509 4551 prmbere
2532 4498 2545 4534 :
2579 4495 2765 4549 passos
2789 4482 2932 4535 enim
2957 4481 3200 4551 capillos,
3230 4483 3414 4537 oculos
3445 4485 3758 4553 ignivomos.
3781 4503 3848 4542 os

2269 4571 2601 4641 Spumosum,
2635 4572 2978 4642 lacerumque
3007 4583 3192 4643 pectus
3227 4585 3280 4629 et
3309 4591 3403 4628 ora
3433 4575 3655 4641 habens,
3683 4581 3847 4632 modo

2269 4664 2529 4733 singulos,
2563 4663 2718 4718 modo
2748 4665 3025 4718 universos
3074 4665 3139 4718 ad
3186 4675 3456 4720 certamen
3505 4682 3840 4736 provocare;

2269 4763 2324 4806 et
2351 4768 2413 4808 eo
2439 4754 2695 4817 atrocius,
2725 4753 2845 4820 quia
2875 4755 3012 4808 intra
3049 4754 3170 4808 valli
3212 4764 3359 4820 septa
3387 4754 3566 4809 clausa
3615 4755 3844 4822 etjnve-

2273 4859 2398 4897 num
2449 4844 2636 4913 globus
2683 4845 2876 4909 ostium
2923 4843 3198 4908 obsidens,
3222 4845 3363 4898 nulla
3407 4854 3556 4914 parte
3599 4846 3704 4909 via,
3735 4860 3842 4915 qua

2275 4944 2602 5002 erumperet,
2631 4933 2874 4987 dabatur.

2347 5024 2465 5076 167.
2511 5024 2732 5076 Denmm
2790 5023 3038 5076 omnibus
3062 5022 3345 5077 formidine
3368 5025 3594 5093 arreptis
3614 5037 3841 5092 eamque
