4110 5362
282 208 346 261 77
1770 191 1977 249 ACTA.

3407 188 3512 246 878

245 320 388 391 reci;
400 318 539 385 iens,
577 325 740 390 caput
787 316 1038 388 compsit,
1067 323 1296 375 caeteras
1337 321 1399 371 et
1425 311 1620 370 deinde
1647 318 1830 382 partes
1857 311 1908 372 Α
1936 313 2022 360 tus
2047 312 2210 368 esset,
2240 321 2347 362 non
2372 306 2535 380 longo
2555 303 2749 363 deinde
2774 302 3033 377 temporis
3055 302 3339 362 intervallo
3358 304 3510 371 dato,

245 410 493 482 corporis
516 411 848 465 adornando.
878 409 1042 464 Paulo
1073 418 1214 479 post,
1242 407 1370 483 quia
1392 407 1500 464 diei
1528 416 1831 461 extremum

246 511 415 568 esset,
444 515 544 556 nos
574 501 717 555 intro
742 509 1003 570 petentes,
1034 515 1264 569 eamque
1283 498 1510 555 comites
1535 496 1760 567 pedibus
1779 501 1836 549 et

250 601 362 648 toto
391 607 620 663 corpore
664 591 935 646 labantem
990 591 1266 667 trahentes
1321 590 1494 645 secuti
1537 596 1684 644 sunt.
1733 584 1833 642 Ubi

251 684 416 754 igitur
439 683 506 737 ad
535 681 794 751 capellam
822 691 1043 755 ventum
1080 689 1184 744 est,
1217 680 1287 735 ibi
1334 682 1590 750 quievere
1639 678 1833 749 paulu-

252 772 384 826 lum.
413 771 576 826 Forte
607 770 822 826 fortuna
850 769 1032 824 fuitin
1063 769 1297 839 Virginis
1313 769 1492 823 Mariae
1522 768 1752 830 laudem,
1778 774 1837 820 ut

255 863 496 932 vesperis
520 862 746 932 singulis
791 878 887 932 per
919 870 1086 916 totam
1115 861 1317 915 Christi
1367 859 1680 928 religionem
1719 857 1834 913 ﬁeri

255 969 374 1008 mos
400 963 500 1022 est,
534 937 875 1022 pulsaretur;
922 953 1010 1007 vix
1043 953 1219 1021 primo
1273 953 1398 1007 dato
1426 953 1598 1022 signo,
1626 952 1836 1008 daemon

257 1043 495 1113 Virginis
533 1043 712 1098 Maria:
755 1043 1037 1112 sanctique
1058 1042 1280 1096 Joannis
1313 1043 1563 1096 virtutem
1609 1041 1840 1111 amplius

257 1149 364 1188 n0n
388 1133 689 1203 perferens,
719 1149 804 1187 me
832 1149 935 1186 una
973 1148 1094 1187 cum
1120 1132 1406 1203 acolythis,
1441 1148 1671 1203 quorum
1701 1148 1840 1188 unus

256 1237 454 1292 aquam
483 1224 659 1278 verbis
681 1233 735 1277 et
755 1224 867 1278 sale
892 1232 1266 1292 espurgatam,
1291 1224 1427 1278 alter
1450 1223 1674 1280 Crucem
1703 1224 1842 1278 fere-

256 1315 374 1380 bat,
403 1315 674 1379 audiente,
725 1315 932 1371 damon
983 1315 1186 1386 ingenti
1225 1331 1349 1370 cum
1399 1316 1632 1370 stridore
1662 1314 1842 1370 excla-

257 1418 414 1458 mans
454 1404 746 1458 concessit.
797 1405 1020 1459 Postera
1064 1420 1196 1459 vero
1222 1405 1329 1470 die,
1361 1403 1487 1459 .lesu
1526 1405 1842 1475 Virginique

259 1493 443 1550 Mariae
474 1496 635 1550 matri
673 1493 788 1563 ejus
846 1495 1092 1566 ingentes
1122 1496 1325 1566 gratias
1363 1506 1604 1566 agentes,
1650 1494 1755 1549 la-ti
1787 1496 1839 1548 in

257 1584 493 1654 patriam
524 1586 872 1640 contendere.
902 1586 1030 1639 Eam
1066 1587 1260 1640 deinde
1282 1586 1608 1641 incolumem
1640 1586 1841 1641 vidisse

1935 413 2059 453 cum
2089 398 2175 453 die
2197 398 2431 468 quadam
2456 413 2564 454 una
2591 413 2712 453 cum
2735 395 3060 468 quibusdam
3076 397 3264 453 vineas
3288 397 3511 453 excole-

1935 496 2040 554 ret,
2064 487 2260 543 iterum
2291 487 2499 542 daemon
2554 487 2738 542 herbis
2758 495 2815 542 et
2837 487 3016 544 verbis
3053 487 3228 542 noxiis
3269 495 3511 556 coaetus,

1939 586 1996 632 ut
2028 592 2216 647 supra,
2245 592 2368 632 eum
2396 577 2706 647 ingrediens
2729 572 2989 648 possedit.
3013 576 3138 631 Inde
3159 577 3509 641 debaccbari,

1937 665 2139 733 furere,
2195 667 2330 722 alios
2369 682 2572 730 marra,
2619 668 2840 722 sudibus
2885 667 3136 736 saxisque
3173 675 3388 734 petere;
3436 666 3514 722 illi

1938 757 2144 830 fugere,
2176 767 2384 814 secreta
2422 772 2722 827 securaque
2771 758 2888 813 loca
2919 758 3100 823 adire;
3154 757 3370 814 tandem
3415 756 3512 814 alii

1939 848 2286 918 quamplures
2331 848 2397 902 ad
2423 862 2546 902 eum
2585 849 2652 902 de
2680 848 2870 914 vineis,
2905 849 2970 903 de
3010 849 3180 920 agris,
3212 849 3338 903 hinc
3389 847 3518 904 inde

1939 953 2348 1008 concurrentes,
2378 940 2579 996 fessum
2625 941 2675 994 vi
2723 942 2914 995 dolove
2964 942 3262 1010 capientes,
3289 941 3516 1012 ligatum

1941 1039 1994 1086 et
2009 1033 2246 1086 vinctum
2267 1041 2482 1086 traxere
2493 1031 2732 1085 domum.
2747 1031 2952 1096 Quibus
2972 1031 3371 1094 cunctantibus,
3388 1030 3519 1101 quid

1941 1131 2187 1193 agerent,
2219 1137 2396 1190 quove
2432 1136 2488 1177 se
2518 1131 2807 1185 verterent,
2862 1123 3518 1192 penitusgignnrantibus,

1941 1212 2206 1280 optimum
2263 1210 2463 1266 factum
2506 1213 2680 1268 visum
2726 1222 2811 1269 est
2870 1228 2992 1267 eum
3040 1213 3112 1268 ad
3135 1215 3194 1268 8.
3225 1215 3408 1270 Maria:
3453 1217 3522 1271 de

1945 1302 2095 1358 Valle
2126 1303 2390 1360 Uinbrosa
2414 1307 2798 1361 monasterium
2827 1306 3046 1362 ducere.
3075 1308 3146 1361 At
3171 1307 3262 1363 alii
3287 1307 3521 1378 maligno

1943 1394 2134 1463 spiritu
2161 1395 2332 1461 ducti,
2372 1411 2557 1465 magos
2579 1406 2634 1450 et
2659 1398 3032 1453 incantatores
3059 1413 3223 1466 super
3246 1400 3350 1456 hoc
3387 1415 3520 1454 con-

1943 1483 2199 1540 sulendos
2225 1509 2228 1512 ’
2251 1485 2305 1541 in
2344 1501 2402 1541 re
2429 1485 2544 1542 fore
2574 1488 2972 1554 existimantes,
3026 1488 3202 1557 inquit
3230 1503 3518 1558 germanus

1943 1575 2082 1645 ejus,
2136 1575 2411 1646 Galganus
2463 1579 2870 1635 nominezNisi
2900 1579 2974 1634 iu
3022 1579 3406 1652 [monasterio]
3458 1581 3520 1636 S.

259 1650 348 1728 me
397 1674 649 1729 memini:
702 1674 754 1729 in
802 1675 951 1730 Valle
989 1675 1134 1730 enim
1182 1675 1314 1729 Arni
1360 1675 1681 1745 superioris,
1733 1691 1839 1730 non
1875 1650 1916 1711 Β
1945 1665 2214 1723 Maride
2247 1667 2397 1724 Valle
2424 1668 2691 1726 Utnbrosa
2730 1650 3046 1740 sospitateln
3093 1671 3380 1740 pristinam
3429 1687 3523 1726 re-

259 1765 449 1842 procul
477 1781 507 1821 a
543 1765 1151 1839 Castri-FrancltiU'iB)
1181 1767 1380 1838 Oppido
1400 1769 1624 1833 distans,
1661 1783 1840 1824 mora-

259 1855 444 1910 batur.
1104 1903 1107 1906 .

332 1944 456 2000 168.
491 1946 565 2001 De
587 1945 767 2015 patria
797 1962 937 2011 mea,
970 1947 1074 2003 hoc
1100 1949 1272 2004 estde
1294 1948 1552 2019 Raggiolo
1577 1948 1844 2022 (l79),et-

258 2034 303 2089 si
332 2035 516 2104 plures
539 2037 607 2090 ad
635 2024 741 2092 hoc
771 2036 834 2092 8.
879 2038 1066 2094 Maria:
1096 2040 1484 2094 monasterium
1533 2040 1706 2110 gratia
1749 2055 1840 2095 so-

257 2127 476 2196 spitatis
502 2129 881 2198 recuperandae
909 2146 1128 2197 venere,
1155 2141 1332 2186 tamen
1356 2133 1457 2187 hoc
1482 2148 1590 2187 uno
1643 2134 1841 2203 inprae—

257 2217 559 2270 sentiarum
595 2220 834 2273 contenti
861 2220 1086 2274 erimus.
1129 2221 1463 2276 Adolescens
1495 2223 1841 2292 quidam,cui

261 2323 459 2362 nomen
477 2309 702 2364 Audrea:
722 2319 1086 2381 esttsuperest
1112 2313 1258 2366 enim
1286 2313 1506 2385 adhuc),
1532 2330 1654 2368 cum
1682 2314 1842 2368 mali-

257 2398 351 2466 gni
396 2399 676 2468 cujusdam
743 2402 1096 2470 perversique
1156 2404 1483 2474 presbyteri,
1540 2414 1599 2459 ut
1652 2414 1840 2474 postea

260 2489 443 2557 reipsa
486 2489 701 2556 claruit,
753 2491 1208 2547 incantationibus
1248 2494 1568 2564 magiisque,
1597 2503 1656 2549 ut
1685 2495 1843 2567 vulgo

258 2579 435 2644 aiunt,
473 2583 542 2634 ita
575 2582 775 2636 acriter
804 2592 1112 2647 vexaretur,
1143 2582 1246 2655 [ut]
1277 2584 1477 2648 vultus,
1517 2601 1611 2640 ora
1636 2596 1843 2642 vestes-

257 2687 369 2742 que
401 2674 601 2729 misere
622 2675 873 2730 mauibus
907 2677 1142 2745 propriis
1186 2675 1364 2731 ﬂendo
1389 2680 1639 2733 tunderet
1699 2679 1843 2736 lace-

260 2773 549 2833 raretque,
582 2775 637 2820 et
666 2783 956 2835 germanus
987 2770 1277 2839 cmterique
1309 2770 1513 2837 amnes,
1539 2774 1668 2843 quid
1689 2781 1843 2830 tanto

258 2855 313 2909 in
379 2857 688 2914 discrimine
751 2870 975 2930 agerent
1031 2863 1249 2932 penitus
1309 2863 1644 2934 ignorarent,
1703 2867 1844 2920 forte

256 2948 482 3015 quidam
514 2951 686 3006 bonus
708 2952 810 3017 vir,
835 2954 925 3021 qui
958 2953 1024 3006 ad
1073 2965 1282 3009 tantum
1309 2973 1430 3010 cum
1464 2959 1678 3014 czeteris
1705 2960 1843 3013 mul-

257 3039 330 3093 tis
354 3053 710 3097 concurrerat
741 3044 1132 3112 Spectaculum,
1161 3046 1210 3100 ei
1245 3049 1584 3116 compatiens
1630 3049 1832 3120 inquit:

257 3125 471 3197 Virgini
506 3129 685 3206 Mariae
715 3133 856 3187 bono
889 3145 1144 3204 rectoque
1175 3135 1342 3191 corde
1380 3137 1525 3192 hunc
1554 3153 1838 3194 commcn-

257 3219 450 3274 datum
481 3223 524 3277 si
553 3223 917 3290 reddideritis,
947 3227 1076 3280 mibi
1101 3227 1328 3289 credite.
1349 3227 1492 3282 illico
1515 3228 1674 3283 bona!
1695 3229 1842 3284 vale-

258 3312 438 3366 tudini
464 3314 680 3369 dabitur
707 3325 762 3370 et
781 3317 1026 3372 sanitati.
1053 3307 1359 3373 Germanus
1380 3319 1546 3389 igitur
1571 3335 1720 3383 suus,
1756 3321 1840 3374 bis

257 3403 486 3470 auditis,
520 3405 664 3460 nulla
711 3406 1048 3474 data.mora,
1081 3413 1189 3464 tate
1221 3408 1427 3478 Virgini
1459 3410 1640 3465 Mariae
1661 3412 1844 3466 emisit

259 3504 494 3550 votum:
541 3495 698 3552 Tales
739 3498 929 3567 quales
984 3500 1204 3554 indutus
1249 3509 1334 3554 est
1373 3509 1577 3566 vestes,
1609 3516 1642 3556 ο
1679 3501 1845 3571 Virgo

258 3583 434 3639 Maria
467 3586 779 3655 purissima,
815 3598 959 3643 luant
994 3605 1099 3642 una
1128 3605 1252 3644 cum
1295 3589 1399 3642 isto
1423 3590 1625 3643 misero
1657 3592 1845 3646 adiens

258 3675 580 3741 ecclesiam,
613 3676 666 3729 in
705 3677 916 3732 foribus
973 3678 1154 3746 templi
1192 3680 1260 3732 ad
1296 3679 1370 3732 tui
1425 3680 1589 3734 decus
1617 3694 1846 3749 suspen-

260 3765 388 3819 dam
430 3782 444 3818 :
476 3769 634 3824 modo
665 3785 761 3838 per
784 3779 852 3833 te,
887 3785 919 3824 ι)
945 3771 1184 3825 omnium
1208 3771 1580 3835 sanctissima,
1607 3772 1846 3840 pristiam

256 3857 489 3911 sanitati
556 3863 896 3914 restituatur.
955 3861 1061 3918 [les
1123 3861 1291 3916 mira!
1345 3877 1467 3917 mox
1522 3847 1638 3918 suis
1681 3848 1846 3919 votis

260 3947 461 4024 favens
537 3947 702 4020 Virgo
774 3951 941 4005 Maria
999 3952 1234 4016 adstitit,
1293 3959 1348 4006 et
1399 3951 1685 4019 prml'atum
1738 3951 1850 4005 An-

257 4039 456 4093 dream
488 4040 560 4093 ab
585 4055 652 4094 eo
677 4040 1003 4096 intolerabili
1057 4041 1294 4095 liberans
1326 4041 1534 4107 dolore,
1587 4050 1771 4096 mente
1794 4050 1848 4096 et

258 4111 502 4197 corpore
527 4144 718 4184 sanum
758 4129 1134 4200 valentemque
1157 4131 1415 4215 reddidit.

295 4289 299 4293 ι
334 4221 463 4276 169.
495 4221 590 4288 Eo,
616 4224 708 4292 qui
730 4224 977 4288 aderant,
1007 4239 1198 4280 omnes
1224 4239 1282 4278 se
1325 4223 1541 4294 explere
1575 4224 1627 4278 in
1650 4223 1850 4292 glorio-

1942 1765 2183 1827 cuperet,
2206 1757 2314 1813 alio
2342 1758 2422 1812 ire
2453 1759 2504 1814 in
2537 1759 2948 1829 pmsentiarum
3003 1776 3108 1815 non
3157 1776 3347 1818 sanum
3389 1763 3520 1818 mibi

1941 1846 2156 1902 videtur
2211 1847 2329 1903 fore
2375 1849 2684 1905 consilium.
2711 1849 2938 1905 Conﬁdo
2983 1851 3128 1906 enim
3173 1851 3230 1906 S.
3257 1851 3522 1910 Joannem

1942 1937 2115 2001 nobis,
2146 1946 2205 1993 ιιι
2230 1940 2462 2003 caeteris,
2491 1957 2648 2012 opem
2675 1941 2890 1998 ctelitus
2915 1943 3192 2008 daturum,
3216 1947 3375 2001 modo
3399 1962 3523 2002 eam

1943 2030 2158 2086 sincero
2183 2033 2348 2088 corde
2371 2033 2691 2104 integraque
2720 2034 2829 2089 [ide
2861 2035 3164 2107 exigamus.

2019 2120 2141 2174 170.
2197 2121 2296 2177 llic
2346 2123 2585 2192 Optimus
2631 2124 2950 2182 adolescens
3015 2126 3259 2182 divinum
3314 2136 3523 2185 tantum

1943 2212 2200 2266 censebat
2225 2214 2578 2283 quaerendum
2624 2216 2885 2271 auxilium
2921 2217 3009 2272 ubi
3042 2219 3335 2274 humanum
3363 2222 3526 2276 dees-

1943 2313 2057 2357 set:
2088 2305 2234 2373 quod
2274 2305 2523 2375 equidem
2585 2320 2774 2362 omnes
2817 2308 2908 2376 qui
2940 2324 3088 2364 sanae
3147 2319 3273 2364 sunt
3325 2314 3526 2368 mentis

1944 2394 2205 2449 sentiunt.
2247 2394 2367 2449 Mox
2396 2395 2582 2466 itaque
2618 2396 2868 2465 jumento
2909 2400 2976 2452 de
3021 2415 3176 2455 more
3202 2416 3324 2456 cum
3371 2401 3526 2458 cistis

1943 2495 2157 2554 parato,
2189 2486 2376 2542 multis
2403 2502 2470 2542 ex
2493 2487 2669 2558 patria
2700 2489 3110 2553 comitantibus,
3161 2491 3268 2546 huc
3306 2505 3530 2548 conten-

1944 2577 2092 2631 dere.
2115 2576 2195 2631 Ad
2216 2591 2376 2646 quem
2412 2577 2718 2641 visendum,
2744 2593 2868 2632 cum
2915 2581 3042 2649 quia
3071 2581 3140 2634 de
3179 2582 3376 2650 patria,
3410 2594 3523 2636 tum

1943 2666 2108 2720 etiam
2131 2667 2280 2736 quia,
2316 2675 2376 2721 ut
2398 2676 2550 2736 puto,
2576 2667 2752 2722 aﬂinis
2790 2679 2957 2734 esset,
2989 2685 3305 2740 properans,
3342 2687 3400 2726 re
3446 2675 3527 2726 di-

1946 2758 2177 2828 ligenter
2197 2759 2434 2830 cognita,
2468 2775 2568 2830 pro
2591 2761 2760 2832 ipsius
2790 2762 2967 2818 salute
2994 2764 3045 2818 in
3073 2765 3319 2832 hospitali
3345 2765 3524 2837 ignem

1938 2849 2116 2917 juxta,
2156 2867 2264 2908 non
2299 2867 2486 2918 crure,
2532 2869 2638 2909 non
2675 2854 2921 2924 reliquiis
2963 2855 3085 2911 aliis
3123 2858 3406 2923 adhibitis,
3439 2860 3522 2913 di-

1949 2942 2070 2995 vina
2099 2952 2307 2998 tantum
2340 2944 2714 3000 misericordia
2743 2945 2934 3012 l‘retus,
2963 2947 3144 3001 oravi:
3167 2946 3334 3014 Proh,
3387 2951 3530 3006 boue

1944 3030 2100 3087 Jesu!
2144 3049 2176 3088 e
2228 3035 2454 3104 vestigio
2501 3037 2712 3091 meritis
2753 3035 2979 3092 Joannis
3026 3039 3324 3094 beatissimi
3353 3082 3369 3107 ,
3420 3059 3518 3098 sua

1942 3125 2306 3194 comitumque
2329 3127 2432 3182 fide
2459 3127 2776 3183 miraculum
2799 3139 3046 3184 secutum
3065 3140 3171 3197 est,
3205 3147 3330 3187 cum
3353 3147 3524 3203 quos-

1943 3216 2066 3285 dam
2111 3217 2434 3286 nigerrimos
2475 3220 2743 3275 carbones
2787 3222 3046 3292 paulatim
3101 3239 3377 3292 evomens,
3414 3227 3525 3282 Deo

1945 3310 2167 3381 gratias,
2195 3310 2304 3366 Deo
2331 3311 2556 3381 gratias,
2591 3313 2788 3382 inquit,
2821 3315 3103 3369 convaluit
3152 3316 3234 3371 Ad
3275 3319 3390 3373 haec
3435 3321 3516 3373 vi-

1943 3401 2118 3456 denda
2163 3401 2432 3456 sociorum
2459 3401 2798 3472 aliorumque
2849 3403 2906 3456 [lt
2943 3418 3265 3459 concursus.
3319 3406 3522 3476 Nequi-

1947 3493 2076 3544 bant
2124 3491 2259 3546 satis
2296 3492 2494 3546 mirari
2555 3493 2701 3547 unde
2747 3493 2836 3548 isti
2887 3495 3172 3559 carbones,
3218 3499 3527 3565 praesertim

1946 3596 2150 3637 cumse
2198 3597 2473 3651 nunquam
2511 3583 2814 3639 comedisse
2838 3583 3136 3640 fateretur.
3181 3587 3528 3643 Sciscitanti-

1945 3670 2048 3725 bus
2076 3671 2257 3740 itaque
2283 3686 2368 3725 me
2413 3672 2557 3726 unde
2604 3673 2739 3737 hoc,
2762 3689 2887 3729 cum
2927 3676 3062 3730 nihil
3095 3678 3228 3732 certi
3253 3679 3353 3733 hac
3386 3679 3440 3733 in
3473 3695 3533 3733 re

1949 3763 2079 3818 dare
2103 3763 2356 3818 auderem
2377 3803 2393 3829 ,
2437 3764 2780 3833 conjecturor
2814 3775 3016 3833 tamen,
3053 3768 3296 3839 inquam,
3331 3770 3531 3825 diaboli

1949 3869 2069 3916 arte
2099 3861 2213 3915 lieri
2237 3875 2421 3932 posse,
2463 3861 2661 3916 mixtos
2690 3863 2814 3918 cibo
2837 3872 3077 3934 potuque
3098 3881 3204 3919 non
3250 3881 3532 3936 apparere.

1948 3961 2004 4008 et
2025 3951 2103 4006 sic
2131 3953 2292 4006 sumi.
2326 3953 2548 4018 Verum,
2585 3961 2644 4007 ut
2675 3951 2897 4024 Crispus
2926 3955 3076 4024 (18")
3109 3956 3207 4020 ait,
3236 3971 3431 4011 vereor
3466 3975 3536 4012 ne

1950 4041 2091 4110 quis,
2118 4057 2240 4112 qua:
2277 4041 2380 4096 sibi
2431 4041 2572 4097 facta
2631 4052 2805 4112 putet,
2841 4060 2999 4114 sequo
3041 4046 3225 4100 animo
3275 4049 3533 4116 accipiat.

1951 4149 2113 4203 supra
2169 4149 2232 4186 ea
2282 4132 2444 4188 veluti
2489 4133 2612 4188 ﬁcta
2659 4149 2759 4202 pro
2809 4133 2958 4188 falsis
3005 4134 3186 4188 ducat.
3238 4135 3532 4203 Caeterum,

1951 4222 2094 4293 quod
2132 4222 2367 4292 prepriis
2403 4223 2578 4276 oculis
2627 4224 2899 4292 perspexi,
2948 4238 3106 4277 manu
3160 4224 3334 4294 tetigi,
3390 4226 3538 4281 amr-

259 4326 380 4365 sam
430 4309 703 4381 Virginem
753 4313 975 4367 Mariam
1029 4314 1320 4378 laudando,
1381 4314 1748 4370 benedicendo
1795 4322 1851 4367 ct
1880 4327 2105 4384 Dmare
2153 4330 2256 4368 non
2304 4314 2510 4369 dubito.
2561 4312 2696 4368 Nam
2728 4315 2794 4368 ad
2833 4315 2994 4384 hujus
3043 4315 3534 4386 conﬁrmationem,

256 4401 596 4473 extollendo,
623 4403 764 4456 haud
791 4411 1063 4472 poterant,
1095 4405 1353 4475 lacrymis
1382 4406 1451 4459 ob
1476 4404 1668 4472 gaudia
1693 4408 1849 4457 exer-

261 4493 357 4548 tis.
382 4493 464 4550 Ea
496 4494 680 4563 itaque
707 4495 814 4559 die,
857 4497 978 4551 aliis
1001 4497 1163 4552 rebus
1190 4497 1418 4558 relictis,
1471 4495 1758 4562 ecclesiam
1788 4495 1846 4548 S.

259 4583 457 4641 Mariae
504 4585 571 4639 de
623 4585 872 4650 Bibieua,
923 4603 1042 4656 qua:
1093 4588 1161 4641 de
1207 4586 1354 4641 Saxo
1399 4587 1620 4649 dicitur,
1667 4585 1852 4641 adiere

259 4674 694 4744 quamprimum,
745 4661 1049 4752 o‘blatisque
1097 4677 1356 4743 vestibus,
1397 4687 1452 4730 et
1481 4677 1728 4732 oratione
1766 4677 1852 4730 in-

257 4763 466 4834 primis
487 4766 554 4820 ad
600 4765 825 4821 Mariam
849 4766 1125 4838 Virginem
1155 4769 1347 4822 devote
1385 4783 1452 4821 ex
1474 4767 1683 4822 intimis
1711 4781 1852 4838 prae-

259 4854 476 4909 uordiis
493 4855 714 4921 emissa,
746 4857 966 4912 domum
997 4873 1064 4912 eo
1093 4851 1304 4928 vesperi
1345 4873 1600 4928 prospere
1643 4859 1854 4914 rediere

259 4946 399 5003 Leti.
429 4945 566 5000 Cum
596 4948 778 5017 itaque
809 4950 1055 5004 Andreas
1086 4951 1186 5004 iste
1223 4960 1342 5004 arte
1368 4949 1561 5004 diaboli
1597 4949 1854 5004 membris

258 5039 530 5093 omnibus
556 5048 766 5109 captus,
796 5041 1141 5111 Virginisque
1168 5041 1352 5096 Mariae
1378 5041 1630 5108 precibus
1657 5040 1855 5097 libera-

336 5169 496 5241 (178)
526 5169 702 5226 Locus
736 5171 824 5226 ille
852 5171 1142 5241 includitur
1161 5173 1371 5226 duobus
1402 5171 1527 5224 Arni
1566 5170 1770 5233 rivulis.
1799 5180 1874 5231 et

259 5240 469 5302 versus
491 5241 768 5312 meridiem
796 5243 1013 5312 distata
1050 5240 1198 5297 Valle
1224 5242 1484 5297 Umbrosa
1523 5242 1711 5310 aequali
1738 5243 1870 5296 fere

261 5312 452 5362 snatio
503 5310 611 5362 nuo
643 5310 802 5362 Vallis
855 5311 1112 5362 llmbrosa
1159 5314 1300 5362 inter
1335 5313 1754 5362 sententrionem
1796 5319 1851 5362 et

1953 4407 2186 4476 puellam
2237 4406 2381 4462 illam
2430 4407 2488 4461 S.
2531 4407 2850 4473 Gaudentii,
2903 4409 2968 4463 de
2998 4425 3102 4479 qua
3150 4425 3312 4479 supra
3369 4412 3538 4468 multa

1953 4496 2088 4560 dixi,
2118 4497 2171 4550 in
2197 4504 2388 4551 testem
2417 4496 2615 4562 aﬂ‘cro;
2655 4513 2780 4552 cum
2818 4507 2872 4553 et
2907 4499 3041 4555 alios
3074 4501 3450 4571 quamplures,
3491 4505 3538 4562 si

1957 4600 2044 4640 res
2086 4586 2346 4656 exigeret,
2399 4585 2594 4641 afferre
2640 4602 2888 4656 possem:
2919 4605 2948 4642 a
2997 4591 3184 4645 multis
3231 4591 3377 4646 enim
3435 4595 3543 4652 [ide

1955 4676 2132 4747 dignis
2148 4675 2415 4746 religiosis
2439 4677 2621 4746 accepi
2653 4691 2774 4731 eam
2813 4677 3023 4743 dentes,
3063 4679 3284 4749 capillos
3307 4681 3544 4754 aliaque,

1956 4771 2082 4824 dum
2111 4769 2161 4823 in
2197 4767 2255 4823 S.
2288 4767 2470 4824 Salvio
2497 4768 2903 4838 conjuraretur,
2935 4773 3170 4840 spuisse.
3196 4771 3397 4826 Verum
3426 4776 3556 4834 hac

1956 4874 2056 4934 pro
2082 4857 2374 4914 incredulis
2403 4875 2416 4910 :
2457 4875 2598 4914 nunc
2637 4859 2704 4914 ad
2729 4859 3004 4928 inceptum
3031 4861 3220 4916 redeo.

2030 4952 2151 5007 l7l.
2185 4948 2488 5003 Matronam
2509 4951 2801 5020 quamdam
2842 4948 3250 5010 Florentinam,
3285 4945 3592 5016 Vaggiam

1963 5042 2202 5106 nomine,
2241 5040 2384 5096 haud
2409 5042 2645 5098 obscuro
2685 5043 2808 5098 loco
2848 5049 3068 5108 natam,
3106 5057 3137 5094 a
3183 5039 3447 5092 dzemone
3501 5063 3610 5108 ea.

1966 5182 2049 5240 Ab
2080 5179 2179 5232 hoc
2203 5174 2319 5228 loco
2345 5174 2736 5247 Hieronymus
2759 5177 2958 5247 borum
3010 5169 3410 5247 miraculorum
3474 5185 3626 5243 σοι.

1967 5257 2140 5310 lector
2167 5245 2574 5312 cognominatus
2597 5256 2680 5303 est
2705 5245 3070 5301 Radiclensis.

2044 5316 2187 5362 nam
2219 5307 2376 5362 [forte
2408 5315 2608 5362 Anetm-
2631 5319 2720 5362 hin
2750 5313 3002 5362 ἰιιίιξῖἓὶξέι
3037 5307 3358 5362 εξιὲἓιιειῖηηὶ
3391 5307 3628 5362 hiSIn.
