4110 5362
570 328 573 333 ’
584 329 705 389 B79

1673 319 1736 377 S.
1777 318 2058 376 JOANNIS
2095 313 2495 393 GUALBERTI
2531 313 2823 369 ABBATIS

3754 310 3869 370 880

598 454 774 519 ptam,
829 454 952 503 cum
998 433 1302 493 'Florentia:
1351 431 1665 504 sospitatem
1727 446 1832 487 non
1890 431 2175 491 inveniret,
2210 433 2255 488 Λ
2283 425 2391 481 mis
2420 424 2726 495 implorare.
2760 426 2958 480 Verum
3002 438 3123 480 cum
3161 424 3265 480 hoc
3298 423 3354 479 in
3398 422 3519 479 loco
3555 423 3698 481 idem
3734 436 3857 482 ten-

599 536 740 591 ‘clam
765 544 927 602 quam
974 525 1169 598 potuit,
1211 530 1477 578 nocturno
1519 519 1732 575 scilicet
1775 527 2037 590 tempore,
2080 518 2182 572 hoc

602 621 664 678 S.
696 616 881 675 Mariae
912 608 1307 689 monasterium
1341 609 1562 681 petiisse
1582 608 1840 663 vidimus.
1865 606 2018 661 lianc
2059 605 2182 661 talis

601 716 968 780 occupaverat
1014 706 1254 769 dannon;
1308 702 1579 757 interdum
1625 698 1747 754 ntiti
1791 698 2009 771 ingenio
2047 698 2180 751 adeo

600 806 749 868 c55e,
773 800 970 871 jocari,
996 796 1244 862 facetias,
1274 795 1387 849 risu
1436 784 1627 864 dignas
1651 790 1994 845 urbanitates
2030 790 2095 842 de
2123 802 2181 842 se

599 896 755 960 dare,
795 898 849 948 et
900 887 1259 960 praesentibus
1307 882 1571 954 voluptati
1611 881 1824 951 pariter
1852 888 1907 934 et
1939 876 2178 933 adrnira-

595 982 735 1037 tioni
762 980 1019 1038 existere.
1052 974 1447 1043 Nonnunquam
1482 984 1631 1032 vero,
1665 968 1893 1023 mutatis
1914 967 2176 1031 moribus,

599 1070 903 1142 praesertim
923 1068 1049 1122 dum
1086 1064 1493 1133 conjuraretur,
1538 1058 1764 1113 alteram
1821 1056 2070 1121 diceres;
2104 1055 2178 1108 ita

597 1141 744 1217 "enim
787 1157 966 1229 specie
1014 1153 1253 1211 crudelis
1298 1149 1630 1220 immitisqne
1678 1141 1840 1213 cilici,
1897 1145 2002 1219 [ut]
2045 1142 2180 1199 nihil

596 1251 870 1307 crudelius
930 1249 1025 1317 qui
1085 1246 1309 1300 aderant
1350 1258 1409 1298 se
1460 1240 1749 1310 aliquanlo
1795 1239 1995 1293 vidisse
2045 1236 2181 1291 falc-

596 1350 810 1398 rentur.
887 1338 1004 1406 Qua
1082 1334 1243 1391 modo
1296 1333 1447 1387 varia
1518 1328 1893 1385 vicissitudine
1941 1341 2062 1382 cum
2112 1340 2177 1380 ex

601 1430 800 1488 diaboli
839 1418 1123 1484 velunt-ate
1169 1434 1377 1494 tempus
1411 1423 1685 1477 incassum
1739 1428 2029 1482 tereretur,
2068 1426 2181 1471 sta-

585 1526 822 1576 tuerunt
864 1528 988 1573 cum
1026 1531 1089 1571 ea
1134 1515 1349 1586 privato
1402 1510 1813 1579 communique,
1873 1524 1994 1562 cum
2046 1506 2181 1561 foris

596 1617 715 1667 tum
777 1600 957 1674 domi,
982 1618 1226 1677 pugnare
1278 1600 1595 1658 certamine.
1660 1598 1829 1653 Fiunt
1886 1598 2048 1669 igitur
2111 1595 2178 1651 ad

595 1698 781 1758 Jesum
805 1710 1022 1770 preces;
1072 1711 1174 1768 pro
1200 1710 1258 1750 se
1283 1694 1511 1764 quisque
1541 1690 1702 1746 modo
1739 1688 2018 1760 Virginem
2066 1687 2180 1742 Ma-

598 1788 761 1855 riam,
807 1786 1025 1841 unicum
1065 1799 1129 1841 ac
1167 1762 1443 1855 singulare
1502 1780 1829 1835 miserorum
1877 1777 2173 1852 refugium,
2208 1762 2252 1822 Β

601 1881 762 1937 modo
791 1878 1056 1936 JOanttem
1091 1877 1465 1933 beatissimum
1493 1872 1787 1944 appellare.
1822 1870 2024 1926 Verum
2049 1886 2171 1924 cmn

600 1975 655 2029 in
687 1974 793 2028 hoc
839 1971 929 2042 pio
958 1982 1125 2040 opere
1172 1966 1289 2022 dies
1315 1964 1665 2036 quamplures
1694 1961 2179 2031 conisumpsissent

601 2063 840 2125 frustra,
898 2059 951 2114 id
1003 2058 1168 2113 Pater
1194 2055 1377 2111 Abbas
1421 2053 1705 2125 aegerrime
1757 2051 1964 2116 ferens,
2011 2047 2180 2103 voluit

601 2152 706 2228 [ut]
731 2166 794 2209 ea
829 2152 916 2208 die
944 2149 1228 2222 (postridie
1260 2148 1405 2204 enim
1444 2147 1626 2218 fugam
1664 2142 2048 2210 adornabant),
2087 2142 2177 2195 ditt

597 2243 810 2300 orando
841 2240 1192 2310 canendoque
1239 2234 1491 2294 monachi
1541 2236 1624 2291 vel
1666 2235 1986 2290 lassitudine
2015 2232 2178 2286 nimia

600 2341 1004 2405 torquerentur,
1042 2329 1130 2385 vel
1159 2328 1212 2385 in
1254 2344 1370 2385 rem
1417 2341 1572 2383 suam
1625 2324 1824 2380 malam
1856 2323 2180 2379 concederet

585 2422 809 2480 ‘d&mO-It
820 2461 834 2476 .

668 2512 792 2567 ne.
835 2511 931 2567 llis
962 2512 1125 2582 igitur
1160 2510 1354 2566 devote
1387 2506 1777 2577 ferventerque
1813 2501 2177 2567 cantantibus,

600 2613 810 2659 tantum
849 2605 1045 2657 virium
1076 2610 1277 2672 praeter
1321 2599 1539 2655 solitum
1579 2597 1793 2652 mulieri
1843 2597 2053 2652 daemon
2087 2592 2181 2647 ad-

600 2695 934 2759 ministrare,
962 2691 1069 2764 [ut]
1100 2691 1300 2762 plantis
1344 2689 1541 2761 pedum
1596 2688 1787 2744 altaris
1834 2686 2070 2743 scabello
2098 2686 2178 2739 in-

600 2786 744 2840 nixis
772 2785 984 2839 feroces
1001 2781 1232 2850 juvenes
1254 2794 1482 2835 numero
1504 2780 1712 2844 decem,
1747 2778 1840 2847 qui
1860 2792 1984 2831 eam
2011 2790 2041 2829 a
2068 2783 2177 2829 ter—

600 2892 667 2947 go
703 2876 751 2928 vi
783 2876 998 2937 sistere,
1025 2871 1223 2943 procul
1238 2885 1361 2926 esse
1383 2879 1632 2940 cogeret:
1670 2879 1820 2923 retro
1851 2866 2032 2930 modo,
2059 2878 2179 2919 mo-

600 2969 672 3019 do
695 2963 834 3036 [eos]
865 2964 916 3017 in
949 2977 1010 3017 se
1050 2961 1321 3016 trudebat.
1350 2959 1527 3030 Opere
1556 2960 1790 3029 pretium
1826 2965 1953 3012 erat
1968 2956 2176 3010 vultum

2283 523 2404 569 tare
2423 514 2697 570 videretur
2715 515 2949 581 daemon,
2972 514 2977 518 ’
2997 513 3168 570 abbas
3213 513 3475 584 optimum
3508 512 3653 569 factu
3680 526 3865 586 ratus,

2283 606 2420 664 stola
2480 607 2657 677 gulam
2705 607 2950 661 mulieris
3010 606 3469 671 circumnectere,
3523 620 3592 660 ne
3645 607 3858 663 daemon

2282 698 2586 753 acrioribus
2640 696 2848 753 allectis
2905 697 3209 760 tormentis,
3245 697 3288 750 si
3317 697 3551 769 spatium
3601 696 3856 761 daretur,

2284 803 2396 843 rem
2421 798 2724 859 perageret,
2757 804 2879 843 mox
2914 803 3035 845 eam
3079 786 3260 843 afferri
3314 786 3497 855 jussit.
3533 786 3641 843 Res
3683 789 3857 845 mira!

2282 879 2492 948 quoties
2520 879 2640 950 gula
2669 879 2805 933 stola
2837 877 3179 948 cingebatur,
3211 877 3372 932 toties
3396 876 3603 932 daemon
3635 878 3864 934 inferio-

2284 983 2371 1024 res
2396 979 2577 1040 partes
2602 970 2686 1025 vel
2713 970 2968 1025 intestina
2988 978 3195 1040 petere,
3239 983 3628 1038 nonnunquam
3657 971 3857 1041 pedt‘m

2281 1059 2366 1113 vel
2420 1076 2676 1115 manuum
2726 1068 2968 1115 extrema
3019 1061 3187 1114 adire.
3228 1058 3329 1115 Ubi
3371 1071 3431 1111 ea
3481 1054 3859 1128 amovi-batur,

2282 1166 2406 1206 mox
2465 1151 2641 1222 gulam
2694 1160 2960 1222 repetere.
3008 1149 3085 1204 En
3137 1159 3356 1219 quanta:
3383 1147 3647 1223 [virtutis]
3688 1165 3861 1205 sacra:

2281 1249 2460 1295 vestes
2496 1240 2628 1307 sint,
2661 1239 2822 1297 facile
2850 1240 3083 1311 perspici
3110 1239 3215 1295 hoc
3243 1254 3352 1294 uno
3374 1239 3638 1296 miraculo
3661 1258 3689 1294 a
3717 1255 3855 1310 quo—

2281 1329 2363 1384 vis
2392 1334 2592 1398 potest.

2352 1419 2476 1474 174.
2502 1418 2635 1474 Cum
2670 1418 2838 1489 igitur
2865 1418 3075 1475 daemon
3134 1418 3406 1475 sacerdoti
3448 1420 3630 1475 verbis
3679 1417 3860 1489 fugam

2280 1509 2640 1579 promitteret,
2667 1518 2919 1564 caeterum
2952 1525 3012 1564 re
3049 1510 3163 1580 ipsa
3194 1511 3371 1565 acrior
3407 1509 3746 1580 ferociorqnc
3771 1513 3854 1564 itt-

2281 1608 2474 1666 staret,
2504 1600 2838 1671 Spiritnique
2862 1612 3053 1657 sancto
3101 1603 3244 1657 haud
3277 1602 3456 1657 locum
3484 1602 3661 1665 daret,
3695 1617 3857 1655 man-

2281 1691 2374 1747 dat
2407 1692 2660 1747 omnibus
2694 1691 2816 1746 aliis
2857 1692 3144 1748 monachis
3177 1694 3346 1748 abbas
3401 1708 3503 1764 pro
3538 1708 3598 1747 se
3630 1692 3805 1762 (llJiSlll
3826 1709 3867 1747 επ

2280 1782 2703 1853 supplicationes
2755 1782 3147 1853 orationesque
3174 1783 3410 1850 habeat;
3453 1783 3600 1853 quod
3655 1783 3704 1838 si
3758 1799 3860 1837 nec

2283 1873 2353 1929 ita
2388 1873 2728 1944 procederet,
2765 1873 2984 1944 longam
3030 1888 3158 1928 cum
3208 1872 3429 1929 diabolo
3461 1877 3722 1928 certando
3752 1889 3865 1927 una

2279 1981 2469 2021 omnes
2500 1981 2706 2020 moram
2746 1965 3049 2020 traherent.
3098 1964 3273 2032 Quam
3315 1979 3431 2019 rem
3468 1980 3590 2020 cum
3631 1972 3861 2019 strenue

2280 2057 2530 2112 monachi
2569 2066 2814 2127 agerent,
2857 2056 3073 2111 demum
3122 2054 3335 2110 dzemon
3391 2054 3469 2108 rei
3497 2054 3701 2107 exitum
3730 2067 3862 2109 sen-

2282 2147 2441 2213 tiens,
2475 2163 2564 2210 ea,
2603 2161 2707 2216 qua
2758 2147 2954 2216 potuit,
2982 2146 3035 2200 itt
3070 2145 3326 2201 miseram
3386 2144 3670 2200 mulierem
3729 2156 3871 2196 usus

2279 2248 2362 2295 est
2394 2239 2637 2295 virtute:
2669 2253 2791 2293 cum
2827 2238 2971 2293 enim
3017 2238 3137 2308 plus
3188 2237 3349 2293 solito
3384 2235 3562 2308 gulam
3616 2233 3859 2311 inﬂatam

2282 2332 2663 2405 turgidamque
2703 2330 2980 2396 redderet,
3049 2330 3185 2384 adeo
3237 2329 3571 2399 fatigabatur
3630 2327 3857 2391 mulier,

2280 2424 2384 2497 [ut]
2438 2424 2610 2480 oculis
2650 2422 2989 2492 sanguineis,
3026 2421 3268 2476 anhelitu
3321 2420 3530 2483 foetido,
3585 2417 3863 2474 labiisex—

2279 2515 2494 2571 siccatis
2555 2524 2610 2570 et
2642 2514 2876 2584 pallidis,
2938 2522 3052 2569 toto
3102 2513 3335 2583 denique
3393 2511 3540 2567 vultu
3600 2520 3655 2566 et
3718 2507 3862 2565 facie

2280 2617 2526 2662 extrema
2579 2605 2772 2660 adesse
2817 2603 3158 2670 ostenderet;
3228 2604 3300 2658 ita
3360 2612 3420 2657 ut
3460 2602 3527 2656 de
3575 2616 3637 2656 ea
3699 2598 3856 2655 multi

2280 2706 2458 2750 actum
2512 2708 2635 2749 esse
2689 2701 2995 2750 censerent.
3053 2693 3150 2760 Eo,
3200 2694 3292 2764 qui
3348 2693 3598 2756 aderant,
3663 2704 3859 2745 omnes

2278 2787 2552 2844 Christum
2589 2784 2773 2840 Jesunt
2829 2786 3241 2856 piissimamque
3269 2785 3387 2854 ejus
3425 2783 3704 2854 Virginem
3746 2778 3863 2833 Ma.

2280 2878 2418 2931 riam
2442 2876 2634 2931 saltem
2671 2876 2868 2930 anima:
2894 2876 3124 2931 salutem
3185 2876 3401 2941 darent,
3432 2872 3688 2944 lacrymis
3717 2868 3859 2923 etfu-

2280 2967 2355 3022 sis
2379 2981 2559 3021 orare.
2588 2968 2824 3021 Tandem
2855 2966 2975 3036 post
2994 2967 3330 3030 diuturnam,
3357 2978 3521 3035 quam
3545 2977 3576 3016 a
3611 2964 3860 3017 daemone

603 3055 937 3119 horribilem,
986 3053 1181 3108 faciem
1228 3062 1462 3122 turpem,
1516 3060 1698 3105 truces
1742 3048 1948 3111 oculos,
1998 3054 2178 3100 motus

2282 3059 2334 3113 in
2361 3058 2481 3127 gula
2506 3056 2826 3128 pertulerat,
2869 3067 3161 3121 torturam,
3200 3054 3467 3111 carbones
3505 3051 3859 3123 nigerrimus,

2572 3147 2636 3156 ..
3054 3136 3831 3156 ........_...

598 3146 972 3217 ineptissimos
999 3152 1054 3199 et
1077 3141 1466 3213 incompositos
1490 3154 1614 3196 cum
1654 3139 1839 3195 vultus
1876 3147 1991 3192 tum
2014 3136 2178 3190 totius

598 3237 847 3306 corporis
876 3234 1121 3306 aspicere
1150 3250 1165 3287 :
1198 3233 1374 3303 turpia
1409 3232 1462 3286 in
1504 3231 1675 3286 Deum
1713 3237 2037 3298 sanctosque
2063 3226 2187 3298 eius

600 3328 784 3394 edere,
817 3342 938 3397 quae
965 3327 1091 3381 dum
1121 3325 1350 3395 accipio,
1378 3323 1671 3389 exhorreo,
1712 3336 1818 3376 non
1849 3323 2010 3376 modo
2038 3319 2180 3374 litte-

602 3417 683 3473 ris
729 3416 859 3472 dare
906 3416 1110 3471 ausim.
1169 3414 1414 3484 Denique
1462 3413 1701 3468 bonitate
1722 3409 1850 3466 Jesu
1900 3410 2180 3480 sanctique

598 3505 825 3563 Joannis
860 3504 1071 3559 meritis
1089 3502 1221 3568 alio,
1248 3516 1387 3557 voce
1411 3499 1861 3571 ingentiemissa,
1884 3499 2177 3563 concessit,

600 3596 885 3652 mulierem
917 3602 1127 3649 tantum
1151 3593 1298 3648 illam
1345 3593 1495 3647 humi
1528 3598 1879 3660 praenatans,
1921 3589 2033 3643 vita
2064 3588 2178 3642 fere

599 3686 896 3742 extinctam
923 3687 1202 3739 deserens.
1233 3683 1367 3750 Quae
1387 3682 1546 3752 paulo
1598 3690 1721 3751 post
1767 3695 2018 3749 surgens,
2055 3692 2179 3733 cum

598 3779 822 3835 ubinam
866 3776 1110 3847 gentium
1168 3783 1337 3840 esset,
1391 3775 1521 3844 quid
1576 3772 1722 3842 cerei
1768 3771 2008 3837 accensi,
2048 3769 2180 3840 quid

601 3869 861 3939 Religiosi
915 3868 1017 3922 sibi
1079 3866 1300 3931 vellent,
1350 3866 1742 3929 admiraretur,
1770 3878 1830 3918 re
1858 3878 1891 3917 a
1916 3864 2030 3917 suis
2058 3861 2179 3914 dili-

601 3968 792 4033 genter
818 3959 1056 4030 cognita,
1089 3960 1196 4014 Deo
1212 3960 1418 4029 gratias
1441 3971 1608 4029 agens
1635 3955 1920 4011 conticuit.
1967 3955 2174 4021 Coniux

600 4066 734 4107 vero
763 4066 918 4116 suus,
962 4051 1047 4105 vir
1081 4050 1134 4104 itt
1180 4051 1471 4120 Republica
1523 4047 1837 4101 Florentiua
1865 4045 2001 4100 satis
2048 4060 2179 4113 prae-

603 4150 778 4209 stans,
806 4142 1082 4198 oblatione
1124 4158 1232 4196 non
1256 4156 1421 4211 parva
1467 4138 1526 4193 S.
1561 4135 1753 4193 Joanni
1784 4150 1882 4205 pro
1908 4144 2059 4188 tanto
2088 4136 2179 4189 bc-

603 4237 801 4294 neﬁcio
854 4238 1001 4300 data,
1056 4235 1210 4289 L-L-tus
1269 4231 1619 4295 Florentiam,
1677 4243 1738 4284 se
1787 4237 1994 4289 sancta,
2050 4241 2175 4280 eum

600 4328 1035 4399 interrogaretur
1054 4327 1196 4381 unde
1220 4327 1345 4391 iret,
1372 4336 1694 4396 peragrasse
1723 4320 1843 4376 loca
1885 4319 2175 4384 simulans,

602 4420 773 4475 venit.

679 4506 800 4560 175.
828 4504 1066 4561 Alteram
1092 4505 1159 4560 de
1194 4503 1389 4559 Castra
1412 4501 1755 4561 Bononiense
1795 4499 1943 4572 (l8!)
1983 4512 2179 4568 magno

607 4606 737 4651 natu
771 4594 1076 4659 mulierem,
1131 4594 1475 4649 Anastasiam
1520 4595 1764 4659 nomine,
1822 4592 2012 4647 eodem
2067 4591 2179 4645 fere

609 4694 852 4754 tempore
873 4686 941 4739 ad
963 4685 1105 4738 istud
1138 4684 1193 4738 S.
1230 4683 1414 4740 Mariae.
1440 4684 1852 4748 monasterium,
1883 4699 2006 4738 cum
2034 4690 2180 4736 esset

608 4789 640 4827 a
683 4776 925 4828 daemone
992 4784 1170 4843 capta,
1226 4775 1575 4829 contendisse
1619 4773 1946 4842 accepimus.
2007 4774 2179 4839 Quam

607 4865 863 4921 maximis
900 4867 1234 4920 cruciatibus
1283 4865 1559 4920 cruciasse
1615 4865 1915 4919 daemonem
1965 4877 2184 4932 semper

605 4955 696 5014 sdi
742 4957 1101 5024 asserebant,
1138 4958 1232 5012 sed
1272 4956 1542 5026 przecipue
1597 4958 1723 5010 dum
1782 4957 1882 5011 has
1926 4955 2183 5008 ﬁnitimas

607 5051 857 5080 οηιυὲηηηιε
910 5050 1116 5080 λιι-ιονιξ
1141 5064 1327 5080 annuum
1352 5049 1582 5080 ηαῖωιιω
1609 5057 1726 5080 enen!
1755 5048 1978 5080 :nnnncc:
2029 5048 2183 5080 emno

2280 3146 2406 3219 pilis
2430 3147 2776 3219 conglobatos
2799 3162 3017 3219 spuens,
3053 3143 3498 3201 illicoincolttmis
3529 3141 3672 3197 facta
3700 3136 3855 3213 [est],

2280 3239 2490 3294 cunctis
2529 3239 2824 3293 inauditunt
2863 3239 3010 3294 etab
3040 3238 3119 3292 eis
3145 3251 3419 3306 nunquam
3445 3234 3619 3290 visum
3655 3231 3859 3305 |prodi-

2279 3328 2449 3402 gium]
2475 3329 2887 3385 admirantibus.
2916 3326 3091 3399 [Tunc
3118 3325 3241 3398 illi],
3274 3324 3459 3381 Jesum
3499 3330 3867 3390 sanctumque

2278 3420 2538 3476 Joannem
2569 3420 2860 3485 laudando,
2900 3418 3434 3489 expleri‘neqnibant
3471 3431 3486 3470 :
3534 3416 3659 3471 inde
3680 3416 3734 3467 in
3764 3427 3863 3483 pa~

2282 3511 2440 3565 triam
2496 3510 2621 3573 lani,
2652 3510 2904 3564 virtutem
2965 3507 3191 3564 Joannis
3232 3506 3560 3563 sanctissimi
3605 3505 3871 3561 omnibus

2278 3601 2694 3657 occurrentibus
2720 3601 3099 3671 prmdicantes,
3129 3599 3359 3654 rediere.

2880 3688 3061 3743 PARS
3109 3686 3246 3743 XIV.

2350 3780 2471 3835 1⁸15.
2489 3778 2601 3833 Non
2618 3777 2784 3832 multo
2798 3789 2917 3848 post
2930 3779 3074 3848 (nam
3100 3778 3187 3832 ille
3208 3793 3381 3832 annus
3396 3774 3656 3847 prodigiis
3677 3772 3859 3828 clarus

2278 3874 2478 3942 extitit)
2501 3871 2718 3941 quidam
2733 3871 2798 3925 de
2815 3869 3041 3926 Valialla
3072 3868 3241 3939 (182),
3281 3868 3367 3923 cui
3396 3881 3591 3923 nomen
3622 3860 3856 3919 Bartbo—

2280 3967 2470 4020 lonne'o
2494 3965 2692 4029 fuerat,
2724 3963 2789 4016 ad
2819 3963 2923 4017 hoc
2972 3960 3028 4016 S.
3072 3960 3253 4015 Mariae
3277 3959 3687 4023 monasterium,
3711 3953 3865 4010 haud

2279 4070 2446 4127 parva
2486 4054 2768 4109 hominum
2827 4054 2983 4107 turba
3040 4052 3356 4117 comitante,
3405 4049 3700 4105 concessit.
3757 4045 3871 4100 llic-

2279 4144 2441 4201 etiam
2495 4143 2715 4199 funibus
2762 4145 2997 4213 undique
3035 4152 3237 4213 scptus,
3287 4142 3375 4195 vix
3421 4157 3452 4195 a
3489 4139 3864 4210 compluribus

2274 4235 2594 4307 juvenibus,
2623 4234 2719 4304 qui
2754 4234 2856 4289 sibi
2895 4233 3121 4289 comites
3152 4233 3465 4297 extiterant,
3494 4241 3549 4285 et
3581 4232 3687 4300 qui.
3707 4229 3854 4284 domi

2283 4332 2408 4378 tttnc
2459 4332 2615 4379 erant
2651 4322 2860 4393 (utpote
2893 4326 2985 4391 qui
3014 4323 3080 4378 ab
3109 4322 3296 4393 viginti
3332 4330 3385 4375 et
3423 4330 3544 4375 octo
3570 4321 3857 4389 spiritibus

2206 4426 2252 4484 ι)
2281 4415 2528 4508 malignis
2554 4416 2914 4485 torqueretur)
2936 4415 3163 4470 detineri
3192 4412 3479 4487 [poterat].
3502 4411 3602 4479 Qui
3635 4414 3855 4480 quidem

2279 4505 2501 4578 pessimi
2540 4507 2764 4578 spiritus
2815 4507 3084 4561 interdum
3125 4506 3330 4575 jocum,
3363 4505 3687 4575 quandoque
3740 4514 3859 4557 ter-

2282 4614 2461 4655 rorem
2492 4598 2851 4669 prmsentibus
2901 4596 3126 4652 inferre.
3158 4596 3290 4664 Quis
3341 4596 3489 4650 enim
3520 4602 3632 4649 tam
3673 4592 3860 4664 gravis

2281 4700 2391 4745 tam
2419 4690 2640 4762 rigidus,
2667 4688 2773 4760 {ut}
2811 4690 2877 4743 de
2909 4704 2967 4745 se
3000 4690 3168 4744 risum
3199 4704 3305 4743 non
3332 4688 3591 4750 dedisset,
3621 4700 3741 4740 cum
3782 4699 3853 4737 ex

2280 4793 2376 4834 ore
2406 4780 2565 4833 unius
2600 4779 2780 4833 varias
2831 4793 2991 4834 voces
3049 4780 3198 4833 vario
3241 4788 3388 4833 metu
3421 4778 3583 4832 verba
3629 4777 3869 4830 edentes

2282 4870 2622 4939 accepisset,
2650 4869 2722 4923 ita
2768 4877 2827 4923 ut
2876 4870 3153 4939 populum,
3185 4883 3290 4923 non
3337 4883 3501 4922 ututm
3545 4870 3865 4935 loquentem

2281 4959 2542 5030 putares?
2578 4959 2639 5012 Et
2668 4959 2829 5013 etiam
2865 4960 2986 5027 quis
3018 4970 3124 5012 tam
3152 4958 3353 5037 fatuus,
3396 4965 3504 5011 tam
3534 4970 3693 5010 sensu
3718 4954 3863 5009 levis

2284 5064 2396 5080 una“
2446 5049 2808 5080 ησιηλῖηἷηοηηι
2863 5057 3067 5080 anlnrh
3143 5058 3363 5080 Ine-anna
3406 5045 3715 5080 Ιιηυουῖιιηιηη
3745 5059 3850 5080 nnn
