4110 5362
285 372 389 435 sst
426 444 435 455 ,

1802 390 2007 463 ᾉΟΤΑ.

3432 422 3543 475 88%

288 483 579 562 quemdam
609 474 891 550 a‘ﬁomi'no
925 494 1051 552 Jesu
1077 496 1403 555 incolumem
1449 499 1674 570 factum,
1704 517 1861 558 eum-
1890 511 1936 567 Α
1963 520 2147 562 serum
2195 507 2344 563 illum
2395 510 2694 584 ingressus,
2744 517 2880 575 adeo
2918 520 3214 578 crudeliter
3260 538 3400 583 eum;
3427 536 3540 585 tor.

289 597 396 653 que
424 599 454 638 a
493 583 708 656 legione
737 588 1124 643 tlzemoniorum
1146 600 1387 661 captum,
1441 591 1750 649 litterarum
1775 594 1860 649 in-

288 673 435 729 dicio
459 676 734 731 memoria:
765 678 1139 734 tradidissent.

360 761 483 818 176.
515 763 671 820 Nune
709 766 778 819 ad
835 756 1165 836 propositum
1223 770 1438 827 rediens
1496 771 1857 847 [prosequor].

284 851 424 906 Cum
445 852 561 924 jam
577 853 644 907 de
673 853 791 924 ejus
820 856 1082 924 sospitate
1109 871 1138 910 a
1162 859 1373 915 cunctis
1401 859 1512 916 fere
1556 862 1703 933 (quia
1732 864 1862 919 mul-

289 950 380 996 tos
402 942 679 999 incassum
706 944 822 999 dies
850 946 902 999 in
931 946 1023 1000 tali
1054 961 1216 1017 opere
1236 954 1710 1022 consumpserant)
1763 954 1859 1010 de-

282 1042 685 1102 speraretur,et
711 1036 813 1090 hoc
837 1045 1073 1091 aestuans
1094 1038 1278 1093 animo
1297 1054 1396 1093 suo
1421 1041 1650 1111 agitaret
1671 1041 1859 1109 abbas,

282 1122 407 1197 [an]
458 1125 736 1180 omitteret
792 1127 1083 1196 i.:reptttnt,
1138 1130 1399 1200 quoniam
1445 1130 1646 1187 frustra
1706 1144 1858 1200 erat,

279 1229 354 1269 an
417 1214 475 1271 S.
504 1214 732 1272 Joannis
761 1218 1017 1273 virtutem
1062 1230 1401 1289 expectaret,
1430 1238 1535 1294 qua
1580 1238 1723 1295 saepe
1756 1225 1859 1280 du-

280 1306 477 1373 rando,
509 1306 561 1360 in
590 1306 776 1363 multis
802 1324 1059 1379 prospere
1083 1325 1211 1364 usus
1241 1307 1447 1375 fuerat,
1483 1311 1662 1382 inquit
1691 1329 1856 1369 senex

278 1404 553 1467 provectae
572 1397 751 1452 aetatis
784 1398 1080 1454 monachus
1104 1399 1352 1469 quidam,
1382 1399 1581 1457 Petrus
1604 1404 1852 1458 nomine:

278 1484 426 1541 Pace
457 1486 699 1542 omnium
732 1486 981 1550 dixerim,
1020 1489 1475 1545 reverendissime
1496 1490 1676 1547 Pater.
1706 1491 1859 1551 llunc

281 1574 389 1629 nisi
417 1575 739 1630 incolumem
811 1575 937 1632 hinc
976 1577 1127 1632 abire
1154 1579 1199 1634 si
1238 1579 1478 1648 permitti
1512 1583 1854 1650 censueritis,

277 1664 336 1721 in
368 1667 531 1721 totius
583 1667 899 1723 monasterii
956 1666 1191 1725 dedecus
1228 1685 1349 1725 esse
1395 1670 1606 1728 dubitet
1664 1689 1853 1740 nemo;

277 1771 405 1811 cum
453 1757 572 1813 luce
612 1758 820 1814 clarius
875 1768 1086 1816 constet
1156 1776 1281 1817 eum
1340 1762 1528 1819 multis
1581 1766 1854 1837 variisque

1967 612 2155 693 quare,
2182 598 2285 672 [ut]
2315 599 2574 671 frequens
2608 607 2840 677 populus
2874 612 2943 667 ad
2974 628 3087 668 rem
3128 623 3292 673 tantae
3320 628 3538 693 tamque

1965 688 2221 746 inaudita:
2246 694 2584 751 crudelitatis
2622 700 2933 769 visendam,
2974 719 3042 759 ex
3080 707 3326 777 Oppidis,
3356 688 3536 781 villis,

1962 781 2282 874 mapalibus,
2308 799 2412 853 qua
2444 784 2547 842 iter
2572 788 2650 844 uti
2688 789 2911 849 insanus
2941 793 3175 852 habebat
3222 799 3538 874 (aufugerat

1961 870 2140 941 enim)
2169 884 2549 931 concurreret.

2034 959 2155 1016 179.
2188 960 2411 1018 Demum
2433 965 3046 1042 calliditate,multorum
3071 986 3281 1046 raptus,
3311 979 3540 1036 vinctis-

1963 1062 2068 1119 que
2125 1050 2354 1119 pedibus
2404 1062 2461 1108 et
2512 1056 2786 1122 manibus,
2840 1077 2945 1116 non
2991 1079 3157 1133 parva
3225 1068 3536 1125 mortalium

1961 1139 2116 1192 turba
2140 1141 2454 1207 comitante,
2478 1159 2601 1199 eum
2632 1146 2699 1200 ad
2724 1146 2826 1204 hoc
2857 1149 2916 1204 S.
2941 1148 3122 1207 Mariae
3151 1157 3545 1213 monasterium

1965 1236 2184 1285 traxere
2210 1229 2435 1286 invitum
2485 1236 2680 1305 :quod
2727 1237 2870 1294 haud
2922 1239 3198 1309 fecissent,
3259 1250 3314 1299 nl
3366 1261 3536 1304 nonus

1958 1317 2244 1389 presbyter
2273 1320 2529 1390 quidam,
2569 1337 2758 1381 eorum
2810 1326 3119 1384 infortuniis
3164 1335 3538 1403 compatiens,

1958 1412 2212 1482 precibus
2235 1423 2292 1469 et
2317 1415 2655 1474 orationibus
2711 1418 2921 1476 tulisset
2969 1437 3150 1493 opem.
3187 1423 3342 1481 llunc
3381 1429 3537 1484 undi-

1959 1517 2066 1571 que
2097 1502 2319 1559 funibus
2357 1516 2591 1576 septum,
2648 1509 2866 1579 quidam
2901 1527 2970 1567 ex
3007 1515 3209 1572 nostris
3255 1518 3532 1584 videntes.

1959 1607 2121 1663 quem
2165 1595 2335 1651 multo
2379 1598 2574 1668 major,
2619 1615 2782 1669 quam
2835 1612 3014 1668 antea,
3065 1605 3222 1660 turba
3256 1606 3532 1664 hominum

1956 1686 2347 1757 sequebantur,
2410 1688 2466 1744 iu
2513 1690 2929 1763 admirationem
2969 1704 3026 1751 et
3060 1705 3339 1766 stuporem
3388 1701 3533 1757 versi

1960 1776 2105 1835 intro
2133 1778 2387 1834 nuntiant
2423 1782 2850 1851 quamprimum.
2890 1783 2970 1839 Eo
3021 1789 3275 1845 monachi
3326 1804 3449 1846 sese
3477 1790 3533 1847 in

275 1848 564 1946 spirit-ibus
612 1849 937 1946 impugnari.
983 1850 1245 1946 Eontile‘
1272 1853 1673 1946 honestumque
1718 1859 1857 1914 duco
1887 1851 1932 1911 Β
1959 1868 2231 1924 diabolum
2264 1848 2547 1940 expedire,
2572 1848 2724 1927 arma
2754 1875 3056 1945 Spiritualia
3083 1893 3302 1946 parare,
3323 1879 3401 1934 nil
3428 1879 3532 1939 ltu-

272 1940 359 2007 (ει
393 1938 532 1992 idem
562 1954 655 1996 vos
688 1955 848 2011 spero
870 1941 1090 2013 ducere)
1138 1942 1247 2016 [ut]
1297 1944 1444 2001 nullo
1495 1946 1682 2003 labore
1729 1964 1854 2005 cum

276 2027 537 2098 singulari
585 2039 697 2085 tum
749 2030 1043 2087 universali
1103 2034 1254 2101 victi,
1312 2035 1388 2090 rei
1437 2036 1646 2091 exitum
1683 2038 1854 2093 etiam

272 2117 628 2174 diuturnitate
673 2120 933 2191 temporis
986 2124 1380 2192 przestolemur.
1426 2125 1587 2184 Senis
1642 2138 1853 2185 senten-

272 2207 411 2262 tiam
441 2209 661 2264 laudant
682 2219 738 2266 et
766 2212 1002 2281 probant
1024 2229 1236 2272 omnes.

349 2299 473 2353 177.
516 2299 664 2357 illico
692 2302 781 2356 uni
802 2317 873 2358 ex
907 2306 1193 2361 monachis
1217 2307 1451 2377 imperat
1488 2310 1681 2376 abbas,
1705 2325 1855 2366 sum-

269 2400 363 2461 pta
393 2408 556 2447 cruce
579 2390 804 2448 Joannis
832 2396 1182 2462 sanctissimi,
1209 2398 1303 2454 diu
1337 2399 1588 2472 legendo,
1620 2402 1859 2469 orando,

271 2482 319 2537 si
347 2480 489 2537 forte
515 2484 620 2538 alio
658 2488 978 2547 concedant.
1026 2487 1359 2558 experiatur.
1417 2492 1498 2545 Ad
1522 2492 1625 2549 hoc
1653 2494 1851 2548 mirum

270 2575 645 2646 spectaculum
694 2578 932 2649 undique
969 2578 1226 2652 Religiosi
1291 2590 1347 2637 et
1385 2585 1678 2641 saeculares
1728 2601 1851 2641 cum

266 2666 636 2733 conﬂuerent,
674 2666 847 2723 factus
874 2678 958 2724 est
1008 2686 1267 2726 numerus
1292 2689 1398 2728 non
1423 2675 1671 2747 exiguus.
1714 2676 1851 2732 Cum

268 2761 440 2832 igitur
474 2763 745 2835 utrinque
772 2772 991 2819 strenue
1036 2774 1390 2837 pugnaretur,
1441 2782 1540 2824 nec
1581 2770 1852 2826 daemones

271 2852 328 2908 in
361 2867 481 2908 rem
524 2867 677 2909 suam
707 2854 1092 2922 concederent,
1125 2855 1302 2913 fessus
1339 2856 1703 2929 futigatusque
1734 2876 1850 2916 mo-

269 2944 485 2998 nachus
513 2942 788 3016 [quievit].
844 2943 1169 3002 Contiictum
1223 2948 1363 3003 subit
1410 2949 1569 3015 alter,
1616 2951 1742 3006 inde
1795 2961 1852 3008 et

269 3035 431 3091 alter.
489 3037 714 3091 Demum
763 3051 950 3092 servos
994 3053 1122 3094 suos
1181 3041 1471 3097 miseratus
1514 3042 1767 3110 Joannes,
1816 3061 1846 3100 a

266 3120 401 3179 Jesu
427 3124 605 3195 gratia
628 3124 945 3195 impetrata,
970 3126 1246 3193 facillime,
1280 3144 1420 3185 unus
1446 3131 1694 3189 diabolus
1722 3143 1847 3204 post

1949 1960 2187 2032 jusntodi
2215 1962 2434 2030 negotio
2465 1965 2836 2020 necessarium
2866 1966 3360 2038 relinquere;,odio
3385 1970 3533 2041 enim

1955 2049 2181 2116 diaboli,
2209 2053 2523 2123 pudoreque
2543 2055 2649 2121 sui,
2679 2058 2807 2125 quia
2847 2065 2959 2113 tam
2996 2060 3108 2115 cito
3148 2061 3413 2127 redierat,
3437 2076 3533 2119 ve-

1955 2145 2242 2200 hementer
2290 2146 2482 2215 agitati
2538 2145 2768 2219 [erant|.
2819 2148 3021 2207 Verum
3060 2152 3258 2207 mirum
3291 2161 3412 2208 erat
3434 2167 3530 2208 va-

1956 2236 2067 2292 rios
2100 2236 2289 2293 inuno
2312 2252 2542 2307 corpore
2574 2240 2764 2295 audire
2791 2241 3038 2311 spiritus,
3071 2238 3177 2298 nun
3231 2244 3407 2298 solum
3454 2246 3533 2299 di-

1954 2327 2129 2382 versis
2148 2325 2348 2396 linguis
2369 2327 2675 2397 loquentes,
2714 2345 2901 2386 verum
2925 2332 3089 2387 etiam
3119 2343 3299 2389 motus
3325 2333 3534 2389 incont-

1954 2417 2162 2488 positos
2188 2418 2379 2473 eodem
2410 2418 2462 2473 in
2512 2434 2741 2490 corpore
2784 2420 2977 2476 dantes
3018 2420 3281 2493 [videre].
3330 2422 3534 2479 Omnes

1952 2509 2121 2575 enim,
2151 2509 2249 2580 qui
2275 2516 2426 2563 tanto
2450 2509 2649 2579 talique
2676 2512 2986 2581 spectaculo
3008 2514 3238 2569 aderant
3284 2514 3536 2585 (aderant

1950 2601 2098 2655 enim
2140 2602 2451 2672 complures
2492 2603 2652 2657 rtiam
2707 2611 2974 2673 provectae
3017 2605 3194 2660 aetatis
3229 2604 3537 2675 Religiosi),

1953 2704 2013 2745 se
2043 2690 2221 2746 simile
2246 2707 2524 2761 nunquam
2552 2693 2823 2749 audivisse
2843 2693 2930 2750 vel
2955 2693 3161 2751 vidisse
3195 2695 3531 2755 asserebant.

2024 2783 2144 2838 180.
2178 2784 2315 2838 Dum
2342 2784 2504 2855 igitur
2536 2785 2590 2839 in
2628 2787 2927 2848 sacrarium
2956 2799 3257 2843 concursus
3287 2787 3534 2843 omnium

1951 2874 2128 2938 fleret,
2161 2877 2441 2932 monachis
2466 2892 2588 2932 eum
2616 2876 2675 2932 S.
2703 2876 2933 2934 Joannis
2970 2876 3195 2934 brachio
3218 2877 3531 2940 orantibus,

1951 2964 2206 3033 princeps
2232 2966 2477 3020 omnium
2505 2966 2713 3021 dmmon
2742 2967 2859 3036 qui,
2882 2976 2940 3022 ut
2963 2982 3127 3038 supra
3150 2966 3409 3030 diximus,
3433 2967 3535 3021 mi-

1950 3070 2134 3109 serum
2161 3056 2435 3111 hominem
2455 3057 2603 3114 solus
2631 3059 2780 3128 prius
2809 3059 3101 3124 invaserat,
3130 3058 3339 3129 inquit:
3366 3057 3532 3123 Suam

1950 3144 2233 3216 promittat
2260 3145 2425 3203 vitam
2454 3146 2708 3217 deinceps
2725 3146 2926 3217 justius
2950 3162 3010 3203 se
3040 3147 3412 3204 institutorum
3431 3149 3530 3217 (ita

270 3215 503 3270 alterum
545 3217 727 3274 divino
775 3228 931 3285 nutu,
987 3218 1116 3274 dato
1183 3223 1400 3291 proprio
1450 3225 1690 3289 nomine,
1743 3226 1848 3280 alia
1877 3219 1922 3281 C
1956 3215 2134 3293 tamen
2181 3238 2284 3311 [ul]
2326 3239 2486 3295 uicus
2533 3215 3053 3311 facis-eompenset)
3098 3250 3156 3296 et
3200 3257 3300 3297 nos
3343 3215 3533 3297 omnes

268 3307 460 3362 adiere
500 3307 641 3364 loca.
673 3308 914 3376 Quorum
947 3310 1167 3365 nomina
1199 3325 1266 3365 ex
1294 3314 1580 3371 monachis
1630 3317 1848 3386 quidam

271 3397 552 3452 memoria:
582 3399 841 3454 mandare
875 3401 1091 3456 curavit
1127 3402 1440 3474 diligenter;
1474 3404 1600 3460 inde
1632 3405 1684 3460 in
1714 3406 1852 3461 tanti

268 3488 528 3545 facinoris
573 3491 889 3546 memoriam
929 3492 983 3548 in
1019 3497 1245 3552 sacrarii
1292 3496 1476 3567 pluteo
1534 3499 1846 3565 recondita,

265 3580 361 3635 diu
402 3591 726 3636 conservata
787 3591 915 3637 sunt
948 3601 964 3637 :
995 3595 1117 3640 orto
1169 3586 1366 3644 deinde
1411 3587 1551 3643 inter
1589 3587 1851 3647 finitimos

269 3672 434 3738 bello,
476 3688 599 3728 cum
654 3677 969 3731 monasterii
997 3678 1204 3748 optima
1254 3693 1482 3749 qumque
1508 3681 1576 3736 ad
1614 3678 1849 3737 Pithiani

266 3778 456 3820 arcem
494 3767 931 3836 deportarentur,
986 3770 1171 3825 nescio
1198 3786 1305 3840 qua
1357 3771 1553 3841 gratia,
1583 3788 1687 3827 una
1723 3787 1847 3828 cum

266 3858 545 3914 nonnullis
564 3858 686 3914 aliis
719 3861 879 3917 rebus
908 3862 1106 3918 amissa
1138 3871 1288 3919 sunt.
1325 3864 1498 3934 Igitur
1528 3874 1844 3934 recuperata

266 3948 525 4011 sanitate,
550 3948 980 4008 Bartholommus
1028 3952 1117 4007 ille
1143 3969 1248 4009 una
1275 3970 1399 4009 eum
1429 3955 1643 4010 caneris
1669 3956 1844 4011 virtu-

267 4046 375 4095 tem
396 4040 622 4099 Joannis
644 4046 977 4101 sanctissimi
999 4046 1067 4101 ad
1088 4044 1283 4102 omium
1295 4046 1577 4102 extollere.
1596 4047 1846 4113 Demum,

260 4140 486 4202 sumpta
522 4148 554 4187 a
592 4132 754 4189 Patre
811 4134 1128 4191 monasterii
1174 4135 1573 4205 benedictione,
1626 4135 1698 4192 ad
1745 4150 1846 4192 sua

267 4220 377 4278 lacti
404 4225 640 4281 rediere.
1248 4290 1251 4295 ,

340 4316 467 4371 l78.
514 4316 707 4372 Petrus
751 4319 972 4388 quidam
1020 4320 1311 4388 Dominici,
1339 4322 1408 4377 de
1436 4320 1583 4377 Prati
1632 4323 1849 4378 Veteris

264 4416 402 4475 agro
425 4404 595 4476 (l85),
625 4406 715 4477 qui
745 4408 1042 4464 daemonem
1087 4410 1417 4481 incognitum
1447 4426 1544 4480 per
1572 4411 1707 4467 duos
1733 4412 1847 4467 fere

1953 3330 2151 3386 ibimus
2179 3332 2233 3386 in
2262 3345 2374 3386 rem
2405 3340 2668 3386 nostram.
2699 3331 2846 3387 Illico
2868 3330 3043 3403 is’fse]
3069 3332 3233 3387 vitam
3261 3332 3315 3386 in
3338 3332 3532 3387 melius

1951 3430 2310 3485 mutaturum,
2360 3435 2647 3490 moresque
2687 3436 2814 3478 suos
2861 3421 3128 3491 pessimos
3160 3430 3531 3479 correcturum

1949 3511 2175 3566 fatetur.
2205 3509 2269 3564 Hi
2305 3511 2497 3580 itaque
2514 3510 2797 3566 daemones
2812 3526 2978 3581 parvo
3007 3512 3139 3566 dato
3164 3512 3421 3580 temporis
3446 3512 3533 3568 ia-

1951 3600 2198 3666 tervallo,
2235 3615 2425 3656 omnes
2446 3615 2552 3655 una
2597 3601 2776 3656 varios
2803 3615 2967 3657 sonos
3002 3602 3336 3668 emittentes,
3370 3602 3442 3657 ita
3471 3612 3533 3656 ut

1951 3690 2234 3746 hominum
2275 3689 2676 3745 multitudinem
2706 3690 2934 3756 diceres,
2976 3690 3084 3747 alio
3112 3690 3529 3751 contenderunt.

1946 3782 2240 3839 incolumis
2271 3782 2361 3837 ille
2399 3781 2517 3851 jam
2545 3781 2744 3847 factus,
2784 3782 3125 3851 monitusque
3151 3797 3180 3837 a
3226 3782 3528 3847 sacerdota.

1947 3886 2046 3940 per
2086 3870 2482 3927 confessionem
2532 3869 2644 3925 Deo
2692 3869 2971 3925 adhaerere
3018 3868 3280 3942 [statuit].
3332 3870 3526 3933 Habita

1948 3977 2169 4018 suorum
2197 3962 2464 4019 scelerum
2496 3960 2739 4031 diligenti
2766 3959 3127 4025 confessione,
3166 3960 3279 4029 ipse
3313 3968 3370 4014 et
3394 3960 3551 4021 socii,

1946 4054 2056 4110 lani
2084 4063 2142 4109 et
2167 4052 2524 4118 admirantes,
2554 4052 2810 4105 virtutem
2832 4048 3058 4105 Joannis
3093 4048 3424 4105 sanetiSsitui
3463 4048 3537 4105 ad

1946 4150 2149 4203 aetiwra
2180 4147 2527 4212 extollentes,
2558 4145 2613 4200 in
2643 4142 2921 4200 Casentini
2951 4140 3165 4206 vallem,
3200 4140 3324 4195 inde
3353 4140 3406 4196 in
3438 4155 3533 4211 pa-

1946 4239 2112 4294 triam
2141 4236 2367 4293 rediere.

2020 4327 2145 4382 181.
2173 4325 2477 4393 Quamdam
2527 4324 2750 4379 alteram
2795 4330 3107 4397 matronam
3137 4320 3203 4376 de
3248 4319 3529 4377 Flaminiis

1946 4417 2192 4486 partibus
2222 4414 2415 4469 adhoc
2443 4413 2502 4467 S.
2533 4412 2716 4467 Mariae
2741 4412 2807 4467 de
2830 4410 2980 4466 Valle
3015 4409 3279 4468 Umbrosa
3316 4409 3529 4464 venisse

264 4502 463 4561 annos,
491 4506 550 4551 ut
573 4498 686 4566 ipse
731 4500 945 4555 demum
1008 4502 1347 4569 autumabat,
1405 4502 1613 4567 habuit,
1644 4504 1713 4558 ad
1744 4504 1846 4558 hoc
1875 4555 1920 4572 ,ε
1947 4503 2258 4572 accepimus
2285 4502 2708 4565 monasterium;
2741 4509 2796 4555 et
2821 4500 3116 4566 daemonem
3174 4497 3265 4568 qui
3291 4512 3411 4553 eam
3449 4498 3530 4551 in-

267 4583 485 4643 Sanctae
527 4587 710 4644 Mariae
768 4593 1156 4647 monasterium
1204 4607 1395 4662 magna
1433 4606 1554 4647 cum
1603 4594 1843 4647 omnium

267 4678 647 4745 admiratione,
682 4697 786 4751 qua
828 4683 1117 4747 transibat,
1151 4684 1220 4738 ob
1243 4683 1408 4738 multa
1435 4692 1488 4737 et
1517 4683 1687 4747 varia,
1717 4699 1837 4754 qua:

268 4767 451 4838 inepte
486 4771 680 4841 agebat
718 4781 779 4827 et
800 4772 1034 4839 dicebat,
1065 4774 1176 4829 via
1204 4774 1320 4830 suis
1368 4775 1565 4831 ductus
1622 4776 1835 4830 tandem

1875 4555 1923 4613 Ι)

1947 4603 2181 4658 vaserat,
2212 4602 2332 4663 post
2354 4594 2518 4649 multa
2547 4608 2670 4649 cum
2699 4608 2760 4648 ea
2794 4590 2974 4647 habita
2999 4589 3320 4657 certamina,
3346 4602 3530 4645 sacer—

1945 4687 2080 4752 doti,
2106 4685 2196 4756 qni
2223 4686 2436 4757 signum
2476 4685 2715 4755 petebat,
2750 4682 2991 4738 dixisse:
3034 4679 3133 4738 Ubi
3166 4679 3275 4741 alio
3302 4687 3531 4737 conten-

1945 4777 2105 4834 dendi
2154 4784 2364 4846 tempus
2415 4775 2698 4831 imminere
2750 4786 3075 4844 cognovero,
3120 4771 3262 4841 quod
3308 4769 3528 4841 jamjam

265 4859 389 4916 fuit.
424 4862 561 4920 Huic
612 4874 791 4922 tantas
832 4867 976 4922 vires
1026 4867 1236 4923 daemon
1286 4868 1696 4934 administrare,
1737 4866 1841 4940 [ut]
1943 4865 2214 4938 prospicio
2260 4866 2472 4930 adesse,
2518 4864 2703 4921 asinus
2756 4862 2942 4918 rustici
2986 4858 3267 4931 cujusdam
3317 4858 3412 4927 qui
3464 4857 3532 4913 de

265 4952 482 5009 vinctus
531 4958 773 5027 undique
850 4957 1092 5021 funibus,
1162 4958 1326 5012 etiam
1383 4974 1414 5013 a
1474 4960 1649 5015 tribus
1708 4960 1841 5014 viris

262 5039 580 5102 fortissimis
604 5062 791 5102 coram
817 5047 1150 5102 sanctissimi
1189 5047 1420 5105 Joannis
1446 5049 1673 5104 brachio
1696 5047 1840 5104 haud

260 5134 383 5158 μηνί
407 5146 590 5158 ...ε----ι
701 5137 802 5158 nu!
855 5137 1009 5158 D--2I-
1047 5140 1352 5158 -s-..9.-._,4-
1413 5155 1427 5157 _
1456 5155 1465 5157 _
1502 5140 1547 5157 7-!
1572 5155 1583 5158 -
1614 5155 1637 5158 ν-
1674 5152 1809 5158 Α---..

1943 4972 2079 5026 rupe
2105 4955 2458 5019 descendens,
2491 4953 2596 5010 hac
2632 4953 2739 5009 iter
2787 4951 3034 5019 habebit,
3068 4962 3366 5018 congruum
3395 4945 3529 4999 satis

1945 5049 2400 5118 manifestumque
2422 5062 2557 5102 mete
2578 5043 2932 5102 discessionis
2978 5043 3220 5111 signum,
3248 5050 3336 5091 me
3354 5042 3538 5089 tacen-

1947 5149 1994 5158 ι-
2062 5138 2193 5158 Ι-Ι-9ι
2226 5153 2237 5158 -
2270 5135 2429 5158 _-.|--
2470 5136 2602 5158 -_!_.-
2640 5134 2682 5158 Αἵ

2834 5133 2919 5158 1,...
2956 5130 3106 5158 tua“:
3138 5122 3370 5158 .Iarﬁnnm
3430 5119 3538 5158 ῘιιΙῚ

2536 5152 2602 5158 -..α
2640 5150 2752 5158 Α.--ει
2784 5149 2832 5158 Α.
