4110 5362
570 400 675 458 883

1665 401 1725 455 S.
1764 396 2045 455 JOANNIS
2080 382 2472 452 αυέιυιιςιιτι
2507 385 2800 444 ABBATIS

3716 377 3827 434 881

573 514 755 580 ecbat,
785 512 945 584 paulo
990 519 1115 567 ante
1143 512 1214 566 ita
1247 507 1409 582 pedes
1449 510 1653 577 ﬁxisse,
1685 509 1799 583 {ut}
1842 508 2001 565 nullis
2022 523 2147 579 ρει·-
2176 515 2222 571 Α
2252 502 2327 555 Da
2356 500 2495 555 viam
2518 496 2871 571 aggrediendi
2904 509 3029 559 'em,
3060 494 3105 550 si
3140 493 3287 584 potis
3306 507 3385 555 es,
3434 490 3664 584 etquod
3688 491 3831 546 dicis

571 604 935 668 cnssionihus,
959 600 1104 657 nulla
1136 602 1189 656 vi
1218 617 1287 657 ex
1309 601 1500 658 eodem
1557 601 1674 658 loco
1703 616 1761 657 se
1811 614 2028 667 movere
2054 606 2149 655 aut

570 692 731 747 vellet
756 701 848 747 aut
877 700 1076 761 posset.
1962 685 1965 687 ί

644 782 765 838 I82.
799 781 967 849 Quem
996 780 1239 837 diabolus
1263 781 1530 852 imprimis
1555 780 1826 852 paululum
1858 780 1936 835 nti
1972 778 2146 834 admi-

573 875 843 929 rabuudus
889 875 1126 939 intuens,
1178 874 1302 929 inde
1352 874 1680 929 cachinnans
1738 873 1949 942 inquit:
2007 871 2149 926 Pace

570 966 666 1019 ﬁat
694 974 783 1019 tua
805 964 947 1029 volo,
985 965 1189 1020 rustice
1240 965 1591 1031 amicissime,
1635 965 1844 1019 asinum
1879 971 2031 1017 tuum
2052 976 2149 1031 pro

569 1058 722 1127 signo
752 1054 888 1126 luga:
911 1070 1045 1110 mea:
1082 1055 1268 1110 haberi
1295 1071 1312 1121 ;
1371 1055 1423 1109 in
1450 1053 1553 1110 hoe
1579 1054 1722 1110 enim
1755 1052 1908 1118 nihil,
1942 1052 2042 1107 nisi
2064 1053 2147 1106 in-

567 1153 872 1200 strumewa
898 1145 1095 1208 ferrea,
1121 1146 1398 1209 amiseris;
1434 1154 1691 1199 ueterum
1719 1143 1905 1198 asinus
1932 1159 2034 1198 una
2065 1151 2149 1197 te-

569 1252 693 1292 cum
721 1236 827 1292 iter
855 1247 1075 1307 peraget
1104 1253 1283 1292 suum.
1334 1237 1427 1292 His
1448 1238 1627 1301 dictis,
1689 1235 1899 1306 ejulans
1934 1245 1990 1291 et
2017 1235 2147 1291 stri-

569 1326 705 1381 dens
752 1328 806 1381 in
858 1342 970 1382 rem
1022 1329 1289 1383 concessit
1344 1341 1518 1382 suam.
1562 1327 1689 1383 Haec
1744 1328 1977 1384 rusticus
2021 1342 2149 1382 vera

571 1417 795 1482 ducens,
826 1418 1208 1472 comitantibus
1241 1418 1529 1485 nonnullis,
1560 1433 1680 1473 cum
1710 1431 1798 1484 eo,
1820 1417 1914 1472 ubi
1938 1416 2148 1471 asinum

572 1507 890 1577 reliquerat,
913 1522 1138 1578 sperans
1164 1508 1360 1565 ibidem
1386 1510 1751 1574 inventurum,
1776 1510 2147 1575 contenderet,

570 1598 895 1667 asinumque
929 1595 1042 1666 iam
1074 1598 1265 1669 procul
1299 1615 1329 1654 a
1378 1599 1497 1656 loco
1517 1608 1827 1671 pascentem
1857 1599 2148 1671 aspiciens,

570 1690 922 1745 vehementer
948 1691 1269 1757 admiratus,
1302 1690 1360 1746 S.
1390 1691 1649 1747 Joannem
1678 1693 1850 1746 virum
1872 1690 2153 1746 sanctissi-

570 1794 718 1835 mum
754 1779 972 1848 dicere;
1019 1782 1320 1852 praesertim
1369 1783 1515 1853 quia,
1561 1790 1625 1837 ut
1671 1782 1881 1837 daemon
1918 1782 2150 1846 dixerat,

2246 591 2556 655 executioni
2572 588 2828 644 mandare
2840 584 3153 651 curabimus
3172 582 3475 653 diligenter.
3492 579 3733 651 Adhibea
3743 590 3834 635 tur

2247 698 2363 747 oro,
2394 683 2568 752 inquit
2593 682 2824 745 daemon,
2880 677 2998 743 oui,
3050 691 3189 752 quae
3220 676 3426 736 dixero,
3474 673 3669 728 litteris
3696 675 3827 727 det:

2248 774 2370 829 volo
2398 750 2543 828 enim
2574 787 2662 826 res
2695 784 2846 824 meas
2898 782 3050 824 more
3100 750 3340 836 gentium
3392 763 3621 834 publicis
3649 763 3836 833 legare

2249 860 2527 918 codicillis.
2552 860 2700 914 Illico
2722 856 2987 913 accersito
3010 855 3211 919 scriba,
3243 853 3334 923 qui
3367 864 3494 907 tunc
3523 852 3665 907 forte
3683 850 3832 907 domi

2250 951 2562 1008 monasterii
2596 965 2708 1005 rem
2762 964 2884 1003 cum
2922 945 3118 1002 abbate
3153 952 3389 1007 curaret,
3430 958 3500 997 ex
3539 950 3662 997 voto
3681 950 3739 995 et
3760 954 3833 996 ex

2249 1042 2516 1098 sententia
2546 1056 2667 1106 sua,
2692 1042 2899 1094 daemon
2926 1053 3036 1102 res,
3056 1051 3272 1099 causas,
3307 1048 3500 1104 opera,
3543 1031 3682 1096 dies,
3709 1044 3830 1086 cre-

2249 1132 2454 1186 ditores
2515 1130 2893 1197 debitoresque
2942 1126 2997 1181 in
3051 1125 3127 1180 rei
3185 1124 3343 1180 ﬁdem
3393 1122 3662 1192 aperiens,
3699 1119 3831 1190 quid

2251 1221 2395 1289 filiis,
2442 1220 2572 1291 quid
2622 1220 2886 1284 ecclesiae,
2946 1218 3075 1288 quid
3108 1216 3321 1272 caeteris
3368 1215 3682 1285 reliquerat,
3734 1228 3831 1284 per

2249 1312 2486 1367 scribam
2512 1310 2786 1365 memoriae
2831 1309 3233 1379 proditumest.
3288 1305 3383 1361 His
3426 1305 3664 1377 peractis
3704 1304 3826 1361 dili-

2250 1410 2463 1471 genter,
2492 1400 2700 1455 daemon
2725 1414 2826 1454 ceu
2854 1397 3035 1461 fumus
3067 1396 3309 1452 evanuit.
3333 1395 3461 1451 lude
3491 1409 3591 1450 nec
3618 1393 3828 1449 mulieri

2251 1490 2348 1554 illi,
2378 1505 2479 1545 nec
2509 1489 2665 1545 alteri
2709 1489 2946 1560 ejusdem
2998 1488 3190 1543 domus
3241 1486 3622 1542 detrimentum
3668 1498 3832 1539 ausus

2250 1591 2333 1637 est
2364 1580 2583 1635 inferre.

2322 1673 2444 1728 185.
2489 1672 2683 1730 Verum
2712 1671 3007 1742 supradicti
3057 1669 3313 1726 Bcltrami
3356 1684 3564 1736 necem,
3610 1684 3717 1740 quo
3745 1683 3834 1724 res

2252 1762 2423 1832 magis
2446 1761 2725 1832 magisque
2749 1761 2801 1816 in
2840 1771 3029 1832 aperto
3050 1762 3121 1816 sit
3136 1800 3152 1828 ,
3176 1761 3254 1815 uti
3279 1760 3585 1829 accepinms
3604 1798 3619 1823 ,
3645 1758 3833 1827 paucis

571 1885 697 1926 eum
724 1873 940 1928 nudatis
966 1847 1193 1945 pedibus
1236 1847 1484 1931 omnibus
1522 1874 1752 1945 aspexit.
1800 1874 1947 1929 Illico
1970 1877 2149 1943 itaque

2257 1852 2463 1921 aperire
2491 1866 2597 1906 non
2626 1850 2725 1906 abs
2750 1866 2809 1906 re
2837 1852 3012 1906 visum
3039 1860 3142 1907 est.
3174 1850 3273 1906 Hic
3312 1865 3464 1905 more
3492 1848 3634 1905 illius
3658 1847 3835 1919 gentis

571 1961 849 2032 paululum
876 1975 1179 2021 commotus
1203 1965 1534 2021 Florentiam
1563 1964 1624 2038 [f.
1649 1966 1798 2021 deest
1816 1963 2070 2036 aliquid];
2110 1965 2147 2020 ii

573 2051 721 2106 intro
745 2066 1083 2119 concessere,
1115 2053 1524 2124 mulieremque,
1547 2056 1623 2108 uti
1668 2054 1778 2108 vita
1818 2054 2168 2118 defunctam,

572 2139 631 2194 in
676 2142 925 2197 manibus
971 2144 1303 2213 excipientes
1340 2143 1632 2209 nonnulli,
1684 2153 1896 2213 tempus
1951 2144 2151 2214 quietis

572 2244 852 2301 operuere.
882 2232 1107 2289 Domum
1135 2235 1203 2289 ad
1249 2250 1309 2291 se
1345 2238 1560 2291 rediens
1587 2251 1710 2292 cum
1756 2246 1812 2292 et
1840 2237 2016 2292 locum
2051 2238 2150 2291 ad-

572 2322 866 2379 miraretur
888 2334 942 2380 et
966 2324 1232 2390 homines,
1256 2318 1313 2379 re
1340 2327 1579 2397 cognita,
1611 2326 1727 2382 Deo
1747 2328 1949 2398 gratias
1965 2337 2150 2399 agens",

572 2412 629 2466 in
661 2413 897 2482 patriam-
918 2429 1077 2468 suam
1099 2414 1336 2485 gaudens
1362 2415 1543 2471 rediit.

645 2501 766 2557 I83.
797 2500 973 2556 Aliam
1010 2501 1078 2557 de
1119 2503 1434 2558 Pontenano
1472 2504 1669 2575 oppido
1722 2504 1876 2560 nobis
1923 2504 2152 2559 relatum

574 2600 661 2646 est
708 2591 921 2645 venisse
963 2590 1241 2647 mulierem
1268 2608 1283 2657 ;
1310 2601 1369 2648 et
1398 2594 1630 2660 daemon,
1653 2595 1743 2664 qui
1788 2596 1911 2648 eam
1940 2595 2151 2648 invase-

573 2688 684 2744 rat,
714 2678 1083 2749 utplttrimum
1135 2681 1332 2748 solent,
1379 2696 1440 2738 se
1460 2683 1739 2753 cujusdam
1787 2683 2019 2754 Liguris,
2067 2683 2152 2738 cui

574 2784 772 2825 nomen
810 2769 1102 2834 Beltramo,
1150 2772 1385 2825 animam
1438 2771 1604 2827 fuisse
1656 2771 1945 2827 fatebatur.
2001 2770 2156 2838 Quod

574 2859 700 2929 quia
728 2859 1011 2927 impudens
1040 2859 1377 2914 mendacium
1418 2857 1539 2924 fuit,
1593 2858 1942 2915 refellendum
1965 2868 2070 2925 est,
2101 2867 2157 2914 et

578 2965 781 3009 sanctae
806 2955 995 3008 matris
1019 2953 1277 3011 Ecclesia:
1303 2956 1628 3011 auctoritate
1656 2955 2070 3019 retundendam,
2099 2965 2158 3010 ut

576 3042 814 3114 ignobile
859 3042 1050 3110 vulgus
1098 3044 1213 3097 haec
1265 3043 1406 3098 haud
1456 3057 1614 3114 posse
1637 3044 1750 3100 ﬁeri
1801 3045 2035 3109 sentiat,
2102 3054 2157 3100 et

577 3134 657 3191 ita
681 3135 747 3190 ad
777 3149 956 3189 veram
987 3134 1295 3207 religionem
1338 3137 1657 3203 instruatur,
1685 3146 1740 3191 et
1781 3138 1924 3193 doeti
1950 3138 2002 3192 in
2030 3152 2156 3192 vera

581 3226 849 3280 sententia
877 3225 1234 3302 roborentur;
1266 3237 1320 3283 et
1348 3243 1414 3283 eo
1438 3228 1687 3298 probato,
1734 3229 1800 3283 ad
1820 3230 2156 3300 'prdpositum

582 3327 944 3372 revertemur.
971 3316 1241 3388 Imprimis
1265 3319 1548 3390 Prophetas
1590 3324 1915 3377 auctoritate
1961 3323 2159 3393 proha-

583 3413 691 3471 tur,
718 3407 809 3477 qui
837 3407 1042 3479 inquit:
1068 3407 1303 3480 Spiritus
1339 3412 1539 3468 vadens
1569 3422 1625 3467 et
1653 3428 1757 3468 non
1805 3414 2035 3469 rediens.
2069 3413 2162 3468 Ni-

582 3493 661 3551 hil
685 3494 851 3551 refert
883 3512 992 3568 quo
1035 3509 1147 3566 eat,
1171 3515 1266 3557 seu
1294 3514 1391 3572 per
1425 3516 1605 3557 aerem
1643 3502 1829 3558 volitet
1855 3519 1915 3558 se
1933 3519 2163 3574 purgau-

583 3586 676 3652 do,
704 3602 798 3643 seu
822 3587 935 3643 loca
965 3596 1176 3645 terrena
1225 3591 1429 3647 inculta
1475 3593 1758 3649 desertave
1803 3607 1898 3648 seu
1939 3605 2043 3647 nun
2072 3595 2164 3648 deo

584 3687 731 3734 serta
764 3679 990 3747 incolct;
1019 3695 1113 3736 seu
1146 3682 1301 3739 nobis
1322 3683 1616 3754 incognita,
1638 3682 1779 3754 quod
1792 3686 2162 3754 purgatorium

584 3768 835 3836 dicimus,
883 3779 1068 3840 petat;
1128 3772 1182 3826 in
1247 3787 1477 3843 corpora
1537 3774 1770 3844 amplius
1807 3788 1930 3829 eum
1987 3776 2165 3831 redire

583 3862 822 3917 humana
872 3862 1025 3918 nefas
1066 3871 1121 3918 et
1170 3864 1401 3920 dicimus
1476 3873 1530 3919 et
1572 3866 1836 3921 ducimus.
1893 3866 2164 3924 Praeterea

584 3966 850 4022 nusquam
876 3953 1115 4021 gentium
1141 3952 1338 4009 lectum
1360 3963 1461 4019 est,
1490 3955 1728 4024 ejusdem
1759 3958 2084 4014 conditionis
2111 3968 2166 4015 et

584 4052 795 4098 naturae
820 4046 954 4099 duas
978 4046 1187 4100 animas
1212 4048 1389 4101 varias
1423 4060 1608 4103 secum
1645 4050 1943 4107 sentientes
1974 4050 2025 4106 in
2055 4066 2164 4106 uno

586 4150 811 4205 corpore
840 4137 1021 4191 sedem
1053 4135 1271 4193 habere.
1299 4136 1599 4194 Potuissem
1638 4151 1692 4195 et
1716 4138 1850 4198 alias
1882 4151 1991 4197 tum
2021 4142 2164 4198 sacri

585 4225 883 4297 Evangelii,
916 4236 1027 4282 tttnt
1058 4227 1362 4283 divinarum
1406 4228 1809 4299 Scripturarum
1857 4231 1908 4286 in
1933 4233 2010 4286 rei
2040 4247 2167 4302 pro-

583 4321 855 4376 bationem
886 4318 1394 4385 senletttias‘al‘l‘erre
1422 4339 1437 4375 :
1466 4314 1559 4377 sed
1585 4330 1842 4392 prmterea
1871 4338 1938 4377 ne
1960 4336 2167 4378 sermo-

584 4427 682 4469 nes
756 4427 917 4482 quam
969 4410 1248 4467 historiam
1314 4404 1566 4483 prosequi
1626 4413 1828 4480 videar,
1899 4412 2032 4467 satis
2081 4420 2166 4469 est

2183 3185 2231 3249 C

2249 1943 2349 1999 has
2375 1953 2594 1999 nostras
2617 1958 2717 2014 pro
2742 1959 2823 2009 se,
2851 1952 3013 2013 atque
3040 1944 3205 1998 etiam
3249 1957 3350 2013 pro
3398 1941 3512 1998 suis
3552 1941 3708 2012 petiit
3742 1954 3832 1994 re-

2250 2033 2472 2105 giones:
2514 2044 2742 2089 noverat
2794 2035 2939 2090 enim
2986 2033 3189 2103 aliquid
3239 2033 3619 2089 architectura:
3674 2032 3813 2087 artis

2250 2140 2356 2196 qua
2386 2126 2575 2180 aestivo
2603 2134 2845 2194 tempore
2873 2120 2978 2179 una
3021 2138 3144 2180 cum
3186 2124 3298 2179 suis
3341 2137 3449 2179 non
3479 2137 3700 2191 parvam
3728 2121 3834 2176 sibi

2251 2215 2530 2284 pecuniam
2555 2215 2880 2285 congcrebat
2901 2232 2917 2280 ;
2942 2229 3103 2283 quem
3126 2214 3346 2283 quidam
3388 2213 3628 2284 perversi
3661 2213 3836 2266 homi-

2252 2319 2351 2359 nes
2374 2305 2442 2360 de
2466 2303 2766 2360 Pontenani
2795 2305 3014 2375 oppido,
3039 2320 3102 2361 ea
3128 2305 3421 2374 cupiditate
3447 2305 3690 2374 pecunia:
3718 2304 3836 2357 ille-

2252 2396 2348 2459 eti,
2373 2397 2703 2462 observare;
2752 2398 2868 2452 vias
2895 2406 2949 2452 et
2984 2399 3181 2453 itinera
3224 2399 3340 2468 ejus
3391 2398 3677 2468 diligenter
3733 2398 3836 2451 hoc

2254 2487 2453 2550 animo,
2492 2496 2552 2541 ut
2589 2488 2981 2556 interficerent,
3025 2490 3329 2560 explorare.
3378 2489 3620 2557 Quadam
3668 2489 3836 2560 igitur

2253 2579 2361 2644 die,
2394 2580 2671 2649 dispositis
2703 2580 2932 2647 insidiis,
2971 2596 3093 2636 eum
3135 2581 3188 2635 in
3236 2582 3514 2637 sccretiori
3563 2581 3683 2639 loco
3712 2583 3837 2635 Ιιοι-

2255 2670 2426 2724 rentis
2454 2670 2800 2740 umbrosique
2837 2674 3076 2727 nemoris
3114 2686 3219 2726 non
3267 2671 3422 2742 longe
3457 2687 3490 2726 a
3517 2669 3836 2725 Pontenauo

2255 2765 2495 2833 aggressi
2523 2766 2937 2831 obtruncavere,
2961 2766 3084 2839 [et],
3108 2766 3337 2821 sublatis
3369 2765 3554 2819 furtim
3570 2764 3836 2833 pecuniis,

2257 2856 2591 2911 inbumatum
2620 2860 3020 2929 quamprimtnu
3049 2860 3329 2921 abeuntes,
3378 2871 3445 2912 ne
3502 2872 3589 2911 res
3620 2854 3838 2910 iudiciis

2256 2954 2488 3017 pateret,
2528 2948 2815 3017 reliquere.
2868 2949 3004 3004 Hinc
3053 2950 3262 3004 daemon
3310 2948 3488 3003 divina
3536 2945 3835 3009 voluntate,

2257 3053 2441 3104 unam,
2502 3048 2563 3094 ut
2608 3040 2894 3094 audivistis
2937 3054 3005 3093 ex
3059 3039 3298 3109 ipsorum
3347 3036 3683 3101 mulieribus,
3720 3043 3833 3087 tor-

2261 3132 2457 3187 utentis
2483 3130 2743 3197 alliciens,
2775 3148 2888 3187 rem
2917 3128 3132 3199 omnem
3177 3130 3409 3199 aperuit.
3458 3125 3615 3181 Patet
3673 3123 3839 3194 igitur

2263 3225 2522 3282 mortales
2549 3240 2655 3281 non
2685 3225 2799 3282 suis
2832 3238 3047 3294 semper
3070 3217 3387 3286 Sceleribus,
3438 3222 3626 3274 verum
3669 3215 3837 3271 inter-

2261 3316 2389 3372 dum
2417 3317 2543 3373 aliis
2566 3319 2727 3374 rebus
2773 3316 2931 3372 nobis
2978 3313 3269 3385 incognitis
3318 3310 3603 3381 torqueri:
3658 3318 3714 3363 et
3747 3306 3836 3362 ita

2262 3407 2318 3463 id
2340 3422 2462 3464 esse
2483 3409 2550 3464 de
2576 3422 2722 3464 caeco
2748 3416 2897 3472 nato,
2930 3406 3131 3464 Christi
3155 3402 3285 3460 Iesu
3333 3399 3620 3472 Evangelia
3663 3396 3839 3454 decla-

2266 3507 2388 3553 rant
2414 3514 2431 3563 ;
2460 3514 2619 3569 quem
2646 3499 2809 3555 talem
2844 3513 3025 3569 neque
3047 3512 3166 3564 sua,
3201 3509 3375 3565 neque
3414 3499 3697 3562 parentum
3717 3503 3839 3544 sce-

2263 3586 2375 3644 Iera
2404 3587 2684 3656 fecerunt,
2710 3591 2807 3645 sed
2860 3597 3087 3651 tantum,
3121 3596 3181 3641 ut
3231 3584 3328 3640 Dei
3375 3597 3537 3655 opera
3588 3594 3685 3651 per
3711 3593 3837 3634 eum

2264 3679 2585 3734 mortalibus
2613 3678 2952 3749 pateﬁerent.
2984 3677 3183 3734 Verum
3211 3692 3358 3732 nunc
3388 3675 3455 3731 ad
3483 3672 3711 3743 reliqua.

2334 3771 2458 3827 186.
2490 3771 2730 3828 Puellam
2752 3770 3129 3842 quamdam-de
3154 3769 3353 3840 oppido
3384 3764 3595 3823 Pontini
3627 3763 3695 3819 ad
3731 3762 3840 3817 hoc

2266 3863 2326 3918 S.
2357 3862 2542 3919 Mariae
2571 3864 2957 3921 monasterium
2984 3864 3199 3918 venisse
3228 3860 3568 3933 accepimus,
3599 3871 3720 3929 qua:
3743 3870 3838 3909 cu-

2255 3953 2472 4024 jusdam
2502 3955 2684 4010 domui
2736 3953 2973 4010 Simonis
3026 3954 3092 4010 de
3129 3954 3486 4009 Bevezzanno
3511 3964 3668 4005 soror
3697 3947 3838 4002 exti-

2268 4042 2353 4097 tit.
2383 4041 2841 4115 Vivit'presbyter
2881 4044 2971 4099 ille
3011 4043 3211 4107 adhuc,
3254 4044 3307 4096 in
3343 4041 3617 4111 decrepita
3660 4047 3839 4092 tamen

2264 4141 2428 4187 aetate
2469 4133 2820 4188 constitutus.
2850 4134 3051 4189 Verum
3100 4132 3343 4195 daemon,
3374 4131 3492 4200 qui.
3517 4145 3634 4185 eam
3683 4130 3839 4183 iuva»

2266 4234 2436 4289 serat,
2465 4224 2705 4280 animam
2726 4224 3010 4293 cujusdam
3040 4222 3139 4277 riri
3168 4220 3462 4276 Mazzantis
3491 4235 3551 4275 se
3585 4234 3707 4273 esse
3746 4232 3838 4270 as-

2266 4313 2506 4377 serebat,
2529 4314 2621 4383 qui
2645 4328 2676 4368 a
2695 4313 2930 4383 quodam
2961 4326 3192 4380 nequam
3222 4310 3277 4364 in
3304 4307 3701 4363 alearutu‘ludo
3727 4307 3839 4361 sica

2267 4404 2451 4461 fuerat
2484 4415 2729 4462 necatus.
2761 4404 2875 4460 Hoc
2902 4403 2978 4458 ita
3007 4416 3131 4458 esse
3180 4400 3492 4457 nitebantur
3521 4396 3837 4470 [adiuuare]

588 4500 733 4574 [pro]
760 4511 1068 4558 nostrorum
1098 4504 1346 4569 scientia,
1377 4504 1618 4559 diabolos
1664 4505 1716 4559 in
1773 4505 1875 4559 hoc
1912 4505 2241 4577 mentitosD
2267 4499 2358 4569 qui
2390 4499 2617 4554 aderant
2643 4511 2854 4552 omnes.
2888 4496 3126 4551 Instabat
3176 4502 3355 4549 tamen
3385 4490 3669 4554 sacerdos,
3694 4489 3833 4543 mul-

587 4609 709 4650 esse
735 4594 1008 4663 probasse.
1047 4592 1243 4651 Verum
1283 4597 1330 4650 si
1361 4598 1488 4663 quid
1519 4597 1571 4652 in
1608 4598 1908 4679 animarum
1959 4597 2163 4652 utilita-
2204 4597 2208 4603 ’

588 4691 723 4748 tem,
753 4691 813 4738 ut
836 4681 1042 4764 Cilicia,
1090 4692 1150 4738 ut
1184 4684 1547 4756 Gregorianas
1595 4684 1804 4753 Missas,
1845 4696 1903 4741 ut
1929 4688 2165 4742 elcemo-

588 4789 754 4847 syuas
797 4777 1098 4847 requirant,
1145 4777 1250 4857 hoc
1318 4777 1492 4843 inviti,
1544 4777 1654 4832 Deo
1699 4772 1931 4843 volente,
1976 4785 2162 4850 agunt.

589 4871 789 4927 Verum
818 4885 963 4925 nunc
989 4870 1056 4924 ad
1087 4869 1357 4946 inceptum
1387 4871 1593 4951 redeo,

659 4959 783 5029 184.
822 4960 955 5017 Cum
986 4959 1152 5030 igitur
1173 4959 1378 5013 dtemou
1422 4959 1511 5013 diu
1545 4967 1600 5013 et
1638 4973 1800 5015 emce
1828 4968 1884 5014 et
1909 4959 2170 5015 orationi-

588 5049 715 5115 bus,
746 5048 851 5123 [utj
880 5048 987 5105 alio
1014 5047 1386 5112 contenderet,
1428 5047 1713 5103 torruentis
1750 5047 1965 5105 acribus
1989 5047 2169 5105 allice-

589 5148 744 5170 ἈΟ-ιιι
808 5140 1022 5170 Alam-unm
1097 5140 1149 5170 δη
1198 5138 1489 5170 υιηιηηεῖιῖο
1532 5151 1887 5170 muniﬁcoan
1965 5138 2018 5170 θη
2055 5140 2169 5170 lui-sn

2269 4598 2353 4645 tas
2382 4590 2436 4645 in
2465 4589 2701 4644 medium
2747 4587 3049 4644 sententias
3076 4585 3317 4640 virorum
3345 4623 3360 4649 ,
3388 4582 3593 4636 virtute
3637 4588 3691 4634 et
3736 4580 3836 4633 do-

2268 4681 2441 4736 ctrina
2464 4680 2855 4750 praestantium
2874 4717 2891 4747 ,
2957 4676 3192 4733 aIl‘erens
3212 4715 3228 4742 ,
3266 4673 3461 4744 quibus
3485 4668 3837 4734 ostendebat,

2267 4772 2671 4842 quamprimum
2699 4771 2895 4824 anima:
2937 4768 3216 4823 hominum
3257 4765 3472 4821 exirent
3497 4759 3838 4830 corporibus,

2252 4864 2348 4925 ire
2399 4879 2507 4932 quo
2553 4862 2761 4916 merita:
2793 4869 2950 4925 sunt;
2992 4871 3206 4913 alumna
3253 4854 3460 4911 scilicet
3488 4850 3626 4915 loca,
3650 4847 3731 4904 vel
3762 4855 3833 4903 te-

2271 4961 2355 5007 tra
2383 4962 2439 5008 et
2462 4951 2686 5017 inculta,
2710 4951 2778 5006 ad
2802 4950 3177 5020 purgationem
3208 4962 3304 5002 seu
3330 4944 3398 5000 ad
3426 4952 3659 5000 mter-nos
3707 4954 3838 4995 cru-

2269 5044 2469 5109 ciatus,
2499 5051 2708 5114 petere,
2738 5057 2838 5097 nec
2864 5041 3041 5095 aliena
3059 5054 3285 5110 corpora
3302 5035 3542 5108 ingredi.
3568 5034 3836 5089 Cancrum

2270 5134 2389 5170 illnc
2420 5148 2540 5170 nam
2567 5133 2793 5170 anirilnc
2828 5131 3093 5170 mnIiunnc
3144 5130 3234 5170 nni
3279 5145 3307 5170 ει
3336 5124 3623 5170 ptinalmlis
3661 5121 3839 5170 Immi-
