4110 5362
389 352 496 420 885

1918 361 2119 419 ACTA.

3535 366 3651 441 εει

389 451 623 531 rantur:
655 483 710 532 et
738 492 862 532 cum
890 472 1051 535 alicui
1078 479 1362 536 sententiae
1387 493 1548 537 aures
1562 479 2040 563 jam.pr:ebue-rA
2069 487 2130 533 ut
2160 486 2214 533 tu
2236 517 2254 543 ,
2286 476 2342 533 in
2380 477 2473 533 Dei
2505 476 2708 534 virtute
2751 485 2806 533 et
2848 476 3118 535 submisse
3162 476 3475 547 conjurare;
3505 495 3633 561 non,

392 569 542 633 rint,
575 585 682 623 non
717 570 821 624 nisi
868 586 990 626 cum
1038 573 1271 628 maxima
1310 572 1622 629 difﬁcultate
1661 573 1735 641 ab!
1780 587 1843 628 ea
1886 574 1965 627 di-

390 661 519 716 velli
552 671 797 731 possunt.
840 662 927 717 Fit
968 665 1071 719 hoc
1101 666 1422 735 praesertim,
1457 665 1585 735 quia
1614 665 1761 720 duras
1791 654 1972 720 cervi?

390 752 472 807 cis
496 761 641 816 sunt,
668 762 721 806 et
748 751 858 807 fere
883 763 1132 823 expertes
1158 756 1401 811 rationis.

467 840 587 894 187.
618 840 883 896 Caeterum
909 860 1031 897 cum
1060 845 1149 906 diu
1184 832 1466 913 diabolus,
1498 857 1556 900 ut
1584 846 1793 911 exiret,
1816 845 1956 900 alio-

391 944 683 986 vorsumve
714 934 1093 998 contenderet,
1126 934 1466 1004 fatigaretur,
1494 946 1547 991 et
1583 938 1697 1006 ipse
1726 937 1852 990 totis
1887 936 1963 989 vi-

392 1018 568 1083 ribus,
594 1035 662 1073 ne
686 1021 1009 1085 discrdi‘rrt,
1035 1024 1295 1085 instaret,
1331 1027 1548 1081 demum
1580 1028 1779 1081 virtute
1800 1024 1962 1080 Joan-

392 1113 481 1166 nis
516 1113 815 1167 beatissimi
859 1113 910 1167 in
957 1114 1071 1168 bzec
1103 1116 1266 1169 verba
1308 1117 1593 1186 prorupit:
1629 1116 1959 1172 Contendam

390 1199 521 1266 alio,
555 1203 600 1257 si
624 1217 721 1272 pro
748 1201 892 1257 illius
915 1201 1213 1259 Mazzantis
1233 1204 1412 1259 anima
1446 1215 1503 1260 et
1524 1206 1800 1260 orationes
1827 1207 1965 1287 liuut

386 1304 678 1365 ctpreces.
708 1296 776 1350 lli
816 1297 868 1352 id
900 1313 965 1353 se
1011 1297 1249 1354 facturos
1294 1299 1518 1353 omnino
1565 1307 1958 1364 asseverantes,

376 1363 570 1454 inquit
591 1386 722 1440 ille:
755 1386 943 1441 Videte
979 1400 1046 1439 ne
1093 1386 1306 1442 mentiti
1344 1385 1691 1440 inveniamini
1724 1402 1741 1439 :
1774 1363 1958 1456 pejora

390 1476 536 1531 enim
583 1477 838 1547 posthac,
881 1476 991 1533 Deo
1030 1476 1283 1542 volente,
1331 1476 1487 1531 vobis
1530 1474 1787 1530 inferrem
1843 1484 1957 1530 tor—

390 1576 597 1629 menta,
622 1568 666 1621 si
690 1583 789 1638 pro
808 1584 875 1623 eo
897 1583 1055 1624 orare
1082 1568 1265 1623 verbis
1293 1576 1498 1621 tantum
1521 1565 1915 1637 promitterctis
1939 1582 1955 1631 ;

388 1673 450 1712 re
486 1669 667 1713 autem
709 1660 821 1729 ipsa
860 1659 1051 1726 alieni,
1078 1675 1143 1714 ac
1162 1660 1212 1715 si
1243 1660 1377 1714 nihil
1407 1661 1473 1714 ad
1513 1674 1611 1713 vos
1638 1656 1955 1729 pertineret,

387 1750 745 1820 extraneique
789 1750 1188 1807 inveniremini.
1239 1750 1374 1809 Fiet,
1414 1749 1538 1812 fiet,
1572 1749 1748 1819 inquit
1778 1762 1958 1803 sacer

385 1840 519 1903 dos;
550 1848 605 1892 et
636 1813 681 1893 si
709 1839 889 1894 eieteri
916 1855 947 1892 a
977 1840 1072 1909 pio
1094 1853 1258 1908 apere
1310 1813 1663 1899 desisterent,
1697 1840 1768 1892 do
1797 1836 1957 1891 tidem
1989 1813 2032 1873 Β

388 1941 476 1981 me
503 1924 808 1993 facturum;
845 1936 900 1980 tu
945 1935 1153 1981 tantum
1186 1926 1253 1981 da
1291 1924 1469 1980 locum
1493 1924 1719 1995 Spiritui
1749 1934 1958 1995 sancto,

381 2026 441 2070 et
470 2017 555 2072 abi
580 2018 635 2071 iu
665 2033 778 2072 rem
804 2028 971 2073 tuam.
1005 2018 1101 2073 llis
1138 2018 1327 2083 finitis,
1359 2018 1501 2074 illico
1531 2018 1826 2073 terribilem
1852 2028 1961 2073 tar-

384 2116 707 2176 tareamque
733 2124 916 2162 vocem
945 2110 1154 2163 daniion
1177 2109 1461 2174 emittens,
1509 2109 1851 2179 puellamque
1875 2125 1960 2164 se-

383 2194 770 2251 midefunctam
803 2200 911 2252 vita
946 2199 1291 2269 relinquens,
1328 2214 1427 2255 ceu
1470 2198 1671 2262 fumus.
1713 2201 1956 2255 evanuit.

379 2283 512 2340 Inde
542 2286 801 2361 paulatim
834 2288 923 2342 illa
953 2289 1097 2363 vires
1133 2306 1432 2355 resumens,
1464 2305 1523 2346 re
1553 2292 1804 2363 cognita,
1849 2290 1957 2346 Deo

378 2386 440 2431 ct
469 2376 526 2432 S.
553 2378 745 2434 Joanui
767 2372 1179 2452 gratias‘agens,
1204 2383 1325 2438 laeta
1350 2399 1473 2438 eum
1496 2384 1611 2438 suis
1640 2384 1692 2438 in
1722 2384 1957 2453 patriam

380 2464 566 2532 rediit,
598 2469 796 2526 oblatis
819 2472 1088 2543 imprimis
1115 2475 1438 2544 quibusdam
1463 2466 1750 2543 pecuniis,
1771 2484 1851 2539 ut,
1881 2476 1956 2530 uti

378 2561 782 2629 promiserant,
832 2578 932 2633 pro
967 2564 1175 2634 praefati
1225 2565 1523 2621 Mazzantis
1561 2567 1740 2622 anima
1780 2565 1957 2623 Missae

377 2650 727 2722 Gregoriana:
754 2654 810 2708 in
840 2657 1169 2711 monasterio
1205 2657 1634 2714 celebrarentur.

452 2743 574 2798 188.
612 2744 686 2798 De
731 2745 994 2812 seuerum
1035 2749 1283 2816 partibus
1325 2749 1518 2804 mulier
1557 2750 1624 2803 ad
1670 2749 1728 2805 S.
1772 2749 1956 2806 Mariae

377 2832 447 2887 de
478 2833 627 2890 Valle
653 2833 918 2891 Umbrosa
951 2841 1338 2894 monasterium
1369 2839 1533 2896 ducta
1568 2850 1692 2908 est;
1733 2843 1821 2898 cui
1847 2845 1972 2898 da:-

376 2925 550 2990 moui,
582 2926 674 2994 qui
710 2940 831 2980 eam
864 2927 1162 2991 invaserat,
1191 2930 1318 2986 dum
1344 2931 1575 2986 domnus
1604 2933 1951 3002 Benedictus,

376 3015 474 3085 qui
509 3026 694 3084 postea
721 3016 777 3072 S.
815 3014 995 3073 Maria:
1033 3019 1100 3075 de
1130 3019 1315 3076 Cuneo
1345 3024 1675 3079 monasterio
1707 3024 1951 3093 prtefuit,

376 3121 531 3161 more
564 3123 665 3165 suo
711 3118 915 3167 temere
951 3121 1007 3168 et
1044 3114 1443 3172 inconsiderate
1477 3118 1868 3173 contumeliosa
1898 3127 1955 3174 et

374 3198 630 3254 comitiis
671 3201 830 3271 plena
879 3204 1043 3258 verba
1087 3203 1244 3277 daret
1273 3206 1378 3275 (ita
1422 3215 1483 3261 ut
1525 3207 1851 3279 quandoque
1894 3210 1955 3263 lit

372 3286 446 3341 ab
479 3288 782 3358 imperitis,
816 3294 942 3347 dum
981 3293 1084 3362 ipsi
1142 3296 1419 3351 daemones
1465 3298 1779 3368 interrogati
1838 3312 1954 3355 mo-

376 3392 495 3432 ram
523 3380 736 3450 longam
766 3383 817 3437 in
850 3384 1225 3455 respondendo
1244 3385 1500 3460 faciunt),
1539 3389 1664 3455 hoc,
1703 3388 1953 3445 videlicet

375 3471 451 3524 ita
481 3472 581 3528 sibi
631 3474 833 3531 insulse
869 3486 925 3531 et
970 3478 1149 3548 inepte
1184 3487 1241 3535 et
1285 3481 1574 3537 temerarie
1617 3482 1952 3553 eonjuratio-

365 3576 500 3617 nem
526 3572 582 3618 et
623 3566 1095 3634 exprobrationem
1136 3570 1253 3624 lleri
1271 3611 1288 3636 ,
1319 3571 1529 3627 daemon
1555 3574 1839 3644 aegerrime
1867 3571 1946 3628 fe-

372 3667 526 3725 rens,
557 3655 773 3729 tandem
803 3655 951 3710 vultu
985 3658 1120 3735 truci
1167 3659 1534 3731 terribilisque
1567 3661 1773 3717 occulis
1798 3676 1858 3717 se
1898 3662 1951 3717 in

371 3758 509 3798 cum
551 3743 899 3807 Benedictum
960 3757 1304 3819 convertens,
1358 3750 1536 3821 inquit
1575 3765 1591 3805 :
1627 3751 1672 3807 Ο
1707 3751 1950 3806 omnium

363 3837 766 3893 monachorum
798 3838 1078 3907 pestifera,
1115 3844 1469 3911 omniumque
1499 3842 1790 3897 stultorum
1819 3842 1952 3896 stul-

375 3924 600 3979 tissime.
630 3925 768 3993 Quid
807 3927 901 3982 tibi
935 3928 1045 3982 vis?
1067 3928 1468 3995 Quorsumnam
1516 3932 1633 3987 haec
1666 3941 1753 3987 tua
1791 3930 1952 3986 fatui-

373 4014 493 4068 tas?
532 4013 616 4069 Me
660 4030 854 4086 parum
901 4017 1243 4076 considerate
1285 4021 1492 4091 absque
1536 4021 1644 4075 ulla
1682 4022 1951 4093 supplica-

370 4103 536 4167 tione,
597 4119 690 4161 seu
724 4108 1009 4162 devotione
1062 4124 1322 4180 arguere,
1363 4111 1645 4182 corripere
1680 4121 1735 4165 et
1763 4111 1950 4181 conju-

376 4210 501 4251 rare
527 4198 766 4253 audeas?
807 4200 1069 4270 Agiturne
1110 4201 1190 4256 sic
1208 4241 1222 4262 .
1249 4217 1283 4257 ο
1310 4203 1553 4259 omnium
1581 4201 1946 4267 insanissime,

369 4300 439 4339 an
463 4288 693 4355 quadam
716 4303 839 4342 cum
866 4274 1125 4358 religione
1145 4301 1203 4347 et
1249 4292 1476 4346 timore?
1499 4293 1599 4347 Abi
1628 4308 1738 4363 quo
1758 4294 1951 4363 dignus

366 4390 453 4440 es,
480 4375 533 4430 in
558 4392 774 4432 crucem
804 4388 946 4434 tuam
976 4389 1031 4433 et
1064 4396 1263 4450 pueros
1314 4393 1605 4437 cernentes
1631 4384 1905 4453 prostitue
1931 4402 1944 4438 :

2066 577 2125 622 ut
2165 567 2253 622 ille
2290 568 2515 623 insanus
2548 568 2713 638 paulo
2748 578 2907 634 ante,
2943 567 3125 625 verbis
3160 568 3631 634 tumidis,‘incoa-

2065 658 2336 728 cinnaque
2357 673 2490 713 voce
2514 658 2842 723 exclamare,
2874 670 2929 714 et
2953 660 3183 729 superba
3206 668 3259 714 et
3282 654 3503 715 minime
3532 659 3637 715 hoc

2065 748 2120 803 in
2150 749 2271 803 loco
2300 759 2354 803 et
2386 748 2477 803 tali
2507 750 2559 805 in
2596 740 2779 804 officio
2808 750 3157 807 condecentia
3200 748 3465 821 proferre.
3499 748 3633 803 Eum

2064 840 2339 909 profecto,
2384 842 2436 895 ni
2472 841 2651 907 fallor,
2687 843 2760 897 ita
2790 829 3146 913 castigatum,
3183 842 3257 896 ita
3296 850 3634 897 mansuetum

2064 929 2295 993 reddidi,
2332 931 2633 1000 utpostbac
2661 930 2818 986 facile
2848 931 3136 1002 perspiciet
3172 920 3295 1000 qua
3327 946 3448 985 cum
3484 945 3627 986 reve-
3657 977 3663 981 .

2064 1018 2237 1071 rentia
2267 1027 2321 1071 et
2349 1017 2608 1087 religione
2636 1017 2816 1071 divina
2845 1018 3023 1073 omnia
3064 1033 3095 1073 a
3147 1016 3465 1073 mortalibus
3505 1033 3630 1089 per-

2064 1107 2269 1178 agenda
2300 1107 2428 1161 sint.
2456 1105 2655 1161 Cedant
2682 1106 2863 1177 igitur,
2888 1124 3011 1161 nam
3040 1109 3129 1163 hic
3153 1109 3353 1163 diutius
3372 1108 3635 1174 esse,etsi

2061 1196 2475 1259 vellem,tamen
2512 1194 2573 1250 S.
2612 1194 2834 1251 Joannis
2870 1196 3042 1251 virtus
3080 1198 3348 1266 prohibet.

2134 1287 2256 1342 190.
2300 1274 2569 1343 Cmterum
2606 1272 2734 1343 cum
2764 1287 2998 1342 maxima
3038 1304 3165 1359 pars
3199 1290 3303 1345 diei
3341 1291 3393 1344 in
3443 1291 3633 1362 hujus-

2062 1378 2202 1435 nodi
2228 1379 2598 1450 conjuratione
2625 1389 2845 1450 peracta
2874 1377 3089 1452 [esset],
3129 1388 3184 1435 et
3208 1381 3460 1437 sacerdos
3502 1382 3635 1438 nihil

2059 1467 2323 1535 prolicere
2354 1484 2414 1524 se
2445 1468 2769 1541 intelligeret
2799 1468 2945 1542 (quia
2970 1469 3152 1525 verbis
3181 1470 3442 1527 discessio
3466 1487 3496 1526 a
3520 1472 3636 1527 dia-

2060 1553 2184 1610 bolo
2213 1558 2573 1624 nuutiaretur,
2598 1566 2853 1613 czeterum
2877 1558 3051 1629 reipsa
3074 1558 3514 1633 acriorinstare),
3540 1578 3637 1633 op-

2063 1647 2250 1702 tiinum
2277 1646 2419 1703 factu
2452 1660 2634 1717 ratus,
2667 1650 2719 1704 in
2753 1649 2894 1704 diem
2925 1648 3151 1706 alteram
3196 1659 3471 1708 certamen
3511 1670 3632 1709 cum

2060 1739 2272 1797 diabolo
2294 1740 2534 1810 dill‘erre,
2557 1753 2613 1798 et
2642 1743 2857 1798 interim
2891 1724 3312 1816 supplicationes
3338 1760 3437 1816 pro
3469 1746 3638 1817 ipsius

2063 1830 2303 1886 mulieris
2318 1832 2493 1887 salute
2516 1849 2545 1887 a
2570 1834 2798 1905 singulis
2821 1835 3106 1891 monachis
3124 1835 3263 1902 ﬂeri,
3287 1836 3459 1894 tristis
3479 1836 3633 1894 abiit.

2061 1918 2139 1976 Eo
2168 1922 2432 2000 postridie
2475 1923 2728 1979 monachi
2765 1924 2831 1979 de
2868 1940 3018 1981 more
3052 1941 3261 1981 summa
3304 1942 3428 1985 cum
3478 1943 3635 1984 reve-

2062 2006 2235 2069 rentia
2262 2015 2403 2093 illuc
2444 2015 2557 2070 bini
2587 2025 2642 2071 et
2686 2015 2800 2074 bini
2854 2033 2978 2073 cum
3026 2016 3088 2073 S.
3139 2017 3367 2075 Joannis
3405 2020 3638 2077 brachio

2059 2114 2282 2171 euntes,
2326 2108 2512 2161 taudiu
2552 2106 2663 2162 illic
2700 2119 2955 2165 canentes
2997 2120 3050 2165 et
3091 2123 3315 2169 orantes
3350 2128 3634 2183 mansere,

2060 2199 2240 2266 quoad
2277 2196 2546 2262 diabolus,
2573 2198 2722 2254 omni
2766 2201 2968 2256 auxilio
3004 2202 3331 2269 destitutus,
3380 2220 3486 2279 non
3516 2206 3637 2262 sine

2058 2286 2305 2341 mulieris
2353 2286 2683 2342 detrimento
2741 2290 3013 2345 concessit
3069 2306 3177 2362 quo
3238 2280 3634 2363 dignus’erat.

2059 2377 2253 2434 Mulier
2287 2378 2374 2433 illa
2402 2380 2937 2456 membrisqcorporis
2971 2393 3161 2454 capta,
3195 2384 3286 2438 diu
3318 2370 3486 2453 ipsius
3512 2386 3631 2443 olli-

2057 2468 2143 2543 cio
2186 2467 2335 2538 fungi
2384 2468 2527 2523 baud
2572 2469 2765 2539 potuit.
2823 2471 3049 2526 Demum
3092 2486 3222 2526 vero
3258 2469 3385 2527 Jesu
3432 2474 3633 2532 Christi

2056 2560 2261 2632 gratia,
2285 2569 2343 2616 et
2371 2560 2431 2615 Β.
2459 2560 2644 2616 Mariae
2672 2569 2729 2617 et
2751 2560 2810 2617 S.
2840 2560 3065 2618 Joannis
3090 2562 3342 2633 precibus
3371 2564 3423 2619 in
3452 2564 3631 2635 pristii

2060 2650 2227 2706 tinam
2255 2651 2486 2721 gratiam
2524 2651 2794 2718 restituta,
2821 2652 2949 2709 felix
2977 2662 3031 2710 et
3063 2654 3451 2711 valetudinaria
3484 2656 3633 2711 dein-

2057 2741 2125 2796 de
2154 2743 2320 2796 vitam
2348 2743 2523 2798 duxit.

2679 2830 2859 2890 PARS
2893 2833 3008 2889 XV.

2129 2921 2250 2978 191.
2273 2921 2592 2977 Monachum
2616 2923 2778 2979 etiam
2802 2926 2959 2996 hujus
2981 2926 3413 2992 monasterii,cui
3439 2941 3633 2982 nomen

2054 3023 2173 3068 erat
2194 3012 2383 3076 Paulo,
2408 3015 2523 3082 qui,
2554 3015 2654 3069 etsi
2683 3014 2736 3069 in
2761 3015 3031 3086 decrepita
3060 3017 3264 3089 positus
3284 3027 3473 3083 aetate,
3501 3020 3637 3073 vivit

2056 3110 2238 3157 tamen
2269 3103 2468 3168 adhuc,
2502 3104 2734 3168 darmon,
2780 3115 2837 3158 ut
2873 3105 3013 3161 infra
3066 3122 3165 3162 suo
3197 3109 3514 3164 ostendetur
3542 3124 3632 3164 or-

2059 3190 2203 3253 dine,
2234 3208 2561 3264 magnopere
2605 3195 3003 3265 perterrefecit.
3040 3197 3138 3253 llic
3175 3199 3321 3254 enim
3362 3184 3637 3258 nonnullis

2054 3283 2287 3352 quodam
2313 3284 2523 3355 veSperi
2556 3284 2804 3342 detentus
2845 3287 3098 3356 negotiis,
3130 3288 3506 3347 dormitorium
3528 3274 3632 3345 ex-

2055 3379 2138 3426 tra
2174 3372 2293 3427 sine
2323 3371 2634 3443 Superioris
2679 3376 2763 3430 sui
2813 3377 3070 3432 missione
3117 3379 3399 3448 quiescere
3444 3395 3632 3447 ausus,

2053 3478 2177 3518 cum
2204 3461 2321 3533 jam
2366 3466 2433 3519 ad
2474 3465 2528 3521 id
2567 3477 2713 3522 esset
2741 3465 2845 3539 [ut]
2874 3467 3049 3524 cubile
3073 3468 3446 3540 ingrederetur
3475 3471 3631 3541 (bor-

2054 3569 2210 3610 resco
2239 3553 2548 3626 referens),
2584 3556 2688 3613 sibi
2725 3555 2917 3612 adesse
2966 3560 3215 3616 umbram
3266 3560 3502 3616 hominis
3553 3570 3639 3617 te-

2055 3646 2264 3700 terrimi
2314 3647 2489 3702 visum
2535 3658 2651 3713 est;
2703 3648 2835 3714 cui,
2866 3656 2943 3702 -ιιι
2975 3646 3183 3722 referre
3228 3650 3421 3705 solitus
3479 3660 3630 3717 erat,

2054 3744 2239 3792 truces
2262 3735 2425 3804 oculi,
2448 3752 2511 3793 os
2536 3738 2887 3808 ignivomum,
2918 3756 3078 3795 nares
3106 3741 3295 3807 hiulci,
3319 3742 3485 3797 barba
3507 3758 3633 3813 pru-

2054 3827 2216 3881 missa
2235 3867 2250 3894 ,
2277 3837 2331 3883 et
2362 3828 2415 3882 in
2445 3842 2651 3883 morem
2694 3828 2830 3885 hirci
2864 3830 3087 3896 inculta,
3122 3830 3478 3905 efferaverant
3508 3848 3630 3903 spe-

2051 3917 2190 3976 ciem
2238 3919 2371 3974 oris.
2411 3918 2527 3986 Qua
2562 3919 2780 3975 insolita
2814 3920 3019 3977 visione
3065 3923 3266 3995 ingenti
3313 3934 3456 3979 metu
3504 3940 3630 3981 cor-

2052 4000 2237 4081 reptus
2259 4050 2276 4076 ,
2313 4020 2369 4066 et
2399 4012 2532 4067 adeo
2559 4013 2811 4069 omnibus
2852 4016 3097 4084 corporis
3135 4016 3391 4073 membris
3414 4030 3629 4089 captus,

2054 4102 2159 4176 [ut]
2192 4119 2294 4183 nec
2320 4104 2755 4161 Christianorum
2787 4100 2940 4162 more
2984 4108 3138 4178 signo
3175 4110 3357 4165 erucis
3399 4112 3631 4167 sanctis-

2051 4199 2203 4254 simae
2232 4214 2292 4255 se
2318 4201 2532 4255 munire
2562 4201 2968 4273 posset.‘Quitl?
2991 4203 3135 4272 quod
3160 4218 3262 4257 nec
3283 4202 3463 4272 lingua
3495 4205 3629 4258 satis

2051 4305 2206 4344 suum
2238 4288 2476 4343 ofﬁcium
2508 4300 2714 4360 ageret.
2748 4290 2909 4345 Miser
2938 4291 3121 4361 itaque
3161 4292 3250 4346 illc
3279 4290 3451 4364 [eum]
3477 4300 3627 4348 tanto

2055 4377 2251 4446 talique
2283 4378 2334 4430 in
2364 4378 2676 4433 discrimine
2705 4380 2967 4447 corporis,
3008 4389 3084 4461 et,
3114 4382 3256 4450 quod
3295 4381 3479 4451 pejus,
3510 4383 3631 4436 ani-

366 4475 426 4521 ei
460 4466 506 4522 si
538 4475 629 4521 tua
679 4469 839 4524 solita
891 4471 1236 4540 improbitate
1283 4475 1589 4542 porrexeris
1637 4476 1949 4532 sréleratis-
1980 4481 2029 4540 ι)
2056 4482 2155 4520 mw
2187 4464 2425 4534 ιιοεῖιιιε.
2462 4482 2570 4535 quo
2608 4482 2668 4521 se
2710 4475 2968 4532 verteret.
2998 4482 3157 4537 quem
3211 4468 3263 4522 in
3313 4469 3393 4523 sui
3437 4469 3627 4539 tmesi-

363 4555 535 4621 sime,
558 4552 656 4612 tua
694 4570 878 4613 coram
914 4560 1167 4616 omnibus
1209 4562 1442 4632 pandam
1489 4564 1619 4620 vitia
1650 4581 1665 4618 :
1701 4566 1945 4621 nondum

368 4644 552 4714 plene,
583 4649 760 4718 qualis
781 4650 906 4715 sim,
931 4654 1215 4731 pernosti.-

436 4734 560 4790 189.
591 4737 914 4795 Benedictus
949 4742 1116 4811 igitur
1142 4740 1232 4798 ille
1259 4745 1562 4801 monachus
1584 4786 1598 4811 ,
1631 4761 1793 4816 quem
1828 4763 1945 4803 ma—

364 4822 541 4878 larum
574 4841 752 4880 rerum
780 4830 1111 4886 conscientia
1137 4832 1279 4887 forte
1303 4821 1614 4905 instigabat,
1639 4853 1745 4890 non
1774 4852 1940 4907 parvo

342 4913 562 4969 timore
588 4927 902 4987 correptus,
938 4922 1146 4978 veritus
1184 4923 1399 4994 pejora,
1448 4928 1493 4981 si
1542 4936 1824 4997 pergeret,
1875 4931 1940 4985 ti-

361 5017 543 5069 mens,
570 5018 771 5074 pavens
802 5011 855 5062 in
885 5014 1273 5069 monasterium
1301 5018 1588 5074 concessit.
1617 5019 1716 5074 Cui
1757 5017 1938 5076 officio

358 5094 679 5157 monachus,
705 5097 799 5168 qui
822 5100 1167 5167 succedebat,
1198 5102 1284 5171 his
1317 5119 1437 5173 quae
1499 5107 1709 5163 daemon
1737 5108 1791 5163 in
1813 5121 1937 5165 eum

358 5181 717 5214 mﬁ.nal:rn-nl
766 5188 988 5214 “Ann-:IZ-
1033 5192 1235 5214 ---Is..-
1273 5206 1361 5214 -..ι

2048 4556 2196 4612 dium
2232 4556 2530 4620 invocaret,
2564 4546 2828 4627 nesciret,
2859 4568 2914 4612 et
2943 4554 3169 4627 jamjam
3197 4557 3403 4615 daemon
3452 4557 3626 4615 lectu-

2047 4647 2183 4712 lum,
2226 4655 2520 4702 tartaream
2549 4646 2822 4703 llammam
2846 4662 3127 4721 evomens,
3155 4658 3387 4714 teneret,
3429 4659 3625 4705 treme-

2045 4736 2264 4793 bundus
2288 4745 2343 4792 et
2370 4736 2679 4809 laerymans
2712 4724 2823 4809 toto
2845 4739 3012 4797 corde
3036 4782 3049 4807 ,
3093 4738 3216 4808 quia
3269 4739 3447 4811 lingua
3482 4740 3624 4795 haud

2046 4838 2254 4899 posset,
2312 4843 2433 4883 sese
2484 4828 2731 4900 gloriosae
2778 4822 2993 4900 'Virgini
3053 4830 3272 4897 Mariae,
3330 4841 3627 4900 sanctoque

2023 4916 2248 4983 .Joanni
2277 4908 2946 4994 commendansgsalutem
2979 4936 3129 4976 suam
3163 4919 3216 4971 in
3247 4933 3434 4975 eorum
3462 4934 3630 4975 inanti

2041 5005 2293 5071 tradens,
2328 5015 2538 5069 tantum
2569 4999 2801 5067 mortem
2829 5018 3174 5081 intentosque
3198 5009 3472 5065 cruciatus
3500 5020 3633 5069 eila-

2018 5101 2144 5183 ‘dat
2170 5114 2355 5159 orare.

3017 5206 3142 5214 -....--
3186 5189 3327 5214 -..Α.Ι
3384 5189 3608 5214 ε...-....’-

2117 5190 2224 5214 In!)
2289 5194 2508 5214 h-._-,,,--
2554 5193 2707 5214 .I....--
2738 5211 2748 5213 _
2822 5208 2933 5214 -----
2974 5212 2977 5213 ,
