4110 5362
532 322 635 388 88]

1622 334 1681 393 s.
1720 288 2006 395 massis
2044 293 2437 397 caussam
2472 334 2760 392 sonans

3696 394 3743 403 an.

532 444 716 500 cessit.
747 442 804 525 lo
840 459 906 501 co
943 432 1124 515 itaque
1169 452 1275 500 tam
1318 459 1510 516 aspero
1555 449 1772 521 negotio
1797 451 2098 507 monachus
2124 456 2175 513 Α
2200 450 2476 505 desereret
2501 468 2515 505 :
2544 448 2860 507 catervatim
2912 447 3058 504 enim
3110 462 3170 511 se
3215 446 3468 504 offerunt.
3493 445 3773 517 Quamob-

534 536 627 591 ille
652 552 758 591 non
791 535 969 591 minus
997 537 1179 594 animo
1205 538 1439 595 demisso
1469 548 1594 610 post
1620 539 1877 597 daemonis
1905 542 2103 598 disces-

545 642 693 689 sum,
722 640 787 681 ac
818 627 945 680 dum
985 628 1213 694 aderat,
1246 627 1351 683 fuit
1379 647 1395 684 :
1444 645 1567 684 nam
1607 631 1863 701 reliquam
1894 642 2102 702 partem

532 716 707 770 noctis
766 716 1088 784 insomnem,
1148 726 1208 773 ut
1248 719 1363 791 ipse
1423 736 1649 777 narrare
1710 722 1905 779 solitus
1950 732 2099 789 erat,

530 821 692 860 orans
744 812 796 861 et
830 814 1066 862 tremens
1122 808 1303 877 duxit;
1363 812 1572 867 veritus
1635 828 1848 882 semper
1915 828 2005 878 ne,
2056 813 2098 868 si

530 894 692 947 etiam
739 893 1014 964 paululum
1063 897 1334 966 quoddam
1385 898 1453 953 ab
1499 899 1711 968 incepta
1744 899 1989 954 oratione
2016 899 2114 953 de--

532 982 776 1050 sisteret,
827 985 1131 1041 communis
1178 986 1417 1041 omnium
1471 987 1644 1042 hostis
1691 989 1900 1043 daemon
1952 988 2104 1058 pejor

533 1073 823 1143 acriorque
852 1074 1051 1130 rediret
1083 1089 1099 1129 :
1129 1076 1272 1144 quod
1306 1076 1448 1130 haud
1476 1076 1640 1142 fecit;
1668 1078 1920 1147 precibus
1958 1078 2102 1132 enim

530 1171 588 1218 ct
635 1164 849 1220 meritis
894 1167 1252 1222 sanctissima:
1300 1166 1395 1222 Dei
1433 1167 1724 1225 Genitricis
1763 1178 1819 1224 et
1862 1167 2104 1240 Virginis

529 1252 715 1310 Mariae
743 1262 797 1309 et
827 1254 1004 1310 Patris
1024 1255 1251 1313 Joannis
1272 1258 1592 1326 beatissimi,
1615 1259 1853 1330 perfidus
1883 1259 1974 1316 ille
1996 1261 2102 1318 Sa-

533 1356 623 1401 tan
659 1346 851 1415 procul
890 1348 1121 1404 abstitit.

606 1438 728 1494 195.
766 1438 994 1495 Summo
1033 1438 1202 1509 igitur
1225 1456 1406 1510 mane,
1431 1443 1648 1514 quidam
1676 1460 1707 1499 a
1739 1444 1981 1502 daemone
2020 1462 2104 1502 ca-

531 1540 677 1598 ptus,
715 1529 782 1585 de
803 1529 933 1587 villa
980 1546 1102 1601 quae
1148 1531 1366 1602 vulgato
1400 1535 1619 1591 nomine
1666 1534 1861 1593 Thosis
1908 1536 2106 1593 dicitur

534 1618 713 1688 (abest
747 1619 893 1675 enim
932 1620 999 1676 ab
1046 1621 1151 1677 isto
1177 1621 1238 1679 S.
1268 1622 1452 1680 Mariae
1482 1626 1813 1699 monasterio
1851 1626 1964 1682 fere
2007 1640 2105 1697 per

533 1707 635 1761 tria
664 1707 832 1773 millia
861 1711 1177 1779 passuum},
1200 1711 1305 1767 huc
1328 1711 1378 1765 vi
1408 1711 1696 1769 multorum
1725 1714 2101 1769 comitantium

2202 558 2317 597 rem
2367 539 2776 611 quamplurimis
2848 539 3260 610 prmtermissis,
3319 542 3564 611 quaedam
3617 541 3775 611 signa

2203 630 2377 701 magis
2407 629 2702 694 celebrata,
2731 644 2838 701 quo
2857 640 3046 699 potero
3066 630 3278 701 ordine,
3306 630 3609 685 ostendam.

2273 722 2398 778 195.
2435 722 2515 776 Ad
2551 723 2652 777 hoc
2697 719 2756 777 S.
2798 721 2979 785 Maria:
3019 722 3401 799 monasterium
3432 723 3498 777 de
3531 721 3777 791 partibus

2201 809 2481 866 Flaminiae
2503 826 2664 865 anum
2691 809 2998 881 quamdam,
3026 825 3057 863 a
3087 810 3326 863 dtemone
3352 816 3562 883 captam
3595 806 3776 881 [intel-

2204 898 2359 972 lexi],
2387 902 2437 954 vi
2470 900 2712 954 afﬁnium
2757 899 3092 968 aliorumque
3128 896 3350 971 [fuisse]
3386 897 3599 953 ductam
3627 938 3643 961 ,
3680 899 3773 968 qui

2205 1008 2263 1047 re
2288 993 2523 1055 insolita.
2556 1003 2615 1048 ut
2650 1008 2769 1048 mos
2805 1002 2909 1057 est,
2950 991 3167 1048 excitati
3204 992 3430 1047 comites
3472 1003 3592 1046 sese
3637 992 3773 1049 tanti

2206 1089 2424 1151 tamque
2459 1081 2611 1135 ardui
2634 1076 2852 1136 itineris
2881 1090 3074 1149 sponte
3101 1080 3482 1151 praestiterant.
3514 1077 3614 1145 Qui
3655 1079 3776 1147 qui—

2205 1171 2326 1226 dem
2354 1170 2582 1233 daemon,
2615 1171 2704 1242 qui
2729 1187 2847 1225 eam
2880 1162 3169 1233 invaserat,
3201 1179 3347 1224 tanta
3373 1178 3489 1224 arte
3516 1178 3775 1237 tantaque

2203 1258 2495 1314 calliditate
2540 1260 2825 1315 simulandi
2874 1266 2929 1315 et
2978 1259 3376 1325 dissimulandi,
3421 1261 3558 1315 bone
3604 1257 3770 1317 Jesu!

2206 1346 2501 1402 instructus
2538 1344 2703 1419 [erat]
2726 1387 2742 1411 ,
2772 1356 2833 1401 ut
2858 1347 2907 1402 ei
2937 1346 3019 1401 vel
3050 1347 3228 1405 nullus
3260 1362 3490 1419 nequam
3530 1347 3772 1420 spiritus,

2204 1432 2287 1490 vel
2316 1436 2468 1505 pauci
2498 1434 2723 1500 similes,
2752 1452 2868 1490 mea
2897 1435 3161 1491 sententia
3194 1436 3334 1492 inter
3361 1436 3607 1492 homines
3634 1477 3648 1502 ,
3677 1450 3774 1508 per

2205 1540 2383 1579 aerem
2429 1526 2713 1591 volitantes
2760 1528 3146 1596 reperiantur:
3188 1543 3291 1598 qua
3337 1536 3486 1591 arte,
3533 1528 3599 1583 de
3628 1544 3776 1584 more

2206 1632 2327 1671 cum
2356 1632 2517 1672 cruce
2544 1634 2571 1670 a
2604 1618 2870 1673 monacho
2905 1619 3135 1688 quodam
3168 1619 3220 1672 in
3249 1619 3564 1674 diaconatus
3598 1619 3776 1676 ofﬁcio

2207 1704 2504 1759 constituto
2537 1704 2929 1773 conjuraretur,
2976 1707 3049 1760 ita
3080 1721 3210 1761 usus
3230 1716 3344 1774 est,
3383 1716 3443 1762 ut
3471 1709 3645 1777 quivis
3676 1710 3770 1763 tali

533 1794 732 1852 ductus
758 1806 861 1853 est.
897 1797 1031 1854 Cum
1067 1800 1233 1871 igitur
1262 1815 1414 1856 more
1446 1802 1608 1857 solito
1638 1803 1887 1859 monachi
1914 1818 2104 1860 omnes

2209 1792 2258 1847 in
2290 1809 2346 1847 re
2391 1793 2555 1849 etiam
2606 1794 2763 1864 longe
2807 1805 3061 1865 expertus
3115 1793 3430 1851 aﬂirmasset
3488 1797 3764 1851 mulierem

534 1888 725 1943 ordine
756 1903 855 1944 suo
896 1891 1265 1961 eireumpositi
1295 1903 1558 1949 canerent
1585 1904 1640 1949 et
1679 1903 1932 1961 orarent,
1986 1895 2104 1963 ille,

534 1989 699 2045 quem
752 1977 961 2033 daemon
992 1978 1296 2046 invaserat,
1332 1982 1586 2038 omnibus
1625 1984 1775 2052 prius
1826 1985 2108 2040 monachis

532 2065 801 2134 lustratis,
829 2070 883 2125 in
916 2083 1038 2124 eum
1065 2068 1298 2137 daemon,
1327 2071 1419 2142 qui
1448 2074 1721 2143 praeterita
1750 2083 1905 2129 nocte
1950 2075 2109 2130 visio-

535 2173 659 2213 nem
693 2158 838 2213 illam
873 2169 979 2215 tam
1019 2161 1318 2217 terribilem
1371 2162 1600 2228 viderat,
1655 2163 1842 2221 oculos
1890 2163 2105 2231 deﬁxit;

536 2249 707 2315 inde,
761 2266 926 2320 parva
978 2252 1101 2305 data
1156 2268 1341 2318 mora,
1390 2254 1591 2323 ingenti
1644 2270 1776 2311 voce
1822 2253 2109 2324 inquit:0

536 2341 738 2406 amice,
770 2342 914 2411 quod
942 2342 993 2395 in
1027 2342 1126 2397 ista
1156 2345 1428 2413 praeterita
1457 2352 1614 2400 nocte
1639 2361 1667 2399 a
1702 2360 1788 2400 me
1811 2360 2006 2416 passus
2027 2359 2104 2409 es,

536 2429 632 2485 tibi
667 2432 868 2487 merito
894 2433 1115 2499 accidit,
1146 2434 1272 2504 quia
1295 2475 1311 2501 ,
1351 2442 1411 2490 ut
1450 2435 1768 2492 inobediens
1802 2446 1857 2491 et
1886 2451 2108 2506 perver-

537 2534 653 2586 sus,
681 2521 835 2590 foris,
864 2523 989 2580 dum
1019 2524 1108 2579 alii
1143 2527 1448 2594 quiescunt,
1480 2526 1661 2593 fuisti;
1688 2543 1817 2584 cave
1849 2529 2105 2598 posthac:

538 2612 644 2668 nisi
680 2613 825 2669 enim
879 2630 944 2671 ex
986 2615 1174 2670 intimo
1204 2617 1366 2672 corde
1408 2632 1623 2674 orasses
1650 2660 1665 2685 ,
1720 2620 1942 2688 alteris,
1975 2620 2108 2678 mihi

538 2704 722 2769 crede,
760 2706 825 2760 de
861 2715 913 2761 te
940 2704 1245 2778 exemplum
1289 2709 1549 2765 dedisses.
1590 2710 1687 2766 llis
1730 2713 1889 2768 dictis
1938 2714 2111 2769 conti-

538 2794 671 2849 cuit.
707 2795 998 2856 Monachus
1036 2813 1162 2852 vero
1200 2790 1321 2864 ille,
1354 2800 1475 2854 inde
1512 2801 1641 2869 quid
1680 2802 1782 2857 sibi
1831 2812 2107 2867 evenerat,

541 2884 912 2953 compluribus
965 2887 1262 2941 enarravit.
1316 2888 1609 2957 Pergentes
1647 2889 1809 2960 igitur
1853 2889 2109 2961 Religiosi

540 2976 641 3029 viri
675 2993 949 3047 nunquam
988 2994 1017 3031 a
1064 2979 1152 3048 pio
1186 2993 1349 3048 opere
1385 2980 1662 3044 destitere,
1691 2982 1869 3051 quoad
1900 2982 2108 3038 daemon

2209 1882 2353 1937 illam
2387 1898 2416 1937 a
2443 1882 2587 1938 nullo
2615 1884 2801 1954 iniquo
2822 1886 3063 1941 daemone
3092 1887 3346 1958 occupari
3376 1906 3389 1941 :
3419 1904 3542 1941 nam
3580 1887 3638 1943 S.
3667 1887 3778 1943 Ma-

2208 1972 2303 2026 riae
2348 1973 2655 2044 Angelicam
2699 1974 3108 2040 salutationem,
3137 1977 3435 2032 orationem
3467 1979 3627 2032 etiam
3676 1977 3777 2035 Do-

2208 2063 2460 2119 minicam
2502 2079 2711 2119 summa
2760 2081 2881 2121 cum
2930 2067 3245 2134 devotione,
3289 2067 3459 2123 oculis
3502 2056 3777 2137 demissis,

2208 2170 2341 2209 voce
2372 2155 2599 2225 supplici
2631 2156 2842 2224 dicere;
2875 2173 2973 2228 per
2996 2173 3054 2213 se
3083 2157 3255 2228 (quod
3291 2157 3600 2215 incredibile
3635 2160 3782 2215 vide-

2211 2242 2342 2312 tur),
2374 2242 2585 2315 signum
2614 2246 2794 2300 crucis
2815 2247 3007 2312 cdere;
3032 2254 3086 2302 et
3109 2263 3176 2302 ne
3197 2247 3383 2303 lectori
3413 2246 3628 2302 fastidio
3652 2249 3779 2314 sim,

2209 2336 2390 2389 omnia
2418 2336 2721 2391 devotionis
2751 2338 2925 2409 signa,
2954 2353 3073 2408 qua:
3096 2354 3126 2393 a
3154 2339 3346 2410 quovis
3371 2337 3638 2394 catholico
3664 2340 3783 2395 viro

2213 2425 2326 2481 fieri
2366 2436 2608 2496 possunt,
2650 2428 2703 2482 in
2735 2444 2841 2483 anu
2879 2428 2973 2484 illa
3008 2445 3149 2485 esse.
3174 2412 3187 2422 ’

2289 2520 2409 2577 196.
2449 2519 2544 2575 llis
2574 2520 2752 2592 itaque
2783 2521 2950 2593 signis
2987 2537 3108 2577 cum
3154 2521 3317 2577 etiam
3366 2521 3615 2576 monachi
3665 2534 3782 2575 om-

2212 2626 2308 2665 nes
2354 2608 2686 2674 fallerentur,
2727 2624 2844 2664 eam
2893 2611 3057 2664 veluti
3117 2610 3378 2681 sospitem
3431 2610 3783 2675 arbitrantes,

2210 2700 2395 2755 aflines
2431 2700 2497 2755 ad
2533 2700 2774 2779 solitum
2797 2701 3090 2770 hospitium
3116 2742 3130 2766 ,
3181 2701 3427 2756 monachi
3458 2700 3599 2755 intro
3646 2700 3771 2755 red-

2212 2793 2362 2846 iere:
2395 2791 2514 2845 cibo
2558 2801 2793 2860 potuque
2834 2792 3149 2862 corporibus
3188 2792 3459 2863 paululum
3505 2791 3775 2847 refocilla—

2213 2881 2302 2944 tis,
2334 2882 2455 2950 quia
2471 2879 2583 2948 jam
2614 2881 2719 2936 diei
2750 2891 3051 2937 extremum
3073 2891 3209 2946 erat,
3232 2882 3523 2937 discessum
3554 2880 3607 2936 in
3636 2881 3780 2937 diem

2210 2980 2483 3041 posteram
2534 2986 2814 3041 paravere.
2872 2972 3004 3028 Cum
3062 2974 3224 3044 igitur
3269 2973 3493 3043 jamjam
3542 2975 3783 3029 tenebrzc

540 3065 648 3127 ille,
691 3063 751 3119 S.
777 3062 1001 3120 Joannis
1025 3067 1278 3120 virtutem
1309 3068 1540 3136 amplius
1579 3068 1723 3123 ferre
1754 3084 1858 3123 non
1889 3069 2107 3136 valens,
2137 3105 2187 3169 ο
2215 3070 2455 3115 8051mm
2489 3061 2891 3129 COOPCI‘lIiSSCIIl
2923 3063 3226 3133 regionem.
3259 3078 3420 3131 Opera
3446 3074 3500 3117 el
3526 3073 3643 3118 arle
3669 3062 3783 3117 d3!-

540 3154 595 3209 in
624 3171 736 3210 rem
772 3155 986 3219 malam.
1020 3166 1308 3212 tartaream
1327 3157 1580 3213 emittens
1603 3160 2110 3222 vocem,concessit.

612 3243 737 3300 ιρι.
764 3241 996 3299 Videant
1029 3246 1190 3316 igitur
1221 3244 1475 3317 Religiosi
1520 3263 1708 3304 onmes
1754 3258 1865 3304 tum
1919 3265 2114 3304 mona-

544 3332 629 3386 chi
661 3342 775 3387 tum
826 3332 1043 3398 fratres,
1085 3336 1377 3406 dicuntque
1418 3339 1663 3410 exemplo
1699 3339 1881 3395 miseri
1931 3340 2108 3404 istius,

545 3423 636 3492 qui
666 3423 797 3494 jngo
820 3425 1140 3482 obedientizu
1164 3426 1297 3481 colla
1329 3428 1632 3499 praebentes
1664 3431 1732 3484 ob
1757 3427 1881 3485 Jesu
1910 3429 2111 3485 Christi

545 3527 785 3568 amorem
821 3516 1235 3586 animarumque
1272 3531 1493 3571 suarum
1539 3517 1768 3589 gratiam
1807 3518 2110 3588 obsequen-

544 3603 690 3668 dam,
717 3603 992 3670 omnibus,
1014 3621 1134 3675 quae
1162 3608 1486 3663 videbantur
1510 3607 1563 3661 in
1584 3608 1780 3662 sacculo
1811 3608 2110 3676 possidere,

539 3696 856 3764 postpositis
879 3704 936 3750 et
958 3696 1202 3764 abjectis,
1226 3697 1477 3752 Patribus
1508 3705 1561 3753 et
1589 3697 1890 3751 Abbatibus
1921 3696 2110 3752 volun-

545 3793 710 3839 tatem
752 3801 951 3842 vovere
996 3802 1181 3850 suam,
1214 3787 1342 3855 quid
1399 3786 1622 3856 periculi
1678 3785 2112 3854 discritniuisque

548 3877 828 3932 immineat
896 3877 976 3930 eis
1050 3875 1162 3948 [qui
1210 3875 1434 3946 audent}
1491 3874 1651 3929 rebus
1708 3873 1918 3941 injustis
1966 3874 2112 3928 haud

544 3967 868 4029 auscultare,
897 3975 1007 4019 tum
1041 3966 1307 4019 interdum
1337 3965 1478 4018 mala
1506 3964 1802 4033 cupiditate
1839 3962 2001 4017 illecti
2024 4004 2040 4029 ,
2079 3978 2110 4017 a

546 4065 694 4109 recto
741 4055 933 4109 itinere
983 4055 1346 4118 divertentes,
1401 4054 1585 4109 devios
1637 4054 1789 4123 sequi
1836 4051 2112 4109 anfractus

544 4144 730 4208 etiam,
752 4152 828 4207 et,
852 4143 994 4214 quod
1016 4142 1405 4199 intolerabilius
1427 4151 1529 4208 est,
1554 4152 1818 4213 praecepta
1835 4141 2110 4197 Benedicti

542 4234 741 4300 Patris,
769 4234 1106 4305 aliorumque
1131 4243 1436 4289 sanctorum
1472 4234 1693 4289 Patrum
1732 4249 1986 4303 spernere
2006 4274 2021 4300 ,
2055 4242 2112 4288 et

547 4325 749 4381 inculta
788 4326 1031 4396 quaedam
1059 4335 1112 4382 et
1141 4320 1504 4396 devia‘s‘equi.
1550 4324 1850 4381 Memorare
1896 4339 2108 4393 possem

2215 3150 2389 3203 monis
2425 3151 2617 3204 mulier
2664 3151 2908 3219 corporis
2957 3152 3335 3207 necessitatem
3387 3153 3666 3217 simulans,
3698 3168 3784 3208 se-

2212 3252 2397 3291 orsum
2446 3238 2561 3292 ivit.
2593 3238 2724 3304 Quae
2752 3238 2840 3292 ubi
2890 3238 3189 3305 intellexit,
3235 3255 3293 3295 se
3345 3254 3375 3294 a
3422 3240 3565 3294 nullo
3613 3240 3784 3295 videri

2208 3341 2401 3397 posse,
2445 3341 2607 3381 cursu
2664 3341 2827 3396 quam
2872 3328 3086 3398 rapido,
3118 3328 3359 3384 daemone
3388 3329 3534 3384 vires
3558 3328 3779 3385 admini-

2211 3426 2441 3483 strante,
2470 3420 2536 3473 ad
2573 3418 2797 3485 flumen,
2837 3421 2981 3489 quod
3025 3419 3294 3477 Micanum
3345 3421 3565 3488 dicitur,
3616 3437 3786 3492 usque

2213 3510 2399 3581 (distat
2430 3512 2573 3563 enim
2605 3524 2635 3563 a
2676 3512 3006 3567 monasterio
3054 3510 3168 3566 fere
3195 3528 3290 3582 per
3314 3511 3421 3566 duo
3446 3511 3611 3566 millia
3658 3525 3782 3581 pas-

2213 3604 2574 3674 suum),nulla
2600 3604 2719 3658 data
2736 3603 2945 3671 requie,
2969 3602 3191 3673 appulit.
3207 3602 3332 3657 Inde
3355 3601 3521 3671 ripam
3544 3598 3779 3654 fluminis

2212 3699 2508 3753 ascendens
2538 3698 2589 3750 in
2621 3711 2774 3765 aquae
2800 3696 3077 3750 altissimae
3114 3694 3361 3765 pelagum
3388 3709 3507 3749 sese
3534 3694 3781 3764 praccipi-

2214 3794 2351 3841 taret
2403 3786 2721 3840 hortabatur
2749 3787 2990 3849 daemon;
3016 3792 3272 3840 caeterum
3305 3783 3363 3840 S.
3394 3783 3576 3839 Marias
3614 3792 3670 3839 et
3707 3782 3767 3838 S.

2210 3877 2433 3933 Joannis
2465 3878 2693 3942 meritis,
2739 3876 2916 3931 divina
2962 3876 3177 3932 bonitas
3203 3876 3251 3932 ei
3297 3891 3453 3946 opem
3503 3875 3716 3941 ferens,
3750 3889 3779 3931 α

2212 3976 2364 4021 lutth
2398 3975 2619 4037 tamque
2651 3966 2855 4021 nefario
2886 3965 3123 4022 facinore
3146 3966 3440 4036 prohibuit.

2286 4057 2406 4110 197.
2457 4056 2590 4110 Cum
2624 4056 2838 4109 interim
2865 4056 2947 4111 sui
2994 4066 3093 4125 per
3136 4057 3420 4124 quemdam
3469 4056 3783 4111 monasterii

2210 4147 2514 4212 διιιιυιωω,
2541 4147 2631 4216 qui
2656 4162 2779 4201 sero
2808 4148 3023 4202 domum
3074 4148 3379 4216 repedarat,
3426 4161 3587 4200 causa
3609 4156 3665 4201 et
3703 4148 3788 4201 iti-

2211 4250 2339 4292 nere
2368 4237 2602 4308 cognito,
2637 4251 2864 4308 propere
2886 4236 3082 4291 ﬂumen
3114 4245 3329 4306 petere;
3360 4242 3413 4290 et
3442 4249 3548 4304 quo
3569 4237 3787 4306 propius

2211 4329 2329 4385 loco
2354 4328 2611 4383 accedere
2661 4327 2760 4394 illi,
2784 4342 2852 4403 eo
2879 4328 3085 4384 dactnon
3122 4327 3294 4397 magis
3325 4326 3682 4397 ingeminare,
3710 4329 3789 4382 in-

547 4417 836 4477 nonnullos
866 4427 976 4474 tum
1012 4426 1206 4473 nostrae
1231 4427 1339 4472 tmn
1382 4417 1606 4473 alterius
1647 4416 1944 4488 Religionis
1974 4416 2111 4471 Fra-
2141 4433 2190 4494 ι)
2215 4428 2357 4475 stare
2394 4418 2500 4491 [ut]
2555 4419 2657 4474 sibi
2687 4427 2916 4474 mortem
2950 4419 3309 4473 conscisceret.
3328 4417 3542 4473 mulier.
3562 4419 3788 4475 Demurn

548 4518 681 4574 tres,
703 4510 792 4580 qui
823 4511 1019 4564 mentis
1047 4511 1216 4565 oculis
1237 4512 1516 4575 excaecati,
1546 4526 1607 4566 ea
1656 4527 1775 4582 ane
1801 4527 1981 4565 coram
2008 4510 2113 4565 Dco

548 4612 599 4656 et
629 4604 833 4658 sanctis
859 4603 974 4673 ejus
1028 4603 1252 4674 polliciti
1307 4612 1433 4658 sunt
1483 4618 1586 4657 non
1643 4612 1951 4668 servantes,
1983 4603 2110 4669 imo,

545 4693 688 4763 quod
725 4694 877 4764 pejus
917 4703 1023 4759 est,
1062 4694 1290 4764 propria:
1341 4694 1585 4761 religioni
1621 4694 1759 4748 tuala
1796 4692 2110 4758 inferentes,

545 4792 635 4848 et,
665 4784 808 4853 quod
863 4784 1009 4838 dictu
1050 4784 1202 4838 nefas
1245 4790 1357 4849 est,
1401 4793 1716 4852 praetextam
1765 4792 1820 4837 et
1871 4782 2112 4837 habitum

545 4872 912 4945 projicientes,
946 4881 1000 4928 et
1026 4874 1187 4927 vitam
1212 4887 1316 4926 non
1347 4872 1505 4925 modo
1536 4887 1639 4925 non
1664 4871 1990 4944 religiosam,
2019 4870 2113 4925 sed

548 4964 833 5020 lenonibus
861 4963 1154 5037 turpiorem
1190 4962 1449 5016 ducentes
1476 5001 1490 5024 ,
1536 4960 1751 5014 demum
1785 4959 1985 5027 judicio
2027 4958 2111 5013 di-

552 5058 679 5094 νῖηη
711 5056 933 5094 ovillum
985 5055 1201 5094 alienum
1241 5069 1427 5092 nni-nm
1468 5052 1706 5094 marihn:
1753 5050 2105 5094 invnnipntne,

2212 4519 2388 4580 capta,
2416 4510 2645 4563 orabant
2694 4508 2807 4564 suis
2853 4508 2957 4563 iret
3020 4506 3272 4578 pedibus;
3316 4522 3502 4562 verum
3534 4522 3656 4563 cum
3687 4508 3788 4561 hoc

2214 4597 2415 4652 frustra
2443 4605 2588 4653 esset
2610 4597 2691 4668 (se
2719 4597 2867 4653 enim
2909 4596 3017 4652 illic
3046 4606 3365 4666 pernoctare
3396 4597 3530 4654 velle
3556 4595 3785 4652 alllrma-

2213 4687 2347 4758 bat),
2378 4688 2430 4741 hi
2454 4687 2531 4741 ira
2558 4686 2981 4758 aegritudineque
3000 4688 3242 4758 permisti
3267 4703 3387 4743 eam
3412 4704 3513 4743 nec
3535 4688 3781 4759 amplius,

2212 4776 2313 4831 etsi
2342 4784 2515 4832 mater
2541 4776 2727 4849 [esset]
2773 4778 3014 4848 perferre
3047 4781 3307 4845 valentes,
3342 4781 3513 4850 ipsius
3541 4779 3786 4834 manibus

2213 4882 2245 4920 a
2281 4874 2432 4937 tergo
2454 4868 2670 4933 vinctis,
2713 4868 2958 4924 dazmone
2983 4870 3169 4925 silvam
3214 4871 3506 4925 ululatibus
3535 4868 3785 4924 clamori-

2213 4960 2382 5015 hnsve
2406 4960 2684 5029 implente,
2719 4962 2785 5015 ad
2823 4963 2926 5016 hoc
2973 4961 3027 5017 S.
3062 4962 3241 5016 Mariae
3269 4964 3651 5017 monasterium
3679 4968 3787 5015 tra-

2213 5065 2344 5092 τρι-σι
2371 5049 2611 5092 invitam,
2637 5049 2906 5090 ἷὲῆὶἳνῖιηρ
2929 5064 3058 5088 vara
3086 5052 3363 5088 nannnnluic
3394 5066 3454 5086 ou
3491 5063 3638 5084 vntum
3658 5063 3785 5084 nun-

2637 5048 2760 5090 ἷδῆὶἳ
2771 5050 2906 5088 Villio
2929 5064 3058 5088 vara
3086 5052 3363 5088 nsnnanluic
