4110 5362
1578 159 1613 172 υ.

366 212 473 274 889

1874 212 2052 272 ACTA

3503 208 3615 291 δερ

364 330 583 393 Geticae,
621 302 732 383 tum
788 325 887 381 viri
935 333 1044 380 tum
1098 324 1349 380 mulieres
1373 324 1829 396 captiadaemonc
1859 327 1925 379 ad
1956 333 2001 388 Α
2032 326 2240 385 ratione
2284 335 2336 381 et
2381 333 2600 399 stupore
2644 339 2924 397 percussa,
2982 322 3218 395 undique
3246 321 3621 391 confluerent,-

367 422 471 483 boc
496 418 554 476 S.
578 416 762 473 Mariae
790 416 1174 493 monasterium
1200 416 1252 470 vi
1275 416 1418 470 ducti
1447 415 1595 471 luere
1615 415 1937 485 complures,

368 510 460 579 qui
509 508 728 578 quidem
777 505 1153 562 memorabiles
1204 504 1544 571 extitissent;
1581 505 1675 560 sed
1727 505 1850 574 quia
1881 513 1937 559 et

369 599 599 669 tempori
642 608 698 653 et
750 596 1008 652 volumini
1046 597 1262 652 modum
1290 605 1530 651 statuere
1559 596 1696 660 volo,
1725 596 1941 651 caeteris

367 690 771 760 praetermissis,
794 689 897 744 hoc
919 703 1027 744 uno
1053 690 1104 743 in
1133 689 1547 759 praesentiarum
1574 688 1810 745 contenti
1834 686 1946 741 eri-

369 795 511 834 mus.
544 778 725 833 Puella
755 779 1021 849 quaedam,
1052 778 1341 833 Catharina
1369 779 1583 834 nomine
1605 778 1672 849 (si
1709 779 1812 833 rite
1843 792 1943 831 au-

370 871 482 925 dita
508 870 807 941 recordor),
824 885 920 939 per
944 869 1126 940 plures
1150 869 1265 925 dies
1286 877 1409 924 ante
1425 870 1479 924 S.
1498 869 1721 925 Joannis
1746 869 1941 923 festum

371 961 477 1015 huc
508 958 727 1016 funibus
752 960 930 1015 vincta
963 959 1108 1030 (nam
1144 975 1173 1014 a
1203 960 1436 1032 pessimo
1457 960 1700 1015 daemone
1727 969 1945 1031 torque—

369 1052 579 1123 batur),
617 1053 845 1107 deducta
892 1061 993 1107 est.
1032 1053 1184 1120 Quae,
1211 1054 1309 1107 etsi
1337 1053 1393 1107 in
1436 1052 1649 1116 itinere,
1683 1060 1742 1106 ut
1769 1050 1941 1113 multi,

370 1150 593 1213 propter
636 1140 739 1197 loci
778 1142 1145 1207 sanctitatem,
1201 1142 1439 1211 pristinae
1470 1141 1675 1195 reddita
1703 1141 1946 1195 estsani-

373 1233 493 1293 tati.
525 1241 702 1287 tamen
752 1232 981 1288 comites
1037 1231 1232 1286 diaboli
1288 1230 1637 1286 calliditatem
1689 1227 1946 1297 dolosque

377 1333 646 1389 verentes,
663 1324 1048 1379 monasterium
1071 1322 1452 1393 hocimprimis
1478 1320 1799 1393 [adierunt];
1824 1319 1945 1373 inde

370 1413 763 1482 quamprimum
780 1413 999 1468 domum
1030 1410 1290 1482 repedare
1312 1403 1599 1471 consilium
1629 1407 1748 1462 fuit.
1780 1408 1947 1479 Igitur

370 1504 461 1557 ubi
492 1520 709 1569 venere,
738 1520 833 1575 per
857 1504 1034 1560 crucis
1062 1502 1490 1573 experimentum
1513 1516 1633 1555 eam
1662 1511 1786 1554 tunc
1814 1514 1944 1553 con-

368 1595 602 1651 valuisse
652 1596 855 1666 liqnido
885 1594 1079 1666 patuit.
1105 1595 1181 1650 Eo
1213 1595 1266 1649 in
1288 1595 1517 1666 patriam
1559 1593 1675 1662 ipsa
1712 1591 1801 1645 die
1824 1590 1945 1646 red-

379 1684 493 1739 iere
516 1687 935 1754 quamprimum.

440 1771 562 1828 199.
612 1773 807 1827 Verum
845 1773 1029 1828 nescio
1085 1789 1189 1843 qua
1243 1772 1418 1841 gratia
1473 1772 1675 1826 factum
1717 1771 1787 1826 sit
1814 1769 1947 1843 [ut],

368 1875 477 1916 non
505 1859 688 1923 multis
729 1862 1067 1930 consumptis
1096 1857 1306 1928 diebus,
1343 1876 1462 1915 eam
1494 1860 1685 1915 iterum
1738 1861 1948 1914 daemon

368 1947 609 2005 ferocius
651 1948 811 2005 solito
861 1959 1159 2021 torqueret.
1202 1951 1523 2021 Eapropter,
1562 1966 1629 2004 ne
1659 1949 1950 2019 importuni

368 2051 426 2097 et
454 2041 689 2107 molesti,
720 2043 764 2097 si
800 2042 1199 2113 quamprimum
1222 2044 1288 2098 ad
1327 2044 1431 2099 hoc
1457 2044 1514 2097 S.
1540 2043 1723 2098 Maria:
1761 2058 1950 2097 mona-

372 2133 601 2188 sterium
626 2133 932 2200 rediissent,
959 2134 1301 2198 haberentur,
1342 2135 1394 2188 in
1429 2134 1752 2190 sanctissimi
1782 2133 1951 2188 Joan-

372 2223 461 2279 nis
498 2224 865 2289 festivitatem,
891 2239 1010 2293 quae
1039 2224 1180 2279 haud
1208 2224 1393 2295 procul
1412 2233 1550 2289 erat,
1580 2224 1662 2278 sui
1696 2223 1951 2278 distulere

371 2313 685 2369 adventum.
717 2315 772 2369 ln
804 2315 969 2384 ipsius
1006 2315 1171 2385 igitur
1215 2316 1398 2386 vigilia
1440 2314 1549 2381 vix,
1580 2315 1794 2370 diabolo
1825 2314 1951 2369 totis

371 2403 579 2458 viribus
608 2405 909 2470 annitente,
936 2405 1042 2460 huc
1067 2420 1186 2459 eam
1229 2412 1444 2460 traxere
1475 2404 1716 2459 invitam.
1754 2403 1949 2459 Verum

372 2509 494 2550 cum
516 2511 578 2550 ea
610 2495 723 2566 ipsa
751 2496 838 2552 die
874 2511 980 2566 qua
1023 2505 1242 2551 venerat
1290 2496 1431 2552 haud
1468 2495 1809 2558 liberaretur,
1851 2511 1949 2566 po-

374 2586 566 2642 stridie
593 2588 768 2657 primo
810 2603 989 2654 mane,
1018 2602 1084 2641 ne
1112 2596 1276 2642 tantae
1309 2586 1588 2642 festivitati
1613 2594 1755 2641 esset
1778 2586 1947 2655 impe-

375 2679 637 2744 dimento,
670 2696 792 2733 cum
824 2679 1062 2748 undique
1086 2677 1395 2735 mortalium
1433 2693 1728 2733 concursus
1748 2678 1816 2732 ad
1844 2675 1951 2732 tale

375 2768 738 2837 spectaculum
789 2768 1237 2836 increbresceret,
1285 2770 1500 2824 cuidam
1532 2768 1798 2824 monacho
1824 2782 1948 2838 pre-

376 2858 595 2941 sbytero
636 2876 822 2929 parum
880 2869 1042 2916 caute
1089 2876 1183 2937 seu
1210 2861 1398 2916 devote
1420 2860 1613 2929 legenti
1639 2859 1812 2928 inquit
1839 2859 1950 2913 dae~

372 2970 499 3008 mon
527 2971 539 3006 :
565 2952 665 3007 Abi
693 2951 818 3007 hinc
848 2968 957 3023 quo
981 2951 1174 3025 dignus
1232 2968 1313 3019 es,
1343 2953 1623 3023 hypocrita
1650 2968 1664 3016 ;
1691 2960 1746 3006 et
1773 2950 1950 3021 pisces

370 3060 509 3112 quos
567 3043 752 3099 furtim
793 3044 1082 3110 sustuliSIi,
1137 3044 1339 3114 talique
1395 3044 1447 3098 in
1510 3040 1708 3113 angulo
1739 3041 1949 3109 celasti,

372 3152 503 3191 cura
551 3136 952 3206 quamprimum
973 3152 1259 3192 oeconomo
1279 3135 1592 3190 reddantur.

448 3224 575 3279 200.
628 3225 790 3280 Forte
837 3226 1051 3281 fortuna
1086 3227 1207 3292 fuit,
1256 3228 1381 3282 dum
1430 3226 1543 3281 haec
1566 3225 1948 3283 contumeliosa

370 3316 533 3370 verba
563 3315 615 3369 in
651 3316 907 3371 miserum
935 3319 1256 3373 monachum
1294 3316 1443 3370 illum
1480 3316 1686 3370 diceret
1715 3314 1947 3381 daemon,

373 3404 480 3481 [ut]
527 3424 871 3473 (economus,
923 3408 1086 3463 alium
1138 3422 1384 3479 quaerens
1414 3406 1640 3470 socium,
1666 3405 1951 3460 transitum

374 3499 499 3554 illac
522 3499 766 3554 haberet.
791 3499 1017 3571 Cognito
1049 3500 1237 3571 igitur,
1268 3499 1485 3555 diabolo
1514 3497 1751 3563 volente,
1783 3496 1949 3563 furto,

373 3590 529 3645 laetus
585 3591 726 3647 clam
774 3593 1171 3661 quamprimum
1215 3592 1338 3648 inde
1368 3592 1435 3646 ad
1484 3591 1739 3663 angulum
1766 3591 1953 3646 abiens

378 3680 528 3753 (quia
553 3683 605 3737 in
636 3681 966 3751 coniecturis
1013 3683 1395 3755 sagacissimus
1419 3689 1580 3754 erat),
1612 3683 1703 3739 ubi
1741 3684 1951 3738 daemon

373 3772 609 3837 dixerat,
649 3773 885 3843 piscibus
923 3773 1178 3839 inventis,
1212 3788 1387 3843 coquo
1438 3774 1666 3830 reddere
1712 3773 1948 3837 curavit.

375 3859 502 3918 llaec
529 3871 585 3918 et
635 3863 764 3918 mihi
797 3873 851 3918 et
893 3864 1162 3920 nonnullis
1207 3864 1328 3920 aliis
1376 3865 1659 3921 monachis
1702 3864 1815 3932 ille,
1864 3864 1950 3921 cui

376 3966 503 4011 tunc
560 3955 711 4024 jussu
770 3958 983 4013 abbatis
1013 3966 1068 4013 et
1111 3958 1317 4013 cellulae
1371 3956 1596 4012 vinaria:
1624 3965 1678 4012 et
1709 3955 1953 4026 coquinae

373 4064 505 4103 cura
536 4060 700 4114 esset,
733 4050 946 4113 sublato
991 4060 1165 4106 tamen
1217 4052 1432 4107 nomine
1480 4034 1738 4115 auctoris,
1770 4050 1953 4107 omnia

376 4140 562 4194 retulit
584 4140 858 4210 jocando:
889 4143 1105 4197 demum
1144 4139 1400 4212 fatigatus
1423 4156 1453 4195 a
1478 4139 1750 4195 nonnullis
1781 4148 1837 4196 et
1860 4155 1954 4194 au-

374 4231 544 4285 ctoris
574 4247 770 4286 nomen
820 4233 1048 4303 aperuit.
1077 4232 1340 4289 Praefatus
1362 4247 1492 4288 vero
1514 4232 1833 4296 monachus,
1862 4228 1955 4298 qui

2041 417 2300 486 optimum
2331 416 2474 472 factu
2504 417 2807 482 credentes,
2838 418 2927 488 qui
2962 426 3087 471 tunc
3112 413 3613 477 aderant,.abbatcs

2043 508 2292 575 (aderant
2317 509 2461 563 enim
2487 508 2811 580 complures)
2835 511 2887 564 in
2914 508 3284 577 coniuratione
3306 508 3363 563 S.
3387 506 3621 565 Joannis

2042 598 2322 653 brachium
2352 600 2639 665 adhibere;
2666 601 2821 670 jussu
2850 600 3026 656 Patris
3047 600 3266 670 majoris
3285 600 3614 657 convenien-

2044 687 2186 743 tibus
2228 688 2530 752 monachis,
2579 689 2906 759 reliquisque
2960 706 3083 747 cum
3137 689 3445 760 Religiosis,
3499 698 3619 752 tum

2044 779 2414 835 sacerdotibus
2463 779 2531 849 (is
2569 780 2710 835 enim
2734 780 2850 835 dies
2876 780 2985 836 fere
3004 796 3100 850 per
3125 782 3429 837 universam
3454 781 3623 841 Etru—

2043 871 2176 926 riam
2201 871 2502 927 celebratur
2521 886 2730 927 summa
2756 886 2878 927 cum
2921 873 3205 929 devotione
3231 881 3290 928 et
3313 872 3617 943 religione).

2043 958 2268 1014 elfertur
2294 960 2598 1015 brachium.
3400 1012 3407 1017 .
3614 995 3623 1023 :

2114 1050 2239 1104 ΞΜ.
2270 1050 2402 1105 Cum
2443 1051 2606 1120 igitur
2658 1053 2912 1122 utrinque
2958 1068 3167 1113 summa
3198 1053 3248 1108 vi
3293 1062 3617 1119 certaretur,

2047 1141 2133 1196 ille
2163 1157 2261 1212 pro
2307 1158 2405 1197 suo
2454 1144 2757 1205 commodo,
2788 1143 2841 1198 lii
2885 1157 2985 1213 pro
3024 1143 3224 1198 Christi
3268 1144 3392 1203 Jesn
3422 1144 3626 1214 gloria,

2047 1232 2259 1286 tandem
2306 1232 2516 1287 daemon
2569 1233 2870 1289 discessum
2922 1249 3077 1288 suum
3129 1234 3322 1292 adesse
3379 1236 3624 1293 sentiens

2046 1320 2194 1387 (nam
2237 1320 2410 1375 virtus
2442 1320 2667 1377 Joannis
2716 1321 3046 1377 sanctissimi
3068 1338 3193 1377 eum
3220 1338 3436 1393 urgere,
3467 1339 3627 1381 com.

2045 1408 2288 1481 pellere),
2317 1410 2525 1467 mulieri
2589 1412 2777 1482 puella:
2802 1412 3060 1478 infensus,
3094 1412 3260 1485 [eam]
3285 1414 3430 1471 humi
3457 1429 3625 1485 quam

2046 1501 2341 1556 crudeliter
2393 1510 2769 1568 constemens,
2800 1502 2922 1558 inde
2948 1503 3112 1559 etiam
3141 1503 3482 1573 discerpens,
3512 1515 3629 1561 tare.

2049 1598 2197 1646 tarea
2223 1591 2437 1647 demum
2464 1593 2661 1649 emissa
2689 1608 2842 1657 voce,
2875 1593 2927 1648 in
2956 1610 3069 1651 rem
3096 1610 3249 1651 suam
3278 1596 3473 1652 malam
3496 1612 3627 1653 coni-

2051 1683 2232 1739 cessit.
2275 1684 2347 1741 Ea
2393 1684 2556 1755 igitur
2581 1685 2757 1756 puella
2787 1686 2878 1741 diu
2926 1687 3074 1742 humi
3102 1686 3370 1757 prolapsa,
3412 1687 3489 1742 nti
3516 1689 3631 1743 vita

2049 1772 2232 1829 functa
2263 1774 2475 1844 jacens,
2522 1776 2740 1830 demum
2787 1776 3174 1832 admirabnnda
3221 1793 3468 1848 surgens,
3499 1793 3630 1837 ocu-

2051 1863 2237 1933 losque
2262 1866 2670 1930 circumferens,
2717 1875 2990 1936 parentes,
3029 1866 3247 1922 ubinam
3275 1869 3514 1938 gentium
3537 1884 3627 1924 es-

2051 1964 2195 2018 sent,
2220 1955 2427 2023 etquid
2460 1956 2615 2027 turba
2656 1956 2954 2023 hominum,
2988 1958 3115 2027 quid
3137 1958 3238 2015 sibi
3270 1959 3525 2029 Religiosi
3549 1961 3629 2016 illi

2050 2044 2267 2108 vellent,
2301 2044 2597 2112 inquisivit.
2628 2046 2724 2100 Cui
2751 2060 2861 2100 rem
2897 2062 3113 2103 omnem
3144 2050 3470 2118 aperientes,
3493 2052 3633 2107 actis

2050 2136 2242 2208 gratiis
2270 2135 2378 2191 Deo
2417 2143 2473 2190 et
2500 2137 2701 2206 Virgini
2741 2137 2925 2192 Mariae
2972 2153 3037 2195 ac
3074 2138 3135 2197 S.
3187 2137 3408 2207 Joanni,
3446 2141 3551 2197 iter
3576 2143 3635 2198 in

2050 2225 2284 2296 patriam
2342 2234 2565 2295 parant;
2603 2241 2763 2296 quam
2815 2237 2999 2283 secuta
3050 2238 3135 2284 est
3196 2230 3354 2285 turba
3410 2231 3631 2301 propria

2054 2324 2165 2368 tum
2214 2312 2451 2368 affinium
2478 2322 2589 2368 tum
2628 2314 3052 2385 propinquorum
3079 2316 3213 2384 laeti,
3257 2318 3387 2389 quia
3405 2318 3485 2375 eis
3508 2332 3637 2390 pro-v

2051 2418 2210 2474 spere
2236 2411 2597 2459 δυεοθεεθηιι.
2838 2464 2841 2467 _
2918 2460 2921 2463 λ
3248 2456 3251 2459 λ

2123 2494 2249 2550 205.
2281 2494 2399 2562 Quo
2430 2496 2645 2567 cognito
2678 2493 2958 2561 miraculo,
2984 2510 3174 2559 omnes
3207 2496 3299 2553 alii
3325 2496 3512 2562 etiam,
3538 2496 3633 2569 qui

2052 2593 2214 2641 tantm
2245 2584 2599 2641 interfuerant
2639 2584 3637 2653 festivitati,Joannemsanctissimum

2051 2678 2117 2733 ad
2142 2678 2321 2735 sidera
2342 2677 2847 2742 extollere,obviam
2874 2680 3213 2736 venientibus
3233 2681 3485 2736 omnibus
3511 2696 3630 2736 rem

2053 2770 2186 2824 tanti
2219 2769 2473 2826 facinoris
2496 2770 2730 2840 aperire.
2777 2769 2857 2825 lta
2885 2769 3125 2829 Joannes
3150 2771 3494 2827 beatissimus
3523 2772 3637 2829 cla-

2052 2858 2165 2915 rior
2200 2859 2409 2915 haberi.
2459 2858 2565 2915 Sed
2594 2858 2725 2914 libet
2775 2858 2830 2913 in
2875 2859 3024 2915 calce
3087 2859 3249 2928 hujus
3279 2861 3507 2929 prodigii
3538 2876 3633 2924 eos

2052 2951 2343 3022 appellare,
2386 2951 2666 3021 quietiam
2709 2950 2814 3009 hac
2870 2959 3188 3020 tempestate
3236 2951 3409 3020 pluris
3431 2967 3632 3023 corpus

2054 3056 2215 3110 quam
2241 3043 2478 3096 animum
2512 3041 2733 3105 faciunt,
2767 3041 2850 3113 [ut
2887 3041 3121 3113 discant]
3155 3043 3283 3110 quid
3306 3043 3637 3099 discriminis

2052 3133 2347 3203 periculive
2407 3133 2490 3189 his
2541 3134 2720 3191 divina
2772 3134 3129 3189 tractantibus
3181 3135 3487 3199 immineat,
3526 3135 3637 3191 nisi

2051 3223 2202 3293 prius
2229 3238 2323 3279 sua
2346 3222 2485 3277 mala
2506 3221 2751 3277 facinora
2774 3238 2873 3292 per
2893 3222 3202 3292 diligentem
3234 3223 3633 3298 confessionem

2053 3312 2208 3367 alteri
2231 3329 2297 3368 ex
2342 3313 2717 3368 sacerdotibus
2759 3313 3102 3382 aperuerint;
3129 3312 3214 3370 vel
3238 3314 3437 3371 Saltem
3467 3314 3636 3370 corde

2043 3402 2289 3459 contrito
2332 3411 2387 3457 et
2430 3402 2715 3461 humiliato
2758 3419 2820 3459 ea
2852 3415 3154 3461 retractare
3202 3405 3479 3471 enrarint;
3508 3420 3635 3462 eum

2053 3510 2209 3550 sacra
2238 3492 2481 3551 carmina
2510 3496 2799 3551 decantent
2822 3512 2837 3551 :
2857 3494 2965 3550 Cor
2989 3496 3281 3559 contritum
3305 3504 3363 3550 et
3387 3495 3645 3553 humilia-;

2054 3592 2166 3639 tum
2189 3586 2332 3639 Deus
2354 3599 2460 3639 non
2487 3583 2785 3654 despiciet...
2807 3582 3001 3640 Verum
3026 3598 3168 3639 nunc
3198 3583 3273 3637 ad
3297 3583 3535 3652 reliqua,
3587 3640 3590 3644 Α
3638 3628 3641 3633 ι

2120 3676 2245 3733 θυι.
2264 3676 2438 3731 Aliam
2458 3676 2523 3730 de
2539 3674 2798 3734 Vulterris
2835 3674 2988 3744 (l85)
3022 3673 3301 3731 mulierem
3329 3673 3649 3743 accepimus;

2052 3768 2120 3823 ad
2144 3768 2251 3823 hoc
2276 3766 2334 3823 S.
2372 3765 2555 3825 Mariae
2604 3766 2995 3821 monasterium
3036 3781 3137 3837 pro
3167 3766 3433 3835 sospitate
3477 3779 3647 3825 recu-s

2052 3857 2287 3928 peranda
2318 3858 2531 3913 venisse
2556 3875 2577 3932 _:
2611 3871 2733 3912 nam
2774 3871 2899 3912 eam
2930 3866 3041 3912 tres
3068 3856 3288 3927 pessimi
3329 3856 3639 3910 invaserant

2053 3950 2345 4007 daemones.
2371 3949 2504 4006 Cum
2550 3949 2642 4004 diu
2695 3948 2795 4018 ipsi
2826 3948 3098 4004 daemones
3137 3962 3244 4001 non
3271 3947 3465 4001 darent
3500 3945 3637 4013 glos-

2054 4043 2189 4097 riam
2220 4042 2327 4097 Deo
2355 4040 2453 4113 [et]
2483 4040 2680 4095 frustra
2699 4038 3141 4108 conjurarentur,
3171 4038 3470 4107 desperatis
3492 4036 3647 4101 illis,

2054 4132 2170 4206 [qui
2200 4133 2438 4189 comitati
2485 4130 2722 4195 fuerant,
2751 4130 3071 4198 imperatum
3100 4136 3185 4182 est
3238 4125 3320 4196 ut]
3353 4125 3634 4195 postridie,

2055 4224 2109 4278 ni
2139 4231 2449 4284 curaretur,
2478 4221 2531 4274 in
2559 4218 2790 4289 patriam
2819 4217 2996 4273 redire
3024 4224 3300 4271 curarent.
3331 4215 3517 4269 Visum
3550 4222 3643 4279 est

373 4322 676 4376 daemonem
732 4322 1078 4392 conjurabat,
1123 4324 1225 4378 etsi
1269 4322 1554 4392 imprimis,
1603 4322 1688 4375 his
1731 4319 1956 4385 audi-tis,
1986 4330 2034 4389 ι)
2061 4312 2324 4387 [interim]
2357 4311 2585 4375 mulieri,
2612 4310 2935 4365 monachum
2968 4306 3257 4377 quemdam
3281 4305 3634 4361 reverendam

372 4412 587 4466 erubuit
625 4414 901 4483 paululum
955 4415 1228 4483 pavitque,
1255 4422 1457 4478 tamen,
1486 4428 1553 4468 ne
1580 4412 1736 4467 fidem
1765 4412 1843 4465 rei
1879 4411 1959 4465 fa-

374 4512 525 4556 ceret
566 4503 943 4570 praesentibus,
999 4504 1043 4558 si
1091 4503 1232 4559 illico
1283 4503 1408 4559 inde
1431 4502 1675 4565 abiisset,
1719 4501 1958 4572 perrexit

374 4592 630 4655 humilius
678 4602 733 4648 et
782 4594 1077 4665 supplicius
1127 4609 1291 4664 quam
1372 4601 1533 4647 antea
1582 4592 1815 4659 fecerat,
1876 4591 1956 4647 leo

376 4684 570 4753 gendo.
606 4688 613 4693 ’

446 4775 573 4830 20!.
621 4775 748 4833 Inde
792 4776 931 4831 alter
984 4777 1306 4842 monachus,
1330 4777 1419 4846 qui
1456 4792 1598 4832 nunc
1627 4775 1956 4834 monasterio

374 4866 433 4921 S.
455 4864 637 4923 Mariae
654 4874 718 4923 de
735 4868 905 4923 Fonte
929 4868 1165 4924 Thaonis
1189 4870 1335 4941 (l8-4)
1368 4878 1581 4939 praeest,
1610 4886 1795 4925 curam
1822 4884 1954 4925 con-

368 4954 592 5026 jurandi
615 4958 875 5014 daemonis
892 4959 1184 5028 accipiens,
1217 4959 1384 5015 midto
1410 4975 1572 5028 opere
1604 4959 1801 5014 frustra
1824 4974 1955 5014 cono

373 5056 616 5117 sumpto,
670 5049 885 5106 demum
912 5049 1343 5118 indignabundus
1386 5050 1539 5103 abiit.
1574 5049 1797 5105 Meridie
1826 5063 1956 5105 vero

373 5155 497 5194 cum
554 5154 704 5197 more
755 5142 916 5199 solito
960 5143 1276 5196 catervatim
1342 5138 1578 5206 cujusvis
1629 5140 1956 5197 conditionis

371 5239 485 5284 tum
519 5228 758 5285 virorum
792 5240 903 5286 tum
932 5227 1214 5285 mulierum
1245 5226 1401 5285 turba
1430 5243 1535 5282 non
1564 5243 1757 5298 parva,
1782 5227 1956 5282 admi-

2060 4414 2324 4460 nocturna
2360 4401 2571 4457 visione
2618 4399 2719 4454 sibi
2747 4413 2872 4454 cum
2918 4411 3078 4453 cruce
3121 4397 3175 4452 in
3228 4396 3478 4451 manibus
3504 4396 3638 4451 asti-

2060 4495 2208 4549 tisse.
2241 4493 2371 4559 Quae
2401 4491 2597 4545 indicia
2642 4498 2699 4543 et
2743 4488 2895 4559 signa
2943 4486 3346 4543 sanctissimum
3372 4483 3645 4555 Joannem

2057 4583 2226 4640 fuisse
2269 4578 2700 4647 declarant.Qua
2718 4578 2926 4634 visione
2955 4576 3168 4632 insolita
3202 4574 3397 4630 mulier
3421 4574 3641 4649 perfusa

2058 4675 2315 4737 horrore,
2355 4671 2529 4741 inquit
2557 4670 2644 4726 ille
2678 4685 2691 4722 :
2726 4668 2806 4726 Ne
2840 4681 3079 4732 vereare,
3114 4666 3363 4727 obsecro,
3408 4664 3600 4726 mulier
3621 4703 3640 4719 .

2056 4767 2188 4822 mihi
2242 4764 2429 4828 crede,
2480 4761 2743 4833 postridie
2791 4759 3157 4817 liberaberis‘:
3186 4754 3354 4811 modo.
3382 4754 3643 4809 auxilium

2056 4858 2176 4925 Dei,
2206 4854 2444 4927 Virginis
2474 4853 2657 4909 Mariae
2710 4852 2905 4909 matris
2939 4847 3057 4918 ejus
3115 4846 3223 4904 fide
3249 4844 3459 4913 integra
3482 4854 3648 4912 popo-

2056 4950 2244 5007 sceris.
2274 4945 2370 5002 llis
2398 4946 2559 5002 dictis
2587 4944 2837 5002 sublimis
2867 4942 3022 4999 abiit.
3314 5021 3349 5053 Ἱ
3445 5019 3459 5032 υ
3494 5034 3528 5053 Δ
3586 4962 3690 5053 Μ

2123 5037 2250 5093 205.
2281 5035 2380 5092 Ubi
2441 5036 2606 5107 igitur
2654 5049 2877 5092 summo
2926 5047 3084 5088 mane
3110 5029 3373 5086 surrexit,
3408 5029 3528 5073 viro
3557 5031 3656 5107 suo
3679 5029 3708 5079 ο,

2055 5128 2319 5185 visionem
2366 5106 2515 5181 illam
2543 5126 2752 5183 studuit
2797 5135 3093 5188 enarrare;
3126 5116 3220 5173 ille
3261 5107 3403 5163 illico
3425 5106 3607 5162 abbati
3640 5146 3670 5165 -.

2056 5224 2293 5278 Ducatur
2334 5218 2532 5274 iterum
2587 5219 2641 5274 in
2688 5215 3008 5278 ecclesiam,
3043 5206 3223 5278 inquit
3250 5198 3461 5254 abbas:
3502 5214 3657 5269 spem
