4110 5362
544 216 644 275 891

1621 215 1678 270 S.
1720 213 2002 271 JOANMS
2041 214 2431 270 GUAl.BEli'i'l
2470 215 2757 274 ABBATIS

3691 225 3805 283 8%

542 329 690 383 enim
720 326 780 383 S.
822 326 1110 392 Joannem,
1138 327 1228 397 qui
1278 327 1571 394 inyisione
1608 328 1708 384 sibi
1749 343 2010 398 apparere
2042 328 2122 382 di-
2151 333 2195 391 Α
2225 327 2519 382 almtuntur
2560 329 2849 399 patientia;
2878 329 2970 402 qui
3001 332 3209 390 malunt
3255 350 3501 393 severum
3546 335 3799 393 Judicem

544 431 740 489 gnatus
786 428 891 483 est,
926 433 1028 472 non
1079 419 1387 474 defuturum
1419 419 1472 475 in
1515 429 1756 492 tempore
1795 430 2116 491 opportuno.

546 510 698 575 Quod
717 510 964 578 equidem
991 518 1046 564 et
1093 511 1267 579 reipsa
1298 512 1580 581 probatum
1613 523 1716 567 est.
1745 512 1901 578 Nam,
1933 529 2118 568 mona-

544 597 664 651 cbis
690 611 810 650 cum
843 596 899 651 S.
934 597 1156 653 Joannis
1180 599 1402 654 brachio
1431 602 1620 656 devote
1639 602 1922 657 orantibus
1941 606 2001 657 'et
2030 618 2120 656 ca-

545 681 817 749 utentibus,
850 689 904 744 hi
935 684 1044 745 tres
1077 692 1348 753 daemones
1395 691 1531 747 unus
1558 692 1699 763 post
1722 694 1972 759 alterum,
1993 695 2117 750 dato

543 795 652 834 non
700 795 869 849 parvo
921 783 1177 851 temporis
1225 785 1422 853 spatio,
1478 784 1528 840 in
1576 801 1693 841 rem
1737 802 1885 840 suam
1920 788 2115 842 malam

543 884 884 926 concessere.
910 870 1106 927 Verum
1148 874 1253 929 hoc
1284 876 1540 931 memoria
1568 877 1784 945 dignum
1815 893 1826 928 :
1856 877 1979 948 quia
2009 893 2116 932 uno

542 955 765 1013 liberata
791 960 1050 1026 dmmone,
1078 962 1332 1032 paulatim
1376 966 1694 1039 etcorporis
1723 965 1866 1021 vires
1894 975 1942 1020 et
1974 982 2117 1021 sanae

541 1048 987 1105 mentisoftlcimn
1013 1068 1229 1109 sumere
1259 1053 1502 1127 [erepit];
1528 1056 1661 1111 adeo
1694 1056 1853 1111 tertio
1881 1057 2114 1113 abeunte

541 1139 805 1207 daemone,
834 1144 1062 1211 ipsamet
1091 1144 1198 1200 Deo
1223 1147 1429 1217 gratias
1448 1163 1633 1219 agens,
1665 1149 1962 1204 orationem
2004 1160 2113 1205 tam

539 1228 815 1300 eleganter
865 1231 1065 1287 dicitur
1109 1224 1380 1299 habuisse,
1434 1249 1493 1292 ut
1539 1237 1790 1293 omnibus
1815 1246 1869 1293 et
1916 1239 2114 1310 gaudio

538 1322 797 1376 existeret
816 1333 873 1379 et
891 1324 1258 1381 admirationi.
1286 1328 1382 1383 Vir
1425 1344 1575 1395 suus,
1607 1330 1843 1401 locuples
1875 1348 1998 1387 cum
2027 1316 2115 1388 es-

539 1420 641 1471 set,
670 1411 786 1465 viso
829 1421 976 1477 tanto
1027 1416 1290 1487 prodigio,
1335 1418 1561 1474 multum
1590 1423 1830 1490 pecunia:
1859 1422 2108 1490 offerens,

537 1498 815 1557 humiliter
834 1502 903 1558 ab
946 1504 1140 1559 abbate
1177 1506 1351 1576 petiit,
1383 1508 1437 1563 in
1472 1519 1637 1565 tanta:
1666 1511 1742 1566 rei
1767 1512 2106 1577 miraculum,

540 1597 600 1642 ut
641 1590 693 1644 id
740 1601 796 1646 et
832 1592 889 1647 S.
947 1592 1168 1671 Joannis
1210 1596 1453 1667 quaedam
1500 1599 1555 1654 in
1596 1601 1705 1656 vita
1736 1617 1831 1658 sua
1884 1602 2112 1659 feliciter

540 1680 746 1735 acta'in
781 1683 1080 1750 parietibus
1129 1686 1368 1742 ecclesiae
1399 1691 1786 1746 monasterium
1815 1700 1969 1747 extra
1994 1692 2113 1748 sitae

532 1766 904 1838 pingerentur.
932 1772 1049 1840 Quo
1070 1776 1298 1846 benigne
1329 1778 1638 1849 impetrato,
1667 1781 1772 1837 lzeti
1804 1782 1857 1837 in
1878 1783 2111 1853 patriam

541 1857 771 1912 rediere.
813 1860 943 1926 Qum
989 1864 1198 1933 pictura
1230 1867 1392 1921 etiam
1425 1869 1532 1931 hac
1578 1880 1762 1927 nostra
1793 1881 2111 1944 tempestate

542 1947 673 2018 ipsis
705 1951 757 2006 in
783 1954 1077 2024 parietibus
1100 1957 1523 2016 demonstratur.
1828 1976 1831 1983 '
1890 1974 1894 1977 “

1143 2046 1321 2104 PARS
1360 2049 1498 2104 XVI.

530 2178 534 2182 Α
604 2133 728 2189 206.
762 2134 979 2206 Figulus
998 2139 1214 2208 quidam
1244 2142 1307 2196 de
1323 2141 1554 2199 Cancelli
1577 2145 1793 2213 Oppido,
1818 2162 2108 2203 cumsuam

537 2225 771 2294 pessime
790 2228 955 2282 vitam
978 2230 1319 2296 instituisset,
1356 2231 1406 2305 [a
1432 2235 1674 2291 tlmmone
1700 2237 1953 2293 obsessus
1979 2238 2106 2310 est].

536 2314 671 2370 Nam
702 2356 718 2381 ,
759 2327 818 2371 ut
863 2318 966 2373 alia
1006 2336 1099 2375 sua
1157 2323 1443 2380 malefacta
1496 2328 1739 2382 omittam
1770 2369 1784 2393 ,
1833 2341 2108 2400 expertem

536 2408 701 2463 etiam
740 2408 965 2481 alicujus
1018 2413 1255 2470 minimae
1305 2416 1685 2474 misericordiae
1742 2434 1772 2473 a
1821 2420 1952 2474 viris
2007 2421 2109 2475 fide

532 2496 712 2568 dignis
740 2496 1075 2572 accepimus;
1115 2496 1257 2560 adeo
1277 2514 1336 2560 ut
1371 2508 1556 2576 inopes
1584 2511 1799 2565 domum
1827 2527 1978 2566 suam
2012 2528 2108 2582 pro

536 2582 793 2642 alimonia
822 2600 1064 2659 petentes
1110 2594 1298 2667 virgis,
1351 2599 1710 2669 convitiisque
1743 2608 1798 2655 et
1823 2611 2107 2658 contume-

535 2674 686 2731 liosis
723 2681 903 2737 verbis
929 2683 1220 2749 insectans,
1253 2688 1437 2758 procul
1465 2703 1587 2743 esse
1625 2700 1862 2759 cogeret.
1893 2690 1949 2746 Si
1988 2693 2108 2760 quis

538 2765 590 2820 in
623 2770 875 2836 petendo,
911 2774 1067 2828 uteis
1100 2789 1215 2831 mos
1237 2785 1342 2842 est,
1369 2778 1730 2847 importunior
1758 2783 2108 2851 procaciorve

517 2857 822 2925 extitisset,
856 2861 1044 2919 baculo
1083 2874 1286 2935 petere,
1319 2868 1390 2922 ita
1425 2867 1530 2941 [nt]
1579 2869 1668 2940 qni
1702 2872 1865 2928 semel
1890 2873 2106 2930 domum

534 2949 745 3006 adierat
782 2968 957 3020 suam,
989 2956 1218 3025 amplius
1244 2969 1348 3014 non
1383 2961 1601 3016 rediret.
1630 2960 1783 3019 llnnc
1807 2966 1975 3037 magis
2003 2966 2104 3022 sibi

530 3044 694 3108 quam
734 3041 856 3098 aliis
885 3044 1144 3101 immitem
1186 3056 1243 3102 et
1286 3046 1557 3106 crudelem
1593 3052 1799 3108 daemon
1839 3056 2105 3126 pessimus

529 3130 715 3187 divino
754 3130 957 3201 judicio
1001 3134 1216 3203 invasit,
1259 3146 1314 3196 et
1347 3147 1423 3195 tot
1455 3140 1721 3213 tantisque
1766 3158 1890 3201 eum
1930 3144 2107 3203 affecit

538 3221 845 3288 tormentis,
897 3234 951 3279 ιιι
986 3239 1142 3295 pene,
1172 3228 1298 3283 dum
1324 3229 1391 3284 ad
1423 3245 1522 3287 nos
1559 3231 1772 3291 delatus
1795 3246 1897 3303 est,
1923 3238 2107 3293 exani-

512 3311 640 3365 .mis
658 3312 940 3368 existeret.
969 3314 1202 3370 Aieba‘nt
1231 3327 1285 3373 et
1317 3319 1578 3376 comites:
1614 3320 1712 3379 Ubi
1736 3324 1963 3394 primum
1986 3341 2104 3381 mo-

514 3400 754 3455 nasterii
812 3412 963 3471 prata
1006 3405 1293 3472 adivimus,
1327 3416 1438 3463 tum
1472 3410 1736 3468 diabolus
1757 3412 1925 3486 magis
1947 3416 2105 3472 solito

536 3500 756 3555 vexare,
801 3489 852 3545 in
886 3492 1067 3548 varias
1104 3504 1285 3564 partes
1312 3499 1610 3568 torquendo
1641 3501 1884 3569 trahere;
1916 3504 1992 3558 ita
2023 3504 2103 3559 fe-

534 3578 735 3634 rociter
758 3590 812 3634 ut
834 3581 936 3637 sibi
964 3581 1188 3640 infensis
1236 3586 1302 3641 de
1326 3588 1404 3643 'se
1429 3590 1852 3660 compassionem
1903 3594 2107 3648 miseri-

528 3671 882 3741 cordiamque
903 3676 1187 3741 praeberet.
1209 3675 1314 3733 Pro
1340 3694 1398 3733 se
1423 3681 1584 3736 etiam
1606 3682 1832 3752 quisque
1860 3694 2101 3739 nostrum

534 3756 716 3825 pejora
770 3770 1036 3829 verentes,
1092 3762 1273 3820 Jesnm
1304 3767 1688 3840 Virginemque
1728 3773 1950 3828 Mariam
1991 3790 2109 3836 ma.

538 3854 675 3900 trem
700 3846 817 3944 ejus
843 3864 1032 3917 orare;
1075 3855 1248 3910 sancti
1273 3857 1438 3912 etiam
1483 3856 1709 3916 Joannis
1728 3877 1883 3933 opem
1911 3879 2109 3944 sacpius

531 3936 584 3991 ei
621 3934 812 4008 saepius
839 3940 1150 4013 elllagitare.

517 4072 525 4083 .
602 4028 728 4083 207.
762 4030 985 4088 Demum
1029 4034 1236 4091 daemon
1279 4046 1562 4109 postquam
1615 4041 1789 4105 sensit
1851 4052 2105 4107 virtutem

528 4116 754 4174 Joannis
800 4124 1129 4179 sanctissimi
1175 4126 1383 4192 adesse,
1443 4126 2109 4210 [eugttl'necmisemmit-

433 4232 438 4239 υ
532 4208 664 4278 lum,
698 4219 755 4266 nt
779 4214 1152 4284 concupierat,
1209 4215 1498 4293 sufferam,
1533 4208 1708 4298 nerine
1736 4231 1925 4299 gratiae
1949 4230 2108 4286 Joan-

2128 1642 2185 1724 ’Β

2131 2996 2178 3059 C

2220 433 2378 487 quam
2410 419 2553 488 pium
2589 420 2821 488 experiri
2846 430 3086 490 patrem;
3113 425 3201 494 qui
3233 424 3337 481 hac
3363 426 3513 483 brevi
3534 428 3800 483 cruciati-

2220 506 2428 578 busque
2450 506 2603 575 plena
2632 506 2735 563 frui
2777 510 2880 562 vita
2910 511 3088 579 potius
3114 490 3324 582 optant,
3363 531 3425 568 ea
3449 525 3651 570 :eterna
3680 530 3799 571 om-

2220 596 2378 651 nibus
2408 596 2605 652 referta
2647 599 3007 670 voluptatibus
3037 621 3050 656 ;
3085 620 3227 668 cum,
3251 605 3350 660 etsi
3377 622 3662 677 perperam
3688 607 3796 664 ﬂa-

2218 686 2516 757 gitioscqne
2558 688 2809 753 vixerint,
2844 699 3017 745 tamen
3049 693 3217 747 venia:
3244 695 3325 748 via
3360 705 3534 764 patet,
3565 697 3633 763 si,
3660 697 3792 752 dum

2221 785 2431 845 tempus
2453 778 2629 842 datur,
2655 778 2779 833 dum
2808 780 3029 849 spiritus
3056 781 3153 835 hos
3182 784 3587 853 regitartns,ad
3616 786 3793 855 ipsum

2221 867 2502 921 Dominum
2531 866 2738 931 Jesum,
2769 869 2859 939 qui
2887 885 2982 924 eos
3028 872 3253 939 creavit,
3290 889 3389 928 suo
3416 890 3608 930 cruore
3639 877 3794 932 rede-

2217 955 2335 1033 mit,
2385 972 2478 1010 sua
2521 958 2720 1027 ingenti
2775 960 3032 1029 patientia
3083 963 3297 1027 tolerat,
3348 965 3694 1035 benignitatis
3732 975 3793 1021 et

2216 1047 2604 1103 misericordia:
2632 1035 3006 1118 plenissimum
3042 1050 3245 1106 fontem
3292 1053 3563 1123 supplices
3590 1063 3658 1121 et
3681 1057 3794 1109 lm-

2216 1136 2373 1191 miles
2417 1137 2594 1191 redire
2632 1139 2923 1194 voluerint.
2959 1139 3096 1196 Sunt
3143 1151 3319 1197 tamen
3359 1144 3447 1212 qui
3503 1144 3642 1198 male
3686 1145 3792 1200 sibi

2215 1226 2515 1291 consulant,
2541 1228 2628 1296 qni
2662 1244 2927 1285 summum
2961 1232 3158 1286 bonum
3192 1234 3243 1288 in
3274 1234 3539 1305 voluptate
3562 1244 3793 1306 ponunt,

2213 1316 2323 1386 qui,
2358 1327 2415 1370 ut
2446 1318 2641 1373 divina:
2674 1318 2969 1389 Scriptura:
3014 1323 3223 1390 volunt,
3252 1324 3406 1380 malis
3431 1325 3795 1381 intolerabiles

2212 1415 2438 1476 paratos
2469 1408 2761 1473 cruciatus,
2802 1408 2976 1464 bonos
3028 1425 3156 1466 vero
3203 1421 3405 1467 aeterna
3447 1415 3663 1483 praemia
3693 1430 3796 1486 pro

2214 1499 2471 1555 virtutum
2516 1502 2762 1558 mercede
2802 1503 3081 1559 habituros
3127 1519 3224 1574 pro
3270 1505 3496 1562 ridiculo
3523 1506 3793 1573 habeant;

2213 1590 2303 1659 qui
2326 1604 2509 1644 errore
2530 1592 2757 1667 seducti,
2784 1593 2924 1647 mala
2959 1593 3228 1662 voluptate
3263 1595 3431 1664 capti,
3463 1596 3529 1649 ad
3556 1595 3669 1650 loca
3702 1595 3794 1650 illa

2216 1690 2352 1737 tetra
2376 1681 2629 1737 inferiora
2658 1692 2712 1738 et
2734 1668 3104 1749 subterranea,
3125 1684 3325 1740 inculta
3342 1695 3395 1740 et
3421 1684 3791 1750 formidolosa,

2214 1772 2427 1849 demtum
2455 1773 2865 1845 demerguntur.
3170 1794 3173 1797 ν
3536 1796 3537 1799 η

2282 1864 2408 1919 209.
2432 1864 2569 1918 Sunt
2590 1866 2678 1934 qni
2709 1864 2846 1934 parti
2870 1871 2980 1922 sua:
2996 1866 3195 1920 malum
3222 1865 3584 1931 veriti,Deum
3604 1881 3791 1941 unum,

2205 1954 2432 2026 justum,
2487 1955 2894 2032 misericordem
2945 1958 3199 2028 piumque
3229 1957 3462 2025 ducant;
3500 1968 3676 2014 tamen
3711 1961 3793 2012 ni-

2211 2038 2377 2098 nnium
2430 2042 2553 2098 freti
2587 2045 2829 2100 bonitate
2876 2046 3077 2107 divina
3105 2046 3245 2125 haud
3274 2047 3656 2125 emendantur;
3682 2047 3791 2102 imo

2212 2136 2264 2189 in
2291 2136 2425 2198 dies,
2453 2136 2595 2205 quod
2645 2137 2800 2208 pejus
2849 2145 2951 2203 cst,
2982 2121 3209 2191 licentiae
3237 2121 3479 2207 qutedam
3531 2138 3699 2206 major
3723 2138 3787 2189 ad

2210 2227 2340 2281 \‘itia
2377 2227 2611 2283 fenestra
2655 2237 2821 2297 patet.
2855 2229 2917 2283 lli
2969 2230 3207 2299 quidem,
3253 2239 3311 2284 ut
3343 2230 3628 2299 plurimum
3654 2230 3785 2285 falsa

2209 2317 2566 2387 spe‘decepti.
2595 2319 2737 2387 apud
2778 2318 2980 2374 inferos
3008 2319 3174 2373 variis
3204 2319 3516 2373 cruciantur
3546 2319 3784 2372 turturis.

2211 2408 2347 2462 Sunt
2372 2409 2534 2463 etiam
2566 2409 2803 2463 nonnulli
2846 2410 2934 2479 qui
2970 2419 3024 2464 et
3049 2409 3229 2464 dicant
3257 2418 3312 2464 et
3341 2409 3575 2463 sentiant
3620 2409 3784 2462 Deum

2209 2514 2314 2569 non
2360 2515 2569 2566 omnes,
2603 2499 2696 2555 sed
2751 2502 3016 2570 quosdam
3044 2501 3147 2555 hac
3190 2501 3242 2555 in
3274 2501 3383 2554 vita
3407 2500 3599 2569 punire
3619 2499 3788 2554 scele-

2208 2600 2351 2656 stos;
2395 2604 2460 2645 eo
2485 2598 2570 2645 sat
2608 2605 2729 2646 esse
2774 2591 2827 2645 in
2857 2600 3101 2647 extremo
3144 2590 3269 2644 vitae
3298 2589 3509 2644 Domini
3533 2587 3656 2645 Jesu
3684 2589 3784 2643 int-

2206 2682 2418 2753 plorare
2439 2681 2801 2739 clementiam.
2826 2682 2888 2737 lli
2921 2682 3161 2754 profecto
3184 2682 3338 2753 longe
3364 2681 3636 2741 falluntur,
3663 2680 3785 2732 vita:

2206 2790 2318 2831 suae
2344 2776 2546 2840 exitus,
2593 2790 2730 2846 quos
2762 2775 3031 2847 ignorant,
3071 2790 3293 2831 securos
3322 2777 3598 2830 ducentes.
3649 2771 3781 2826 Cum

2207 2868 2309 2923 etsi
2350 2867 2566 2939 longam
2601 2868 2836 2923 vixerint
2863 2867 3049 2933 vitam,
3090 2867 3146 2921 in
3170 2867 3275 2921 line
3318 2867 3483 2937 ipsius
3507 2863 3578 2918 nil
3606 2863 3782 2918 securi

2207 2968 2315 3026 est,
2340 2975 2466 3015 cum
2513 2960 2640 3015 hinc
2670 2960 2855 3016 mundi
2883 2959 3043 3029 hujus
3070 2975 3242 3024 amor,
3266 2959 3389 3014 inde
3411 2956 3671 3012 malarum
3697 2971 3784 3008 re-

2209 3067 2328 3106 rum
2383 3050 2740 3114 conscientia,
2796 3050 2903 3105 alia
2951 3066 3016 3106 ex
3069 3061 3222 3119 parte
3272 3050 3573 3103 da‘monnm
3601 3055 3780 3100 truces

2207 3151 2485 3211 aspectus,
2514 3150 2713 3196 mterna
2737 3141 2875 3197 mala
2913 3140 3203 3203 minantur,
3236 3145 3430 3193 vexent
3460 3138 3780 3204 turlzentque

2207 3229 2360 3295 adeo,
2408 3228 2515 3305 [ut]
2546 3245 2696 3286 utens
2722 3238 2778 3287 et
2824 3229 3040 3286 animus
3086 3228 3233 3285 nu’lio
3263 3226 3420 3284 modo
3466 3224 3663 3289 sedari,
3689 3221 3778 3278 Je-

2205 3333 2337 3374 suve
2373 3321 2645 3378 reminisci
2667 3322 2892 3392 possint.
2917 3319 3055 3374 llinc
3095 3319 3276 3389 itaque
3301 3314 3553 3373 excaecati
3588 3329 3781 3385 perpe-

2208 3410 2314 3464 tuis
2342 3414 2676 3469 enuciatibtns
2727 3413 3030 3468 traduntur.
3058 3409 3103 3467 Ο
3132 3426 3231 3467 nos
3252 3410 3434 3481 felices
3454 3407 3781 3465 fortunatos-

2205 3514 2334 3569 que,
2363 3504 2407 3558 si
2439 3505 2521 3559 vel
2554 3503 2725 3567 inviti,
2744 3502 2848 3567 vel,
2875 3503 3017 3573 quod
3049 3501 3470 3565 securiusesset,
3499 3512 3531 3554 e
3555 3496 3778 3552 Domino

2205 3586 2335 3648 Jesu
2363 3609 2460 3663 per
2483 3593 2661 3659 varios
2695 3608 2869 3653 casus,
2903 3590 2986 3644 vel
3014 3607 3044 3644 a
3090 3592 3243 3645 nobis
3265 3601 3451 3661 sponte
3475 3603 3658 3659 pinnas
3682 3601 3782 3639 no—

2208 3698 2446 3743 strorum
2493 3685 2755 3741 scelerum
2795 3668 3259 3753 ittprmsctttiarttm
3306 3683 3577 3744 daremus,
3602 3686 3658 3732 ut
3684 3691 3779 3731 eas

2208 3787 2441 3843 aeternas
2488 3775 2719 3836 evadere
2754 3773 3058 3851 possimus.
3091 3773 3291 3829 Verum
3339 3788 3438 3840 ego
3484 3786 3514 3824 a
3564 3768 3777 3822 tramite

2208 3867 2507 3940 paullulnm
2538 3865 2751 3933 diverti,
2776 3866 2901 3919 dum
2940 3863 3097 3935 hujus
3127 3872 3325 3918 nostrae
3359 3862 3532 3931 aetatis
3555 3858 3777 3934 ingrati-

2212 3957 2412 4014 tudinis
2460 3956 2833 4028 malorumque
2874 3969 3085 4010 morum
3136 3954 3282 4025 piget
3320 3953 3599 4022 taedetque.
3623 3950 3777 4008 Nunc

2209 4048 2276 4105 ad
2306 4046 2533 4117 reliqua.

2276 4139 2399 4194 210.
2441 4137 2642 4194 Eodem
2690 4135 2803 4191 fere
2849 4136 3027 4201 modo,
3063 4150 3219 4205 quem
3252 4148 3391 4187 nunc
3420 4148 3580 4201 supra
3635 4133 3774 4188 dixi-

2207 4244 2346 4290 mus,
2392 4228 2565 4283 alium
2616 4228 2683 4282 de
2735 4241 2863 4298 agro
2915 4226 3137 4281 Aretino
3198 4223 3464 4276 invaserat
3523 4220 3771 4288 daemon;

532 4300 617 4357 nis
659 4300 956 4365 beatissittj
991 4311 1248 4384 refragari
1305 4323 1517 4388 posset,
1540 4317 1647 4372 alio
1672 4318 2105 4390 indignabundus
2131 4334 2181 4395 υ
2207 4315 2365 4392 quem
2395 4322 2459 4375 ad
2482 4322 2585 4376 hoc
2611 4319 2670 4374 S.
2689 4318 2867 4373 Mariae
2880 4316 3262 4373 monasterium
3292 4329 3450 4384 super
3472 4315 3772 4385 jutnentum

2176 4430 2324 4470 cum
2378 4412 2724 4468 adduxissent
2775 4408 2979 4476 amnes,
3031 4411 3163 4463 adeo
3206 4408 3445 4476 corporis
3490 4407 3673 4468 nimia,
3705 4406 3774 4459 ob

530 4400 827 4454 contendit.
880 4400 1009 4459 Post
1056 4405 1316 4462 daemonis
1361 4407 1683 4476 discessum,
1737 4426 1860 4466 eum
1896 4411 2099 4467 fessum

531 4482 762 4558 corpore
813 4489 1091 4552 trahentes
1129 4498 1195 4551 ad
1245 4497 1348 4554 hoc
1395 4499 1453 4555 S.
1482 4500 1686 4556 Mariae
1713 4503 2099 4557 monasterium

531 4575 822 4634 deduxere.
869 4580 1067 4638 Verum
1102 4587 1225 4655 quia
1267 4586 1378 4655 jam
1419 4589 1696 4646 laborabat
1751 4592 1805 4645 in
1846 4592 2102 4648 extremis

532 4667 642 4724 Deo
688 4671 923 4725 animam
977 4673 1093 4742 ejus
1134 4678 1535 4746 commendare,
1585 4696 1743 4750 quam
1795 4681 2098 4750 conjurarc,

530 4759 799 4828 optimum“
818 4760 962 4816 factu
983 4765 1165 4819 visum
1214 4776 1298 4823 est
1327 4766 1340 4821 ἑ
1373 4769 1461 4823 vix
1506 4771 1649 4825 enim
1697 4771 1890 4825 animae
1921 4772 2025 4825 ritu
2050 4781 2103 4824 et

528 4852 719 4908 ordine
739 4854 1108 4911 ecclesiastico
1132 4851 1599 4916 commendatione
1623 4862 1785 4926 facta,
1800 4862 1939 4917 diem
1960 4862 2103 4917 clau-

529 4943 604 4999 sit
628 4957 953 5001 extremum.
999 4947 1163 5016 Cujus
1210 4946 1442 5006 cadaver
1488 4952 1670 5008 tristes
1722 4962 1776 5007 et
1816 4951 2102 5020 mcestiju-

530 5039 713 5089 mento
738 5036 792 5092 in
832 5037 1062 5108 patriam
1111 5038 1300 5094 tulere.
1331 5039 1474 5095 Proh
1514 5042 1652 5096 bone
1675 5041 1831 5096 Jesu!
1888 5050 2102 5097 constat

530 5116 830 5182 dzedmnem
873 5129 1100 5183 invitum
1132 5130 1202 5184 ab
1241 5146 1308 5184 eo
1337 5131 1556 5194 abiisse,
1617 5131 1993 5202 profuisseque
2024 5131 2101 5186 illi

531 5214 731 5272 misero
760 5210 997 5290 Virginis
1020 5219 1203 5274 Maria:
1241 5217 1296 5275 et
1330 5220 1389 5274 S.
1417 5219 1642 5275 Joannis
1679 5223 1871 5276 merita
1901 5232 1958 5275 et
1984 5238 2103 5292 pre-

2200 4505 2381 4560 varios
2424 4502 2705 4566 daemonis,
2741 4514 2877 4570 quos
2918 4499 2972 4553 in
3026 4499 3218 4568 itinere
3266 4496 3596 4566 pertulerat,
3644 4495 3770 4548 dum

2202 4598 2537 4653 invitnshuc
2566 4594 2917 4655 contenderet
2945 4575 3544 4657 cruciatus,-debilitate
3568 4587 3776 4642 detine-

2202 4691 2380 4753 batnr,
2416 4688 2435 4761 [
2464 4700 2519 4742 ut
2549 4686 2569 4760 ]
2604 4686 2747 4741 nullo
2778 4686 2829 4740 in
2862 4658 2997 4747 loco,
3044 4683 3147 4737 nisi
3199 4681 3250 4734 in
3287 4680 3425 4735 lecto
3470 4687 3772 4751 prostratus

2176 4782 2524 4851 quiesceret.
2545 4779 2619 4832 Eo
2639 4777 2896 4847 optimum
2927 4774 3067 4829 factu
3099 4774 3270 4828 visum
3299 4782 3399 4838 est,
3425 4771 3446 4844 [
3468 4781 3524 4826 ut
3544 4769 3565 4842 ]
3585 4770 3771 4825 eodem

2202 4872 2255 4925 in
2287 4870 2423 4936 loco,
2449 4870 2536 4924 ubi
2568 4884 2762 4937 corpus
2790 4876 3018 4922 stratum
3049 4865 3299 4927 habebat,
3325 4879 3444 4919 cum
3470 4862 3530 4917 S.
3552 4859 3774 4916 Joannis

2178 4975 2365 5017 cruce
2395 4960 2783 5035 conjnraretur.
2816 4956 2968 5025 Quod
2999 4973 3120 5012 cum
3147 4971 3214 5011 ex
3240 4952 3607 5008 sacerdotibus
3635 4957 3772 5005 un'ns

2175 5064 2269 5105 .cx
2317 5046 2826 5118 praeceptotabbatis
2856 5046 2907 5100 id
2941 5060 3102 5114 agere
3128 5050 3391 5107 curasset,
3425 5050 3602 5095 mutus
3631 5038 3771 5093 illico

532 5318 640 5362 ces.
689 5310 812 5362 auia
860 5311 914 5362 in
970 5322 1119 5362 tanto
1173 5311 1417 5362 carueris
1463 5319 1516 5362 et
1568 5311 1760 5362 animae
1791 5306 2145 5362 discrimine

2201 5139 2426 5196 eﬂ‘eclus
2473 5140 2706 5203 dremon,
2761 5136 2873 5190 fere
2922 5150 3018 5206 per
3070 5134 3281 5197 horam,
3342 5140 3399 5185 ut
3453 5143 3769 5200 respmtsnm

2204 5236 2378 5302 daret,
2407 5235 2677 5306 precibus,
2711 5232 2891 5296 minis,
2923 5227 3448 5298 conjurationibnsve
3468 5225 3599 5295 ullis
3628 5222 3770 5278 haud

2204 5324 2345 5362 Προιῖ
2394 5324 2558 5362 nni-iit
2615 5325 2835 5362 namnm
2879 5319 2928 5362 in
2976 5319 3108 5362 imm
3142 5317 3407 5362 diuturnis
3448 5313 3771 5362 coniuratio-
