4110 5362
386 326 500 387 893

1917 325 2119 386 ACTA.

3555 326 3659 386 891

396 442 609 509 amnes,
646 456 706 498 se
742 440 818 505 id,
864 439 957 498 ubi
1011 440 1244 514 primum
1293 442 1511 498 domum
1556 439 1978 503 contendissent,
2012 446 2059 503 Α
2088 439 2355 505 dicentur,
2380 440 2456 496 ait
2486 442 2802 499 monachus.
2827 437 2981 497 Tunc
3011 439 3221 496 dtemon
3248 440 3302 496 in
3326 439 3513 496 aliines
3535 428 3663 517 suos

394 534 700 591 executioni
758 536 1129 600 mandaturos,
1182 534 1226 590 si
1294 534 1402 591 alio
1448 535 1581 614 iret.
1640 533 1732 614 ibo
1787 531 1977 588 Oliieio

394 627 608 693 expleto
637 644 649 680 :
686 642 807 681 unm
833 643 931 681 vos
962 627 1108 690 novi,
1141 642 1174 681 ο
1196 612 1453 699 δρυδδίιιιῖ
1472 612 1680 697 rustici,
1712 621 1853 680 nulla
1884 622 1979 701 vel

396 708 592 789 pauca,
620 717 903 774 beneficiis
954 717 1208 789 acceptis.
1243 728 1498 789 praestare
1524 717 1810 789 promissa.
1844 715 1979 772 Cras

398 807 509 873 lict,
561 806 738 880 inquit
790 810 1066 864 sacerdos.
1114 808 1251 864 Cras
1302 808 1594 872 discedam,
1647 807 1822 878 inquit
1868 805 1976 861 ille.

398 896 539 964 Quid
582 897 788 953 multa?
813 898 1122 953 solemniter
1147 898 1445 970 devotaque
1484 898 1742 969 postridie
1791 897 1981 953 defun-

401 997 615 1044 ctorum
648 989 919 1044 celebrato
946 988 1155 1056 Oliicio,
1196 989 1327 1044 nihil
1369 989 1643 1046 hominem
1677 974 1897 1055 laedens,
1925 988 1979 1043 in

402 1095 515 1134 rem
546 1094 701 1135 suam
731 1080 926 1134 malam
955 1080 1088 1136 abiit
1117 1080 1346 1136 daemon.

471 1171 530 1226 2|
547 1172 596 1226 i.
637 1172 835 1227 Verum
860 1173 934 1228 rei
956 1173 1159 1229 exitum
1182 1190 1371 1245 parum
1396 1173 1842 1230 animadvertatis
1861 1189 1979 1231 oro.

401 1260 535 1317 Cum
584 1262 726 1318 enim
759 1270 884 1319 tunc
931 1263 1016 1320 his
1060 1264 1279 1321 rusticis
1309 1265 1550 1335 pecuniae
1597 1265 1866 1333 deessent,
1927 1265 1982 1320 in

404 1350 463 1407 8.
496 1351 722 1409 Joannis
757 1352 1054 1410 festivitate
1094 1354 1157 1410 ‘se
1184 1353 1252 1410 ad
1301 1354 1405 1411 hoc
1459 1354 1518 1411 8.
1552 1355 1737 1411 Mariae
1790 1370 1981 1411 mona-

403 1444 641 1499 sterium'
678 1452 953 1507 venturos,
1016 1454 1234 1517 tresque
1266 1445 1434 1503 libras
1464 1463 1827 1519 nummorum
1883 1464 1983 1518 pro

405 1534 521 1604 ipso
544 1533 752 1598 Officio,
782 1537 1024 1592 sacrario
1054 1526 1350 1604 oblaturas,
1381 1528 1704 1610 promisere.
1739 1530 1982 1607 Minime,

403 1623 578 1693 inquit
624 1625 852 1681 sacrista
881 1643 896 1681 :
942 1635 1027 1682 sat
1072 1628 1216 1682 enim
1249 1626 1364 1693 est,
1396 1627 1440 1683 si
1476 1610 1684 1682 tantum
1717 1612 1981 1699 pecuniae,

403 1726 663 1787 quantum
712 1717 764 1772 in
819 1733 939 1775 cera
992 1720 1328 1774 accendenda
1361 1722 1731 1789 exposuimus,
1774 1720 1983 1791 persol-

403 1808 562 1862 vatis.
592 1806 779 1878 Papae!
811 1808 939 1879 quid
985 1808 1187 1874 dicitis,
1216 1808 1416 1866 Pater!
1459 1827 1564 1866 non
1599 1819 1711 1867 tres
1754 1820 1985 1877 tantum,

403 1896 498 1952 sed
529 1908 580 1953 et
611 1910 845 1969 quatuor
896 1901 961 1952 ad
996 1900 1174 1954 minus
1210 1901 1499 1956 dabuntur.
1552 1901 1648 1956 llis
1677 1902 1837 1958 dictis
1882 1902 1985 1958 laeti

405 1988 726 2055 discedunt,
777 1989 905 2044 licet
968 1991 1129 2046 aliter
1177 1992 1360 2046 animo
1411 2008 1475 2048 ac
1530 1993 1711 2049 verbis
1768 1993 1989 2064 polliciti

405 2076 618 2133 fuerant
668 2081 1011 2149 cogitantes:
1063 2089 1118 2136 et
1168 2082 1240 2136 ita
1289 2097 1428 2148 esse,
1471 2099 1529 2138 re
1560 2083 1672 2155 ipsa
1704 2085 1989 2155 probatum

403 2179 508 2224 est.
537 2169 827 2237 Cancrum,
857 2186 889 2225 ο
934 2171 1165 2226 humana
1198 2173 1352 2228 nohis
1403 2182 1560 2230 atrox
1607 2159 1901 2247 superbia!
1958 2191 1992 2232 0

401 2261 752 2330 prmsumptio
790 2261 966 2316 vana!
1017 2278 1050 2317 ο
1096 2264 1320 2318 amhitio
1365 2280 1526 2336 quam
1569 2282 1710 2322 carca
1732 2271 1987 2347 semper!

408 2347 540 2401 Dum
575 2349 742 2404 Deum
806 2360 1135 2424 sanctosque
1187 2352 1303 2421 ejus
1334 2355 1561 2427 irridere
1590 2368 1863 2427 putamus,
1892 2375 1992 2416 nos

405 2436 729 2503 irridemtts;
766 2439 919 2514 nobis
953 2432 1571 2514 laqueumfoveamque
1594 2434 1885 2517 paramus;
1937 2449 1991 2504 in

409 2541 539 2580 nos.
583 2535 779 2582 nostra:
848 2528 1201 2586 reflectuntur
1242 2533 1471 2603 sagittae.
1526 2533 1679 2601 Quod
1741 2537 1992 2606 equidem

408 2614 726 2683 multorum,
774 2617 868 2672 sed
913 2620 1212 2689 przesertim
1270 2622 1464 2677 horum
1508 2624 1755 2694 exemplo
1796 2626 1991 2695 patuit,

407 2704 687 2774 ilisigitur
713 2722 817 2761 non
843 2708 893 2762 in
926 2709 1097 2778 ipsius
1127 2709 1185 2766 S.
1218 2704 1442 2767 Joannis
1470 2712 1766 2770 festivitate
1793 2715 1992 2783 solum,

408 2796 503 2852 sed
532 2812 674 2853 anno
701 2797 936 2867 expleto,
969 2801 1111 2870 quod
1161 2802 1381 2872 polliciti
1433 2802 1453 2877 [
1481 2803 1740 2879 fuerant,]
1774 2807 1998 2864 minime

407 2888 771 2953 servantibus,
801 2889 910 2955 ille,
940 2907 1100 2961 quem
1130 2902 1346 2963 captum
1378 2911 1408 2949 a
1434 2896 1678 2953 daamone
1700 2898 1802 2954 huc
1829 2899 1999 2955 duxe-

407 2988 551 3042 rant,
585 2981 736 3035 obiit.
772 2981 827 3034 Si
861 2989 1040 3038 tamen
1073 2984 1268 3039 iterum
1307 2985 1515 3041 daemon
1547 3003 1671 3043 eum
1712 2988 1995 3057 invaserit,

2080 538 2259 585 truces
2294 530 2484 587 oculos
2524 540 2871 596 convertens,
2911 529 3131 600 inquit:
3176 527 3289 585 Nisi
3304 529 3477 585 dictis
3516 528 3661 585 facta

2074 620 2578 693 compensaveritis,
2620 636 2715 676 mc
2776 608 2977 675 iterum
3046 619 3100 674 in
3152 619 3296 693 hanc
3361 619 3661 674 rediturum

2079 706 2450 782 persuadeatis
2481 712 2620 767 volo.
2650 711 2823 768 Missa:
2872 712 3031 767 dicta:
3074 720 3218 766 sunt.
3261 710 3450 765 Mulier
3501 726 3662 775 vero,

2080 794 2198 873 qua:
2225 805 2401 859 adhuc
2426 804 2574 867 vivit,
2606 805 2869 860 hactenus
2908 819 3122 874 semper
3150 803 3312 857 illaesa
3340 801 3458 856 fuit.
3488 801 3663 857 Caete-

2082 914 2202 954 rum
2235 900 2350 955 haec
2394 898 2660 965 diabolus,
2715 899 2840 970 quia
2886 902 2956 955 ab
2982 898 3136 954 initio
3167 898 3396 953 mendax
3450 896 3570 959 fuit,
3609 905 3667 951 et

2082 989 2136 1044 in
2167 991 2395 1046 veritate
2422 1006 2526 1047 non
2573 991 2741 1057 stetit,
2795 991 3023 1046 Domino
3064 989 3191 1046 Jesu
3224 988 3463 1053 volente,
3517 988 3665 1053 dicit,

2083 1077 2343 1151 facitque.
3418 1132 3421 1135 .

2151 1171 2279 1227 ΞΗ.
2344 1171 2518 1228 Etiam
2576 1187 2681 1227 non
2733 1170 2838 1228 hoc
2901 1169 3670 1241 duximusprmtereundum,

2083 1278 2319 1335 quonam
2366 1263 2526 1319 modo
2575 1263 2823 1333 quaedam
2876 1261 3071 1317 mulier
3119 1260 3185 1316 de
3216 1270 3399 1316 monte
3446 1257 3674 1314 Miliario

2084 1354 2256 1427 (l86),
2282 1371 2312 1410 a
2343 1355 2583 1411 daemone
2611 1365 2665 1410 et
2699 1352 3177 1414 incantationibus,
3207 1366 3344 1422 quas
3378 1350 3539 1427 vulgo
3563 1365 3678 1404 uia-

2085 1446 2185 1504 lias
2211 1448 2357 1517 (l8?)
2386 1446 2675 1516 appellant,
2712 1444 2771 1501 S.
2797 1444 3021 1501 Joannis
3054 1442 3303 1515 precibus
3340 1441 3502 1496 fuerit
3532 1441 3665 1496 libe-

2088 1550 2223 1593 rata.
2254 1538 2378 1593 Hice
2407 1538 2587 1608 itaque
2612 1552 2756 1592 nunc
2786 1551 2940 1600 anus,
2982 1544 3109 1590 tunc
3144 1532 3344 1604 puella,
3389 1530 3670 1600 cujusdam

2088 1620 2276 1702 iniqui,
2330 1640 2390 1686 ut
2445 1629 2653 1695 fertur,
2700 1627 3002 1700 presbyteri
3066 1625 3252 1680 herbis
3309 1623 3675 1694 quibusdam,

2089 1724 2338 1781 diabolici
2389 1724 2589 1779 additis
2642 1722 2825 1778 verbis
2853 1761 2870 1787 ,
2924 1734 2954 1775 a
3001 1720 3246 1775 daemone
3291 1717 3364 1772 ita
3411 1713 3682 1784 torqueri,

2090 1814 2109 1888 [
2135 1826 2190 1871 ut
2220 1815 2239 1888 ]
2277 1824 2456 1870 mente
2484 1802 3019 1892 sanisque'scnsibus
3054 1809 3261 1879 privata
3293 1806 3508 1877 penitus
3533 1802 3688 1858 vide-

2091 1917 2261 1963 retur.
2319 1906 2457 1974 Quid
2517 1890 2713 1961 misera
2777 1890 2935 1975 agat,
2991 1917 3099 1971 quo
3149 1915 3209 1956 se
3264 1905 3466 1961 vertat,
3522 1908 3687 1966 quem

2092 1986 2415 2051 Sanctorum
2448 1994 2501 2049 in
2534 1993 2615 2049 sui
2661 1993 2919 2047 auxilium
2955 1975 3397 2061 exposcatfcum
3442 1983 3524 2040 sui
3548 1982 3689 2055 juris

2088 2076 2198 2142 non
2226 2094 2393 2151 esset,
2449 2083 2752 2154 ignorabat.
2808 2083 3033 2157 Demum
3089 2066 3373 2134 orantibus
3425 2073 3561 2139 suis,
3621 2071 3690 2127 8.·

2092 2179 2350 2243 Joannes,
2392 2176 2547 2242 cujus
2575 2176 2768 2229 devota
2821 2188 2850 2227 a
2884 2172 3085 2226 teneris
3127 2169 3286 2223 annis
3320 2165 3603 2229 extiterat,
3633 2163 3689 2217 in

2095 2277 2333 2323 mentem
2364 2266 2541 2332 venit;
2570 2262 2726 2332 cujus
2746 2261 2919 2335 gratia
2948 2260 3213 2314 illustrata
3245 2258 3357 2311 haec
3384 2255 3693 2325 lacrymans

2095 2357 2327 2412 effudit:
2368 2355 2413 2412 Ο
2458 2353 2696 2409 Joannes
2744 2351 3073 2415 beatissime,
3126 2348 3253 2419 Jesu
3308 2343 3592 2401 familiaris
3634 2349 3692 2397 et

2095 2448 2291 2512 amice,
2344 2436 2491 2500 tuam
2550 2433 2811 2513 respicias
2865 2439 3143 2503 ancillam,
3192 2438 3243 2492 in
3294 2444 3372 2492 tot
3414 2433 3689 2517 tantisque

2095 2538 2352 2595 aerumnis
2381 2545 2436 2592 et
2486 2535 2740 2600 miseriis,
2797 2534 2912 2589 suis
2967 2530 3206 2603 peccatis
3249 2528 3519 2599 positam:
3569 2540 3691 2592 oro,

2096 2646 2203 2685 non
2235 2636 2458 2698 peccata
2492 2624 2806 2680 consideres
2856 2638 2999 2687 mea,
3049 2634 3154 2675 non
3210 2631 3455 2698 meorum
3485 2614 3692 2682 etiam;

2097 2721 2189 2776 sed
2220 2696 2582 2780 devotionem,
2613 2730 2775 2786 quam
2807 2714 2900 2768 tibi
2935 2723 3046 2767 toto
3094 2710 3258 2767 corde
3289 2696 3506 2779 semper
3534 2706 3694 2762 exhi-

2098 2811 2227 2867 bui:
2292 2809 2447 2873 velis,
2503 2807 2665 2862 Pater
2717 2805 3077 2868 sanctissime,
3144 2802 3271 2884 tuis
3307 2800 3446 2885 apud
3499 2788 3686 2857 Jesum

2103 2901 2486 2974 Virginemque
2512 2897 2738 2953 Mariam
2784 2896 3037 2966 precibus
3064 2895 3378 2965 impetrare,
3411 2890 3553 2965 [ut]
3593 2891 3696 2945 hac

2102 2999 2237 3051 truci
2274 2993 2713 3071 intolerabilique
2756 3007 2927 3061 pinna
2976 2990 3240 3067 liberata,
3291 2987 3505 3043 valeam
3545 2998 3699 3041 more

407 3084 601 3139 parum
639 3080 977 3141 compertum
1033 3073 1334 3141 habemus;
1382 3070 1491 3132 vita
1523 3066 1651 3133 vero
1694 3078 1935 3135 functum
1967 3095 1996 3134 a
2026 3114 2072 3174 ο
2102 3083 2264 3142 solito
2312 3092 2367 3138 et
2410 3066 2604 3136 melius
2651 3068 2708 3134 et
2752 3078 3001 3134 devotius
3031 3066 3124 3132 tibi
3156 3085 3372 3132 sanctas
3418 3073 3697 3129 orationes

408 3161 819 3231 quampluribus
867 3164 1110 3235 ejusdem
1168 3165 1272 3222 loci
1322 3167 1428 3225 fide
1456 3168 1634 3243 dignis
1664 3171 1996 3241 accepimus.

407 3249 537 3305 lmle
584 3250 728 3307 aliud
772 3253 1113 3323 miraculum,
1153 3257 1298 3327 quod
1345 3255 1541 3313 fratres
1593 3260 1678 3316 sui
1726 3261 1997 3330 germani,

412 3349 632 3411 totaque
658 3342 850 3399 domus
871 3356 1172 3403 extremam
1200 3347 1559 3420 miseramque
1584 3351 1752 3407 vitam
1771 3352 1997 3418 ducunt,

410 3445 532 3487 cum
545 3433 828 3506 eissaapius
840 3436 1001 3491 etiam
1017 3453 1101 3494 res
1114 3438 1398 3496 familiaris
1422 3442 1488 3495 ad
1513 3444 1816 3499 necessaria
1837 3445 2000 3500 desit.

479 3523 608 3579 212.
646 3525 756 3582 Nec
784 3528 952 3584 multo
979 3529 1106 3585 hinc
1129 3530 1317 3601 procul
1344 3531 1536 3587 mulier
1555 3536 1826 3604 quaedam,
1849 3535 2003 3604 cujus

408 3624 568 3699 pater
618 3624 675 3671 et
726 3616 926 3673 fratres
994 3629 1234 3675 nostram
1290 3621 1532 3677 incolunt
1576 3625 1998 3693 possessionem,

412 3720 442 3759 a
480 3700 725 3763 daemone
771 3718 931 3779 capta
982 3713 1180 3775 extitit,
1219 3729 1383 3785 quam
1427 3699 1875 3777 affinesfmultis
1931 3733 1998 3773 ex

415 3796 659 3853 finitimis
688 3791 1094 3869 comitantibus,
1130 3819 1236 3859 non
1262 3807 1378 3860 sine
1402 3822 1597 3878 magno
1620 3809 1703 3864 sui
1735 3808 2002 3879 imprimis

412 3885 749 3953 discrimine,
797 3890 1135 3961 aliorumque
1190 3892 1396 3955 labore.
1444 3896 1637 3951 deinde
1691 3897 1759 3952 ad
1801 3899 1904 3953 hoc
1936 3896 1997 3952 S.

414 3976 599 4034 Maria:
650 3983 1036 4038 monasterium
1104 3993 1319 4042 traxere
1356 3986 1806 4056 ginvitam:'cum
1854 3989 1999 4044 enim

415 4070 648 4127 daemoni
696 4088 857 4144 grave
919 4075 1316 4146 molestumque
1390 4086 1535 4133 esset
1604 4094 1726 4135 cum
1789 4078 2001 4136 Joanne

414 4161 728 4218 beatissimo
783 4165 985 4223 habere
1043 4168 1379 4236 conflictum,
1425 4185 1797 4243 saepenumero
1845 4171 2000 4246 [ut]

417 4250 700 4306 mulierem
729 4252 873 4307 illam
900 4255 966 4310 de
993 4256 1138 4312 mulo
1169 4258 1237 4313 ad
1279 4259 1479 4315 terram
1510 4261 1847 4333 detruderet,
1873 4263 2000 4317 dttm

418 4341 525 4396 huc
553 4342 715 4408 irent,
743 4345 1039 4414 periculum
1084 4348 1265 4404 facere
1293 4362 1520 4406 conatus
1550 4350 1679 4425 est;
1702 4344 1802 4409 nec
1832 4354 2003 4410 valuit

2102 3192 2165 3231 ac
2186 3164 2407 3230 devotas
2433 3172 2681 3235 mittere;
2717 3168 2999 3223 monachis
3026 3166 3415 3235 conversisque
3442 3163 3696 3218 omnibus

2104 3275 2208 3322 tuae
2249 3260 2545 3332 Religionis
2575 3258 2792 3314 solitum
2835 3255 3093 3311 exhibere
3118 3270 3240 3309 cum
3266 3246 3535 3308 charitate
3571 3251 3702 3306 hos-

2103 3357 2314 3430 pitium.
2375 3352 2420 3409 Ο
2459 3351 2594 3406 mira
2640 3357 2695 3404 et
2737 3347 3001 3418 stupenda
3053 3344 3105 3398 in
3157 3342 3362 3399 sanctis
3412 3340 3627 3430 gratia!
3662 3353 3697 3394 ο

2102 3426 2391 3507 incll'abilis
2418 3446 2470 3501 in
2497 3443 2578 3499 eis
2605 3441 2839 3512 dignitas
2865 3448 2922 3493 et
2957 3434 3232 3505 potestas!
3266 3450 3300 3489 o
3331 3426 3691 3488 Dotnini'Jesu

2103 3540 2266 3597 verba
2318 3536 2624 3594 verioribus
2670 3548 2820 3598 vera,
2853 3531 2945 3603 qui
2976 3529 3151 3599 inquit
3198 3525 3475 3597 Apostolis
3537 3524 3698 3581 suis:

2088 3621 2171 3691 Ἐι
2201 3633 2405 3705 majora
2438 3631 2628 3686 horum
2662 3616 2911 3682 facietis:
2957 3624 3030 3678 ita
3062 3636 3157 3676 vos
3192 3618 3485 3676 tniremini.
3566 3618 3569 3619 ⁷

2172 3725 2295 3780 215.
2339 3723 2508 3787 Illico,
2553 3737 2615 3777 ea
2666 3734 2831 3789 parva
2881 3715 3131 3771 oratione
3161 3712 3366 3775 habita,
3399 3710 3536 3766 adeo
3563 3723 3699 3765 con-

2101 3804 2292 3882 valuit,
2323 3817 2460 3871 adeo
2485 3815 2539 3870 in
2572 3812 2857 3883 pristinam
2884 3808 3045 3864 rediit
3068 3806 3384 3876 sospitatem
3415 3811 3473 3891 et
3494 3800 3703 3857 incolu-

2090 3894 2369 3974 lmitatem,
2403 3916 2462 3962 ut
2512 3904 2750 3960 melioris
2794 3916 2985 3959 sensus
3035 3914 3097 3955 ac
3145 3905 3329 3961 antea,
3384 3903 3439 3977 et
3470 3891 3692 3969 majoris

2102 4003 2366 4058 existeret
2405 3991 2848 4069 pulchritudinis,
2881 3991 3069 4046 Visum
3100 3999 3184 4044 est
3217 3998 3394 4042 tamen
3427 3984 3615 4038 utilius
3637 3976 3705 4038 et

2103 4091 2367 4155 securius,
2399 4088 2524 4152 etsi,
2551 4096 2610 4141 ut
2640 4084 2894 4144 diximus,
2941 4081 3007 4135 ad
3038 4080 3257 4152 plenum
3310 4075 3701 4142 convaluisset,

2106 4195 2218 4240 tum
2253 4179 2524 4242 amnibus,
2555 4185 2667 4231 tum
2698 4174 2972 4238 omnibus,
2995 4172 3066 4233 ad
3103 4171 3205 4225 hoc
3250 4168 3309 4224 S.
3342 4167 3526 4222 Mariae
3575 4182 3694 4222 mo-

2086 4274 2402 4333 nasterium
2456 4283 2629 4341 usque
2682 4282 2787 4321 una
2856 4279 2980 4319 cum
3031 4262 3148 4333 ipsa
3205 4261 3306 4316 ire.
3369 4258 3487 4314 lluc
3539 4258 3706 4329 igitur

2086 4344 2315 4426 [summa
2344 4376 2468 4417 cum
2497 4359 2599 4415 fide
2629 4368 2685 4414 et
2709 4354 3011 4412 reverentia
3038 4349 3514 4434 venientes,eis.S.
3539 4349 3706 4408 Joan-

421 4438 623 4498 tamen,
656 4442 768 4489 tum
799 4437 976 4491 divina
1015 4440 1190 4509 gratia
1223 4432 1586 4511 id‘imprimis
1612 4443 1851 4509 volente,
1886 4452 1992 4499 tum

2106 4458 2190 4514 nis
2212 4452 2524 4514 brachium,
2538 4448 2722 4503 audito
2740 4454 2890 4501 tanto
2914 4442 3197 4510 miraculo,
3215 4432 3408 4499 devote
3422 4451 3702 4497 ostensum

418 4520 523 4615 egi
552 4522 663 4596 ίίδ]
692 4527 784 4597 ‘1"i
842 4529 1087 4597 aderam:
1119 4545 1237 4586 eam
1268 4529 1675 4607 [conanlibusi
1708 4535 2005 4592 Observare
2038 4520 2049 4521 ί
2108 4557 2212 4605 est.
2256 4546 2334 4600 Eo
2375 4528 2540 4615 igitur
2572 4540 2839 4607 osculato,
2881 4537 2934 4593 in
2964 4537 3194 4608 patriam
3225 4535 3334 4591 laeti
3365 4536 3594 4615 rediere.

418 4610 728 4683 diligenter.

489 4699 619 4758 215.
658 4703 791 4758 Cum
821 4705 986 4777 igitur
1032 4708 1084 4762 in
1133 4694 1460 4766 Sanctorum
1491 4688 1741 4783 sepulcro
1765 4727 1797 4769 a
1822 4692 2009 4770 mona-

419 4792 525 4848 cbo
554 4793 806 4866 religioso
831 4808 1119 4870 cogeretur
1146 4803 1276 4858 dare
1308 4788 1625 4875 responsum
1657 4806 1677 4873 (
1702 4822 1823 4861 nam
1850 4806 1871 4879 [
1897 4807 2009 4862 ἀπο

420 4899 548 4940 mon
582 4886 896 4961 nitebatur]
931 4900 1136 4946 mutum
1167 4910 1225 4950 se
1247 4884 1547 4966 simulare),
1578 4897 1628 4950 in
1652 4896 1769 4952 hcce
1792 4897 2006 4953 tandem

417 4978 669 5047 prorupit
694 4983 891 5059 verba:
926 4982 1061 5050 Quid
1090 4997 1142 5040 tu
1174 4988 1266 5042 tibi
1300 4988 1416 5042 vis?
1442 4988 1579 5057 Quid
1605 5005 1633 5043 ει
1668 5007 1752 5047 me
1775 4993 2011 5061 quaeris?

415 5067 703 5130 Obtundis,
740 5074 953 5128 tametsi
984 5076 1159 5132 audio.
1201 5079 1281 5133 l\'i|
1305 5079 1449 5133 aliud
1476 5080 1576 5134 nisi
1605 5096 1790 5139 exeas.
1822 5083 2007 5148 abeas,

416 5159 794 5229 inquitmonac
816 5164 937 5218 hus.
966 5164 1179 5226 Lubens
1218 5170 1400 5233 ahiho,
1428 5181 1552 5225 tunc
1577 5170 1733 5247 [ait]
1762 5173 2007 5231 dwmon’:

801 5256 1035 5278 _---2--.--
1090 5257 1110 5278 Γ
1139 5260 1161 5278 Δ
1309 5260 1329 5278 Ἰ
1513 5261 1545 5278 I'
1903 5265 1915 5278 l

412 5251 521 5278 ..ΑΔ
561 5252 701 5278 Ακξοςι

2179 4636 2305 4694 216.
2349 4612 2458 4689 sed
2486 4633 2650 4688 etiam
2681 4631 2785 4686 hac
2813 4638 2994 4685 nostra
3025 4634 3342 4707 tempestate
3367 4612 3546 4697 operte
3576 4612 3705 4699 pre-

2113 4734 2247 4787 tium
2296 4737 2380 4796 est
2433 4740 2552 4779 eam
2599 4723 2882 4779 advertere
2920 4721 3241 4792 diligenter;
3289 4731 3396 4789 qua
3430 4716 3557 4781 fide,
3601 4730 3721 4793 qua

2110 4823 2374 4887 caritate,
2427 4833 2534 4888 quo
2599 4815 2746 4869 vultu
2814 4813 3006 4878 hilari,
3065 4810 3416 4890 iucundaque
3486 4809 3707 4871 fronte,

2111 4928 2274 4985 quam
2324 4909 2548 4979 opipare
2602 4922 2708 4962 non
2755 4905 2916 4975 hujus
2964 4899 3278 4981 monasterii
3329 4908 3560 4961 tantum,
3614 4896 3709 4971 sed

2115 5002 2285 5059 totius
2313 4999 2478 5055 etiam
2507 4994 2808 5066 Religionis
2831 4986 3067 5061 excipiat
3106 4999 3220 5044 tum
3257 4988 3573 5049 monachos~
3603 4995 3713 5039 tum

2113 5105 2431 5161 conversos.
2487 5087 2625 5143 Ubi.
2667 5068 2907 5155 primum.
2953 5068 3049 5139 eus
3109 5086 3462 5161 transeuntes
3499 5063 3741 5151 domnml

2108 5161 2263 5258 juxta
2295 5160 2444 5235 audit
2467 5177 2550 5234 vel
2575 5177 2741 5239 videt,
2766 5175 2839 5229 ita
2858 5162 3014 5228 annis
3042 5171 3247 5252 obsita,
3260 5168 3720 5258 tetateconfecta,

2250 5272 2302 5278 -..
2367 5272 2379 5278 -
2482 5270 2491 5278 ρ
2744 5275 2752 5278 Α
2962 5274 2972 5278 -
3063 5276 3069 5277 κ
3148 5259 3222 5278 ‘9.
3295 5256 3436 5278 r-_.1
3476 5275 3483 5278 .
3661 5257 3721 5278 -J
