4110 5362
499 356 606 428 895

1570 362 1626 419 s.
1668 342 1952 419 JOANNI'S
1989 354 2378 412 omnes“
2414 355 2702 415 ABBATIS

3644 356 3754 437 ses

496 468 664 524 Jes't!
715 480 974 539 quantum
1029 472 1255 528 interest
1301 474 1445 529 inter
1489 475 1629 530 hanc
1679 476 1957 530 mulierem
2014 478 2067 524 et
2102 471 2139 528 Α
2175 467 2318 541 [ιιι]
2350 486 2428 537 se,
2460 480 2531 535 te,
2565 487 2771 542 nosque
2803 472 2885 527 his
2920 472 3175 528 oneribus
3224 472 3420 534 levent,
3453 472 3558 529 hoc
3607 474 3753 543 opti-

499 572 646 626 enm,
675 561 826 633 cujus
848 563 1019 633 gratia
1045 566 1146 619 hoc
1168 566 1220 619 in
1249 567 1597 633 monasterio,
1630 577 1686 622 ut
1714 567 1872 637 paulo
1912 581 2074 635 supra

498 650 754 718 diximus,
778 652 1152 709 defunctorum
1179 656 1509 712 celebratum
1541 665 1622 712 est
1660 656 1923 714 Officium.
1952 655 2078 710 Haec

501 741 649 796 illam
724 758 884 812 quam
939 760 1044 799 non
1090 755 1173 800 est
1234 747 1507 816 pollicita,
1568 748 1809 818 quotidie
1860 746 2079 802 exhibet

500 832 953 900 misericordiam,
1001 835 1143 890 illius
1190 852 1318 891 vero
1361 836 1549 891 affines
1579 852 1676 891 nec
1704 836 1843 907 quod
1889 851 2077 889 mona-

498 923 724 977 sterium
778 926 1026 995 exposuit
1066 927 1457 996 persolverunt.
1505 928 1642 994 Quid
1686 928 1902 991 mirum,
1954 941 2076 982 cum

498 1015 567 1067 de
615 1013 841 1084 lep‘rosis
885 1016 1156 1073 mundatis
1202 1017 1356 1072 Jesus
1386 1019 1632 1073 Christus
1663 1018 1846 1072 dicat:
1892 1017 2080 1071 Nonne

500 1103 689 1159 decem
721 1106 965 1161 mundati
992 1115 1141 1173 sunt,
1178 1115 1232 1164 et
1279 1124 1472 1163 novem
1524 1110 1612 1163 ubi
1641 1108 1802 1162 sunt?
1842 1107 1956 1162 Non
1995 1115 2080 1163 est

500 1192 756 1248 inventus
805 1194 897 1265 qui
930 1196 1133 1250 rediret
1167 1205 1222 1251 et
1250 1198 1401 1252 daret
1433 1197 1657 1269 gloriam
1687 1198 1816 1263 Deo,
1852 1196 1953 1252 nisi
1990 1196 2081 1252 hic

498 1277 820 1351 alienigena.
868 1281 1023 1338 Nune
1052 1284 1118 1338 ad
1154 1284 1380 1355 reliqua.

1086 1374 1264 1431 PARS
1316 1376 1475 1432 XVII.

569 1459 694 1516 217.
720 1462 836 1518 Non
876 1465 1013 1531 dies,
1049 1475 1107 1519 ut
1133 1467 1305 1531 aiunt,
1336 1468 1429 1523 sed
1461 1484 1635 1524 annus
1687 1484 1775 1524 me
1798 1469 2081 1536 deficeret,

504 1551 548 1606 si
571 1566 779 1607 ommes
805 1554 1070 1619 homines,
1103 1572 1238 1626 quos
1263 1558 1498 1628 propriis
1524 1558 1693 1614 oculis
1714 1560 1840 1623 vidi,
1861 1560 1927 1613 de
1953 1575 2082 1630 agro

502 1643 702 1701 Getica:
728 1645 954 1718 aliisque
982 1647 1229 1706 finitimis
1268 1649 1417 1715 locis,
1449 1660 1560 1706 tum
1609 1655 1849 1707 daemone
1872 1660 2080 1723 captos,

503 1744 618 1790 tum
671 1752 735 1792 ex
784 1737 903 1794 aliis
967 1740 1370 1798 infirmitatibus
1425 1744 1754 1811 laborantes,
1800 1746 1891 1815 qui
1941 1745 2081 1800 istud

2178 580 2323 620 mum
2358 573 2501 619 tactu
2532 580 2765 621 censeo:
2796 574 2847 620 te
2871 566 3196 636 persuadere
3222 565 3326 620 illis
3352 565 3369 637 [
3394 566 3573 636 cupio,
3607 581 3702 621 eos
3729 565 3750 637 ]

2178 655 2334 710 facile
2356 670 2512 724 posse
2539 655 2623 711 his
2668 658 2891 727 posthac
2931 656 3144 712 liberari
3177 657 3446 729 periculis,
3490 657 3535 712 si
3561 657 3754 711 devote

2179 753 2234 800 et
2266 745 2500 801 fideliter
2546 748 2823 802 annuatim
2871 746 2930 801 S.
2963 747 3184 803 Joannis
3235 758 3396 818 agant
3422 764 3751 807 commemo-

2180 834 2464 890 rationem.
2526 835 2672 891 Illico
2717 837 2870 893 hetus
2924 838 3012 893 ille
3069 838 3170 894 hoc
3233 839 3372 894 idem
3425 839 3752 909 approbans,

2180 926 2393 997 inquit:
2426 926 2709 999 Nunquam
2752 931 2929 986 audivi
2978 932 3169 987 melius
3209 933 3276 985 ad
3323 933 3424 987 hoc
3467 932 3751 988 consilium

2180 1017 2294 1071 dari
2339 1035 2353 1074 :
2391 1029 2723 1091 quapmpter
2768 1021 3035 1093 accingar.
3086 1021 3351 1077 Postridie
3419 1030 3597 1076 autem
3651 1037 3752 1092 ego

2179 1108 2409 1178 patriam
2441 1111 2602 1167 revisi
2631 1127 2835 1179 meam;
2871 1114 2985 1182 ipse
3011 1128 3139 1168 vero
3167 1114 3291 1169 huic
3334 1113 3548 1185 negotio
3573 1112 3754 1166 inlen-

2182 1208 2287 1264 tus,
2314 1202 2722 1273 qnampluribns
2747 1204 2814 1257 de
2861 1204 3190 1274 primoribus
3219 1205 3396 1275 populi
3432 1219 3546 1260 rem
3591 1218 3753 1259 enar-

2183 1291 2339 1345 ravit.
2372 1294 2664 1349 Assensere
2709 1309 2915 1350 omnes.
2968 1296 3227 1360 Denmm,
3259 1297 3397 1350 inter
3423 1310 3503 1351 se.
3528 1294 3759 1350 concilio

2183 1381 2348 1447 inito,
2408 1381 2685 1437 decretum
2739 1391 2824 1439 est
2899 1384 2953 1439 in
3014 1383 3075 1440 S.
3135 1384 3358 1440 Joannis
3407 1384 3588 1456 vigilia
3642 1384 3761 1440 hac

2182 1474 2624 1528 commemoratio
2651 1475 2807 1529 annis
2839 1475 3064 1545 singulis
3091 1475 3530 1543 ageretur.Vide,
3565 1474 3756 1541 lector,

2181 1562 2527 1620 clementiam
2577 1564 2702 1621 Jesn
2778 1565 3016 1633 Christi;
3089 1567 3212 1622 vide
3284 1566 3524 1637 Virginis
3578 1564 3762 1620 Marim

2183 1652 2478 1732 inauditam
2505 1653 2764 1724 pietatem
2790 1672 2805 1721 ;
2835 1654 2957 1710 vide
3012 1664 3271 1726 quantum
3293 1656 3373 1710 eis
3394 1670 3579 1712 eorum
3606 1654 3759 1720 fides,

2184 1749 2238 1796 et
2264 1740 2321 1796 S.
2343 1742 2566 1799 Joannis
2591 1745 2891 1815 profuerint
2918 1762 3125 1816 preces.
3153 1746 3409 1812 Quintum
3428 1744 3540 1813 jam
3562 1760 3763 1799 annum

488 1825 563 1879 ὃ.
598 1825 777 1882 Mariae
801 1829 982 1885 adiere
1008 1833 1421 1899 monasterium,
1452 1850 1845 1891 connumerare
1866 1834 2077 1891 vellem.
2114 1808 2157 1868 Β
2185 1831 2438 1905 [agimus
2474 1834 2590 1908 ex]
2647 1843 2815 1903 tunc;
2878 1851 2977 1890 nec
3027 1852 3164 1891 unus
3213 1836 3390 1891 adhuc
3436 1851 3465 1889 a
3523 1834 3765 1889 daemone

484 1912 650 1970 ‘Proh
704 1917 844 1973 bone
898 1917 1054 1975 Jesn!
1112 1923 1285 1977 ausim
1346 1924 1569 1989 dicere,
1630 1924 1801 1981 ferme
1857 1925 2082 1997 singulis

507 2006 911 2083 [mensibus],
971 2013 1191 2069 horrida
1242 2025 1416 2072 tamen
1461 2018 1677 2090 dempta
1726 2019 1928 2088 hieme,
1975 2034 2082 2075 non

478 2112 667 2178 .uuam
713 2108 916 2154 tantum
945 2103 1457 2170 mulierem,verum
1502 2123 1886 2177 nonnunquam
1937 2119 2081 2176 tres,

502 2201 770 2258 quatuor;
803 2192 1070 2248 interdum
1099 2196 1261 2250 etiam
1292 2205 1348 2251 et
1379 2197 1522 2253 viros
1561 2207 1612 2253 et
1636 2200 1873 2269 cujusvis
1902 2198 2084 2255 condi-

505 2280 670 2333 tionis
698 2282 967 2346 ntertales,
999 2286 1100 2339 hoc
1126 2285 1183 2340 S.
1210 2285 1390 2341 Maria:
1416 2290 1800 2343 monasterium
1844 2289 2042 2345 adiisse
2067 2307 2079 2343 :

505 2370 581 2425 ita
616 2382 673 2426 ut
715 2375 872 2429 nobis
903 2377 1247 2432 admirationi
1282 2380 1509 2434 taediove
1557 2382 1853 2436 existerent
1900 2395 2081 2452 saepe:

505 2477 632 2517 nam
659 2480 763 2519 una
803 2466 887 2521 vel
937 2483 1077 2523 unus
1127 2467 1255 2542 [vix
1302 2469 1465 2543 erat]
1515 2470 1812 2527 liberatus:
1862 2485 1991 2527 ecce
2019 2472 2086 2528 de

503 2553 801 2623 improviso
822 2556 1048 2614 alteram
1075 2560 1160 2615 vel
1204 2560 1455 2627 alterunt,
1490 2570 1546 2617 et
1591 2562 1706 2616 haec
1761 2570 1815 2617 et
1862 2576 2084 2616 nemora

505 2658 775 2716 rupesque
802 2661 993 2703 omnes
1045 2656 1099 2704 et
1125 2664 1395 2705 concavas
1434 2649 1597 2705 valles
1649 2650 1868 2706 rusticis
1916 2659 2090 2706 tarta-

508 2736 728 2806 reisque
756 2740 977 2794 vocibus
1002 2739 1381 2810 complentem.

580 2827 706 2883 9.18.
748 2828 945 2884 Verum
978 2844 1100 2885 cum
1147 2833 1448 2897 annuatim,
1479 2831 1603 2886 dum
1635 2833 1686 2887 in
1726 2848 1846 2888 eam
1888 2847 2086 2889 conce-

510 2913 739 2979 derent,
790 2917 1126 2973 Salvatorem
1180 2921 1511 2989 quemdam,
1573 2931 1769 2978 nostra:
1817 2923 2090 2993 religionis

518 3007 845 3062 monachum
904 3009 1281 3081 presbyterum
1342 3012 1691 3066 convenirem
1753 3014 1920 3083 (nam
1976 3014 2090 3083 ipse

511 3096 785 3161 omnibus,
826 3100 1124 3165 praesertim
1166 3102 1446 3155 monachis
1476 3101 1702 3171 aliisque
1731 3103 2015 3174 lteligiosis
2036 3114 2089 3160 et

507 3187 656 3242 vultu
692 3198 747 3245 et
777 3192 937 3247 rebus
965 3191 1097 3262 ipsis
1128 3192 1461 3248 amicabilem
1492 3210 1551 3250 se
1578 3194 1861 3265 praebere),
1894 3196 2090 3264 saepius

510 3279 565 3332 in
593 3277 896 3347 bujusmodi
917 3280 1080 3337 verba
1104 3282 1243 3338 inter
1268 3283 1369 3339 alia
1395 3299 1517 3341 cum
1543 3285 1658 3356 ipso
1681 3274 1881 3341 incidi:
1918 3284 2087 3352 Unde,

514 3371 784 3439 Salvator,
818 3382 895 3431 tot
924 3376 991 3431 ad
1026 3393 1124 3433 nos
1170 3378 1235 3434 de
1266 3379 1368 3435 hac
1396 3380 1671 3450 provincia
1709 3379 1881 3451 magis
1928 3394 2087 3449 quam

514 3466 582 3521 de
610 3465 729 3522 aliis
757 3468 1033 3523 confluunt
1061 3470 1341 3526 homines?
1376 3471 1594 3537 Nescio,
1622 3472 1797 3542 inquit
1848 3471 1955 3538 ille,
1985 3471 2090 3526 nisi

514 3556 811 3630 forte'qnia
860 3559 1019 3629 hujus
1046 3561 1187 3617 villa:
1217 3563 1390 3635 magis
1431 3563 1682 3619 liberales
1705 3573 1760 3618 et
1790 3566 2094 3620 securiores

509 3652 726 3708 caeteris
768 3653 1008 3709 existunt
1035 3653 1294 3711 finitimis.
1325 3655 1457 3709 Nam
1489 3665 1549 3710 ut
1580 3665 1779 3711 c:etera
1815 3655 2089 3722 omittam,

517 3742 661 3798 soliti
704 3754 829 3799 sunt
869 3745 1008 3800 filias
1036 3760 1179 3811 suas,
1230 3757 1340 3802 tum
1375 3747 1579 3815 puellas
1627 3749 1927 3812 maritatas,
1978 3757 2092 3802 tum

520 3834 763 3900 nnbiles,
820 3836 936 3892 sine
992 3838 1188 3891 comite
1240 3839 1306 3893 ad
1357 3853 1598 3902 nemora,
1650 3839 1715 3893 ad
1752 3853 1970 3907 pascua,
2024 3839 2093 3892 ad

520 3931 710 3990 prata,
755 3938 853 3991 pro
899 3923 1090 3993 lignis,
1121 3940 1217 3995 pro
1238 3928 1521 3997 pascendis
1558 3927 1755 3991 bobus,
1808 3941 1906 3997 pro
1932 3927 2084 3992 feno,

528 4024 730 4081 proque
758 4013 880 4067 aliis
921 4015 1262 4082 necessariis,
1310 4018 1500 4085 quavis
1560 4017 1689 4070 hora
1736 4015 2088 4089 [mittere],

520 4098 599 4156 nil
646 4112 910 4165 verentes,
959 4120 1062 4157 non
1120 4104 1293 4174 lupos“,
1347 4120 1453 4159 non
1505 4120 1681 4169 ursos,
1731 4121 1836 4159 non
1871 4105 2095 4175 juvenes

520 4208 710 4250 cereos
742 4195 807 4248 ad
846 4196 1021 4251 carnis
1050 4197 1388 4267 aliarumque
1411 4198 1672 4252 malarum
1701 4213 1880 4253 rerum
1904 4198 2094 4267 volup-

524 4293 664 4342 tates
711 4305 724 4341 :
781 4302 846 4342 eo
910 4286 967 4341 fit
1017 4288 1209 4357 saepius
1263 4287 1459 4360 [ut],
1518 4304 1640 4344 cum
1710 4303 2093 4358 nonnunquam

515 4379 931 4438 sero.interdnm
963 4395 1084 4434 verc
1113 4382 1341 4434 obscura
1373 4389 1532 4436 nocte
1562 4381 1780 4437 domum
1838 4381 2097 4450 repedcnt

522 4465 542 4535 (
569 4466 706 4520 nosti
733 4467 874 4522 enim
904 4468 1186 4524 mulierum
1215 4481 1268 4525 et
1315 4472 1612 4541 praesertim
1657 4471 1957 4543 puellarum
1989 4472 2100 4524 vir-

520 4556 704 4626 ginum
762 4568 982 4615 naturas
1044 4562 1179 4617 adeo
1218 4562 1433 4617 timidas
1490 4577 1610 4618 esse
1631 4562 1671 4631 ),
1736 4562 1780 4618 si
1842 4562 2096 4625 arbores,

523 4646 795 4716 foliumve,
828 4651 1106 4721 plantasve
1144 4654 1379 4710 novellas
1407 4662 1581 4710 motas
1612 4662 1794 4719 vento,
1826 4653 1909 4707 vel
1934 4668 2098 4723 parva

519 4739 686 4795 etiam
707 4756 838 4794 aura
867 4739 1046 4808 flante,
1070 4743 1320 4807 viderint,
1350 4741 1490 4799 illico
1513 4740 1656 4799 retro
1684 4750 1826 4799 metu
1854 4742 2097 4796 redeant.

518 4832 618 4889 Cui
644 4845 775 4904 ego:
803 4831 995 4889 Multas
1021 4842 1200 4890 tamen
1220 4849 1250 4889 a
1280 4836 1520 4890 daemone
1545 4845 1732 4906 captas
1758 4835 1862 4889 huc
1886 4833 2102 4888 venisse

520 4923 629 4979 vidi
665 4929 720 4979 et
751 4923 949 4979 audivi.
987 4922 1064 4978 ita
1088 4933 1191 4990 est,
1223 4924 1399 4994 inquit
1428 4924 1515 4979 ille
1539 4940 1554 4979 :
1582 4924 1641 4979 fit
1665 4924 1810 4979 enim
1854 4939 2103 4977 nonnun-

522 5030 682 5087 quam
711 5023 828 5072 arte
858 5015 1078 5083 diaboli,
1117 5014 1257 5088 [ut]
1305 5026 1426 5087 post
1458 5026 1659 5072 metmn
1712 5026 1968 5087 sequatur
2006 5032 2101 5070 cos

2117 3144 2162 3205 C

2183 1933 2397 1993 captus,
2449 1923 2624 1979 aliove
2674 1925 2863 1979 morbo
2909 1924 3174 1989 irretitus,
3218 1923 3503 1979 incolumis
3556 1922 3761 1996 [nisi]

2183 2012 2367 2079 fuerit,
2392 2015 2531 2069 hanc
2554 2012 2612 2068 S.
2641 2012 2824 2068 Maria:
2850 2015 3097 2085 quzesivit
3115 2013 3332 2069 domum
3363 2013 3527 2084 (188).
3557 2014 3762 2068 Forsan

2184 2104 2464 2175 spiritibus
2511 2103 2712 2175 iniquis
2759 2105 3008 2160 omnibus
3045 2105 3264 2159 nomine
3299 2103 3423 2160 Jesu
3454 2105 3625 2160 bonus
3652 2105 3765 2159 An-

2185 2194 2337 2264 gelus
2366 2193 2699 2265 impetravit,
2745 2209 2815 2249 ne
2859 2194 3029 2260 illam,
3076 2210 3197 2248 eum
3254 2195 3313 2249 S.
3362 2186 3593 2250 'Joannis
3636 2210 3764 2264 per-

2185 2285 2395 2356 egerint
2465 2284 3065 2349 commemorationem,
3124 2284 3496 2354 ingrediantur
3545 2285 3767 2356 provin-

2186 2374 2348 2430 ciam.
2420 2374 2557 2431 Hinc
2609 2373 2835 2448 [patet]
2887 2375 3173 2446 praecipue,
3228 2385 3429 2446 quanta
3461 2376 3512 2429 in
3558 2375 3769 2431 Joanne

2185 2466 2523 2532 beatissimo,
2553 2467 2729 2522 divina
2776 2467 3138 2537 praeveniente
3171 2469 3366 2538 gratia,
3399 2466 3527 2537 insit
3573 2467 3765 2530 virtus,

2188 2553 2396 2627 [cum]
2425 2570 2633 2622 omnes,
2656 2556 2747 2625 qui
2772 2556 2963 2610 devote
2989 2571 3143 2611 suum
3171 2556 3461 2626 implorant
3479 2557 3765 2622 auxilium,

2188 2646 2605 2717 quamprimum,
2637 2645 2895 2716 quidquid
2926 2645 3110 2711 velint,
3150 2646 3461 2715 impetrent.

2255 2735 2384 2789 220.
2425 2733 2611 2803 Neque
2650 2744 2825 2804 turpe,
2881 2751 3055 2805 neque
3104 2736 3445 2792 inhonestum
3500 2736 3651 2803 duxi,
3710 2737 3767 2793 itt

2188 2827 2335 2883 calce
2384 2826 2496 2882 fere
2545 2827 2739 2881 horum
2778 2826 3098 2881 miraculum
3152 2836 3376 2883 matrem
3413 2843 3611 2894 meam,
3655 2837 3767 2883 tum

2189 2916 2351 2973 etiam
2407 2926 2461 2972 et
2495 2926 2724 2971 matrem
2773 2918 2945 2987 patris
2993 2917 3097 2973 mei
3145 2918 3383 2988 ponere;
3443 2926 3502 2972 ut
3548 2933 3617 2973 ex
3664 2919 3770 2973 hoc

2190 3008 2366 3078 quivis
2411 3008 2710 3079 intelligere
2746 3008 2944 3070 valeat,
2996 3023 3081 3063 me
3133 3025 3240 3064 non
3297 3018 3501 3065 tantum
3547 3018 3771 3079 propter

2192 3101 2433 3157 habitum
2490 3101 2790 3173 religionis,
2848 3117 3035 3157 verum
3085 3104 3251 3157 etiam
3305 3102 3486 3156 multis
3536 3101 3657 3156 aliis
3700 3100 3770 3154 de

2192 3193 2389 3259 causis,
2444 3192 2787 3248 sanctissimo
2829 3191 3020 3249 Joanni
3062 3192 3220 3264 longe
3263 3192 3510 3264 obligari.
3546 3191 3767 3246 Matrem

2193 3281 2354 3353 igitur
2382 3282 2552 3353 patris
2581 3283 2721 3348 mei,
2739 3282 3011 3338 Xantbam
3048 3284 3290 3345 nomine,
3313 3282 3490 3337 adhuc
3511 3279 3765 3350 puellam,

2192 3374 2411 3444 quidam
2434 3373 2659 3429 furcifer
2704 3382 2760 3430 ct
2787 3374 3137 3445 iniquissimae
3165 3374 3288 3428 vine
3330 3372 3608 3444 presbyter
3656 3387 3769 3425 ma-

2194 3469 2296 3540 giis
2329 3477 2384 3523 et
2409 3467 2863 3525 incantationibus
2888 3484 2953 3524 ex
2986 3467 3217 3523 formosa
3242 3476 3296 3522 et
3325 3481 3552 3536 corpore
3596 3464 3768 3519 solido

2194 3570 2249 3614 et
2277 3559 2421 3615 succi
2451 3558 2630 3628 pleno,
2662 3560 2799 3615 adeo
2826 3559 3019 3614 vietam
3051 3565 3106 3613 ct
3132 3566 3467 3612 veternosam
3491 3564 3548 3610 et
3565 3570 3764 3624 aegram

2194 3660 2250 3707 et
2274 3652 2571 3723 squalidam
2599 3650 2849 3717 reddidit,
2874 3659 2933 3705 ut
2973 3648 3201 3719 efﬁgiem
3250 3640 3497 3716 corporis
3538 3661 3630 3702 seu
3674 3661 3769 3715 po.

2198 3741 2304 3799 lius
2325 3742 2591 3806 umbram,
2623 3755 2728 3795 non
2759 3753 2956 3808 corpus
2988 3737 3238 3802 dixisses,
3270 3745 3348 3801 et,
3377 3752 3499 3792 cum
3530 3734 3617 3790 vix
3643 3749 3767 3789 ossa

2195 3838 2408 3893 ossibus
2440 3838 2729 3898 haererent,
2773 3844 2829 3890 et
2877 3835 2988 3892 suis
3031 3849 3092 3892 se
3148 3833 3385 3905 vestigiis
3430 3835 3590 3889 etiam
3644 3848 3766 3888 cum

2196 3927 2392 3982 bacillo
2417 3927 2561 3982 haud
2596 3927 2849 3993 sisteret,
2887 3924 3027 3982 lecto
3058 3925 3206 3981 humi
3237 3934 3413 3981 strato
3445 3924 3770 3980 decumbere

2198 4016 2585 4091 [cogeretur].
2619 4019 2699 4073 Ad
2726 4032 2888 4087 quam
2925 4016 3198 4072 visendam
3242 4015 3395 4069 tnulti
3428 4015 3660 4084 undique
3698 4029 3769 4068 ex

2196 4109 2393 4179 populo
2422 4106 2777 4163 convolarunt
2806 4125 2818 4161 :
2866 4122 2989 4162 nam
3021 4106 3345 4160 horrendum
3400 4106 3467 4159 de
3497 4120 3556 4161 se
3588 4104 3763 4159 triste-

2196 4217 2301 4272 que
2329 4201 2492 4255 etiam
2519 4186 2618 4253 sibi
2662 4197 2887 4252 infensis
2934 4197 3301 4266 spectaculum
3348 4197 3626 4266 praebere;
3681 4209 3773 4249 ve-

2198 4307 2316 4348 rum
2344 4305 2486 4354 cum,
2518 4289 2880 4359 qniaderant,
2926 4288 3026 4343 sibi
3086 4302 3245 4358 Opem
3278 4296 3426 4342 tanto
3479 4287 3534 4341 in
3581 4286 3778 4347 discri-

2199 4382 2343 4439 mine
2395 4381 2541 4437 haud
2594 4378 2739 4434 ferre
2787 4387 3029 4448 possent,
3077 4377 3216 4433 forte
3265 4378 3483 4449 quidam
3530 4393 3596 4434 ex
3644 4391 3776 4447 agro

2127 4480 2175 4538 D
2200 4475 2399 4531 Geticae
2433 4488 2571 4530 nova
2602 4488 2660 4527 re
2688 4472 2899 4535 ductus,
2926 4470 3052 4525 huic
3080 4480 3186 4524 tam
3236 4469 3527 4525 miserabili
3558 4479 3771 4538 specta-

2202 4566 2324 4621 culo
2362 4563 2712 4635 supervenit;
2748 4570 2804 4617 et
2839 4576 2961 4616 cum
2993 4559 3180 4631 ingens
3211 4560 3496 4614 mulierum
3543 4560 3776 4630 gemitus

2201 4663 2255 4711 et
2284 4655 2524 4727 ploratus
2548 4653 2798 4711 omnibus
2833 4652 3100 4724 laerymas
3125 4658 3436 4715 excuteret,
3475 4648 3559 4704 his
3586 4648 3767 4713 etiam,

2203 4747 2293 4817 qui
2327 4747 2469 4801 nulla
2495 4760 2682 4802 secum
2711 4743 2967 4799 affinitate
3008 4751 3278 4807 tenentur,
3306 4742 3478 4812 inquit
3505 4742 3593 4798 ille
3619 4758 3632 4794 :
3660 4740 3769 4795 Ab-

2201 4836 2312 4891 sint
2368 4835 2640 4906 Iacrymaa,
2711 4834 2863 4889 dolor
2929 4833 3105 4889 omnis
3174 4832 3387 4902 penitus
3434 4846 3466 4886 e
3522 4830 3775 4887 cordibus

2202 4925 2397 4980 vestris
2427 4925 2705 4990 solvatur;
2759 4930 2815 4979 ct
2862 4938 2982 4992 qua:
3018 4922 3218 4988 dicam,
3269 4920 3486 4977 silentio
3532 4917 3772 4975 animati-

2205 5017 2444 5078 vertalis,
2473 5032 2590 5069 oro.
