4110 5362
509 254 615 312 899

1580 252 1638 308 S.
1675 248 1957 306 JOANNIS
1994 246 2388 316 GUALBEll'l‘l
2427 248 2722 305 ABBATIS

3683 267 3790 322 900

508 374 687 442 ginem
732 373 869 430 duco
895 373 1161 430 extitisse.
1197 371 1346 427 llanc
1373 371 1518 426 enim
1551 369 1871 440 religionem
1911 364 2109 422 incessi
2140 370 2189 428 Α
2219 364 2390 418 visum
2421 374 2502 419 est
2527 365 2594 420 ad
2623 367 2950 425 sanctissimi
2965 368 3190 429 Joannis
3219 375 3525 446 sepulcrum
3549 379 3784 438 deferre.

509 463 793 531 puerulus,
825 477 1036 520 sextum
1071 463 1318 518 videlicet
1346 471 1402 516 et
1427 460 1710 515 dimidium
1739 473 1770 514 a
1809 456 2094 513 nativitate

501 569 672 626 agens
697 571 918 609 annum.

570 645 697 700 227.
730 646 787 698 ln
819 646 968 698 calce
994 643 1234 698 omnium
1282 641 1668 697 miraculorum
1699 639 1924 696 Joannis
1954 655 2090 694 san-

503 735 754 799 ctissimi,
787 751 908 804 quae
943 745 998 790 et
1029 735 1127 804 ipsi
1159 734 1392 788 vidimus
1409 742 1465 788 et
1488 733 1795 788 audivimus
1825 732 2090 793 viventes,

502 825 766 880 divinitus
800 842 830 881 e
856 827 995 881 coelo
1025 827 1276 896 precibus
1301 824 1419 894 ejus
1449 825 1763 894 impetrata,
1793 824 1914 886 hoc,
1949 819 2090 891 quod

499 913 795 984 Gregorius
825 899 1404 985 vir'religiosiss‘imus,
1445 911 1575 969 olim
1619 913 1923 968 Passiniani
1971 927 2089 966 mo-

499 1005 724 1060 nasterii
772 989 1117 1077 procurator,
1169 1006 1224 1060 in
1278 1005 1568 1075 scripturis
1609 1019 1714 1058 non
1763 1003 2087 1057 inconcinne

499 1092 740 1163 reliquit,
786 1109 1071 1164 ponemus.
1108 1095 1185 1149 Ex
1230 1094 1412 1149 Linari
1443 1095 1642 1165 oppido
1685 1092 2086 1148 fuisse‘adole-

505 1192 746 1238 scentem
779 1187 1065 1253 quemdam
1094 1171 1368 1239 memoriae
1398 1185 1663 1253 prodidit;
1693 1185 2020 1255 qui'quidem
2043 1183 2085 1240 'a

496 1286 593 1326 sex
622 1274 904 1343 spiritibus
926 1276 1216 1330 immundis
1235 1276 1436 1330 acriter
1456 1274 1511 1330 et
1533 1267 1846 1331 immaniter
1870 1285 2087 1345 torque-

494 1364 677 1422 batur.
732 1365 887 1422 Hu‘ne
936 1368 1118 1437 itaque
1167 1368 1484 1437 parentibus
1539 1378 1595 1424 et
1642 1366 1912 1434 afﬁnibus,
1959 1383 2084 1424 cum

495 1453 700 1514 nullam
731 1455 894 1512 aliam
922 1458 1006 1514 sui
1047 1457 1310 1514 liberandi
1348 1447 1498 1528 spem
1533 1458 1816 1524 haberent,
1848 1459 2086 1514 salutare

2201 459 2412 514 Comite
2457 460 2638 528 itaque
2680 461 2848 530 ipsius
2886 464 3065 534 oppidi
3113 469 3432 539 presbytero
3467 475 3784 539 venerabili,

2200 563 2324 604 eum
2353 551 2600 605 manibus
2628 550 2836 608 affectis
2856 551 3266 631 [laborantcm,]
3288 569 3340 614 et
3359 559 3582 632 loquela:
3602 565 3779 620 ollicio

2198 643 2469 712 privatum
2495 645 2562 698 ad
2592 644 2892 700 Passiniani
2926 652 3318 727 monasterium
3339 652 3630 708 deducunt.
3647 653 3783 712 Cum

2197 735 2380 804 itaque
2429 745 2556 790 ante
2622 736 2682 790 S.
2733 735 2956 793 Joannis
3004 728 3310 810 sepulcrum
3375 742 3786 816 conjuraretur,

2195 826 2467 880 daanones
2491 826 2661 896 ipsius
2689 830 3021 884 sanctissimi
3051 833 3308 887 virtutem
3346 833 3485 889 haud
3519 835 3784 904 ferentes,

2195 931 2336 970 unus
2364 924 2488 986 post
2531 917 2760 972 alterum
2793 919 2846 972 in
2891 935 3002 975 rem
3034 938 3184 976 suam
3232 924 3427 979 malam
3473 928 3636 980 etiam
3690 944 3788 998 per

2191 1022 2370 1063 aerem
2398 1009 2668 1079 (mirabile
2695 1011 2839 1066 dictu
2859 1013 2898 1082 ι)
2921 1014 3190 1081 ejulanter
3213 1031 3505 1072 recessere.
3531 1018 3624 1072 llle
3654 1033 3787 1077 vero

2195 1099 2511 1156 adolescens
2547 1101 2840 1156 incolumis
2865 1113 2920 1158 et
2957 1103 3113 1160 laetus
3140 1122 3260 1160 cmn
3285 1108 3426 1170 suis,
3461 1107 3518 1162 S.
3549 1107 3782 1165 Joannis

2191 1189 2445 1244 virtutem
2473 1191 2671 1260 ubique
2700 1193 3024 1263 praedicans,
3057 1197 3273 1251 donmm
3319 1181 3592 1267 propriam
3629 1214 3783 1270 repe-

2191 1281 2294 1338 tiit.
2327 1282 2494 1351 llujus
2517 1285 2648 1338 tanti
2680 1285 2926 1340 miraculi
2959 1297 3122 1343 testes
3145 1297 3477 1344 suntoumcs
3507 1289 3600 1358 qui
3653 1290 3782 1346 illud

2171 1383 2320 1429 ,tunc
2347 1377 2758 1443 monasterium,
2789 1377 2928 1434 sicut
2958 1379 3073 1448 ipse
3098 1378 3282 1446 refert,
3309 1379 3638 1436 incolebant.

1586 1761 1948 1849 LIBER
2016 1762 2666 1865 SECUNDUS.

842 1945 1239 2004 Ριιθοειιιιιιι
1280 1948 1370 2003 AD
1409 1946 1725 2004 EUMDEM.

556 2041 683 2096 228.
699 2040 754 2096 ln
765 2040 1031 2111 superiori
1048 2050 1200 2110 parte
1214 2040 1393 2111 operis
1408 2039 1586 2108 hujus,
1605 2034 1853 2095 Laurenti
1872 2033 2078 2113 magni-4

491 2132 614 2196 fice,
637 2130 788 2194 satis,
816 2130 959 2201 quod
990 2131 1260 2200 pollicitus
1285 2145 1424 2195 sum,
1455 2129 1781 2200 explicatum
1811 2132 2074 2186 arbitror.

488 2219 624 2276 Nam
654 2235 762 2276 non
795 2220 979 2274 omnia
1028 2235 1150 2290 quas
1185 2221 1252 2276 de
1301 2222 1649 2277 sanctissimo
1690 2221 1900 2278 Joanne
1929 2223 2076 2294 lege-

487 2325 626 2378 ram,
661 2312 926 2379 videram,
953 2321 1010 2367 et
1038 2327 1067 2366 a
1107 2312 1238 2365 viris
1269 2311 1372 2367 fide
1398 2312 1576 2384 dignis
1601 2328 1954 2383 acceperam;
1979 2313 2074 2368 sed

484 2405 750 2473 carptim,
803 2412 862 2456 ut
910 2395 1147 2473 quaeque
1189 2391 1450 2457 memoria
1499 2401 1662 2472 digna
1717 2402 2072 2472 videbantur,

487 2493 678 2566 [volui]
710 2496 1084 2565 perscribere;
1112 2505 1169 2548 ut
1193 2487 1349 2549 facile
1375 2495 1552 2564 quivis
1609 2493 2075 2565 percipiat‘quan-

487 2593 601 2639 tum
643 2584 770 2640 Jesu
811 2585 1013 2640 Christi
1060 2584 1233 2638 virtus
1275 2583 1327 2637 in
1381 2584 1717 2638 dwmonibus
1763 2583 2073 2639 evertendis

484 2677 874 2749 ejiciendisque
928 2677 980 2731 in
1032 2691 1097 2731 eo
1122 2675 1372 2740 valuerit,
1421 2675 1473 2730 in
1499 2675 1723 2745 diesque
1774 2675 1981 2740 Valeat;
2015 2685 2070 2729 et

479 2784 588 2824 non
622 2770 694 2822 ita
718 2784 863 2833 esse,
889 2776 948 2822 ut
983 2767 1228 2822 nonnulli
1268 2766 1561 2821 falsissime
1593 2768 1907 2837 opinantur,
1943 2769 2065 2820 bra-

481 2860 664 2916 chium
717 2858 833 2927 ejus
887 2859 1294 2912 sanctissimqu
1327 2873 1463 2926 pene
1499 2857 1647 2926 (quia
1695 2874 1859 2928 super
1906 2867 2069 2924 caput

477 2951 636 3006 mni-.e
681 2950 915 3019 positum
966 2957 1209 3017 tempore
1237 2947 1438 3002 domini
1482 2946 1680 3001 Placidi
1714 2947 1861 3018 (189)
1909 2947 2070 3017 hujus

480 3038 801 3092 tnonasterii
825 3038 1038 3091 abbatis
1061 3035 1498 3106 aiuntjamisisse
1521 3037 1796 3090 virtutem.
1823 3035 1876 3089 Id
1904 3036 2069 3091 fuisse

476 3126 854 3190 falsissimum,
899 3126 1240 3195 quamplura,
1281 3139 1399 3194 quae
1446 3135 1568 3193 post
1613 3140 1737 3180 eum
1788 3124 2063 3180 Placidum

475 3217 791 3272 felicissime
815 3218 989 3286 egerit
1019 3217 1304 3281 miracula,
1337 3216 1490 3286 longe
1514 3215 1726 3286 lateque
1762 3215 2060 3271 declarant.

2110 1954 2156 2013 Β
2186 1949 2274 2004 ille
2301 1951 2489 2020 ingens
2515 1955 2935 2022 amor,quemin
2966 1955 3280 2028 religionem
3308 1959 3466 2015 istam
3491 1965 3553 2017 re
3584 1970 3774 2019 osten-

2184 2043 2287 2104 dis,
2305 2043 2347 2096 si
2366 2043 2550 2113 augeri
2578 2053 2755 2114 potest
2777 2046 2943 2115 (quod
2963 2048 3212 2117 equidem
3237 2051 3381 2115 haud
3405 2052 3563 2121 scio),
3601 2052 3776 2122 major

2179 2129 2234 2185 iu
2256 2132 2373 2185 dies
2403 2131 2514 2196 fiet,
2554 2142 2676 2186 cum
2707 2133 3043 2191 intellexeris
3069 2135 3333 2194 Joannem
3364 2142 3773 2207 beatissimum,

2179 2220 2328 2275 illum
2357 2220 2486 2275 olim
2517 2221 2692 2276 civem
2722 2223 3115 2292 Florentinum,
3165 2243 3269 2282 non
3316 2229 3491 2284 solum
3531 2231 3630 2300 ipsi
3672 2247 3774 2300 pa-

2180 2312 2314 2375 triae,
2348 2327 2534 2366 verum
2568 2313 2729 2366 etiam
2771 2315 3038 2370 universis
3069 2317 3317 2373 lidelibus
3355 2321 3684 2378 Christianis
3717 2335 3776 2377 et

2175 2402 2444 2471 profuisse
2473 2413 2528 2456 et
2563 2404 2822 2473 prodesse
2870 2421 3103 2474 semper.
3154 2407 3296 2479 Lege
3339 2424 3469 2480 ergo
3508 2411 3769 2468 feliciter.

2835 2491 3012 2548 PARS
3049 2494 3090 2548 Ι.

2245 2578 2370 2632 2'50.
2392 2579 2657 2650 Tempore
2679 2572 3007 2636 sanctissimi
3040 2584 3091 2637 in
3121 2581 3340 2640 Christo
3365 2586 3580 2643 Martini
3607 2603 3772 2660 papae

2179 2667 2217 2722 ν
2249 2670 2395 2739 (191)
2425 2686 2546 2723 cuin
2579 2671 2904 2727 Florentinis
2937 2673 3057 2728 belli
3087 2675 3408 2744 periculum,
3439 2688 3551 2731 tum
3577 2695 3644 2734 ex
3678 2694 3768 2747 eo,

2177 2771 2284 2814 tum
2322 2779 2388 2816 ex
2441 2764 2762 2831 quibusdam
2813 2756 2934 2820 aliis
2988 2766 3260 2836 finitimis,
3311 2762 3646 2840 regibusque
3699 2789 3764 2827 ea

2170 2861 2439 2919 potestate
2469 2852 3176 2921 pollentibus,immineret;
3208 2867 3264 2911 et
3290 2859 3392 2928 ipsi
3427 2859 3764 2922 libertatem,

2171 2941 2421 3010 patrima,
2449 2952 2809 3013 parentesque
2834 2947 2999 3000 armis
3031 2955 3208 3015 tegere
3231 2959 3592 3017 concupereut
3609 2953 3764 3020 (quia

2172 3033 2272 3086 nisi
2320 3034 2521 3104 ingenti
2565 3051 2676 3089 iure
2725 3037 2829 3091 hoc
2879 3038 3020 3092 inter
3052 3039 3309 3095 mortales
3354 3043 3438 3112 agi
3486 3057 3592 3097 non
3637 3042 3765 3096 licet

2170 3126 2456 3198 perferte),
2495 3131 2751 3222 o.mnibus
2789 3140 2900 3185 tum
2937 3134 3255 3188 suteditioni
3287 3137 3619 3206 parentibus,
3661 3154 3764 3192 nec

2172 3217 2436 3286 religiosis
2461 3217 2678 3285 amotis,
2721 3235 2860 3275 onus
2889 3237 2991 3276 non
3025 3238 3249 3292 parvum
3284 3225 3336 3278 in
3369 3227 3596 3294 pecunia
3638 3226 3756 3282 sol-

473 3309 628 3374 Quod
656 3308 700 3362 si
730 3308 802 3361 ita
826 3317 989 3370 esset,
1018 3316 1075 3361 ut
1103 3306 1349 3362 malevoli
1373 3308 1592 3377 quidam
1616 3301 1860 3363 asserere
1883 3309 2062 3362 nitun-
2091 3323 2135 3383 ρ
2167 3307 2337 3361 venda
2397 3307 2731 3377 imposuere;
2765 3321 2821 3364 et
2848 3309 2952 3382 [ut]
2998 3315 3394 3382 quamprimum
3425 3315 3758 3381 solveretur,

473 3413 584 3468 tur,
618 3418 719 3458 nec
755 3403 1032 3474 indignum
1063 3403 1340 3466 ducerem,
1388 3417 1487 3456 nec
1520 3410 1707 3456 contra
1743 3400 1834 3469 jus
1873 3401 2064 3471 fasque

471 3495 676 3551 factum
726 3489 861 3551 alios
923 3497 1120 3551 ducere
1174 3494 1368 3550 debere
1409 3495 1725 3560 arbitrarer,
1765 3496 2068 3563 praesertim

473 3603 598 3644 cunt
626 3587 892 3643 daemonia
928 3587 1148 3658 ingredi.
1170 3586 1378 3642 belluas
1421 3595 1476 3641 et
1515 3601 1696 3655 posse,
1731 3584 1954 3656 jamque
1985 3586 2066 3640 in-

472 3692 658 3748 gressa
690 3692 835 3743 esse,
865 3687 918 3731 et
945 3677 1146 3732 Christi
1187 3675 1312 3731 Jesu
1355 3675 1645 3746 Evangelia
1671 3684 1726 3730 et
1751 3684 2062 3731 sanctorum

470 3768 693 3824 Patrum
727 3769 989 3832 historim,
1019 3769 1320 3838 praesertim
1364 3765 1656 3821 Hilarionis
1698 3767 1942 3822 eremitaz
1973 3781 2063 3822 ve-

469 3857 749 3920 nerabilis,
773 3858 1078 3912 ostendant.

541 3947 666 4002 2‘29.
697 3946 792 3999 llis
824 3946 987 4015 igitur
1014 3961 1138 3999 cum
1163 3945 1278 4001 suis
1303 3943 1453 4000 falsis
1474 3945 1862 4001 commentitiis
1888 3946 2058 4000 omis-

466 4035 570 4102 sis,
615 4037 858 4110 aliorum
896 4036 1283 4090 miraculorum
1332 4053 1529 4108 genera
1574 4053 1895 4108 prosequar,
1942 4054 2062 4110 quae

467 4125 678 4187 nonad
707 4127 967 4186 daemonis
993 4127 1380 4186 intolerabiles
1418 4145 1628 4196 cruces,
1659 4138 1720 4184 ut
1757 4131 2059 4200 superiora,

467 4238 658 4279 verum
698 4223 765 4278 ad
811 4221 946 4278 alios
994 4216 1530 4290 morbos'pertinent.
1563 4220 1823 4277 Omittam
1857 4232 2056 4288 tamen,

467 4331 591 4387 quae
621 4315 748 4372 olim
771 4333 797 4370 a
819 4316 874 4370 S.
894 4315 1098 4371 Actone
1126 4315 1294 4385 (190),
1327 4313 1484 4385 hujus
1512 4325 1714 4370 sancta:
1736 4314 1917 4369 Maria:
1946 4329 2060 4380 mos

469 4408 692 4463 nasterii
721 4408 943 4472 abbate,
971 4417 1026 4463 et
1050 4407 1174 4461 inde
1203 4407 1515 4462 Pistoriensi
1535 4409 1809 4478 episcopo,
1833 4405 2058 4476 diligen-

471 4506 553 4550 ter
587 4498 885 4566 perscripta
921 4507 1076 4563 sunt;
1117 4513 1236 4566 quae
1275 4498 1494 4566 quidem
1527 4505 1716 4551 extant
1761 4497 1958 4550 adhuc.
1986 4497 2058 4550 At

468 4602 532 4641 ea
567 4596 774 4641 tantum
806 4586 1003 4641 litteris
1029 4596 1084 4640 et
1113 4587 1388 4641 memorim
1425 4587 1639 4641 tradere
1682 4587 1905 4652 curabo,
1932 4602 2052 4656 qua:

2166 3397 2290 3466 quia
2319 3398 2618 3465 periculum
2646 3415 2885 3469 praesens
2929 3413 2986 3455 et
3035 3399 3345 3458 inevitabile
3383 3415 3550 3470 esset,
3585 3408 3743 3475 impe-

2169 3500 2376 3542 ravere.
2415 3485 2758 3561 Quapropter
2783 3493 2905 3544 cum
2935 3492 3087 3546 multi
3127 3508 3195 3546 ex
3227 3493 3496 3564 religiosis
3523 3507 3590 3549 eo
3616 3505 3756 3550 tem-

2167 3592 2297 3646 pore
2350 3580 2491 3634 haud
2541 3582 2818 3650 pecuniosi
2857 3583 3175 3647 existerent,
3223 3599 3324 3640 nec
3374 3587 3538 3640 etiam
3586 3585 3748 3640 aliam

2165 3671 2469 3738 pecuniam,
2511 3672 2632 3727 aliis
2683 3676 3017 3743 temporibus
3049 3675 3100 3729 id
3123 3677 3484 3745 exigentibus,
3516 3692 3609 3732 sua
3651 3686 3746 3732 aut

2165 3761 2464 3813 amicorum
2519 3759 2624 3816 fide
2673 3773 2972 3832 sumptam,
3023 3767 3245 3834 penuria
3307 3782 3488 3822 rerum
3537 3769 3747 3821 solvere

2163 3859 2405 3918 possent,
2435 3859 2491 3904 ut
2523 3852 2574 3905 in
2607 3852 2699 3906 tali
2747 3853 3062 3908 discrimine
3108 3855 3223 3909 fieri
3272 3857 3430 3920 solet,
3459 3857 3748 3912 beneficio-

2165 3955 2281 3994 rum
2338 3956 2558 3995 suorum
2605 3945 2975 4011 possessiones
3019 3945 3250 4010 civibus,
3291 3947 3343 4000 in
3391 3948 3662 4017 republica
3690 3957 3748 4002 et

2161 4033 2487 4088 auctoritate
2535 4043 2590 4088 et
2631 4035 2834 4088 divitiis
2890 4047 3000 4090 tum
3053 4035 3389 4101 florentibus,
3416 4038 3614 4108 ingenti
3635 4053 3745 4093 aere

2160 4127 2229 4179 ab
2257 4126 2342 4180 his
2390 4135 2622 4197 sumpto,
2658 4111 2812 4181 inviti
2857 4129 2923 4181 ad
2971 4143 3160 4182 eorum
3201 4128 3742 4200 liiioruinque'vitam

2162 4219 2453 4272 tradidere.
2486 4219 2538 4272 In
2571 4234 2636 4273 eo
2665 4219 3038 4288 religiosorum
3070 4236 3300 4275 numero
3332 4232 3387 4276 et
3418 4223 3485 4276 Β.
3519 4223 3580 4279 ι).
3613 4223 3744 4280 Ric-

2159 4311 2537 4380 ciardus(l92)
2555 4312 2786 4383 hujusS.
2811 4313 2991 4369 Mariae
3020 4315 3516 4372 monasteriiabbas
3540 4321 3740 4388 proba-

2160 4411 2247 4456 tur
2283 4404 2589 4470 exstitisse;
2647 4421 2752 4460 non
2799 4407 2922 4474 quia
2978 4406 3434 4475 imprudensvaut
3481 4409 3741 4480 prodigus

2159 4492 2347 4565 [erat,]
2370 4491 2706 4567 verutn'[ob]
2739 4495 2998 4549 tributum
3051 4496 3320 4564 iniquum,
3371 4512 3465 4551 sua
3531 4507 3738 4568 tempe-

2157 4593 2298 4637 state
2329 4584 2672 4652 imperatum,
2703 4600 2777 4639 ass
2808 4585 3040 4638 alienum
3085 4600 3192 4639 non
3240 4601 3464 4656 parvum
3511 4587 3734 4643 fecerat.

471 4685 654 4730 nostra
688 4685 1007 4746 tempestate
1033 4685 1087 4730 et
1110 4677 1341 4746 propriis
1364 4677 1547 4746 aspexi
1574 4676 1763 4738 oculis,
1789 4685 1843 4732 et
1865 4691 1893 4730 a
1922 4677 2054 4730 viris
2085 4667 2132 4728 D
2158 4673 2425 4728 Praeterea
2455 4673 2599 4746 [erat
2625 4674 2735 4746 hic]
2785 4676 2973 4746 ingens
3020 4677 3410 4730 monachorum
3443 4693 3731 4743 numerus;

471 4767 576 4820 fide
617 4766 792 4836 dignis
832 4766 1037 4834 accepi.
1079 4764 1208 4832 Qum
1253 4767 1341 4820 ubi
1389 4765 1603 4836 legeris,
1640 4779 1703 4819 ex
1737 4765 2052 4821 beatissimo

467 4853 675 4910 Joanne
703 4855 858 4910 facile
883 4856 1177 4926 perspicies
1202 4857 1574 4910 sanctissimos
1611 4856 1757 4910 viros
1779 4872 1807 4910 a
1825 4856 2053 4912 Domino

465 4940 616 5011 Jesu,
641 4944 911 5014 quidquid
954 4944 1139 5008 velint,
1181 4945 1442 5014 consequi
1471 4959 1652 5014 posse,
1697 4954 1751 4998 et
1796 4945 2052 5000 mortales

467 5052 682 5103 omnes,
705 5037 748 5092 si
778 5046 924 5092 recta
948 5045 1002 5093 et
1026 5052 1177 5107 aequa
1198 5052 1349 5106 aeque
1377 5047 1628 5105 recteque
1650 5036 1877 5092 Sauctos
1905 5039 2050 5107 ipsos

469 5137 678 5199 petant,
722 5142 995 5198 nunquam
1041 5128 1313 5181 incassum
1362 5140 1454 5180 seu
1496 5124 1694 5180 frustra
1741 5136 1957 5194 petere;
1997 5137 2052 5183 et

545 5242 688 5266 nom
720 5241 850 5266 huc-
883 5239 1020 5268 ’.ηΑΑ
1061 5239 1147 5268 Itin
1189 5237 1458 5270 :nrnnnlnl-
1483 5236 1724 5272 οισιιιῖΑΙ--κ
1754 5236 2022 5274 ξδ-ιυ-ὶιιηηῖ

2157 4763 2223 4817 ad
2250 4765 2363 4818 haec
2385 4775 2438 4817 et
2463 4764 2688 4818 aliorum
2715 4764 3104 4829 ministrorum,
3127 4780 3262 4834 quos
3283 4766 3497 4836 vulgato
3523 4766 3735 4820 nomine

2155 4855 2457 4910 Conversos
2487 4856 2736 4922 dicimus,
2763 4856 3037 4925 exquibus
3057 4856 3279 4924 quidam
3305 4854 3474 4928 [sunt]
3505 4855 3732 4910 instituti

2155 4949 2222 5003 ad
2249 4949 2454 5003 cultmn
2486 4949 2724 5002 divinum
2771 4947 3166 5018 peragendum;
3197 4947 3416 5017 quidam
3449 4957 3628 5002 autem
3664 4949 3736 5014 ad

2154 5039 2333 5094 forum
2381 5055 2561 5093 rerum
2607 5038 2902 5103 venalium,
2933 5053 3057 5092 cum
3098 5053 3184 5092 res
3230 5039 3343 5106 ipsa
3370 5040 3734 5094 necessitasve

2153 5131 2475 5200 expostulat,
2529 5131 2854 5185 mittuntur:
2879 5146 3005 5184 ttam
3040 5131 3231 5185 domus
3263 5147 3470 5204 magna!
3505 5147 3731 5188 numero

2154 5242 2328 5276 ("nini
