4110 5362
397 165 494 220 901

1943 154 2146 210 ACTA.

3561 157 3670 214 θοι

396 279 638 332 virormn
686 275 1032 348 prudentium
1080 283 1489 338 conservantur,
1544 272 1878 327 illustrantur
1925 279 1980 326 et
2008 273 2053 330 Α
2086 269 2395 334 irriderent,
2439 281 2568 324 nutu
2605 272 2785 326 divino
2820 284 3037 327 secures
3075 286 3106 327 e
3147 273 3397 328 manibus
3432 275 3670 332 inciden-

641 384 686 421 1⁵.

641 384 686 421 ι·.

399 379 732 512 “gratiis
767 456 930 528 igitur
971 453 1462 510 necessitudinibus
1504 453 1670 508 abbas
1707 461 1832 508 tunc
1871 452 1978 508 cir-

395 557 749 612 cumventus,
805 563 926 601 cum
962 544 1282 614 quibusdam
1320 544 1536 615 prazdiis
1567 559 1758 598 nemus
1803 542 1980 612 quod-

395 640 520 690 dam
571 638 738 691 etiam
791 636 1036 698 contulit,
1086 633 1239 702 cujus
1297 633 1472 704 gratia
1514 633 1572 687 8.
1610 631 1846 687 Joannes
1878 631 1984 686 tale

397 726 548 781 dedit
576 726 917 781 miraculum.
957 728 1050 781 Est
1077 727 1226 782 locus
1244 726 1695 794 bisinAlpibusin
1715 726 1980 780 orientem

396 831 646 887 vergens,
672 817 814 886 quod
846 817 1099 870 Metatum
1142 816 1380 888 montani
1408 817 1554 887 (l95)
1585 816 1749 870 etiam
1797 826 1981 869 nostra

398 915 725 977 tempestate
765 906 981 974 vulgato
1017 907 1234 960 nomine
1270 905 1562 976 appellant.
1611 907 1780 960 Abest
1834 906 1980 960 enim

396 995 466 1052 ab
502 996 608 1049 isto
636 995 694 1050 8.
726 995 907 1048 Maria:
953 997 1284 1049 monasterio
1317 996 1486 1048 ferme
1507 995 1614 1048 duo
1659 994 1822 1048 millia
1853 1008 1980 1062 pas-

395 1103 575 1153 suum,
611 1087 662 1140 itt
693 1102 800 1155 quo
829 1101 1020 1140 nemus
1047 1086 1341 1155 quoddam,
1373 1085 1658 1154 diligenter
1689 1085 1976 1147 consitum,

395 1181 702 1248 quercubus
742 1177 974 1247 aliisque
1040 1177 1332 1247 generibus
1371 1177 1626 1232 arborum
1684 1175 1976 1240 refertum,

395 1271 587 1325 faciem
649 1271 985 1324 intuentibus
1036 1268 1297 1322 laetiorem
1345 1268 1612 1329 ostendit;
1661 1267 1785 1334 quia
1824 1264 1978 1333 juxta

395 1363 591 1415 tlmnen
614 1361 727 1430 jngi
761 1376 897 1430 aqua
947 1359 1252 1428 piscibnsve
1291 1358 1550 1412 refertum
1583 1356 1801 1421 labitur,
1837 1355 1980 1410 testi-

394 1467 570 1520 voque
612 1463 852 1520 tempore
895 1466 1091 1517 pecore
1121 1439 1283 1518 atque
1325 1449 1624 1504 cultoribus
1672 1457 1726 1502 et
1770 1447 1980 1503 civibus

395 1539 666 1596 interdum
704 1540 1078 1609 frequentatur
1126 1540 1366 1609 piscandi
1394 1535 1601 1608 gratia.
1643 1538 1776 1592 Cum
1815 1538 1980 1608 igitur

2087 359 2220 412 tium
2253 359 2486 428 delapsre
2517 360 2782 414 cecidere.
2833 361 2984 426 Quod
3024 375 3145 414 cum
3173 362 3386 417 caeteris
3426 364 3528 420 hoc
3557 381 3671 420 me-

2087 454 2197 500 tum
2226 457 2280 500 et
2307 447 2589 502 horrorem
2629 449 2846 519 insuper
2892 458 2946 504 et
2989 465 3094 504 non
3141 465 3360 519 parvam
3407 453 3672 511 incuteret

2085 541 2525 607 admirationem,
2559 557 2698 596 unus
2735 543 2857 596 aliis
2890 542 3118 612 nequior
3142 551 3195 598 et
3224 545 3537 613 improbior,
3572 562 3670 603 eos

2085 632 2288 685 hortari
2319 631 2422 703 [ut]
2450 631 2644 686 iterum
2673 648 2893 686 ser-ures
2925 635 2991 686 ad
3025 633 3288 703 reliquum
3318 650 3509 691 nemus
3531 635 3670 693 iacio

2085 720 2315 774 dendnm
2346 722 2700 790 corriperent.
2742 721 3120 778 ltenitentibus
3159 724 3241 778 Itis
3273 735 3328 779 et
3366 729 3672 782 accusanti-

2084 809 2202 874 bus,
2239 811 2328 864 ille
2360 827 2464 865 non
2493 813 2733 866 futurmn
2772 813 2871 867 sibi
2905 815 3203 882 pratvidens
3229 831 3437 884 casum,
3474 821 3667 890 raptim

2083 902 2317 954 securim
2363 902 2605 972 capiens,
2639 917 2758 956 eam
2813 913 3130 972 perstrenue
3179 906 3427 963 elevavit.
3474 910 3578 965 Sed
3630 926 3665 967 o

2082 994 2376 1047 verendum
2409 995 2477 1049 ab
2515 995 2767 1049 omnibus
2807 994 3009 1050 Cbristi
3051 995 3176 1052 Jesu
3215 999 3514 1064 judicium!
3567 1019 3671 1060 nec

2085 1095 2274 1135 manus
2306 1097 2403 1136 nec
2432 1084 2665 1138 securim
2701 1085 2972 1154 deponere
3018 1102 3047 1140 a
3101 1098 3252 1159 tergo
3291 1104 3413 1146 cum
3462 1105 3668 1162 posset.

2084 1171 2136 1225 in
2185 1189 2282 1226 sua
2338 1186 2515 1230 tamen
2563 1176 2766 1231 malitia
2823 1193 3199 1247 perseverans,
3261 1185 3386 1238 dum
3445 1187 3670 1256 spiritus

2081 1273 2209 1314 suos
2252 1263 2537 1330 pestiferos
2595 1265 2734 1320 rexit
2783 1282 2956 1330 anus,
3010 1284 3202 1324 manus
3237 1283 3358 1339 post
3393 1289 3668 1345 nunquam

2083 1354 2328 1407 retraxit.
2378 1353 2489 1410 l‘loc
2524 1359 2922 1426 quamprimum
2969 1358 3030 1412 P.
3081 1360 3277 1414 Abbati
3309 1365 3544 1421 nuntiari
3575 1381 3672 1420 cu-

2082 1448 2337 1497 raverunt
2377 1455 2652 1514 pastores;
2688 1456 2743 1500 at
2773 1447 2920 1501 illum
2970 1449 3158 1519 ingens
3203 1450 3456 1520 gaudium
3505 1461 3670 1525 atque

2082 1531 2233 1586 dolor
2259 1535 2418 1588 simul
2447 1551 2779 1605 occupavere
2803 1555 2818 1590 :
2869 1555 2992 1592 nam
3021 1539 3303 1594 lzetabatur
3343 1542 3666 1612 intelligens,

395 1631 610 1686 cuidam
666 1632 768 1687 civi
818 1630 1167 1696 Florentino,
1219 1631 1305 1684 cui
1344 1646 1541 1685 nomen
1591 1630 1866 1684 Bernardo
1909 1631 1976 1684 de
2009 1610 2052 1670 Β
2078 1621 2269 1676 Silvam
2294 1623 2440 1678 illam
2475 1627 2855 1696 perpulcbram
2891 1630 2948 1682 8.
2982 1628 3206 1686 Joannis
3235 1633 3484 1702 precibus
3514 1610 3668 1706 [con-

395 1722 673 1787 Serzellis,
722 1733 781 1778 ut
809 1723 1018 1778 fructus
1058 1739 1124 1776 ex
1165 1738 1232 1778 eo
1272 1724 1612 1793 perciperet,
1659 1723 1881 1776 daretur
1923 1723 1976 1777 in

392 1815 821 1884 possessionem,
861 1821 917 1868 et
942 1800 1028 1867 ille
1049 1819 1238 1868 contra
1265 1813 1374 1883 jus,
1407 1823 1461 1867 et
1489 1812 1662 1868 foedus
1691 1813 1831 1867 inter
1860 1829 1977 1868 mo-

391 1908 601 1962 nachos
627 1914 683 1961 et
706 1920 765 1960 se
787 1920 1128 1975 percussum,
1161 1919 1311 1968 mox,
1345 1905 1686 1973 possessione
1715 1912 1938 1974 accepta
1959 1944 1975 1969 ,

391 1998 618 2052 arbores
665 2010 856 2050 onmes
896 1994 1062 2064 jussit
1095 1995 1282 2051 incidi.
1332 1996 1444 2051 Hoc
1495 1996 1679 2066 inique
1726 1995 1980 2065 fcedeque

388 2086 596 2142 factum
628 2102 695 2140 ex
731 2087 931 2141 nostris
951 2087 1244 2142 Conversis
1269 2079 1510 2156 quidam,
1541 2089 1632 2156 qui
1667 2097 1792 2142 tunc
1823 2097 1978 2158 prata

390 2178 712 2243 tondebant,
741 2178 1024 2244 aegerrime
1068 2177 1322 2244 ferentes,
1357 2195 1473 2243 eos,
1512 2179 1603 2250 qui
1640 2180 1976 2247 incidebant,

389 2268 613 2332 adeunt,
637 2279 877 2333 monent,
905 2278 1060 2323 orant
1087 2285 1154 2324 ne
1183 2270 1286 2324 tale
1312 2269 1522 2326 facinus
1547 2279 1729 2339 agant,
1753 2269 1856 2342 [et]
1885 2287 1978 2328 ve-

393 2357 497 2412 lint
528 2360 854 2428 quandoque
889 2359 958 2414 ab
993 2360 1158 2429 impio
1185 2376 1350 2430 opere
1385 2361 1671 2416 desistere.
1955 2358 1960 2390 ῖ

459 2449 584 2502 2'52.
631 2449 919 2514 Caeterum,
955 2465 1076 2503 cum
1107 2451 1181 2504 illi
1215 2461 1421 2506 tantum
1451 2439 1837 2508 contumeliosa
1871 2455 1975 2509 mi-

391 2556 693 2609 uarumque
733 2542 888 2609 plena
933 2543 1096 2596 verba
1147 2543 1473 2606 redderent,
1524 2547 1768 2600 conversi
1815 2545 1975 2599 veriti

391 2633 601 2702 pejdra,
632 2634 675 2686 si
708 2642 1017 2703 pergerent,
1043 2635 1185 2689 illico
1216 2635 1356 2690 hanc
1395 2637 1744 2706 exquirentes
1782 2639 1972 2705 aedem,

392 2724 453 2778 P.
499 2725 750 2779 abbatem
791 2726 1156 2796 lacrymantes
1189 2727 1412 2790 adeunt,
1464 2743 1686 2797 remque
1725 2743 1971 2793 omnem,

394 2815 470 2868 uti
501 2824 638 2878 erat,
663 2824 940 2869 enarrant.
971 2815 1086 2881 Ille,
1118 2816 1218 2870 etsi
1251 2825 1441 2885 potens
1468 2818 1577 2870 vim
1619 2819 1670 2871 vi
1699 2834 1820 2872 cum
1861 2820 1975 2873 suis

391 2905 676 2973 repellere,
727 2914 904 2959 tamen
953 2906 1080 2975 quia
1134 2905 1187 2958 in
1222 2905 1314 2959 tali
1365 2916 1608 2975 tempore
1653 2908 1736 2960 vis
1775 2907 1971 2961 civiunt
2003 2946 2048 3006 ϐ

391 2997 564 3066 magis
602 2996 851 3051 lenienda
906 3011 1069 3065 quam
1126 2996 1450 3067 exagitanda
1484 3007 1624 3061 erat,
1665 2995 1836 3052 fretus
1867 2997 1976 3051 vir-

394 3093 508 3139 tute
537 3086 736 3151 divina,
775 3085 831 3140 8.
862 3084 1086 3140 Joannis
1114 3086 1420 3155 prasidium
1450 3087 1635 3141 statuit
1666 3080 1973 3157 implorare.

390 3178 559 3248 Igitur
586 3179 740 3247 jussu
771 3192 869 3231 suo
891 3176 1130 3232 collectis
1158 3177 1412 3248 undique,
1445 3179 1533 3248 qui
1562 3177 1696 3233 foris
1725 3179 1977 3248 domique

392 3278 572 3334 erant,
621 3269 898 3323 monachis
944 3277 1002 3323 et
1038 3269 1333 3330 conversis,
1379 3268 1693 3337 capitulum,
1754 3277 1810 3321 ut
1861 3284 1978 3323 mos

391 3371 493 3425 est,
535 3359 788 3414 ﬂebiliter
824 3357 1053 3423 adeunt;
1107 3357 1298 3428 bisque
1346 3358 1611 3428 imprimis
1655 3359 1839 3419 abbas,
1881 3375 1979 3414 cur

391 3453 728 3512 accersisset,
770 3449 1041 3519 aperiens,
1072 3447 1198 3503 inde
1222 3449 1475 3518 praesenti
1525 3447 1758 3518 fortique
1797 3450 1978 3503 animo

391 3546 520 3609 sint,
563 3545 837 3608 hortatur;
885 3556 986 3595 nec
1030 3539 1254 3595 dubium
1299 3541 1441 3594 foret
1481 3539 1560 3594 eis
1596 3539 1654 3594 8.
1714 3539 1974 3595 Joannem

389 3650 546 3706 opem
575 3635 895 3706 quandoque
918 3634 1178 3700 laturum,
1211 3632 1369 3688 modo
1402 3633 1546 3686 bono
1579 3641 1794 3686 rectove
1813 3633 1977 3688 corde

392 3726 671 3781 humiliter
697 3733 752 3780 et
779 3732 1090 3778 reverenter
1114 3723 1182 3778 ab
1209 3723 1288 3778 eis
1325 3723 1652 3792 requiratur.
1696 3721 1787 3776 llis
1818 3722 1976 3776 dictis

390 3821 602 3890 signum
634 3834 755 3873 cum
785 3818 1061 3887 campanis
1090 3816 1226 3882 ﬁeri,
1265 3825 1324 3871 ut
1352 3832 1470 3871 mos
1497 3827 1600 3882 est,
1626 3815 1778 3884 jubet
1806 3833 1818 3869 :
1853 3816 1975 3870 inde

392 3910 454 3964 Ρ.
483 3911 746 3965 Abltatem
785 3923 974 3962 onmes
1008 3905 1282 3961 imitantes
1319 3906 1623 3960 sacrarium.
1648 3907 1864 3961 subnixi
1896 3906 1976 3960 in-

391 4003 725 4072 grediuntur.
778 4001 983 4055 Cereus
1033 4013 1293 4054 accensus
1336 4000 1404 4054 ab
1452 4014 1538 4064 eo,
1583 3999 1675 4067 qui
1730 3999 1974 4054 sacrario

390 4101 638 4164 praeest,
683 4093 878 4160 cuique
934 4091 1138 4156 datur;
1191 4099 1249 4144 et
1298 4089 1482 4158 pluteo
1535 4105 1628 4144 seu
1683 4090 1974 4144 armariolo

392 4194 604 4254 aperto,
636 4199 744 4254 quo
772 4183 828 4237 8.
855 4181 1078 4236 Joannis
1120 4181 1401 4234 brachium
1449 4179 1744 4234 honoriﬁce
1791 4195 1977 4233 serva-

2080 1721 2352 1767 servatam
2396 1729 2539 1779 esse,
2583 1715 2658 1787 et]
2694 1717 2960 1781 evenisse,
3016 1733 3084 1773 ne
3130 1721 3393 1776 malorum
3441 1724 3666 1779 audacia

2083 1801 2254 1876 [eam]
2309 1805 2557 1875 stirpitus
2601 1810 2959 1879 exstirparet;
3007 1826 3170 1881 porro
3213 1814 3406 1870 anxius
3440 1831 3561 1872 esse
3597 1819 3670 1872 ob

2081 1895 2266 1949 miseri
2311 1896 2456 1952 illius
2492 1899 2803 1954 inevitabile
2843 1902 3068 1956 malum.

2077 2007 2080 2012 ·
2149 1989 2275 2044 254.
2317 1991 2516 2046 Eadem
2558 1992 2720 2048 etiam
2761 1994 2867 2058 uie,
2899 2005 2955 2050 et
2985 2012 3045 2050 ea
3077 1999 3229 2063 bora,
3258 2015 3364 2069 qua
3392 2003 3666 2070 monachi,

2081 2087 2142 2132 ut
2167 2079 2420 2144 diximus,
2459 2079 2517 2133 8.
2540 2078 2765 2140 Joannis
2795 2083 3151 2153 imploravere
3183 2089 3466 2156 auxilium,
3501 2091 3669 2159 ipsius

2079 2169 2234 2234 civis,
2287 2169 2378 2224 'cui
2412 2170 2538 2237 jure
2573 2169 2703 2225 illud
2749 2174 3040 2227 devenerat
3096 2191 3315 2242 nemus,
3377 2187 3488 2234 tres
3540 2195 3670 2236 rure

2080 2261 2270 2316 domos
2312 2276 2419 2316 non
2464 2256 3035 2318 inutiles‘contbustas
3063 2264 3276 2339 [fuisse]
3322 2267 3668 2324 manifestum

2078 2365 2194 2419 est;
2232 2356 2375 2424 quod
2395 2354 2496 2408 ubi
2523 2355 2751 2425 accepit,
2781 2355 3120 2424 existimans,
3151 2359 3204 2413 id
3232 2361 3374 2429 quod
3396 2373 3537 2427 crat,
3564 2364 3668 2419 sibi

2079 2443 2273 2497 merito
2304 2444 2356 2497 id
2387 2443 2510 2498 mali
2554 2445 2820 2507 evenisse,
2860 2445 3045 2500 nolens
3083 2461 3204 2500 cum
3232 2451 3435 2504 sanctis
3459 2461 3512 2504 et
3537 2449 3666 2505 Jesu

2079 2533 2434 2588 familiaribus
2476 2550 2587 2588 rem
2655 2550 2834 2605 agere,
2885 2536 3028 2592 illico
3075 2537 3251 2609 [petiit
3298 2552 3357 2594 ut
3393 2540 3518 2614 sibi]
3556 2559 3668 2598 sua:

2080 2625 2437 2679 redderentur
2477 2627 2735 2696 pecuniae,
2779 2637 2832 2681 et
2875 2630 3005 2698 ipse,
3051 2631 3308 2700 quidquid
3354 2635 3668 2688 monasterii

2079 2716 2412 2786 possidebat,
2468 2718 2755 2773 restituere
2809 2721 3037 2775 curavit.
3099 2721 3210 2776 Hoc
3263 2727 3508 2792 equsdem
3557 2735 3666 2780 tam

2080 2806 2372 2859 verendum
2421 2808 2851 2877 stupendmnque
2905 2810 3224 2866 miraculum
3269 2813 3420 2878 aliis,
3465 2817 3555 2885 qui
3603 2832 3667 2871 ea

2081 2903 2400 2964 tempestate
2430 2896 2780 2950 ecclesiarum
2817 2899 2976 2963 b0na,
3007 2915 3094 2964 ea,
3133 2915 3293 2970 quam
3322 2903 3455 2967 dixi,
3482 2905 3669 2959 condi-

2081 2987 2225 3041 tione
2249 2987 2505 3051 habuere,
2534 2997 2767 3041 mentem
2804 2989 3195 3060 consiliumque
3230 2993 3411 3061 inique
3450 2997 3665 3065 agendi,

2080 3079 2267 3132 veritis
2291 3078 2494 3148 pt-jora,
2529 3080 2750 3133 ademit.
2799 3079 2866 3134 Et
2909 3096 2976 3135 ne
3018 3083 3139 3152 quis
3186 3085 3327 3139 istud
3365 3085 3559 3140 falsum
3605 3091 3669 3141 li-

2080 3180 2332 3240 ctumque
2356 3171 2650 3237 existimet,
2679 3181 2817 3226 sciat
2849 3189 2936 3228 me
2961 3192 2990 3228 a
3024 3175 3293 3231 nonnullis
3344 3189 3452 3232 tum
3495 3180 3663 3236 abba-

2082 3265 2223 3318 tibus
2263 3274 2374 3318 tum
2410 3267 2686 3320 conversis
2717 3267 2769 3320 in
2815 3269 3087 3337 decrepita
3130 3280 3288 3323 :etate
3333 3259 3663 3340 constitutis,

2068 3355 2169 3428 qui
2208 3355 2294 3409 bis
2332 3353 2713 3420 interfuerunt,
2764 3358 3055 3426 accepisse.
3109 3357 3254 3412 Silva
3296 3375 3510 3430 quoque
3555 3363 3664 3430 il:a,

2070 3433 2122 3499 ’si
2172 3447 2419 3501 homines
2454 3447 2695 3512 silerent,
2748 3448 3112 3502 calamitatem
3157 3465 3311 3506 suam
3356 3451 3518 3508 etiam
3562 3455 3667 3512 bac

2077 3547 2262 3592 nostra
2314 3545 2630 3606 tempestate
2678 3537 2930 3605 osterdt,
2987 3555 3108 3594 eum
3155 3556 3416 3610 quercus,
3472 3545 3667 3602 deinde

2075 3628 2352 3697 plumata},
2394 3630 2605 3682 caeteris
2652 3629 2822 3683 multo
2861 3629 3176 3685 humiliores
3211 3634 3544 3689 intuentibus
3572 3652 3668 3706 ap-

2076 3729 2322 3788 pareant.
2363 3719 2432 3772 At
2454 3720 2581 3773 mihi
2605 3719 2849 3789 profecto
2874 3711 3036 3774 multa
3068 3720 3297 3792 legenti,
3316 3726 3665 3797 audientiquo

2076 3810 2328 3880 plurima,
2359 3821 2569 3866 constat
2593 3811 2649 3866 8.
2675 3810 2936 3866 Joannem
2977 3815 3140 3867 etiam
3172 3818 3430 3873 memoria
3478 3830 3663 3875 nostra

2077 3902 2353 3957 miraculis
2376 3911 2431 3957 et
2454 3903 2713 3972 prodigiis
2758 3903 3038 3970 claruisse,
3067 3915 3121 3958 et
3149 3905 3326 3961 adhuc
3356 3908 3430 3962 ita
3457 3910 3664 3966 clarere

2077 3997 2230 4064 (pace
2258 3994 2498 4049 omnium
2526 3994 2775 4063 dixerim)
2808 4004 2863 4047 ut
2906 3995 2954 4047 ei
2998 3995 3176 4049 nullus
3213 4007 3524 4052 sanctorum
3560 4003 3662 4054 bac

2072 4085 2129 4138 in
2160 4085 2435 4155 provincia
2470 4085 2775 4139 inveniatur
2796 4088 3084 4140 secundus.

2142 4178 2268 4232 255.
2308 4179 2352 4231 Α
2396 4176 2653 4229 Faventia
2688 4178 2908 4230 civitate
2949 4176 3226 4230 Flaminiae
3263 4176 3538 4248 oppidum,
3573 4181 3662 4235 cui

393 4286 504 4342 tur,
537 4276 857 4345 quibusdam
895 4275 959 4326 ad
989 4273 1114 4328 Jesu
1161 4272 1361 4327 Christi
1410 4272 1572 4325 decus
1628 4268 1970 4338 Virginisqne
2001 4279 2048 4337 ι)
2076 4267 3657 4339 Bcrzighella(l94)nomcnest,nonproculabeSsedicitur;

388 4365 575 4422 Mariae
617 4376 672 4420 et
725 4364 783 4418 S.
835 4363 1057 4420 Joannis
1099 4363 1331 4418 cantatis
1364 4360 1514 4430 prius
1553 4360 1779 4429 genibus
1821 4359 1974 4412 flexis

391 4457 698 4527 antipbonis
743 4456 954 4510 abbatis
985 4459 1160 4525 jussu.
1605 4472 1608 4475 ι

460 4548 586 4602 255.
629 4549 831 4603 Deinde
858 4549 923 4602 ad
951 4563 1106 4602 suum
1139 4545 1366 4614 quisque
1408 4542 1676 4599 concessit
1701 4541 1972 4612 negotium

393 4642 776 4710 peragendum,
822 4654 884 4692 ea
935 4647 1115 4692 tamen
1161 4637 1267 4691 [ide
1309 4649 1374 4688 ac
1413 4649 1529 4703 spe,
1567 4643 1626 4687 ut
1687 4633 1974 4688 crederent

389 4731 612 4786 Joannis
675 4730 971 4786 beatissimi
1029 4729 1335 4798 praesidium
1391 4741 1498 4780 non
1561 4723 1868 4780 defuturum
1917 4723 1970 4778 in

389 4832 634 4893 tempore
668 4832 1006 4891 opportuno;
1051 4821 1192 4889 quod
1225 4820 1399 4888 reipsa
1434 4816 1592 4888 paulo
1619 4825 1738 4886 post
1779 4814 1973 4885 proba-

391 4922 504 4968 tutn
554 4921 677 4967 est:
716 4928 836 4966 nam
887 4913 977 4981 qui
1029 4910 1354 4975 incidebant,
1403 4908 1554 4978 operi
1601 4907 1807 4962 nefario
1847 4921 1970 4960 cum

386 5003 676 5068 instarent,
707 5002 804 5076 [et]
834 5004 1093 5072 quosdam
1140 5003 1303 5058 etiam
1343 5012 1608 5070 pastores,
1639 5002 1812 5056 bonos
1843 5013 1970 5066 pro-

386 5096 530 5151 fecto
556 5096 722 5159 viros,
755 5097 842 5165 qui
875 5110 968 5149 eos
992 5109 1151 5148 orare
1173 5105 1228 5151 et
1256 5108 1478 5148 monere
1520 5089 1865 5165 [θωνα-διήλ
1903 5106 1972 5147 ne

385 5195 600 5244 tantum
646 5189 697 5241 iu
748 5202 967 5244 nemore
1011 5187 1217 5243 discidii
1263 5194 1507 5256 agerent,
1554 5193 1872 5254 spernerent
1917 5195 1972 5239 et

461 5326 610 5362 "01“
670 5324 914 5362 "platanon
957 5341 1052 5362 nrn
1079 5327 1203 5362 villas
1240 5325 1436 5362 anetina
1484 5324 1621 5362 cnnﬁ
1665 5322 1790 5362 glilti
1825 5323 1967 5362 diri.

2076 4359 2129 4412 in
2161 4376 2266 4429 quo
2295 4360 2537 4428 quaedam
2572 4360 2782 4423 mulier,
2823 4373 2930 4411 non
2955 4355 3189 4413 obscuro
3220 4359 3337 4414 loco
3361 4371 3508 4426 nata,
3535 4377 3660 4416 cum

2075 4468 2140 4508 ex
2171 4453 2483 4521 quotidiana
2508 4451 2597 4504 diu
2629 4453 2776 4505 febte
2803 4441 3123 4515 laborasset,
3150 4443 3262 4506 nec
3303 4452 3659 4519 medicorum,

2077 4549 2128 4603 in
2180 4547 2375 4616 quibus
2420 4545 2643 4599 multmn
2691 4547 2931 4615 pecunia:
2984 4557 3430 4617 consumpserat,
3479 4548 3660 4618 aliquo

2074 4651 2255 4713 posset
2295 4639 2534 4695 remedio
2574 4638 2810 4703 liberari,
2863 4639 3111 4710 precibus
3157 4639 3436 4708 cujusdam
3487 4641 3659 4694 nostri

2076 4731 2393 4790 monacltide
2423 4729 2691 4794 Maratba,
2721 4730 2810 4800 qui
2843 4744 2963 4783 eam
2998 4731 3170 4798 gratia
3212 4729 3537 4783 visitationis
3565 4729 3660 4781 ad-

2076 4828 2268 4887 iverat,
2307 4822 2634 4878 sanctissimi
2673 4824 2890 4891 insuper
2923 4819 3149 4876 Joannis
3178 4820 3452 4874 miraculis
3477 4818 3660 4884 ducta,

2073 4928 2258 4974 votum
2281 4917 2359 4971 sic
2380 4913 2526 4971 vovit
2554 4931 2567 4967 :
2602 4914 2837 4969 Joannes
2865 4913 3198 4977 beatissime,
3235 4911 3453 4964 domum
3488 4919 3662 4977 tuam,

2075 5013 2117 5068 si
2154 5011 2258 5065 tuis
2284 5007 2490 5065 meritis
2511 5009 2824 5077 sospitatem
2854 4992 3263 5073 recuperavero,
3293 5000 3524 5053 visitabo
3538 5016 3661 5056 eum

2076 5100 2418 5165 muneribus;
2475 5097 2604 5152 mibi
2660 5111 2865 5167 quaeso,
2921 5094 3083 5150 Pater
3135 5089 3510 5154 sanctissime,
3559 5092 3666 5147 etsi

2073 5192 2362 5266 peecatrici
2388 5205 2545 5261 opem
2567 5190 2712 5245 ferar
2734 5196 2931 5244 tamen.
2966 5185 3067 5241 V'ix
3090 5185 3253 5240 verba
3278 5181 3662 5250 compleverat,

2075 5330 2372 5362 Dnnpnnnlln
2422 5329 2695 5362 cillnnnnn
2716 5336 2792 5362 nc.
2820 5325 2871 5362 ἷιι
2891 5321 3148 5362 plznnﬁnin
3169 5335 3262 5362 ερη
3285 5315 3656 5362 Rmnnmlinh.
