4110 5362
536 272 641 328 905

1589 265 1648 321 S.
1688 263 1973 322 JOANNIS
2007 263 2404 321 GUALBERTI
2444 265 2734 322 ABBATIS

3691 275 3804 333 9M

536 378 593 444 et
616 398 746 441 ecce
776 395 808 437 e
834 381 1062 453 vestigio
1116 379 1430 436 miraculum
1466 397 1478 433 :
1507 395 1627 449 quae
1672 388 1830 448 capta
1874 380 2127 435 omnibus
2155 382 2204 442 Α
2231 380 2474 446 doceret,
2514 362 2849 436 medicorum
2881 381 3085 438 invenit
3111 383 3401 440 nemiuem.
3435 385 3511 440 Eo
3548 387 3803 444 divinum

538 476 798 533 membris
820 475 873 533 in
901 473 1040 529 lecto
1060 471 1298 540 iacebat,
1342 470 1521 527 functa
1563 470 1740 527 cilicio
1790 472 1953 527 totius
1997 486 2123 528 eor-

535 569 704 639 poris,
749 566 863 622 suis
898 564 1145 635 pedibus,
1175 562 1378 634 ingenti
1408 563 1647 617 omnium
1675 561 1768 633 qui
1799 576 1918 617 eam
1951 576 2120 616 nove-

537 664 665 712 rant
694 653 1071 718 admiratione,
1108 651 1209 705 hoc
1238 651 1298 705 8.
1334 648 1514 705 Mariae
1539 650 1924 707 monasterium
1955 651 2123 705 adivit

534 747 756 811 devote;
792 742 883 797 ubi
913 742 1145 813 primum
1172 739 1429 809 capellam
1472 754 1594 795 cum
1637 740 1845 795 duobus
1882 739 2121 810 ingressa

532 836 845 900 comitibus,
871 833 1098 905 genibus
1130 832 1304 896 flexis,
1334 846 1518 887 coram
1544 830 1817 895 adoravit;
1847 828 1971 887 inde
1994 843 2119 883 sur-

535 944 690 999 gens,
713 927 959 985 osculato
991 925 1168 990 altari,
1204 922 1592 993 aliquantulum
1625 923 1870 991 pecunia:
1889 921 2115 988 obtulit;

534 1040 697 1094 quam
724 1022 953 1077 libenter
970 1036 1033 1078 ea
1061 1020 1148 1075 die
1167 1028 1221 1074 et
1242 1017 1538 1072 liberaliter
1567 1015 1872 1071 habuimus.
1898 1014 2121 1070 Postri-

534 1115 623 1169 die
669 1124 818 1177 vero,
868 1112 1030 1167 missa
1078 1110 1373 1172 celebrata,
1426 1118 1482 1163 et
1530 1106 1587 1162 8.
1624 1106 1847 1162 Joannis
1894 1106 2120 1162 brachio

533 1202 795 1269 osculato,
823 1202 1041 1256 domum
1071 1198 1347 1253 contendit
1377 1212 1553 1252 suam.
1888 1206 1893 1213 '

600 1292 731 1349 256.
769 1291 925 1346 Aliud
963 1292 1124 1346 etiam
1163 1288 1477 1343 miraculum
1517 1286 1792 1356 praeterire
1832 1285 2116 1342 consilium

534 1396 647 1440 non
673 1380 798 1448 fuit,
826 1380 967 1450 quod
1003 1380 1057 1435 in
1101 1378 1311 1434 eodem.
1337 1378 1531 1448 oppido
1570 1388 1752 1431 nostra
1798 1383 2119 1446 tempestate

531 1476 745 1531 cuidam
792 1472 1025 1536 mulieri,
1069 1484 1190 1541 qua:
1226 1467 1370 1523 ﬂuxu
1424 1467 1701 1538 sanguinis
1753 1468 1843 1522 diu
1894 1466 2117 1537 fatigata

535 1562 784 1637 [fuerat,]
815 1562 1062 1618 evenisse
1084 1561 1143 1615 8.
1165 1558 1388 1615 Joannis
1420 1559 1628 1615 meritis
1662 1561 1940 1628 probatur.
1977 1559 2116 1614 Olim

531 1655 749 1724 quidam
780 1654 914 1709 civis
943 1651 1325 1707 Foroliviensis
1359 1666 1482 1706 cum
1520 1665 1587 1704 ex
1627 1649 1796 1715 febre,
1845 1650 1986 1705 lenta
2039 1659 2115 1704 ta-

533 1760 677 1807 men,
709 1753 963 1798 caeterum
1010 1744 1288 1806 continua,
1342 1740 1636 1805 laboraret,
1681 1741 1785 1794 hoc
1830 1740 1889 1794 8.
1937 1739 2116 1795 Maria:

530 1834 919 1889 monasterium
943 1832 1220 1887 annuatim
1250 1830 1436 1885 multa:
1471 1830 1775 1885 devotionis
1814 1831 1985 1900 gratia
2022 1830 2118 1884 ad-

530 1925 658 1987 ivit;
717 1924 810 1993 qui
862 1924 1000 1979 forte
1049 1922 1190 1976 inter
1229 1922 1594 1976 incedendum
1651 1936 1776 1976 eum
1828 1921 2118 1977 comitibus

530 2024 755 2086 propter
799 2014 1024 2079 fontem,
1079 2013 1169 2082 qui
1220 2012 1339 2068 fons
1385 2013 1443 2067 8.
1487 2011 1712 2068 Joannis
1748 2012 1966 2074 dicitur,
2014 2012 2119 2067 iter

533 2107 749 2171 habuit;
789 2107 881 2176 qui
918 2105 1133 2174 quidem
1172 2104 1429 2174 religione
1454 2103 1677 2158 Patrum
1704 2103 1770 2157 ad
1796 2103 1909 2158 hzcc
1932 2110 2116 2157 nostra

530 2206 776 2268 tempora
801 2212 972 2267 usque
1018 2196 1228 2260 eodem,
1282 2202 1341 2249 ut
1389 2192 1583 2260 fertur,
1630 2195 1793 2264 topho
1842 2194 2116 2263 herbaque

528 2287 687 2341 viridi
719 2286 1101 2350 circumdatus,
1139 2300 1247 2355 quo
1281 2284 1450 2354 ipsius
1492 2283 1548 2337 S.
1596 2282 1820 2338 Joannis
1852 2294 2113 2351 tempore,

528 2386 851 2448 prmstanter
881 2375 1169 2432 clauditur.
1210 2375 1379 2429 Abest
1401 2372 1543 2428 enim
1575 2373 1642 2426 ab
1673 2369 1793 2441 ipso
1831 2369 1891 2425 S.
1930 2370 2115 2429 Marias

537 2468 870 2525 monasterio
897 2466 1011 2522 fere
1037 2481 1133 2535 per
1160 2464 1483 2535 quingentos
1523 2476 1734 2527 passus,
1776 2460 1867 2531 qui
1897 2461 2113 2531 quidem

531 2557 774 2625 parvulis
797 2558 1064 2612 abietibus
1096 2557 1220 2610 hinc
1247 2555 1369 2609 inde
1399 2551 1718 2623 perpulchre
1743 2552 1994 2621 cingitur.
2023 2540 2115 2606 Ille

530 2649 713 2719 itaque
738 2664 861 2704 eum
897 2665 926 2702 a
959 2648 1158 2704 nostris
1188 2662 1301 2702 rem
1328 2662 1542 2700 omnem
1576 2645 1937 2715 cognovisset,
1964 2652 2022 2697 ut
2052 2643 2110 2699 8.

527 2737 751 2795 Joannis
776 2739 893 2794 fons
917 2739 1206 2802 diceretur,
1230 2747 1286 2791 ut
1308 2736 1634 2806 quandoque
1661 2735 1784 2789 illuc
1809 2735 1958 2789 solus
1988 2734 2112 2799 iret,

528 2839 590 2886 nt
614 2834 807 2886 crebro
830 2840 1029 2894 oraret,
1061 2838 1120 2886 ut
1144 2830 1374 2899 majores
1402 2828 1572 2882 nostri
1605 2827 1909 2889 devotionis
1947 2826 2114 2896 ipsius

528 2923 703 2990 gratia
736 2922 1035 2977 noluissent
1059 2935 1217 2976 secus
1259 2919 1524 2989 lapidibus
1562 2918 1789 2987 sculptis
1825 2933 2110 2984 exornare,

529 3013 782 3067 manibus
809 3025 997 3065 eorum
1043 3024 1253 3067 summa
1294 3024 1415 3063 cum
1458 3007 1782 3072 reverentia,
1825 3007 1951 3075 quia
1996 3006 2114 3061 fons

530 3102 673 3156 altus
699 3111 807 3165 est,
838 3115 1034 3170 aquam
1067 3113 1269 3170 pronus
1297 3098 1522 3161 libavit;
1565 3096 1688 3150 inde
1717 3105 1963 3151 secutum
2004 3096 2111 3151 mi-

530 3192 773 3248 raculum
804 3205 819 3245 :
850 3206 974 3246 nam
1005 3205 1129 3245 mox
1154 3189 1300 3245 omni
1338 3189 1427 3244 illa
1456 3188 1615 3251 febri,
1642 3202 1749 3256 qua
1789 3187 1940 3257 prius
1970 3185 2116 3257 jugi-

524 3290 616 3337 ter
644 3279 994 3346 alﬁciebalttr,
1025 3281 1288 3345 extincta,
1325 3293 1513 3349 sospes
1541 3275 1789 3334 edicitur.

583 3370 708 3427 237.
747 3370 846 3427 Hic
871 3371 1036 3440 igitur
1058 3386 1180 3426 cum
1217 3369 1369 3425 laetus
1394 3369 1446 3424 in
1471 3369 1698 3438 patriam
1727 3367 2103 3435 contenderet,

525 3460 747 3516 domum
769 3460 884 3530 jant
924 3462 1082 3519 dieue
1123 3460 1365 3516 mulieris
1393 3460 1475 3515 vel
1507 3459 1779 3516 afﬁnitatis
1807 3460 1890 3515 vel
1917 3460 2111 3515 amici-

529 3554 618 3607 tia:
640 3552 814 3623 gratia
841 3554 1132 3615 concessit,
1162 3562 1218 3607 et
1260 3552 1387 3622 quid
1411 3552 1459 3605 ei
1494 3551 1563 3606 de
1589 3552 1785 3606 haustu
1830 3549 2002 3606 fontis
2042 3551 2113 3607 ob

526 3645 779 3700 virtutem
801 3643 1023 3701 Joannis
1042 3645 1369 3700 sanctissimi
1391 3644 1652 3706 evenerit,
1679 3644 1794 3712 ipsa
1825 3651 2108 3712 pra-scale,

524 3734 892 3804 compluribus
927 3733 1227 3788 enarravit.
1271 3733 1345 3787 Ea
1374 3748 1467 3802 spe
1498 3732 1879 3802 recuperanda:
1908 3730 2111 3785 sanita-

531 3826 600 3879 tis
628 3826 804 3887 ducta,
838 3826 974 3885 duos
1014 3839 1082 3878 ex
1122 3824 1248 3879 filiis
1287 3824 1545 3893 impigros
1587 3823 1848 3891 deligens,
1897 3838 1990 3877 eos
2044 3822 2113 3879 ad

526 3914 633 3969 hoc
682 3914 741 3968 8.
783 3913 967 3967 Mariae
997 3913 1386 3968 monasterium
1438 3928 1562 3968 cum
1615 3913 1884 3968 mandatis
1931 3912 2114 3981 hujus-

527 4004 675 4059 modi
718 4003 899 4068 misit;
947 4001 1007 4057 8.
1060 4001 1284 4057 Joannis
1325 4002 1592 4072 imprimis
1621 4003 1793 4057 altare
1827 4003 2112 4058 visitarent

524 4096 744 4161 devote,
793 4104 871 4159 et,
920 4094 1083 4150 missa
1134 4094 1377 4150 oratione
1419 4095 1484 4149 ad
1529 4094 1734 4161 Jesum,
1784 4096 2110 4152 oblationem

523 4187 751 4252 darent;
797 4185 921 4241 dein
976 4201 1172 4255 aquam
1223 4200 1289 4241 ex
1353 4186 1521 4256 ipsius
1572 4186 1633 4242 8.
1689 4186 1913 4244 Joannis
1964 4188 2113 4245 fonte

526 4276 782 4333 haustam
811 4291 995 4331 secum
1023 4276 1319 4332 deferrent.
1346 4277 1502 4333 Brevi
1529 4280 1711 4347 itaque
1741 4279 1814 4333 illi
1860 4282 2109 4334 mandata

2140 3049 2184 3111 C

2224 472 2731 542 statuitimplorare
2766 472 3047 528 auxilium.
3095 474 3352 544 Quicum
3399 475 3584 533 Jesum
3630 480 3806 549 piam-

2222 577 2328 631 que
2359 562 2584 617 Mutrem
2615 561 2731 630 ejus
2755 604 2772 629 ,
2809 563 2913 636 [ut]
2963 563 3173 622 ferrent
3219 582 3376 636 opem
3405 607 3422 634 ,
3470 569 3755 626 invocaret
3782 611 3803 639 ,

2222 654 2414 709 crebro
2439 652 2561 707 talis
2585 653 2634 708 ei
2665 653 2800 708 visio
2826 670 2923 724 per
2947 671 3216 721 somnum,
3241 668 3301 712 ut
3324 660 3439 727 ipse
3466 659 3671 717 referre
3703 676 3804 718 so-

2221 741 2348 796 litus
2372 751 2492 797 erat
2518 783 2532 806 ,
2571 742 2671 798 fuit
2701 742 2967 817 [oblata].
3026 744 3373 806 Venerabilis
3404 748 3488 803 vir
3539 751 3756 819 quidam
3780 789 3807 820 ,

2222 832 2525 886 monachali
2559 840 2819 901 praetexta
2863 833 3084 890 indutus
3110 876 3125 900 ,
3152 836 3303 892 visus
3327 846 3409 893 est
3440 839 3621 895 dicere
3648 840 3754 897 sibi
3780 856 3803 901 :

2221 921 2317 976 Vis
2371 923 2675 993 lmjusmodi
2726 924 2919 1001 morbo
2948 925 3202 982 liberari?
3229 928 3397 995 Volo,
3448 931 3624 1001 inquit
3666 930 3803 999 ille,

2221 1012 2332 1068 imo
2360 1022 2415 1066 et
2440 1013 2721 1082 percupio,
2754 1000 2921 1070 modo
2954 1014 3081 1071 Jesu
3125 1016 3345 1074 Christo
3393 1000 3649 1089 placitum
3689 1022 3801 1090 sit;

2221 1103 2306 1158 cui
2339 1103 2423 1156 vir
2474 1105 2798 1159 venerabilis
2836 1119 2852 1160 :
2886 1105 3277 1163 Monasterium
3304 1125 3481 1164 meum
3518 1151 3532 1175 ,
3564 1114 3708 1181 quod
3742 1112 3798 1166 in

2220 1193 2450 1249 Etruriae
2477 1197 2724 1265 partibus
2748 1197 2911 1252 situm
2949 1206 3052 1263 est,
3085 1199 3279 1256 devote
3306 1203 3514 1266 adibis,
3546 1206 3688 1273 quod
3732 1205 3793 1260 8.

2220 1284 2403 1340 Mariae.
2440 1288 2505 1342 de
2531 1287 2680 1343 Valle
2712 1287 2976 1344 Umbrosa
3023 1273 3250 1353 dicitur;
3298 1291 3421 1346 inde
3468 1293 3654 1358 aliud,
3707 1296 3801 1350 ubi

2219 1391 2424 1446 corpus
2449 1393 2629 1434 meum
2650 1379 2800 1449 jacet
2822 1380 3116 1451 sepultum,
3141 1382 3390 1438 visitabis
3415 1401 3430 1449 ;
3458 1393 3515 1439 et
3539 1388 3762 1440 tertium
3782 1426 3799 1451 ,

2219 1466 2308 1521 ubi
2331 1469 2599 1535 cucullus,
2626 1485 2734 1540 quo
2758 1512 2773 1535 ,
2800 1470 2927 1526 dum
2953 1472 3062 1526 vita
3117 1472 3353 1528 viverem
3398 1475 3643 1542 mortali,
3685 1477 3799 1531 cir-

2218 1559 2532 1626 eumdabar,
2572 1576 2603 1614 a
2641 1562 3133 1618 monachis'adhuc
3177 1573 3531 1618 conservatur
3578 1565 3799 1621 devote.

2219 1650 2337 1717 Qua
2365 1650 2477 1716 via,
2535 1651 2737 1717 Pater,
2784 1654 2899 1709 haec
2947 1655 3274 1709 monasteria
3321 1655 3445 1709 sine
3488 1656 3691 1725 praevio
3742 1662 3803 1713 et

2219 1750 2591 1805 monstrante,
2619 1758 2739 1811 qua:
2769 1742 2917 1808 sint,
2963 1742 3293 1821 intelligam;
3340 1759 3463 1799 cum
3511 1745 3682 1800 multa
3738 1745 3799 1802 in

2218 1828 2451 1884 Etruriae
2490 1833 2735 1900 partibus
2781 1834 2883 1887 sita
2926 1834 3316 1888 monachorum
3362 1833 3672 1891 habitacula
3715 1836 3800 1891 dio

2218 1922 2448 1975 cantur?
2482 1922 2749 1978 Abbatetn
2778 1923 2837 1977 8.
2863 1922 3048 1977 Maria:
3072 1923 3139 1978 de
3181 1922 3421 1978 Eretnita
3474 1939 3637 1994 super
3691 1926 3799 1981 hoc

2218 2014 2470 2079 consule,
2509 2013 2686 2083 inquit
2715 2013 2879 2069 Pater
2903 2014 2991 2068 ille
3016 2054 3031 2079 ,
3061 2021 3117 2069 et
3146 2013 3410 2083 quidquid
3434 2014 3662 2080 dixerit,
3696 2015 3797 2072 de-

2218 2115 2340 2160 vote
2368 2104 2642 2175 perficias.

2286 2197 2411 2251 259.
2458 2197 2642 2251 Primo
2689 2197 2876 2269 itaque
2903 2214 3088 2255 mane
3139 2199 3417 2270 sequentis
3443 2198 3546 2254 dici
3580 2199 3664 2253 vir
3705 2198 3800 2254 ille

2217 2288 2441 2343 devotus
2466 2289 2715 2342 abbatem
2747 2290 3144 2360 quamprimum
3190 2291 3409 2355 adiens,
3439 2292 3487 2344 ei
3524 2288 3792 2359 quidquid

2216 2376 2427 2432 viderat
2481 2380 2759 2433 enarravit
2793 2396 2806 2433 :
2843 2379 3011 2435 abbas
3038 2394 3169 2435 vero
3196 2373 3268 2435 ei
3308 2379 3609 2434 mouacltali
3657 2394 3799 2449 prte-

2219 2474 2362 2520 texta
2390 2475 2446 2520 et
2473 2467 2684 2532 verbis,
2722 2468 2921 2537 quibus
2948 2484 3078 2524 usus
3128 2468 3344 2535 fuerat,
3384 2469 3441 2525 S.
3488 2468 3796 2523 Johaunem

2217 2556 2377 2625 hujus
2408 2557 2686 2629 religionis
2724 2559 3092 2614 institutorem
3129 2575 3252 2615 esse
3294 2561 3581 2615 declarans
3615 2600 3629 2624 ,
3666 2574 3795 2613 eum

2216 2646 2319 2700 rite
2353 2656 2548 2702 cuncta
2576 2647 2797 2711 edocet;
2834 2647 2960 2702 inde
3004 2648 3235 2716 litteris,
3291 2664 3429 2719 quas
3463 2647 3624 2718 hujus
3681 2663 3797 2702 tuo-

2216 2741 2432 2797 nasterii
2456 2741 2634 2796 abbati
2667 2742 2934 2806 redderet,
2964 2741 3103 2795 datis
3148 2750 3202 2796 et
3248 2741 3353 2795 fido
3397 2741 3624 2803 comite,
3676 2738 3772 2805 qui

2217 2832 2317 2886 has
2340 2846 2535 2887 omnes
2565 2832 2768 2901 optime
2797 2831 3027 2886 callebat
3054 2831 3303 2902 regiones
3330 2839 3385 2886 et
3415 2830 3742 2885 monasteria
3775 2866 3795 2893 ,

2218 2937 2342 2977 eum
2373 2921 2498 2977 Jesu
2527 2922 2743 2978 Christo
2772 2922 3185 2987 commendans,
3217 2919 3442 2975 dimisit.
3487 2917 3663 2973 Voluit
3715 2926 3798 2971 ta-

2218 3031 2340 3069 men
2370 3016 2421 3069 in
2465 3023 2616 3071 tanto
2648 3015 2877 3080 itinere,
2919 3014 3045 3084 quia
3079 3027 3305 3082 corpore
3344 3010 3578 3066 invalido
3615 3019 3670 3064 et
3708 3010 3796 3064 in-

2215 3105 2336 3159 edia
2374 3105 2681 3177 vigiliisque
2722 3121 2889 3161 exeso
2917 3113 2970 3160 et
2999 3104 3287 3160 macilento
3324 3102 3469 3170 [erat
3490 3101 3536 3175 ],
3585 3117 3790 3173 equum

2215 3195 2459 3260 habere,
2496 3208 2657 3265 quem
2716 3194 2893 3251 fessus
2947 3194 3139 3248 itinere
3187 3191 3423 3262 pedestri
3468 3191 3795 3262 quandoque

2215 3287 2554 3341 ascenderet.
2586 3286 2810 3340 Demum
2834 3301 2987 3350 vero,
3014 3284 3151 3339 duce
3176 3283 3375 3338 famulo
3399 3281 3611 3338 abbatis
3632 3323 3647 3351 ,
3696 3282 3790 3336 die

2213 3387 2390 3444 sexta,
2418 3393 2524 3448 qua
2551 3377 2711 3431 domo
2739 3390 2836 3431 sua
2859 3374 3091 3440 abierat,
3121 3374 3227 3429 huc
3252 3373 3497 3444 pervenit
3526 3389 3542 3439 ;
3566 3386 3793 3441 vespere

2214 3483 2374 3532 vero,
2405 3467 2671 3522 accersito
2707 3464 2871 3534 hujus
2905 3464 3224 3520 monasterii
3256 3464 3450 3519 abbate
3473 3504 3488 3529 ,
3533 3463 3743 3518 cunctis
3770 3502 3789 3526 ,

2213 3575 2333 3630 quae
2361 3561 2415 3615 in
2447 3559 2654 3615 somnis
2685 3559 2898 3614 viderat
2946 3564 3001 3612 et
3030 3556 3277 3611 audierat
3304 3596 3320 3622 ,
3371 3555 3421 3610 ei
3475 3553 3790 3617 declaratis,

2213 3651 2474 3719 postridie
2510 3664 2608 3719 pro
2658 3664 2756 3704 sua
2785 3648 2961 3704 salute
3008 3645 3185 3702 Missa:
3207 3646 3549 3702 celebrentur
3578 3683 3596 3707 ,
3644 3652 3787 3696 orat.

2213 3744 2331 3811 Quo
2357 3759 2521 3813 opere
2546 3743 2634 3813 pio
2663 3741 2855 3797 devote
2885 3750 3110 3811 peracto
3136 3781 3152 3804 ,
3182 3739 3317 3794 locis
3350 3737 3467 3791 istis
3499 3733 3788 3791 devotissi-

2214 3832 2318 3888 mis
2347 3873 2363 3899 ,
2390 3842 2445 3888 et
2468 3832 2823 3888 eremitarnm
2883 3831 3051 3887 etiam
3082 3828 3292 3885 cellulis
3349 3827 3495 3881 intus
3541 3824 3787 3891 forisque

2211 3926 2528 3997 suppliciter
2581 3924 2859 3989 visitatis,
2912 3931 2967 3979 et
2996 3922 3122 3981 inde
3179 3937 3286 3977 non
3340 3932 3509 3988 parvo
3565 3927 3787 3970 munere

2211 4018 2415 4083 oblato,
2442 4026 2498 4071 et
2523 4017 2638 4086 ipse
2676 4016 2747 4070 ab
2776 4015 2970 4069 abbate
2997 4011 3294 4068 liberaliter
3334 4009 3551 4063 habitus
3576 4045 3592 4072 ,
3637 4018 3771 4060 eon-

2211 4108 2378 4161 cessit
2404 4104 2791 4158 Passinianum
2821 4122 2834 4156 :
2863 4113 2920 4156 et
2947 4098 3165 4166 itidem,
3195 4107 3256 4153 ut
3285 4099 3339 4152 in
3370 4098 3472 4153 hoc
3516 4096 3573 4150 8.
3605 4093 3787 4149 Maria!

2211 4195 2543 4251 monasterio
2574 4192 2753 4247 Missis
2791 4207 2889 4260 pro
2941 4191 3202 4259 sospitate
3250 4189 3420 4255 ipsius
3460 4185 3783 4248 celebratis,

2211 4296 2263 4341 et
2295 4285 2354 4340 8.
2393 4282 2617 4338 Joannis
2665 4281 2912 4350 sepulcro
2962 4280 3190 4334 subnixe
3239 4278 3495 4341 visitato,
3548 4275 3787 4345 perrexit

520 4366 824 4424 efﬁcientes
853 4369 1179 4424 cantharum
1232 4383 1372 4438 aqua
1400 4369 1619 4439 plenum
1661 4385 1845 4426 secum
1888 4372 2094 4439 tulere,
2130 4381 2181 4442 ι)
2208 4375 2275 4428 ad
2304 4372 2361 4426 8.
2394 4368 2665 4434 Salvium;
2701 4369 2789 4423 ubi
2826 4368 2939 4436 pari
2970 4367 3128 4422 modo
3158 4374 3215 4421 et
3230 4365 3423 4449 jitissis
3465 4364 3686 4428 auditis,
3730 4370 3787 4416 ct

518 4475 688 4533 quem
738 4463 851 4531 ipsa
881 4460 1116 4516 fideliter
1144 4476 1368 4517 sunteas
1399 4463 1652 4533 cyathum
1703 4462 1849 4516 illico
1899 4463 2099 4517 hausit.

522 4554 652 4622 Quo
690 4555 923 4621 hausto,
958 4555 1093 4610 mira
1147 4555 1241 4609 Dei
1296 4556 1562 4624 potentia!
1616 4554 1753 4610 mira
1806 4556 1859 4609 in
1901 4556 2103 4624 sanctis

520 4650 646 4706 suis
671 4648 986 4707 clementia!
1012 4664 1135 4719 qua:
1156 4649 1246 4703 diu
1275 4650 1465 4704 morbo
1496 4646 1821 4703 intolerabili
1855 4647 2101 4703 confecta

521 4741 792 4813 {fuerat},
851 4740 995 4796 illico
1050 4739 1335 4796 incolumis
1379 4740 1569 4796 evasit.
1622 4739 1732 4793 lloe
1786 4737 1992 4805 stupori
2049 4744 2105 4788 et

520 4832 873 4886 admirationi
903 4847 1011 4885 non
1039 4829 1214 4886 solum
1250 4830 1337 4886 his
1367 4828 1730 4899 quioppiduta
1755 4824 2103 4895 Berzighelhe

522 4920 872 4986 habitabant,
901 4935 1090 4975 verum
1127 4919 1375 4977 finitimis
1413 4918 1667 4973 omnibus
1692 4916 1922 4970 exstitit.

596 5012 730 5077 258.
787 5011 881 5067 Vir
935 5010 1157 5080 quidam
1206 5008 1499 5080 egregius,
1551 5006 1792 5060 Joannes
1844 5005 2100 5073 nomine,

519 5104 670 5162 civis
727 5103 1049 5174 Spoletanus
1080 5100 1261 5171 (l95),
1293 5099 1536 5155 eruditus
1579 5097 1710 5152 satis
1741 5107 1853 5151 tum
1909 5097 2104 5154 litteris

520 5193 737 5236 armi-ie
783 5203 896 5236 tum
941 5192 1150 5236 Latinis
1175 5231 1188 5236 -
1220 5206 1343 5236 mmi
1385 5189 1531 5236 circa
1563 5189 1857 5236 nrmcnrilia
1914 5192 2104 5236 mari-.3

2204 4462 2373 4532 ipsius
2404 4460 2461 4516 S.
2492 4458 2716 4515 Joannis
2746 4457 2954 4514 cucullo
3000 4456 3134 4521 viso,
3184 4456 3377 4510 iterum
3421 4455 3689 4511 concessit
3716 4452 3785 4507 ad

2204 4566 2322 4607 nos.
2359 4550 2626 4605 Postridie
2657 4564 2784 4605 vero
2821 4563 3007 4618 sospes
3055 4558 3109 4602 et
3155 4547 3309 4602 lactus
3335 4546 3403 4601 ad
3433 4544 3618 4600 urbem
3647 4542 3788 4612 Spo-

2203 4640 2441 4698 lctanam
2467 4642 2770 4707 contendit;
2798 4648 2872 4707 et,
2905 4648 2959 4693 ut
2988 4638 3142 4694 nobis
3171 4638 3386 4710 quidam
3410 4636 3477 4691 de
3496 4634 3607 4704 jam
3636 4634 3782 4689 dicto

2204 4732 2535 4789 monasterio
2564 4730 2621 4787 S.
2655 4730 2838 4787 Maria:
2875 4730 2942 4785 de
2971 4730 3206 4785 Eremita
3258 4730 3550 4784 monachus
3592 4727 3783 4796 deinde

2205 4825 2409 4891 retulit,
2440 4825 2565 4880 dum
2593 4823 2728 4878 civis
2756 4823 2844 4878 ille
2878 4823 3014 4878 vixit
3039 4823 3201 4877 vitam
3230 4821 3366 4875 hanc
3395 4833 3777 4885 mrumuosam,

2208 4930 2481 4984 nunquam
2508 4913 2738 4983 amplius
2761 4927 2828 4969 eo
2852 4912 3039 4967 morbo
3064 4908 3387 4965 intolerabili
3415 4908 3697 4963 laboravit.

2273 4988 2399 5056 24οζ
2433 5001 2721 5056 Florentiae
2744 5000 2871 5054 olim
2902 4999 3119 5069 quidam
3156 5000 3350 5055 nobilis
3385 4999 3592 5054 exstitit
3624 4999 3780 5063 civis,

2205 5093 2289 5147 cui
2334 5108 2527 5148 nomen
2555 5091 2822 5155 Zanobio;
2854 5090 2936 5144 vir
2965 5089 3214 5159 equidem
3245 5089 3297 5143 in
3327 5088 3620 5159 Republica
3653 5088 3778 5143 Fle-

2207 5182 2419 5236 rentina
2462 5180 2956 5236 nrtestantissimus.
3004 5179 3222 5236 insuper
3263 5179 3379 5233 auri
3422 5194 3784 5236 agrorumque
