4110 5362
290 309 397 362 90.")

1818 319 2020 375 ACTA.

3455 329 3559 383 006

284 436 526 499 possent.
562 424 724 484 Forte
759 427 973 485 fortuna
1014 430 1133 496 fuit,
1164 449 1284 488 cum
1342 434 1428 491 die
1472 408 1699 507 quadam
1740 450 1866 489 cum
1901 446 1940 503 Α
1974 432 2075 486 mis
2108 432 2484 507 horrendaque
2512 433 2772 506 llospitali
2814 452 2912 506 pro
2943 436 3183 509 Virginis
3207 437 3387 495 Maria:
3405 442 3558 498 salu-
3594 484 3601 491 .

286 518 349 573 Ι).
405 518 811 585 Bartliolomeo,
859 523 988 577 olim
1040 522 1099 578 S.
1144 523 1425 581 Trinitatis
1480 527 1546 581 dc
1602 526 1870 582 Florentia

284 604 524 682 [abbate]
555 610 607 665 in
647 610 969 681 colloquium
998 615 1250 681 venisset,
1280 624 1333 669 ct
1364 616 1504 672 inter
1527 618 1629 672 alia
1656 635 1779 674 cum
1806 622 1873 676 de

281 697 580 755 infortunio
623 717 721 755 suo
772 715 1141 774 quaereretur,
1198 711 1340 778 quod
1391 710 1440 764 ei
1494 726 1629 765 uxor
1672 712 1871 768 sterilis

276 801 450 861 esset,
490 793 665 864 inquit
709 796 875 852 abbas
903 816 916 849 :
943 797 1061 865 Tibi
1110 800 1377 868 profecto,
1425 802 1724 858 clarissime
1763 805 1867 861 Za—

271 886 431 951 nobi,
476 888 673 942 bonum
715 904 838 943 cum
878 890 1079 945 honore
1125 893 1446 963 dignissimo
1494 904 1548 949 et
1588 898 1772 964 optavi
1815 906 1870 953 et

276 984 427 1046 opto,
454 978 776 1048 cupiamque
802 994 1033 1050 semper,
1063 991 1117 1037 et
1154 984 1283 1052 quid
1316 985 1416 1038 bac
1455 984 1509 1039 in
1568 1001 1626 1040 re
1668 987 1865 1051 dicam,

280 1062 473 1133 ignoro
518 1068 754 1137 penitus.
798 1069 1027 1127 Tantum
1075 1073 1217 1127 bono
1257 1074 1441 1128 animo
1478 1076 1724 1145 perferre
1768 1094 1868 1132 nos

268 1156 420 1211 .duco
470 1169 719 1228 Oportere
759 1177 877 1230 quae
910 1161 1069 1218 Jesus
1103 1165 1359 1222 Dominus
1402 1176 1584 1222 noster
1619 1170 1752 1239 agit,
1779 1172 1864 1224 cui

275 1260 425 1300 cura:
453 1264 638 1302 SlllllllS
668 1266 682 1303 :
711 1260 767 1305 et
796 1251 862 1315 si,
896 1253 983 1307 ubi
1023 1254 1255 1309 humana
1301 1256 1497 1311 desunt
1536 1260 1759 1326 auxilia,
1807 1271 1866 1314 ut

277 1353 367 1393 me
383 1339 575 1395 melius
604 1341 740 1395 nosti
754 1356 879 1406 ,nos
899 1346 1303 1402 commendatos
1324 1358 1473 1403 recto
1494 1350 1656 1415 corde
1680 1351 1865 1407 redde-

268 1442 482 1491 remus,
526 1446 684 1501 spero
727 1448 832 1488 non
877 1434 975 1490 abs
1025 1451 1085 1490 re
1129 1435 1266 1494 fore.
1318 1437 1564 1510 Pcrsaepe
1606 1443 1717 1499 hoc
1763 1459 1863 1514 ego

266 1518 426 1592 [feci]
470 1522 646 1592 inquit
689 1524 985 1581 Zanobius.
1025 1527 1382 1598 Experiamur
1427 1533 1646 1600 iterum,
1686 1535 1862 1607 inquit

274 1613 461 1678 abbas,
483 1625 541 1671 et
568 1631 693 1671 cum
715 1618 879 1673 multa
908 1621 1150 1692 prodigia
1177 1624 1242 1676 de
1260 1620 1489 1687 Joanne,
1514 1628 1861 1688 sanctissimo

270 1701 551 1760 Gualberti
590 1706 723 1772 tilio,
756 1719 1067 1775 narrentur,
1107 1720 1162 1766 et
1196 1728 1291 1782 per
1315 1716 1553 1770 omnium
1596 1731 1691 1772 ora
1721 1736 1857 1789 quo-

272 1794 405 1850 tidie
435 1812 572 1853 nova
606 1806 664 1854 et
696 1800 941 1857 inaudita
971 1802 1152 1858 volent
1174 1805 1456 1873 miracula,
1482 1810 1615 1864 milii
1636 1812 1859 1880 quidem

260 1888 406 1943 sutile
434 1890 706 1947 videretur
732 1893 949 1965 Virgini
968 1894 1150 1951 Mariae
1175 1897 1461 1968 imprimis,
1492 1909 1548 1954 et
1578 1900 1640 1955 8.
1660 1901 1861 1960 Joanui

273 1983 331 2031 te
358 1987 413 2032 et
443 1987 588 2036 tuam
624 1996 693 2038 ex
723 1985 886 2039 corde
924 1986 1336 2043 commendares
1372 1988 1660 2055 familiam;
1691 2001 1748 2046 et
1774 1993 1859 2048 vi-

266 2064 406 2123 deor
438 2070 625 2126 videre
664 2072 757 2127 tibi
786 2073 993 2143 prolem
1042 2075 1414 2147 dignissimam
1455 2078 1733 2149 futuram,
1768 2083 1859 2140 Je-

265 2173 393 2215 sum
420 2163 693 2218 daturum.

336 2250 466 2306 22H.
506 2252 629 2308 llzec
664 2255 717 2309 in
741 2255 968 2312 ecclesia
998 2257 1056 2313 S.
1091 2258 1373 2317 Trinitatis
1399 2261 1687 2321 Florentiae
1709 2281 1854 2333 cum,

265 2342 418 2397 nullo
452 2356 736 2413 praesente,
773 2348 840 2402 ab
878 2349 962 2407 liis
991 2351 1325 2419 dicerentur,
1360 2355 1494 2410 civis
1522 2357 1674 2413 ﬂexis
1700 2361 1856 2429 geni-

266 2432 371 2488 bus
401 2448 584 2489 coram
628 2435 685 2490 S.
723 2435 948 2495 Joannis
989 2440 1146 2496 altari
1193 2442 1501 2512 hujusmodi
1542 2457 1761 2518 pectore
1786 2452 1858 2508 ab

264 2521 378 2577 imo
407 2524 543 2579 fudit
580 2527 786 2582 verba:
820 2526 1058 2586 Joannes
1100 2533 1435 2601 beatissime,
1479 2539 1523 2592 si
1566 2541 1671 2596 lioe
1714 2544 1855 2611 apud

255 2611 448 2669 Jesum
473 2617 733 2685 precibus
776 2619 884 2673 tuis
915 2621 1298 2691 impetravero,
1330 2626 1519 2682 saltem
1559 2645 1699 2685 uxor
1732 2648 1852 2686 mea

210 2688 217 2695 ’
257 2706 485 2763 unicum
510 2709 639 2765 mibi
665 2711 843 2780 pariat
889 2688 1077 2781 filium,
1130 2718 1310 2773 missae
1355 2720 1704 2791 quamplures
1749 2724 1854 2781 hoc

214 2812 217 2815 ‘
257 2795 323 2855 in
359 2798 517 2854 altari
555 2801 623 2855 ad
662 2802 739 2857 tui
777 2802 944 2861 decus
980 2804 1416 2875 celebrabuntur,
1461 2810 1745 2883 ipsumque
1770 2816 1850 2871 al-

260 2896 383 2945 tare
402 2903 723 2949 ornamento
764 2910 1056 2967 purpureo,
1097 2900 1290 2958 sericis
1342 2911 1399 2957 et
1443 2916 1580 2959 auro
1622 2904 1849 2970 intexto,

260 2981 490 3037 ornabo.
529 2982 653 3039 Haec
679 2985 862 3057 itaque
885 2990 1132 3045 oratione
1156 3000 1212 3048 et
1241 3003 1366 3047 voto
1404 2995 1628 3061 emisso,
1665 2998 1848 3052 abbati

260 3070 588 3140 valedicens,
624 3090 775 3146 spem
816 3078 1007 3134 bonam
1055 3081 1221 3137 filium
1252 3086 1485 3141 habendi
1510 3102 1695 3143 secum
1725 3104 1852 3159 por-

262 3166 407 3226 tans,
463 3162 678 3239 domum
730 3166 1007 3235 ingressns
1041 3182 1126 3229 est
1158 3188 1381 3245 remque
1432 3192 1649 3232 onmem
1689 3182 1844 3236 uxori

260 3261 395 3314 suae,
444 3267 640 3323 magno
695 3265 822 3311 natu
874 3259 1110 3327 mulieri,
1158 3278 1422 3321 enarrare
1459 3269 1691 3323 curavit.
1732 3269 1847 3326 Hoc

258 3336 445 3409 itaque
476 3357 601 3398 cum
639 3345 691 3400 ei
734 3346 894 3416 longe
926 3361 1143 3420 gratum
1187 3355 1468 3421 existeret,
1514 3374 1634 3414 sese
1679 3362 1844 3418 etiam

257 3429 458 3487 mulier
509 3432 715 3505 Virgini
761 3437 948 3497 Maria:
993 3451 1045 3498 et
1093 3443 1152 3499 S.
1200 3443 1394 3501 Joanni
1434 3455 1843 3519 commendans,

256 3524 513 3592 sperabat
558 3528 791 3585 divinam
820 3534 1050 3604 gratiam
1087 3535 1395 3592 adfuturam
1425 3558 1442 3593 :
1470 3557 1573 3596 nec
1608 3559 1705 3597 eos
1748 3559 1846 3615 spe

255 3612 427 3670 falsos
459 3615 669 3679 habuit,
714 3635 837 3676 cum
868 3639 1011 3679 nouo
1041 3642 1224 3683 mense
1268 3638 1391 3696 post
1420 3631 1588 3686 tilium
1634 3612 1847 3690 mascu-

249 3702 368 3760 lum
398 3708 483 3764 eis
512 3709 723 3767 bonitas
769 3717 1102 3773 concesserit
1134 3719 1337 3775 divina.
1380 3721 1461 3779 Eo
1489 3738 1597 3780 non
1633 3733 1841 3783 tantum

253 3798 348 3867 qui
379 3800 447 3854 de
492 3800 694 3858 familia
733 3815 912 3872 erant,
951 3825 1141 3864 verum
1176 3827 1366 3870 omnes
1409 3817 1571 3872 vicini
1610 3822 1841 3890 gestire,

252 3889 383 3959 quia
420 3891 502 3946 eis
531 3890 688 3949 Jesus
718 3896 925 3952 meritis
949 3896 1174 3957 Joannis
1206 3903 1501 3962 beatissimi
1536 3889 1702 3965 ﬁlium
1732 3912 1842 3967 bae-

248 3983 716 4044 redemdedisset.
754 3990 1029 4047 Zanobius
1056 3993 1222 4063 igitur
1242 3998 1396 4068 plura
1421 4010 1477 4055 et
1506 4003 1750 4071 meliora,
1777 4022 1841 4062 ac

249 4084 500 4141 voverat,
549 4080 800 4147 reddens,
848 4083 977 4139 dum
1024 4086 1189 4142 vitam
1233 4091 1388 4156 vixit,
1435 4092 1493 4148 8.
1530 4092 1727 4151 Joanni
1785 4108 1842 4153 et

250 4164 500 4236 religioni
531 4169 794 4228 universa:
821 4172 995 4230 bonus
1033 4185 1091 4232 et
1119 4179 1345 4236 devotus
1381 4186 1617 4252 exstitit;
1650 4196 1707 4242 et
1745 4189 1838 4243 ab-

250 4250 437 4309 batem
496 4273 565 4311 ex
624 4262 801 4317 amico
836 4266 1237 4324 amicissimum
1281 4272 1528 4342 plurimis
1563 4277 1840 4335 beneﬁciis

240 4342 399 4402 'datis
423 4357 481 4402 et
504 4352 742 4421 acceptis
767 4354 913 4410 fecit.
957 4356 1099 4423 llaec,
1137 4362 1321 4416 multis
1355 4361 1733 4434 put-sentibus,
1770 4372 1840 4424 ab

249 4434 375 4508 ipso
396 4437 460 4494 Ι).
487 4439 887 4500 Bartbolomteo
915 4448 1112 4504 abbate
1142 4454 1472 4521 accepimus.

320 4531 447 4587 212.
485 4533 740 4591 Memoria
785 4549 968 4594 nostra
1017 4542 1231 4596 cuidam
1261 4544 1524 4611 Gerardo,
1564 4548 1654 4617 qui
1703 4561 1837 4619 prte-

246 4630 400 4684 dium
440 4631 599 4700 hujus
638 4632 696 4688 8.
738 4634 920 4691 Maria:
956 4637 1173 4692 colebat
1224 4635 1279 4695 et
1325 4641 1501 4697 adhuc
1543 4644 1692 4708 colit,
1738 4661 1834 4700 ca-

245 4738 370 4776 sum
412 4726 701 4793 quemdam
754 4728 1016 4783 accidisse
1068 4733 1399 4801 accepimus,
1445 4734 1535 4803 qui
1584 4738 1835 4807 equidem

247 4815 375 4870 talis
410 4817 638 4873 exstitit.
683 4818 815 4875 Cum
864 4821 1009 4877 enim
1042 4823 1155 4893 jam
1210 4825 1410 4879 dudum
1455 4828 1539 4881 avi
1583 4830 1835 4900 atavique

244 4906 334 4960 sui
365 4917 419 4961 et
448 4918 700 4977 parentes
726 4921 781 4965 et
813 4913 928 4982 ipse
955 4914 1062 4968 divi
1096 4913 1477 4971 Bartbolommi
1517 4917 1711 4974 festum
1745 4936 1834 4976 an-

242 5000 456 5055 nuatim
479 5002 593 5073 ipsa
619 5002 707 5058 die
727 5003 1022 5073 honorifice
1054 5007 1330 5063 celebrare
1359 5013 1598 5067 consueti
1628 5025 1828 5078 essent,

240 5087 690 5149 honoriﬁcentius
718 5096 875 5153 solito
899 5114 966 5154 eo
991 5114 1153 5166 anno,
1185 5118 1292 5173 quo
1330 5102 1431 5156 hoc
1457 5107 1677 5171 accidit,
1706 5124 1832 5180 gra-

240 5180 320 5210 ‘gﬁ
384 5187 733 5210 nun—num..-”

1978 523 2179 579 latione
2207 525 2418 593 signum
2449 540 2727 597 campanze
2762 528 3097 598 pulsabatur.

2040 612 2169 668 245.
2209 613 2342 670 Cum
2381 615 2546 684 igitur
2574 618 2775 673 comite
2820 635 2926 673 uno
2954 630 3266 689 contentus,
3305 633 3420 681 tum
3462 629 3562 687 ob—

1974 704 2232 759 scuritate
2259 705 2460 769 noctis,
2496 722 2623 762 aere
2665 709 2716 762 in
2760 718 3135 780 tempestatem
3164 725 3392 779 mutato,
3440 728 3554 775 tum

1969 795 2136 849 etiam
2178 796 2431 851 tarditate
2466 807 2521 852 et
2563 800 2744 855 vitula:
2783 811 2839 855 et
2879 804 3069 858 matris
3107 807 3393 874 nequirent
3434 825 3561 881 pro-

1970 900 2184 954 perare,
2234 887 2324 941 vix
2365 889 2435 941 ad
2476 888 2698 952 fontem,
2742 892 2831 960 qui
2874 908 3033 962 supra
3079 898 3453 955 eremitorium
3494 900 3556 957 S.

1968 973 2155 1029 Harize
2181 977 2247 1032 de
2279 978 2512 1034 Casrcca
2542 980 2595 1035 in
2631 981 2825 1036 itinere
2860 983 3065 1055 jugiter
3111 998 3320 1055 manat,
3350 991 3558 1051 lumine

1967 1066 2202 1135 quodam
2258 1071 2485 1138 parvulo
2533 1074 2710 1127 noctis
2756 1089 2862 1127 non
2914 1078 3128 1144 penitus
3178 1080 3424 1140 obscurae
3472 1085 3559 1140 vel

1962 1173 2068 1213 usu
2102 1160 2281 1228 potius
2321 1176 2644 1230 pervenere;
2693 1180 2815 1220 cum
2847 1168 2957 1222 cito
2988 1170 3352 1242 inexspectata
3387 1184 3444 1233 et
3469 1194 3558 1239 su-

1967 1246 2076 1302 bita
2108 1249 2189 1303 vis
2218 1262 2501 1307 ventorum
2521 1263 2576 1309 et
2602 1255 2853 1313 immanis
2885 1275 3147 1329 aquarum
3171 1267 3425 1335 procella,
3454 1272 3557 1331 ob-

1964 1349 2185 1395 scurato
2216 1341 2377 1408 coelo,
2409 1347 2645 1414 undique
2686 1355 2742 1401 et
2782 1350 3020 1420 undique
3061 1353 3325 1411 oboritur.
3370 1358 3555 1418 Miseri

1964 1429 2147 1501 itaque
2178 1433 2276 1500 illi,
2326 1435 2381 1489 in
2418 1444 2571 1493 tanto
2597 1437 2797 1508 talique
2834 1440 3151 1498 discrimine
3190 1448 3376 1517 positi,
3418 1452 3556 1521 quid

1958 1531 2206 1594 agerent,
2247 1542 2356 1609 quo
2385 1542 2446 1582 se
2488 1537 2764 1586 verterent
2803 1531 3125 1604 ignorabant
3155 1540 3396 1609 penitus;
3424 1560 3553 1599 nam

1963 1628 2064 1669 nec
2094 1605 2343 1687 progredi
2377 1618 2603 1674 ulterius
2625 1629 2880 1691 poterant
2913 1624 2982 1679 ob
3009 1605 3230 1682 nubium
3257 1605 3550 1690 densarum

1958 1703 2374 1775 obscuritatem,
2414 1717 2472 1765 et
2512 1709 2622 1767 illic
2654 1726 2776 1767 esse
2813 1713 2903 1768 diu
2942 1714 3095 1773 locus
3134 1719 3339 1774 Sterilis
3366 1730 3429 1781 et
3456 1737 3555 1794 pe-

1894 1793 1936 1852 B
1966 1793 2123 1847 nuria
2152 1808 2353 1859 rerum,
2385 1797 2479 1855 sed
2518 1802 2820 1870 praesertim
2858 1801 3100 1861 futurum
3130 1814 3184 1862 et
3224 1808 3437 1866 instans
3460 1793 3554 1867 ile-

1961 1889 2102 1936 stum
2127 1897 2233 1938 non
2258 1887 2625 1954 permittebat.
2667 1888 2788 1945 Rati
2819 1892 3002 1962 itaque
3029 1895 3132 1949 lioc
3170 1897 3224 1952 in
3257 1913 3371 1955 rem
3396 1917 3550 1961 suam

1961 1967 2096 2034 fore,
2120 1972 2358 2029 divinum
2383 1975 2633 2033 videlicet
2652 1979 2945 2051 implorare
2964 1984 3251 2052 auxilium,
3275 1987 3551 2049 Gerardus

1962 2068 2072 2114 tota
2112 2072 2295 2117 mente
2345 2064 2451 2120 tale
2492 2068 2660 2123 edidit
2712 2082 2895 2126 votum
2937 2090 2952 2127 :
2999 2073 3164 2129 Maria
3205 2079 3386 2149 Virgo,
3426 2096 3553 2151 spes

1960 2151 2118 2206 unica
2172 2152 2429 2223 salusque
2475 2165 2533 2213 et
2580 2160 2911 2217 tutissimum
2960 2165 3322 2223 desolatorum
3381 2171 3552 2243 [refu-

1959 2242 2151 2316 gium],
2186 2245 2620 2321 miserorumque
2665 2253 2910 2311 omnium
2950 2266 3161 2327 portus,
3212 2242 3551 2336 tuqueiApoo

1958 2334 2094 2391 stole
2120 2337 2211 2393 Dei
2239 2337 2648 2409 Bartbolomzee,
2673 2344 2891 2404 familia:
2916 2361 2971 2404 et
3004 2352 3195 2409 domus
3226 2366 3428 2413 nostra:
3454 2334 3549 2416 de-

1958 2428 2168 2497 fensor,
2212 2433 2367 2489 vobis
2395 2450 2495 2491 nos
2537 2447 2853 2510 nostraque,
2897 2454 3160 2512 quantum
3208 2446 3261 2501 in
3313 2463 3400 2504 me
3440 2462 3545 2516 est,

1961 2527 2072 2576 toto
2098 2522 2263 2578 corde
2297 2532 2353 2577 et
2382 2533 2496 2580 tota
2527 2537 2708 2583 mente
2746 2533 3084 2588 commendo.
3125 2535 3313 2593 Liceat
3355 2539 3543 2597 saltem

1957 2610 2062 2666 hac
2091 2622 2249 2668 nocte
2282 2613 2342 2671 8.
2378 2614 2563 2674 Maria:
2588 2620 2653 2674 de
2676 2618 2827 2679 Valle
2864 2622 3127 2685 Umbrosa
3173 2629 3327 2685 adire
3354 2648 3545 2690 mona-

1954 2702 2213 2771 sterium;
2251 2706 2394 2776 quod
2435 2708 2483 2763 si
2531 2711 2728 2768 vestris
2763 2714 3016 2783 precibus
3047 2718 3149 2775 hoc
3174 2723 3315 2792 apud
3356 2722 3544 2785 Jesum

1954 2794 2339 2865 impetravero,
2368 2798 2422 2854 in
2453 2799 2716 2859 bonorem
2762 2804 3037 2877 decusque
3083 2812 3250 2877 vestri
3294 2814 3546 2875 taberna-

1950 2886 2133 2942 culum
2185 2888 2238 2944 in
2290 2892 2464 2949 triviis
2512 2893 2807 2953 Dlalinarize
2851 2900 3190 2958 condendam
3242 2905 3542 2966 instituam.

2020 2979 2146 3036 ΞΗ.
2189 2979 2285 3037 llis
2326 2984 2487 3040 dictis
2532 2988 2763 3053 socium,
2807 3005 2876 3045 ne
2920 2990 3068 3059 inde,
3100 2999 3277 3064 quoad
3330 3002 3539 3066 redeat,

1952 3074 2213 3143 discedat,
2238 3095 2462 3137 monens
2483 3090 2540 3137 et
2558 3098 2725 3140 orans
2744 3094 2799 3140 et
2819 3086 2972 3153 signo
2990 3089 3169 3143 crucis
3188 3106 3247 3146 se
3268 3093 3537 3162 muniens,

1952 3166 2011 3222 S.
2045 3168 2273 3227 Joannis
2301 3173 2502 3228 virtute
2537 3174 2731 3243 fretus,
2755 3178 2858 3234 iter
2878 3180 3166 3236 obscurum
3201 3187 3534 3256 aggreditur.

1947 3257 2081 3312 Eum
2119 3275 2218 3329 ego
2248 3263 2443 3331 saepius
2474 3263 2617 3320 hanc
2644 3282 2761 3323 rem
2803 3270 3205 3337 praedicantem,
3250 3290 3413 3342 quam
3459 3279 3541 3334 di-

1946 3354 2135 3402 cturus
2165 3363 2306 3416 sum,
2337 3351 2545 3419 audivi;
2574 3355 2702 3423 quid
2736 3356 2983 3413 videlicet
3010 3374 3037 3413 s
3059 3359 3112 3414 bi
3150 3370 3349 3430 praeter
3384 3381 3537 3435 spem

1946 3439 2205 3494 acciderit
2229 3442 2539 3499 humanam.
2581 3445 2701 3527 Mos
2727 3449 2873 3505 enim
2902 3450 3154 3523 [aiebat],
3183 3468 3247 3510 ac
3272 3456 3316 3510 si
3342 3473 3372 3509 a
3404 3472 3541 3527 quu-

1945 3528 2072 3584 dam
2102 3532 2290 3602 rapido
2315 3543 2479 3593 vento
2516 3524 2813 3609 suspensus
2843 3542 3102 3607 defcrrer,
3138 3547 3238 3602 hoc
3263 3548 3323 3602 8.
3350 3524 3534 3606 Maria:

1944 3623 2335 3679 monasterium
2362 3626 2544 3683 audivi
2577 3638 2633 3685 et
2674 3633 2903 3689 concitis
2928 3634 3247 3708 crebrisque
3286 3638 3537 3699 clamori-

1945 3712 2045 3766 bus
2088 3709 2350 3770 Jacobum
2399 3720 2685 3786 quemdam
2730 3738 3050 3784 conversum
3093 3734 3400 3805 advocans,
3441 3755 3537 3809 per

1930 3797 2123 3881 ‘Jcsum
2156 3805 2224 3859 ad
2254 3819 2343 3861 me
2366 3804 2512 3863 foras
2539 3813 2723 3880 egredi
2752 3828 2874 3869 eum
2909 3825 3055 3875 torre
3087 3825 3290 3893 optime
3317 3797 3533 3895 adusto,

1944 3907 2043 3946 nec
2068 3909 2291 3950 causam
2318 3907 2430 3953 tum
2460 3900 2618 3956 vellet
2649 3903 2924 3974 inquirere
2950 3914 3123 3968 oravi.
3163 3915 3254 3972 ille
3290 3919 3434 3976 illico
3465 3926 3534 3977 a.l

1943 3996 2030 4038 me
2070 3985 2352 4053 egrediens
2399 3987 2603 4046 lumine
2643 4008 2871 4067 accenso
2929 4014 3055 4056 eum
3117 4013 3248 4060 testa
3299 4010 3534 4081 undique

1940 4072 2124 4130 clausa
2154 4091 2334 4133 meum
2364 4082 2660 4138 comitatur
2687 4086 2792 4141 iter
2825 4088 2893 4143 ad
2932 4094 3161 4161 socium,
3205 4113 3366 4167 quem
3408 4104 3533 4158 reli-

1939 4178 2165 4233 queram
2189 4185 2392 4239 usque;
2422 4173 2545 4230 inde
2570 4177 2614 4229 si
2646 4180 2774 4246 quid
2806 4180 2946 4237 aliud
2981 4187 3192 4253 vellem,
3221 4193 3527 4262 inquirens;

1939 4270 2040 4326 ego
2067 4269 2286 4315 econtra
2315 4279 2328 4314 :
2361 4273 2445 4316 sat
2473 4265 2663 4320 habeo.
2704 4269 2851 4324 Datis
2898 4281 3240 4347 accept'sque
3289 4284 3529 4343 dexteris

1939 4355 1992 4400 et
2019 4363 2088 4403 ex
2130 4365 2280 4404 more
2321 4352 2497 4422 dignis
2525 4357 2937 4417 salutationibus
2990 4365 3207 4435 habilis,
3257 4372 3346 4429 ille
3387 4376 3529 4431 illico

1941 4441 2009 4493 ad
2041 4444 2447 4511 monasterium,
2492 4461 2592 4518 ego
2643 4450 2859 4507 doumm
2907 4471 3082 4511 meam
3125 4463 3254 4516 abii.
3302 4466 3530 4524 Constat

1942 4536 2124 4603 itaque
2158 4533 2393 4604 Virginis
2430 4537 2610 4596 Mariae
2637 4541 2923 4615 imprimis,
2943 4549 3068 4605 inde
3090 4556 3338 4622 precibus
3361 4558 3529 4618 Joan-

1940 4623 2023 4678 nis
2048 4627 2375 4681 sanctissimi
2414 4630 2563 4695 buic,
2596 4633 2649 4687 in
2690 4644 2839 4692 tanto
2867 4639 3179 4702 discrimine
3221 4653 3419 4722 posito,
3444 4657 3529 4711 die

1939 4718 2116 4771 vinum
2149 4719 2573 4777 misericordiam
2601 4724 2856 4791 adfuisse,
2887 4740 2944 4785 et
2968 4735 3042 4798 ei,
3073 4747 3131 4791 ut
3156 4739 3287 4794 olim
3319 4718 3527 4803 Daniell

1937 4806 2238 4878 prephetae,
2262 4824 2358 4878 per
2377 4814 2624 4884 angelum
2657 4818 2843 4877 tulisse
2867 4838 3045 4892 opem.
3085 4827 3214 4885 lude
3236 4831 3347 4900 ille,
3379 4840 3525 4906 quod

1937 4912 2182 4967 voverat,
2220 4918 2341 4959 mox
2372 4911 2602 4981 peregit.

2584 5005 2765 5064 PARS
2801 5012 2865 5067 ll.

2003 5109 2127 5166 245.
2159 5111 2219 5166 D.
2249 5110 2529 5170 Mattltzeus
2551 5117 2678 5172 olim
2701 5121 2868 5178 abbas
2893 5123 2949 5179 8.
2979 5126 3268 5189 Trinitatis
3297 5134 3350 5190 in
3380 5137 3533 5210 Alpi-
