4110 5362
629 356 728 412 907

1676 354 1733 409 S.
1776 353 2056 411 JOANNIS
2097 356 2490 413 GUALBERTI
2529 357 2818 415 ABBATIS

3765 373 3874 430 908

628 473 694 524 ab
721 470 835 539 ipso
860 467 1150 538 equitando
1173 468 1440 537 paululum
1465 467 1743 531 distarent,
1769 483 1891 523 eum
1916 467 2060 522 humi
2084 477 2196 525 toto
2225 473 2269 531 Α
2298 480 2594 539 oporteret,
2615 479 2799 542 utpote
2829 472 2881 528 in
2900 487 3123 528 carcere
3151 475 3351 532 inculto
3369 479 3605 536 tenebris
3627 491 3685 538 et
3705 484 3878 539 odore

629 553 855 628 corpore
879 567 1182 626 porrectum
1207 558 1399 626 reperi.
1430 556 1597 627 Igitur
1627 572 1746 612 cum
1777 567 1936 611 tanta:
1959 558 2035 612 rei
2058 559 2222 613 male-

628 657 762 701 actze
782 660 999 701 causam
1059 645 1418 713 exquirerem,
1460 653 1510 698 et
1543 644 1629 698 ille
1664 644 1846 700 dolore
1874 645 2097 702 affectus
2131 647 2198 701 ad

627 739 838 807 plenum
889 751 991 789 non
1036 746 1214 806 posset
1241 736 1368 790 dare
1403 750 1716 805 responsum
1749 734 1882 805 (fere
1904 737 2044 791 enim
2072 753 2197 792 crus

628 829 859 898 fregerat
904 827 1090 896 unum)
1119 842 1238 881 eum
1265 827 1398 896 ccepi
1452 824 1735 882 obsecrare
1772 835 1824 882 et
1846 841 2022 892 orare,
2056 842 2111 880 se
2138 827 2196 880 ti-

632 919 826 972 deliter
850 926 904 972 et
926 931 992 972 ex
1019 916 1179 970 corde
1206 915 1410 984 Virgini
1458 915 1638 969 Maria:
1668 925 1959 984 sanctoque
2003 913 2195 969 Joanni

627 1006 1060 1063 eonunendatum
1114 1006 1166 1059 in
1213 1013 1358 1058 tanto
1403 1005 1710 1058 discrimine
1770 1005 1992 1058 reddere
2041 1003 2196 1056 vellet

623 1101 873 1164 omnino;
898 1099 1039 1168 quod
1068 1107 1120 1151 et
1151 1097 1293 1158 fecit,
1321 1095 1424 1150 tale
1453 1112 1651 1150 v0vens
1681 1105 1860 1151 votum
1906 1112 1917 1147 :
1949 1093 2086 1149 Crns
2109 1110 2196 1149 ee-

628 1207 799 1255 reum,
823 1190 1056 1246 Joannes
1085 1188 1244 1244 Pater
1265 1188 1590 1254 beatissime,
1631 1188 1782 1242 altari
1816 1198 1928 1252 tuo,
1961 1189 2102 1258 quod
2143 1189 2194 1240 in

630 1283 958 1338 monasterio
989 1283 1047 1335 S.
1072 1273 1254 1336 Mariae
1279 1282 1342 1336 de
1369 1280 1518 1336 Valle
1547 1279 1802 1336 Umbrosa
1833 1281 1993 1336 silum
2026 1284 2194 1335 honoo

591 1411 594 1414 ~
630 1375 780 1429 ritice
827 1373 1076 1437 habetur,
1106 1372 1352 1441 desuper
1377 1369 1609 1440 pendere
1651 1371 1870 1441 juheho,
1916 1373 2070 1426 modo
2097 1387 2198 1440 ope

631 1473 720 1516 tua
769 1463 1036 1531 inceptmn
1089 1476 1338 1532 peragam
1385 1461 1504 1515 iter.
1535 1459 1657 1516 Jesu
1683 1461 1846 1515 bone!
1875 1461 2015 1514 illico
2040 1475 2198 1516 servo

628 1573 728 1611 suo
755 1554 987 1611 Joannes
1018 1553 1366 1610 beatissimus
1399 1553 1656 1607 auxilium
1689 1553 1881 1616 ferens,
1917 1552 1968 1606 in
1998 1567 2196 1616 meum,

625 1646 706 1698 cui
740 1643 1054 1709 insidebam,
1093 1642 1303 1712 prosilit
1325 1642 1525 1696 mulum
1555 1658 1569 1697 :
1603 1657 1724 1696 nam
1761 1656 1895 1696 suus
1922 1640 2198 1712 aufugerat

627 1744 681 1788 et
702 1733 802 1788 nisi
830 1748 858 1786 a
881 1732 1201 1801 quibusdam
1259 1732 1509 1788 ruricolis
1539 1742 1594 1788 et
1622 1733 1892 1788 montanis
1914 1733 2004 1803 qui
2037 1748 2196 1788 suum

2301 561 2465 625 ftedo,
2506 570 2560 615 et
2588 565 2728 630 quod
2758 579 2880 618 cum
2933 564 3044 618 viro
3078 566 3179 620 sibi
3217 567 3582 624 infensissinto
3610 576 3874 640 agendum

2300 657 2463 713 esset,
2489 650 2668 704 animo
2707 668 2803 706 suo
2853 652 3048 721 saepius
3099 655 3414 718 revolveret,
3451 661 3660 712 tandem
3689 662 3875 718 oculos

2300 741 2496 794 mentis
2535 755 2746 795 sursum
2786 744 2836 796 in
2867 745 3034 800 etelos
3079 746 3295 802 elevans
3315 764 3378 801 ex
3408 749 3610 807 intimis
3635 769 3874 822 pnecor-

2299 828 2400 883 diis
2428 829 2728 900 hujusmodi
2752 833 2915 888 verba
2939 834 3146 890 habuit.

2370 921 2495 976 248.
2531 921 2693 991 Virgo
2725 921 2890 977 Maria
2927 925 3266 979 sanctissima
3301 929 3538 983 onmium
3566 931 3874 991 mortaiium

2297 1019 2353 1066 et
2401 1013 2701 1080 prtesertim
2765 1015 2816 1068 in
2845 1017 3099 1070 aerumnis
3150 1027 3203 1072 et
3236 1034 3468 1074 ιιιω;·οτο
3494 1031 3548 1075 et
3577 1023 3717 1078 luctu
3752 1027 3871 1080 exi-

2298 1102 2551 1156 stentium
2577 1103 2850 1166 solatium,
2878 1105 3161 1176 refugium,
3212 1107 3400 1173 virtus,
3427 1126 3550 1178 spes
3581 1114 3873 1177 tutissima,

2297 1207 2384 1246 me
2407 1201 2575 1247 totum
2624 1194 2716 1248 tibi
2751 1196 2906 1260 dedo,
2956 1205 3010 1250 et
3038 1199 3268 1252 animam
3305 1216 3478 1254 meam
3511 1211 3614 1257 tuae
3642 1205 3782 1268 fidei,
3815 1217 3878 1259 ut

2298 1282 2430 1336 alias
2456 1299 2686 1353 semper,
2720 1285 2790 1338 ita
2840 1302 2982 1340 nunc
3025 1295 3134 1340 tota
3183 1296 3361 1344 mente
3409 1292 3638 1360 tutisque
3669 1295 3875 1348 viribus

2298 1373 2634 1425 commendo.
2662 1371 2908 1442 insuper,
2931 1374 2974 1428 si
2999 1389 3230 1439 mereor,
3253 1392 3338 1430 me
3364 1391 3428 1430 ex
3455 1377 3538 1432 his
3561 1379 3794 1434 miseriis
3818 1392 3878 1436 ιι

2298 1461 2552 1514 aerumnis
2584 1461 2901 1517 incolumem
2956 1464 3182 1518 reddere
3221 1465 3371 1530 velis,
3399 1482 3520 1532 oro;
3553 1470 3634 1523 sin
3673 1472 3874 1536 minus,

2299 1545 2406 1619 [ιη]
2454 1563 2554 1602 non
2577 1563 2717 1618 (egre
2746 1552 2841 1606 hos
2887 1552 3155 1607 cruciatus
3197 1553 3487 1623 perferam,
3515 1557 3655 1614 vires
3679 1560 3876 1614 saltem

2299 1639 2555 1709 deprecor
2605 1641 2946 1698 administros
2976 1660 2990 1698 ;
3023 1660 3145 1698 nam
3177 1645 3256 1699 sic
3296 1645 3461 1700 vitam
3489 1648 3686 1719 degere
3705 1660 3757 1705 et
3784 1650 3870 1704 in-

2301 1729 2578 1786 tolerabile
2629 1731 2760 1785 mihi
2811 1742 2865 1788 et
2903 1733 3158 1789 indecens
3195 1742 3315 1790 est:
3349 1745 3512 1805 tuque
3536 1737 3715 1802 Pater,
3742 1740 3878 1794 fide-

623 1838 742 1878 esse
770 1824 836 1877 ob
859 1822 957 1877 loci
989 1821 1346 1892 frequentiam
1379 1826 1579 1893 optime
1615 1831 1898 1889 noverant,
1922 1823 1972 1876 vi
2005 1832 2060 1878 et
2084 1823 2193 1878 cal-
2228 1804 2267 1862 Β
2300 1820 2428 1875 lium
2461 1822 2566 1876 dux
2617 1832 2778 1892 atque
2818 1825 3019 1891 lumen,
3071 1825 3304 1882 Joannes
3327 1804 3689 1895 sanctissime,
3717 1831 3878 1900 cujus

621 1915 830 1971 liditate
858 1915 1048 1970 fuisset
1069 1922 1279 1984 captus,
1309 1913 1453 1968 haud
1477 1927 1505 1968 a
1534 1924 1714 1984 coepto
1737 1914 1928 1969 itinere
1955 1913 2195 1970 destitis-

592 2035 594 2038 ν
624 2017 726 2074 set,
777 2004 954 2078 quoad
981 2005 1039 2061 S.
1073 2004 1355 2062 Trinitatis
1386 2005 1438 2060 in
1485 2005 1709 2078 Alpibus
1753 2005 1974 2062 adiisset
2002 2023 2192 2064 mona-

621 2101 865 2156 sterium.

688 2190 812 2244 246.
843 2189 979 2257 Quid
1021 2188 1202 2244 multis
1250 2203 1384 2259 opus
1423 2191 1543 2244 est?
1570 2188 1676 2243 laeti
1708 2187 1948 2244 Aretium
2003 2203 2194 2242 versus

622 2284 944 2352 equitantes,
975 2297 1117 2348 eum,
1156 2282 1280 2352 quia
1314 2281 1566 2336 facillime
1587 2281 1687 2335 sibi
1713 2281 1982 2336 dabantur
2008 2281 2190 2343 verba,

623 2378 697 2431 ita
724 2391 949 2432 exorsus
1000 2391 1117 2430 sum
1167 2374 1408 2447 [alloqui]
1440 2392 1452 2428 :
1482 2374 1549 2429 Mi
1604 2374 1766 2430 Pater
1815 2375 2000 2439 abbas,
2055 2375 2194 2428 unde

622 2469 774 2525 vobis
804 2468 887 2522 vel
917 2468 1187 2538 quomodo
1236 2477 1342 2522 tam
1368 2469 1547 2539 gravis
1578 2481 1758 2534 casus,
1784 2467 1828 2522 si
1865 2467 1967 2522 dici
1997 2471 2190 2538 petest,

621 2560 863 2616 exstitit?
893 2559 985 2614 llle
1009 2559 1272 2629 imprimis
1302 2561 1505 2629 pudore
1531 2559 1797 2614 deductus
1826 2558 2028 2630 fingere
2049 2573 2194 2628 quae-

623 2651 776 2714 dam;
805 2649 1018 2704 demum
1041 2664 1161 2702 cum
1200 2647 1480 2712 instarcm,
1514 2664 1647 2715 rem,
1678 2649 1758 2703 uti
1782 2659 1920 2713 erat,
1944 2649 2146 2718 aperuit
2175 2666 2187 2703 :

618 2741 810 2796 Aiebat
848 2740 991 2794 enim
1028 2754 1148 2794 cum
1188 2739 1511 2794 necessitate
1564 2749 1782 2794 coactus
1817 2740 1881 2794 de
1920 2739 2064 2794 mulo
2095 2740 2188 2795 de-

618 2831 966 2894 scendissem,
1019 2839 1075 2882 et
1104 2829 1298 2882 deinde
1332 2829 1385 2881 in
1436 2828 1608 2897 ipsum
1659 2828 1853 2883 iterum
1908 2844 2190 2884 ascensum

616 2930 835 2976 strenue
879 2935 1148 2991 pararem,
1180 2921 1446 2974 oblivione
1479 2929 1532 2975 et
1587 2922 1798 2976 concito
1838 2921 2040 2992 impetu
2095 2923 2191 2976 dn-

621 3020 742 3066 ctus
771 3011 1008 3066 habenas
1053 3026 1202 3064 more
1237 3009 1392 3065 solito
1433 3026 1536 3064 non
1587 3011 1799 3082 attingi.
1832 3012 2068 3081 Cupiens
2093 3013 2190 3067 ita-

619 3116 724 3172 que
754 3102 806 3156 in
836 3103 1006 3170 ipsum
1040 3101 1303 3172 prosilire,
1329 3102 1724 3171 quamprimum
1749 3102 1946 3156 mulum
1975 3102 2188 3174 [ascs'n-
2216 3136 2262 3200 ο

615 3191 750 3262 dit];
799 3193 984 3262 procul
1012 3208 1041 3246 a
1079 3208 1165 3247 me
1195 3208 1323 3248 vero
1367 3193 1513 3246 humi
1549 3201 1776 3247 stratum
1808 3195 2087 3262 :cgerrime
2114 3194 2191 3248 fe-

619 3299 744 3339 rens
775 3283 1009 3339 intellexi
1039 3298 1178 3339 csse.
1206 3283 1428 3339 Demum
1469 3284 1703 3352 Virginis
1729 3283 1907 3349 Mariae
1936 3285 2189 3354 precibus

614 3393 676 3432 re
698 3385 880 3433 nostra
917 3376 1020 3432 line
1047 3377 1249 3447 optimo
1276 3385 1330 3431 et
1363 3376 1502 3431 felici
1532 3376 1782 3432 conclusa
1815 3386 2186 3447 properantes,

619 3466 706 3520 ille
737 3466 1060 3522 Florentiam
1080 3505 1096 3532 ,
1121 3481 1220 3535 ego
1249 3481 1373 3520 vero
1397 3466 1461 3520 ad
1485 3465 1626 3520 istud
1651 3467 2034 3520 monasterium
2059 3481 2190 3521 con-

618 3557 784 3613 tendi.
810 3556 920 3612 Nec
943 3556 1110 3611 multo
1139 3565 1278 3626 post,
1311 3565 1492 3626 empto
1517 3570 1675 3610 crure
1709 3571 1884 3622 cereo,
1912 3571 2008 3610 nos
2037 3556 2190 3611 lretus

621 3650 857 3705 revisere
884 3648 1105 3715 cupiens
1135 3648 1240 3701 huc
1261 3647 1548 3710 concessit,
1579 3654 1634 3700 et
1660 3661 1814 3700 suum
1845 3645 2190 3700 devotissime

621 3738 1136 3809 complevitvotnm.
1165 3735 1302 3791 Crus
1351 3737 1512 3791 etiam
1555 3735 1680 3789 illud
1715 3749 1927 3788 cereum
1952 3734 2002 3788 in
2033 3734 2188 3788 testi-

616 3829 854 3884 monium
912 3826 1045 3880 tanti
1089 3825 1332 3880 miraculi
1374 3825 1465 3879 diu
1503 3839 1666 3895 supra
1697 3824 1756 3879 S.
1785 3823 2005 3880 Joannis
2031 3823 2186 3878 altari

615 3920 855 3991 pendens
876 3927 1252 3974 conservatum
1281 3925 1383 3973 est.

685 4009 811 4064 247.
847 4009 962 4064 lloc
989 4007 1152 4063 etiam
1194 4007 1409 4062 silentio
1442 4005 1721 4076 prazterire
1747 4021 1850 4060 non
1881 4005 1980 4060 fuit
2006 4007 2187 4061 consi-

615 4101 768 4168 lium,
796 4102 1140 4172 quod'nostra
1168 4108 1485 4170 tempestate
1510 4099 1771 4154 monacho
1801 4099 2012 4153 cuidam
2043 4099 2186 4168 Pup-

616 4195 788 4266 piensi
818 4191 1168 4265 cognovimus
1193 4191 1471 4246 accidisse.
1499 4189 2188 4259 D.AntoniusPuppiensis,

617 4303 776 4357 quem
811 4286 947 4342 falso
976 4286 1188 4340 nomine
1241 4284 1398 4354 vulgo
1435 4284 1651 4354 quidam
1696 4282 1936 4352 Cigarim
1983 4283 2186 4348 dixere,

615 4398 737 4436 cum
760 4382 812 4436 in
842 4380 1160 4453 quibusdam
1215 4377 1566 4443 facinoribus,
1599 4386 1658 4430 ut
1685 4385 1799 4430 erat
1832 4384 1959 4430 tunc
1982 4391 2185 4440 rumor,

2295 1909 2514 1967 Ordinis
2563 1913 2745 1968 tuendi
2777 1913 3208 1986 defendendique
3239 1917 3414 1988 gratia
3454 1920 3620 1972 multa
3653 1936 3878 1990 perpes-

2295 2018 2388 2058 sus
2413 2019 2554 2069 sum,
2579 2013 2637 2056 ut
2681 2005 2977 2074 peroptime
3026 2005 3188 2070 nosti,
3219 2005 3309 2076 qui
3340 2007 3520 2061 omnia
3553 2020 3585 2061 e
3615 2009 3768 2062 caelis
3791 2009 3839 2061 vi
3861 2035 3876 2048 -

2295 2095 2410 2159 des,
2442 2104 2588 2148 tuttm
2633 2095 2838 2150 fidelem
2878 2097 3039 2150 tutari
3078 2097 3210 2152 velis
3243 2098 3488 2163 tnilitem,
3515 2114 3748 2171 eumque
3775 2117 3878 2172 per

2294 2187 2418 2243 Jesu
2447 2186 2643 2243 Christi
2671 2189 3038 2257 clementiam.
3063 2205 3264 2261 perque
3305 2191 3450 2246 illam
3475 2202 3620 2247 tuam
3656 2194 3709 2248 in
3731 2193 3873 2266 alios

2295 2279 2508 2334 solitam
2559 2281 2995 2351 benignitateme
3025 2285 3273 2339 manibus
3325 2285 3470 2354 impii
3523 2287 3876 2356 cru..'elisqne

2297 2373 2508 2444 tyranni
2533 2373 2734 2429 Placidi
2763 2375 2908 2446 (196)
2941 2375 3157 2441 liberes,
3189 2392 3304 2431 oro.
3335 2375 3459 2431 Haec
3505 2378 3672 2447 igitur
3695 2389 3750 2434 et
3774 2379 3872 2431 hu-

2290 2465 2526 2536 jusmodi
2574 2466 2767 2536 smpius
2796 2475 2850 2521 et
2890 2467 3084 2536 sa'pius
3131 2467 3451 2537 geminando
3483 2485 3602 2524 cum
3641 2470 3871 2535 diceret,

2294 2573 2415 2612 eum
2457 2558 2540 2612 his
2563 2559 2732 2611 etiam
2770 2566 2893 2612 vota
2937 2557 3159 2621 faciens,
3190 2559 3330 2612 inter
3375 2556 3680 2623 dicendum,
3712 2561 3785 2614 ita
3815 2569 3875 2612 ut

2295 2649 2371 2713 fit,
2410 2662 2600 2703 somno
2645 2647 2935 2717 laboreque
2987 2648 3162 2703 feSsus
3214 2657 3556 2718 caputsuper
3585 2663 3756 2718 genua
3779 2650 3873 2702 dc-

2293 2739 2516 2800 elinans,
2549 2739 2805 2808 paulatim
2835 2754 2957 2793 eum
2995 2755 3155 2809 sopor
3185 2740 3397 2794 invasit.
3428 2739 3730 2806 Quiescens
3769 2741 3871 2794 ita-

2292 2844 2396 2899 que
2445 2828 2626 2891 talem,
2661 2837 2722 2882 ut
2771 2830 2882 2898 ipse
2933 2830 3136 2884 referre
3170 2829 3360 2884 solitus
3387 2838 3524 2887 erat.
3555 2831 3608 2885 in
3639 2830 3870 2885 somniis

2294 2919 2440 2973 visus
2460 2927 2542 2972 est
2571 2919 2767 2971 vidisse
2791 2918 3082 2982 visionem;
3115 2920 3286 2975 virum
3311 2918 3558 2974 vidi-licet
3581 2919 3870 2974 venerabi-

2291 3008 2396 3063 lem
2423 3009 2470 3061 ei
2515 3008 2792 3071 assistere,
2831 3017 2884 3061 et
2929 3009 3099 3078 ipsum
3143 3007 3406 3078 imprimis
3446 3007 3754 3062 humaniter
3783 3023 3870 3061 sr-

2295 3099 2417 3164 lari,
2445 3109 2498 3154 et
2526 3101 2741 3152 demum
2789 3101 2872 3153 his
2918 3100 3119 3154 hortari
3167 3100 3383 3153 verbis:
3424 3100 3729 3170 ligaturam
3772 3115 3868 3153 seu

2290 3191 2471 3245 funem
2507 3207 2572 3246 ex
2615 3191 2715 3245 hoc
2761 3189 2991 3260 tegmine
3036 3189 3292 3253 lacerato,
3337 3198 3388 3244 et
3418 3191 3465 3243 in
3491 3189 3642 3259 plura
3695 3187 3868 3242 frusta

2291 3281 2480 3346 diviso,
2510 3289 2569 3334 ut
2611 3280 2777 3343 vales,
2805 3280 3032 3343 confice,
3055 3287 3110 3333 et
3133 3280 3218 3332 his
3243 3279 3480 3334 cratibus
3511 3279 3698 3334 ferreae
3723 3278 3874 3333 fene-

2291 3381 2414 3428 strm
2438 3372 2829 3442 circumligata,
2858 3379 2906 3423 et
2932 3384 3027 3439 per
3051 3370 3282 3439 seipstnn
3313 3377 3363 3424 te
3387 3371 3586 3424 sensim
3620 3369 3871 3423 manibus

2291 3467 2595 3522 alternatim
2620 3463 2896 3533 suspensis
2946 3462 3292 3525 descendere,
3321 3469 3393 3525 et,
3421 3475 3529 3529 quo
3561 3469 3611 3514 te
3640 3466 3729 3513 tua
3753 3457 3866 3513 for-

2291 3569 2418 3615 tuna
2461 3558 2622 3620 sinet,
2661 3555 2977 3625 permittere
3017 3567 3083 3608 ne
3117 3553 3404 3608 cuncteris.
3439 3550 3513 3606 Te
3543 3551 3685 3606 haud
3713 3551 3870 3606 dese-

2291 3663 2438 3712 ram;
2476 3647 2602 3699 mihi
2632 3645 2810 3699 crede.

2357 3737 2482 3792 249.
2509 3735 2777 3805 Evigilans
2809 3735 2990 3803 itaque
3029 3739 3084 3786 et
3109 3739 3277 3794 ratus,
3308 3728 3448 3800 quod
3489 3735 3624 3792 erat,
3650 3743 3710 3782 se
3739 3728 3866 3783 Vir-

2289 3827 2396 3898 gini
2430 3825 2606 3878 Maria:
2637 3822 2736 3894 [et]
2765 3822 2821 3876 S.
2847 3821 3069 3876 Joannis
3096 3836 3237 3874 curae
3271 3835 3411 3882 esse,
3437 3834 3554 3888 quae
3578 3819 3630 3872 in
3659 3819 3866 3872 somnis

2289 3918 2517 3980 viderat,
2540 3915 2728 3984 quovis
2751 3914 2906 3968 modo
2938 3921 3143 3966 tentare
3171 3913 3381 3967 statuit.
3415 3912 3573 3966 Missa
3607 3911 3772 3981 igitur
3798 3909 3866 3962 ad

2290 4009 2454 4064 carius
2507 4006 2765 4076 imprimis
2809 4006 3072 4067 oratione,
3123 4003 3293 4072 inquit
3323 4021 3336 4057 :
3365 4001 3439 4057 Te
3490 4001 3694 4066 Jesum,
3733 4001 3868 4054 divi-

2290 4114 2416 4154 num
2468 4096 2607 4150 istud
2634 4108 2790 4162 opus,
2827 4095 2870 4147 si
2904 4093 3140 4146 divinum
3186 4100 3288 4154 est.
3319 4101 3490 4145 ratum
3545 4090 3756 4153 facere;
3781 4089 3864 4142 sin

2291 4189 2489 4252 minus,
2545 4185 2806 4253 dissipare
2857 4181 3095 4253 [velim];
3126 4191 3179 4238 et
3228 4198 3312 4238 me
3337 4183 3403 4235 ab
3433 4182 3532 4237 hoc
3556 4181 3867 4236 discrimine

2289 4276 2489 4346 eripias
2535 4288 2654 4328 oro.
2684 4271 2830 4336 Inde,
2879 4271 3033 4340 signo
3075 4271 3251 4325 crucis
3288 4271 3432 4324 edito
3465 4271 3864 4341 c00pertorium

2291 4365 2616 4423 frustulatim
2638 4363 2892 4418 scindens
2914 4361 3023 4416 funi
3054 4359 3230 4416 simile
3253 4359 3422 4423 dedit,
3453 4367 3508 4414 et
3537 4369 3777 4415 tremens
3804 4373 3869 4412 ac

616 4446 1035 4542 comprehensus
1076 4486 1106 4524 a
1135 4469 1198 4524 R.
1224 4468 1285 4522 D.
1321 4469 1539 4524 Placido
1585 4483 1645 4524 ea
1689 4477 2005 4538 tempestate
2034 4467 2191 4537 hujus

2293 4471 2494 4528 pavens
2543 4453 2818 4509 Christum
2860 4451 3073 4514 Jesutn,
3118 4451 3292 4520 ipsum
3345 4446 3620 4513 defendat,
3668 4448 3870 4518 pluries

617 4561 836 4619 Ordinis
859 4561 1122 4618 Generale
1150 4575 1214 4615 ea
1242 4561 1520 4616 voluntate
1573 4560 1626 4614 in
1656 4568 1792 4614 tetro
1817 4559 2047 4613 Pithiani
2079 4575 2192 4614 car-

618 4664 744 4706 cere
766 4650 1301 4720 detineretur(l95‘),
1332 4663 1433 4704 nec
1458 4665 1580 4704 eum
1608 4650 1731 4704 inde
1750 4649 1853 4704 nisi
1878 4649 2190 4704 defunctum

618 4741 1025 4796 abstraheretur
1047 4740 1223 4804 vellet,
1250 4739 1410 4796 modo
1431 4740 1484 4796 in
1508 4755 1602 4796 sua
1628 4749 1774 4796 esset
1795 4749 2082 4810 potestate,
2111 4743 2192 4794 ln-

621 4832 748 4887 felix
775 4831 1069 4885 monachus
1116 4831 1404 4900 plurimum
1450 4831 1593 4902 parti
1635 4848 1747 4888 suae
1777 4833 1970 4888 timens
2001 4832 2190 4886 huma-

620 4923 770 4979 nisve
824 4921 1035 4975 auxiliis
1082 4920 1372 4990 plurimum
1435 4922 1703 4988 difﬁdens,
1749 4922 1938 4977 statuit
1987 4921 2188 4984 omnia,

615 5014 926 5050 nu-inqmmm
967 5011 1164 5050 norit-nt
1236 5011 1488 5052 mrnm-iri-
1540 5011 1615 5052 πη
1648 5013 1748 5052 han
1770 5011 1854 5052 vin
1901 5020 1958 5052 ut
1986 5011 2053 5052 ah
2077 5011 2192 5054 ineo

2293 4545 2630 4617 ingeminans
2684 4561 2697 4595 :
2745 4543 2965 4611 insuper
3008 4549 3062 4596 et
3124 4548 3350 4593 matrem
3401 4538 3517 4605 ejus
3568 4539 3870 4608 piissimam

2293 4637 2567 4707 Virginem
2614 4633 2838 4687 Mariam
2889 4629 3170 4702 [invocat].
3203 4628 3248 4684 Ο
3271 4627 3450 4683 divina
3478 4637 3530 4682 et
3559 4627 3871 4682 clementis-

2291 4733 2426 4787 sima
2449 4729 2654 4786 Christi
2677 4728 2800 4783 Jesu
2824 4727 3024 4796 pietas!
3056 4741 3088 4780 ο
3109 4723 3346 4794 Virginis
3376 4721 3554 4776 Maria:
3587 4720 3871 4788 sanctique

2290 4817 2514 4873 Joannis
2559 4818 2820 4887 optimum
2872 4814 3210 4885 prmsidium!
3241 4811 3339 4868 Cui
3376 4811 3480 4866 hoc
3527 4807 3866 4864 verissimum

2291 4907 2584 4964 verisimile
2629 4906 2918 4972 videbitur,
2948 4905 3053 4959 nisi
3103 4902 3201 4967 illi,
3233 4902 3323 4971 qui
3353 4914 3472 4971 «per
3501 4900 3654 4954 fidem
3682 4896 3868 4951 omnia

2291 4999 2531 5054 modiaia
2557 5006 2612 5053 et
2638 4996 2882 5052 miranda
2918 5011 3012 5054 per
3058 4993 3328 5054 Virginem
3375 4991 3596 5046 Mariam
3623 4998 3868 5044 sanctos-
