4110 5362
223 227 326 285 909

1747 215 1951 285 ACTA.

3391 216 3499 276 910

229 356 325 413 per
344 335 630 417 parvulum
669 333 944 401 foramen,
993 333 1142 406 quod
1167 330 1344 407 gratia
1371 329 1557 403 pusilli
1585 327 1811 387 luminis
1836 335 1889 395 Α
1915 328 2024 386 dici
2049 326 2133 386 fas
2155 340 2259 397 est,
2290 339 2350 386 ut
2376 330 2673 405 ferebatur,
2696 329 3021 402 ﬂagitiosus,
3043 347 3167 388 cum
3190 331 3243 388 in
3271 330 3500 390 sancth

230 430 393 488 dandi
421 427 480 485 in
519 426 797 500 ergastulo
831 426 1122 483 tenebroso
1168 422 1363 496 positis
1398 421 1649 479 relictum
1669 427 1812 485 erat,

231 527 435 596 absque
484 522 597 579 ulla
642 522 864 579 laesione
918 519 1255 592 egrediatur.
1309 514 1377 570 Et
1421 513 1587 585 quid?
1620 510 1818 569 deinde

234 618 382 674 aliud
427 632 532 672 non
577 615 761 671 minus
801 614 1045 683 sequitur
1084 607 1450 667 miraculum:
1491 604 1619 663 fune
1646 604 1818 669 enim,

232 724 393 780 quem
421 706 758 773 confecerat,
786 720 817 761 a
839 704 957 761 solo
1002 718 1101 774 per
1120 697 1531 767 quatuordecim
1558 695 1715 751 ulnas
1731 693 1814 749 di-

230 809 433 865 stante,
464 800 582 869 ipse
613 798 668 852 in
692 806 891 853 terram
922 796 1131 865 lapsum
1158 792 1384 856 faciens,
1411 789 1480 845 ab
1506 785 1821 844 excubanti-

231 893 332 948 bus
357 889 677 946 custodibus
705 888 848 943 iuter
875 886 1176 943 cadendum
1225 880 1445 936 auditur
1469 878 1708 949 quidem,
1739 875 1820 928 vi-

234 981 394 1036 detur
414 986 597 1035 autem
625 978 871 1044 minime,
900 976 1002 1031 etsi
1023 973 1203 1031 omnia
1232 972 1519 1042 diligenter
1541 968 1707 1025 etiam
1733 967 1817 1022 in-

234 1082 319 1128 ter
342 1085 538 1141 vepres
562 1070 691 1126 hinc
721 1070 848 1126 inde
872 1068 1322 1139 perlustrassent.

300 1162 426 1217 250.
455 1161 563 1218 Illis
592 1162 774 1231 itaque
803 1159 1143 1223 custodibus,
1187 1156 1337 1213 omni
1367 1169 1465 1225 spe
1511 1150 1821 1208 inveniendi

231 1268 355 1309 eum
382 1266 609 1323 prorsus
643 1253 911 1322 deposita,
942 1247 1369 1306 concedentibus
1394 1245 1454 1307 in
1490 1258 1604 1300 rem
1637 1257 1817 1307 suam,

233 1342 343 1407 ille,
369 1339 522 1396 lento
564 1338 733 1411 gradu
766 1348 970 1403 tamen,
1003 1345 1064 1392 ut
1104 1344 1228 1407 pote
1256 1335 1349 1404 qui
1380 1349 1412 1388 a
1465 1332 1822 1401 compedibus

234 1433 430 1490 ferreis
486 1433 862 1504 impediretur,
915 1430 971 1486 in
1027 1444 1221 1485 nemus
1263 1441 1514 1482 securum
1555 1424 1822 1495 longeque

233 1525 470 1597 positum
513 1523 698 1579 divina
723 1504 999 1592 praeeunte
1028 1520 1201 1592 gratia
1230 1516 1463 1573 contulit
1491 1531 1633 1583 sese,
1661 1515 1824 1585 eique

232 1613 538 1685 quiescenti
584 1612 869 1670 actimido
912 1610 1134 1682 quidam
1165 1624 1235 1664 ex
1275 1607 1511 1679 Liguria:
1551 1607 1818 1677 partibus,

232 1707 323 1776 qui
356 1705 531 1777 ﬁg'ini
561 1704 773 1760 fabrilia
796 1703 1108 1767 exercebat,
1137 1715 1260 1755 cum
1288 1698 1455 1754 armis
1482 1698 1598 1752 suis
1625 1711 1821 1752 occur-
1853 1671 1896 1730 Β

233 1796 305 1850 rit
331 1808 348 1849 :
383 1808 516 1849 nam
544 1793 612 1848 ad
637 1791 913 1849 Casentini
940 1798 1126 1861 partes
1152 1785 1287 1842 lucri
1312 1786 1489 1858 gratia
1518 1787 1621 1839 iter
1657 1784 1820 1840 facie-

233 1885 359 1952 bat;
406 1885 503 1954 qui
534 1892 772 1950 sentum,
818 1880 1165 1953 squallidum,
1209 1893 1413 1949 :rgrum
1447 1877 1723 1933 admirans
1748 1877 1822 1931 ita

236 1990 359 2033 eum
385 1973 586 2031 affatur
609 1988 625 2029 :
648 1972 789 2041 Quid
818 1983 871 2028 tu
905 1973 1015 2037 hic,
1051 1969 1240 2041 pater?
1266 1967 1406 2035 Quid
1427 1968 1521 2024 tibi
1556 1968 1644 2024 isti
1671 1983 1823 2023 com-

236 2068 439 2139 pedes?
475 2080 642 2122 curve
685 2066 800 2143 hac
829 2064 946 2120 loca
983 2061 1174 2118 incolis
1220 2061 1363 2116 invia
1392 2068 1447 2115 et
1472 2058 1825 2115 deserta?Me

237 2164 523 2229 miserum,
549 2161 727 2233 inquit
755 2161 1056 2215 monachus
1078 2158 1409 2228 lacrymans,
1437 2157 1514 2213 sic
1544 2164 1629 2211 est
1652 2155 1823 2211 fatum

239 2254 450 2308 meum!
483 2253 648 2307 vitam
681 2249 953 2309 infelicem
980 2256 1224 2304 extrema
1255 2262 1354 2317 per
1380 2246 1560 2301 omnia
1592 2246 1818 2302 ducam!

241 2344 322 2399 Me
342 2344 410 2399 ad
441 2344 542 2399 has
569 2358 839 2398 eertunnas
866 2356 952 2395 me
970 2340 1242 2395 deduxere
1271 2347 1513 2409 peccata.
1552 2336 1749 2394 Verum
1773 2345 1826 2393 te

241 2449 339 2505 per
381 2430 570 2490 Jesum
617 2433 1070 2502 omnipotentem,
1119 2431 1263 2502 (quia
1313 2430 1495 2486 omnia
1547 2431 1641 2487 tibi
1700 2439 1827 2485 sunt

242 2524 478 2597 abunde)
503 2540 588 2583 me
616 2524 703 2581 h’is
729 2524 1083 2595 compedibus
1106 2524 1322 2588 liberes,
1354 2537 1478 2586 oro;
1515 2530 1573 2575 ut
1600 2521 1824 2591 expedi-

246 2626 331 2673 tus
361 2617 491 2684 iter,
515 2616 659 2688 quod
709 2616 905 2685 incepi,
937 2628 1196 2684 peragere
1217 2611 1448 2667 valeam.
1482 2610 1591 2681 Ego
1617 2625 1744 2665 vero
1771 2610 1825 2666 id

240 2725 425 2779 agam,
455 2708 633 2779 inquit
674 2706 939 2780 Liguras;
978 2716 1035 2761 et
1075 2704 1219 2759 illico
1257 2717 1379 2758 eum
1410 2718 1440 2756 a
1479 2701 1825 2771 compedibus

242 2797 435 2856 ferreis
464 2799 721 2869 explicat.
1532 2839 1541 2848 ι

312 2887 437 2942 251.
473 2887 772 2943 Monachus
805 2885 1010 2958 gratias
1031 2883 1080 2941 ei
1098 2899 1264 2954 agens
1286 2883 1497 2953 inquit:
1525 2881 1638 2939 Hoc
1660 2898 1825 2953 quam

246 2980 484 3035 maxime
514 2987 669 3049 potes
692 2979 964 3034 occultum
990 2979 1192 3033 habeas
1220 2977 1502 3046 deprecor,
1534 2991 1601 3032 ne
1629 2975 1824 3031 iterum

247 3072 312 3128 ad
355 3073 544 3143 pejora
586 3086 653 3127 ac
687 3086 878 3142 passus
928 3086 1069 3135 sum,
1099 3084 1344 3124 revocer.
1391 3066 1490 3124 Cui
1527 3066 1652 3123 ille:
1682 3066 1828 3122 Nihil

246 3171 328 3217 est
355 3162 506 3233 quod
530 3174 771 3225 vereare,
794 3161 863 3215 mi
891 3169 1080 3229 pater:
1102 3168 1310 3213 tantum
1333 3172 1433 3226 pro
1454 3173 1539 3212 me
1558 3171 1674 3212 ora.
1702 3156 1830 3212 lude

250 3261 479 3323 uterque
507 3251 648 3308 viam
678 3267 831 3307 suam
861 3249 1163 3306 contendit.
1195 3249 1295 3305 Hic
1332 3250 1518 3318 itaque
1557 3250 1621 3304 ι).
1654 3248 1827 3304 Δηιο-

247 3344 367 3399 nius
408 3342 473 3398 Ι).
506 3342 709 3398 Placidi
762 3342 921 3413 hujus
964 3340 1277 3397 monasterii
1326 3340 1559 3403 abbatis,
1612 3339 1679 3394 de
1723 3354 1830 3409 quo

249 3448 407 3503 supra
448 3434 679 3488 verbum
722 3433 972 3499 fecimus,
1002 3431 1119 3502 ejus
1161 3440 1325 3504 atque
1358 3440 1707 3502 conspectum
1742 3427 1828 3484 fu—

249 3525 418 3592 giens,
456 3533 517 3579 et
562 3525 628 3580 ad
682 3525 968 3595 quemdam
997 3524 1248 3579 comitem
1278 3523 1647 3597 Parthenopes
1684 3521 1830 3593 (l9?)

251 3616 500 3686 regiones
538 3615 884 3681 incolentem,
907 3616 994 3685 qui
1026 3615 1127 3670 sibi
1162 3614 1293 3669 olim
1338 3614 1520 3670 llomre
1563 3612 1830 3668 amicissi-

255 3720 370 3759 mus
390 3705 698 3771 exstiterat,
715 3720 773 3760 se
791 3705 1078 3762 conferens
1095 3714 1151 3759 et
1172 3720 1294 3760 cum
1316 3721 1381 3760 eo
1409 3706 1475 3760 ad
1505 3703 1830 3759 sanctissimi

255 3791 455 3849 Nicolai
477 3794 625 3866 (198)
647 3796 840 3850 summi
858 3794 1139 3849 Pontificis
1159 3794 1196 3850 V
1219 3804 1460 3865 tempora
1478 3810 1644 3865 usque
1665 3795 1832 3848 vitam

257 3883 476 3953 ducens,
510 3887 858 3957 Eugenioqne
888 3886 1304 3957 (l99)pontilice
1319 3887 1593 3953 defuncto,
1610 3885 1726 3955 jam
1748 3902 1834 3942 se-

257 3991 418 4032 curus
447 3979 680 4048 patriam
701 3979 964 4043 revisens,
992 3986 1174 4033 votum
1198 3994 1353 4033 suum
1380 3978 1586 4049 peregit
1607 3978 1827 4033 devote:

259 4080 379 4119 nam
411 4084 626 4123 cereum
675 4084 783 4124 non
829 4067 979 4139 parvi
1026 4067 1277 4139 ponderis
1319 4068 1524 4138 Virgini
1570 4066 1751 4123 Marias
1779 4075 1835 4122 et

261 4152 317 4209 S.
355 4152 549 4219 Joanni
587 4156 821 4212 offerens
870 4172 1032 4227 super
1075 4157 1246 4226 ipsius
1286 4156 1465 4223 altari,
1497 4157 1640 4227 quod
1679 4165 1735 4213 et
1779 4156 1832 4212 in

259 4243 522 4301 Cellarum
561 4262 746 4302 eremo
793 4247 1028 4303 dicatum
1082 4255 1188 4311 est,
1240 4249 1476 4317 pendere
1510 4246 1697 4303 voluit.
1730 4246 1833 4315 Qui

1917 420 2040 477 simi
2063 419 2287 477 Joannis
2313 420 2625 479 festivitatis
2658 423 2767 489 die,
2799 425 3029 485 avaritia
3060 425 3240 494 potius
3267 433 3323 482 et
3348 423 3505 497 cupio

1919 510 2084 566 ditate
2123 512 2354 580 quadam
2400 528 2565 582 quam
2612 515 2940 582 necessitate
3002 523 3232 586 urgente
3278 516 3571 587 ductus”,

1919 599 2127 654 culmos
2156 600 2319 655 tritici
2352 602 2539 671 plenos
2564 603 2631 657 ad
2658 618 2845 657 arcam
2877 618 2999 659 cum
3030 604 3201 660 bobus
3232 604 3503 675 deferret,

1920 706 2050 747 casu
2075 707 2215 747 unus
2239 708 2305 747 ex
2328 693 2592 760 ﬁnitimis,
2616 696 2707 765 qui
2726 696 2794 749 ad
2823 696 2924 751 hoc
2945 695 3004 751 S.
3029 696 3212 753 Mariae
3234 707 3507 756 monaste-

1921 785 2060 840 rium
2102 786 2172 841 ob
2215 786 2276 841 S.
2323 785 2550 843 Joannis
2586 789 2937 844 festivitatem
2985 792 3335 858 concedebat,
3366 804 3507 863 nouo

1921 893 2042 933 eum
2069 878 2173 932 iter
2198 878 2416 943 habuit;
2438 894 2596 948 quem
2615 880 2789 949 primo
2811 879 3107 947 demirans,
3124 882 3506 953 quodtantatn

1883 982 2029 1023 'nou
2076 967 2393 1024 observaret
2443 970 2635 1024 devote
2682 978 2738 1024 et
2780 981 3097 1029 reverenter
3126 972 3502 1042 festivitatem,

1922 1057 2136 1113 blandis
2154 1058 2275 1113 inde
2297 1059 2477 1113 verbis
2495 1074 2620 1113 eum
2640 1060 2960 1125 obsecrans,
2986 1062 3193 1131 inquit:
3219 1063 3298 1119 Ha
3320 1063 3496 1119 amice

1922 1149 2049 1218 quid
2090 1149 2301 1221 [agis]?
2330 1152 2722 1207 necessitasne
2768 1152 2856 1208 vel
2898 1169 3082 1210 rerum
3122 1157 3371 1226 penuria,
3413 1157 3505 1214 vel

1925 1240 2108 1295 hostes
2138 1240 2505 1306 imminentes,
2542 1241 2630 1297 vel
2677 1242 2892 1307 subitus
2931 1252 2986 1298 et
3018 1244 3218 1300 nimius
3246 1246 3420 1301 imber
3449 1253 3503 1302 te

1924 1329 1989 1384 ad
2038 1330 2139 1385 hoc
2185 1330 2488 1401 impellunt,
2522 1341 2580 1386 ut
2626 1334 2764 1388 tanti
2814 1335 2984 1389 nostri
3038 1335 3216 1392 Patris
3258 1334 3505 1404 Joannis,

1924 1421 2081 1492 hujus
2119 1421 2222 1475 loci
2259 1423 2452 1477 tutoris
2480 1432 2536 1477 et
2572 1422 2876 1480 defensoris
2905 1426 3257 1482 festivitatem
3281 1443 3386 1485 non
3414 1442 3509 1484 ce—

1925 1511 2138 1567 lebres?
2181 1510 2326 1568 Veiis
2355 1528 2455 1569 oro
2504 1514 2572 1570 ab
2614 1513 2921 1584 hujusmodi
2969 1515 3185 1586 opiﬁcio
3218 1516 3384 1573 hodie
3421 1519 3517 1576 de-

1925 1604 2137 1666 sistere,
2175 1613 2231 1660 et
2270 1620 2375 1660 una
2424 1620 2638 1660 mecum
2683 1607 2785 1663 iter
2831 1608 3078 1678 aggredi.
3137 1608 3330 1665 Adhuc
3367 1610 3513 1665 enim

1923 1694 2115 1749 saltem
2144 1693 2332 1762 majori
2356 1693 2531 1751 Missae
2554 1696 2926 1762 intererimus,
2958 1713 3080 1753 cum
3112 1709 3322 1757 tantum
3351 1700 3510 1771 quin-

1923 1806 2030 1860 que
2079 1789 2303 1844 millium
2350 1807 2606 1861 passuum
2655 1793 2758 1847 iter
2785 1793 2872 1857 sit,
2914 1804 2971 1848 et
3012 1811 3155 1851 nunc
3199 1796 3279 1851 sol
3322 1797 3409 1853 bis
3453 1796 3510 1852 in

1926 1880 2511 1951 regiunihusprimum
2563 1893 2844 1953 appareat.
2894 1883 2988 1940 ille
3035 1884 3282 1952 econtra,
3326 1887 3512 1944 animo

1925 1969 2186 2039 inquieto,
2221 1972 2395 2043 inquit
2424 1991 2438 2026 :
2468 1973 2774 2030 Tantumne
2803 1984 2886 2029 est
2914 1977 2983 2032 ab
3016 1992 3074 2032 re
3109 1986 3199 2034 tua
3250 1978 3346 2033 tibi
3388 1979 3509 2044 otii,

1926 2070 1986 2114 ut
2013 2060 2186 2116 aliena
2213 2064 2412 2117 cures?
2438 2065 2456 2117 l
2488 2071 2542 2116 tu
2568 2079 2674 2132 quo
2696 2065 2797 2129 vis,
2815 2076 2870 2121 et
2892 2066 3010 2121 sine
3042 2083 3126 2123 me
3152 2083 3273 2124 meo
3304 2069 3513 2126 interea

1926 2166 2087 2222 agere
2116 2152 2297 2207 modo.
2329 2152 2405 2206 Da
2433 2154 2643 2210 veniam
2668 2152 2887 2227 [inquit]
2923 2156 3010 2212 ille
3036 2157 3193 2222 alter,
3223 2168 3274 2212 et
3304 2174 3425 2231 age,
3453 2167 3512 2214 ut

1927 2238 2092 2294 lubet.
2126 2237 2222 2296 His
2245 2240 2408 2296 dictis
2432 2242 2662 2312 quisque
2686 2256 2866 2311 suum,
2897 2245 3040 2317 quod
3083 2257 3343 2321 coeperat,
3378 2261 3508 2324 perv

1927 2331 2037 2401 egit
2072 2332 2195 2387 iter.
2265 2385 2271 2390 .

1994 2422 2121 2477 255.
2148 2423 2252 2481 llic
2287 2425 2467 2497 itaque
2486 2426 2751 2483 Antonius
2773 2427 2958 2485 infelix
2980 2444 3103 2485 cum
3129 2445 3317 2502 parum
3345 2431 3509 2488 saluti

1928 2529 2038 2570 suae
2063 2517 2392 2583 consuleret,
2425 2535 2617 2589 neque,
2649 2520 2793 2590 quod
2821 2523 3052 2591 desuper
3082 2523 3384 2593 periculum
3407 2523 3515 2579 im-

1926 2605 2187 2673 minebat,
2213 2610 2538 2675 adverteret,
2570 2612 2695 2666 dum
2718 2628 2877 2666 suum
2900 2611 3032 2668 illud
3060 2615 3336 2685 negotium
3350 2629 3516 2672 exse-

1928 2698 2132 2753 cutioni
2184 2700 2445 2755 mandare
2496 2702 2707 2764 nititur,
2757 2702 2898 2757 forte
2946 2702 3113 2759 boves
3159 2719 3378 2760 currum
3417 2720 3517 2761 seu

1929 2790 2139 2845 traham
2165 2799 2471 2847 transverse
2494 2807 2674 2863 agere,
2699 2802 2753 2849 et
2777 2809 2806 2848 a
2823 2803 2968 2849 recta
2991 2795 3261 2850 divertere
3283 2796 3507 2862 semita;

1930 2894 2067 2949 quos
2114 2897 2236 2936 cum
2289 2882 2456 2937 iratus
2498 2884 2693 2939 crebro
2736 2883 2973 2939 stimulis
3018 2884 3321 2955 instigaret,
3352 2894 3407 2941 et
3451 2886 3509 2943 hi

1924 2967 2129 3041 jugiter
2161 2980 2270 3026 tum
2296 2973 2550 3028 cornibus
2580 2982 2692 3028 tum
2723 2974 2891 3029 dorso
2916 2989 3039 3031 sese
3064 2986 3354 3042 mutarent,
3382 2987 3439 3033 et
3457 2992 3519 3034 se

1934 3061 2090 3114 traha
2128 3062 2182 3115 in
2231 3077 2415 3132 rupem
2464 3072 2725 3129 verteret,
2777 3064 2843 3118 ad
2896 3080 3057 3133 quam
3103 3068 3516 3124 sustentandam

1931 3150 2142 3205 concite
2168 3167 2291 3205 cum
2332 3164 2578 3207 curreret
2606 3152 2713 3217 ille,
2758 3154 2923 3209 boves
2952 3155 3023 3210 ob
3051 3156 3155 3211 hoc
3184 3157 3238 3211 in
3267 3156 3516 3214 formidi-

1933 3257 2054 3297 nem
2079 3242 2220 3296 versi
2249 3259 2371 3297 cum
2396 3258 2495 3298 nec
2519 3243 2626 3297 alio
2651 3252 2873 3314 propter
2892 3245 3107 3316 jugum,
3137 3247 3266 3315 quia
3288 3261 3354 3302 eo
3371 3246 3507 3317 jun-

1934 3334 2224 3403 gebantur,
2253 3335 2331 3390 ire
2358 3345 2598 3421 possent,
2626 3347 2760 3392 nutu
2796 3339 2979 3393 divino
3020 3339 3323 3408 plaustrum
3352 3349 3520 3412 atque

1935 3426 2192 3479 miserum
2244 3428 2506 3481 rusticum
2548 3442 2653 3480 una
2701 3427 2768 3481 ad
2816 3431 2968 3498 rupis
3015 3430 3124 3484 ima
3158 3429 3435 3486 trahentes
3463 3437 3520 3483 et

1936 3516 2097 3571 istum
2126 3519 2437 3587 resupinum
2467 3520 2761 3583 calcantes,
2802 3534 2832 3573 a
2861 3520 3207 3589 quibusdam,
3237 3520 3514 3591 qui-juxta

1935 3607 2040 3663 iter
2087 3608 2345 3675 habuere,
2395 3608 2649 3664 iuventus
2680 3620 2764 3664 est
2793 3618 3055 3664 mortuus.
3095 3610 3208 3666 Hoc
3245 3609 3517 3681 equidem,

1935 3711 2101 3752 causa
2135 3699 2372 3768 cognita,
2407 3699 2658 3754 onmibus
2685 3698 2933 3755 Ilnitimis
2958 3701 3282 3773 przescrtim,
3312 3708 3368 3756 et
3389 3700 3520 3757 hor-

1937 3789 2046 3842 rori
2073 3789 2286 3843 exstitit
2312 3799 2369 3844 et
2394 3789 2758 3844 admirationi.

2004 3879 2132 3935 254.
2164 3880 2303 3935 Eum
2333 3881 2499 3950 igitur
2519 3882 2831 3939 exanimum
2861 3882 2915 3937 in
2957 3892 3218 3953 carpento
3239 3883 3515 3953 iacentem

1935 3971 2155 4026 domum
2181 3985 2336 4025 suam
2369 3986 2564 4042 usque,
2587 3971 2917 4028 ululantibus
2938 3972 3066 4027 hinc
3094 3971 3219 4028 inde
3237 3972 3510 4038 allinibus,

1938 4073 2150 4119 traxere
2178 4064 2363 4120 boves.
2392 4063 2469 4119 Eo
2488 4065 2679 4120 domus
2706 4072 2812 4119 tota
2840 4064 2893 4119 in
2917 4079 3207 4122 maerorem
3234 4076 3290 4121 et
3311 4065 3531 4123 luctum

1933 4168 2089 4208 versa
2120 4152 2272 4226 [eSt].
2308 4153 2412 4211 Ubi
2444 4155 2792 4225 rediere,.qui
2825 4156 2927 4211 hoc
2957 4154 3015 4210 S.
3039 4155 3220 4213 Mariae
3249 4164 3521 4213 monastev

1936 4247 2077 4300 rium
2107 4246 2358 4301 adierant
2404 4257 2679 4316 parentes,
2712 4248 2947 4311 cadaver
2976 4248 3107 4303 illud
3134 4249 3408 4321 turgidum
3436 4258 3518 4313 et,

263 4337 473 4406 quidem
497 4338 674 4395 adhuc
705 4339 757 4393 in
784 4338 918 4393 tanti
946 4339 1174 4409 prodigii
1197 4340 1511 4395 memoriam
1535 4354 1605 4396 eo
1636 4339 1687 4393 in
1715 4339 1833 4394 loco
1862 4346 1910 4406 υ
1939 4346 1997 4391 ιιι
2024 4338 2240 4393 aiebant
2265 4338 2357 4408 qui
2383 4337 2760 4403 interfuerant,
2778 4353 2956 4408 supra
2985 4340 3203 4395 modum
3232 4351 3287 4396 et
3309 4353 3516 4399 morem

264 4438 635 4483 conservatur.
671 4428 780 4485 Nec
813 4426 901 4483 ille
946 4428 1071 4484 inde
1098 4428 1347 4483 discessit
1374 4430 1541 4483 vitam
1569 4443 1735 4497 parce
1772 4442 1837 4483 ac

265 4514 468 4573 duriter
490 4518 823 4588 pmnitentia:
852 4517 1024 4587 gratia
1049 4518 1427 4588 agens,quoad
1452 4517 1633 4586 plures
1645 4515 1849 4579 Missas

266 4605 333 4659 ad
362 4606 621 4663 honorem
651 4607 887 4679 Virginis
916 4605 1099 4662 Maria:
1133 4606 1415 4676 sanctique
1437 4605 1661 4663 Joannis
1690 4605 1836 4676 cele-

266 4691 463 4749 bravit.

335 4781 457 4859 252.
491 4783 648 4841 Varia
698 4786 948 4856 equidem
995 4785 1326 4841 sanctissimi
1372 4784 1474 4840 viri
1521 4760 1747 4841 Joannis
1784 4795 1839 4840 et

267 4881 394 4931 sunt
434 4873 634 4947 iugiter
683 4886 737 4932 et
790 4876 941 4933 fuere
989 4876 1274 4949 prodigia:
1310 4891 1431 4931 nam
1468 4888 1697 4955 omnes,
1742 4878 1855 4948 qui,

269 4958 328 5017 S.
377 4962 539 5020 Hilari
585 4981 775 5039 agrum
817 4965 1079 5032 incolunt,
1135 4968 1315 5023 adhuc
1367 4966 1660 5049 aﬂirmant,
1693 4967 1857 5037 quod;

270 5052 424 5108 modo
447 5057 750 5127 scripturus
795 5072 934 5112 sum.
967 5055 1197 5124 Quidam
1240 5057 1388 5111 enim
1421 5058 1566 5113 illius
1601 5057 1855 5129 regionis;

266 5141 515 5211 rusticus,
548 5147 819 5203 Antonius
866 5146 1108 5211 nomine,
1158 5149 1240 5202 vir
1282 5149 1551 5217 profecto,
1580 5149 1626 5204 si
1665 5149 1837 5203 virum

324 5314 468 5362 “9'”
508 5316 599 5362 Ιιει
627 5320 755 5362 nlim
800 5321 1093 5362 vnnnhnlnr
1146 5304 1439 5362 Νινιιιιηιίιυ⁸
1467 5322 1598 5362 nth
1636 5322 1692 5362 in
1742 5337 1833 5362 nm

1936 4430 2232 4484 humanum
2282 4426 2504 4483 lividum
2542 4437 2599 4484 et
2627 4426 2831 4483 findunt
2874 4429 3039 4485 humo
3068 4429 3359 4487 tradidere.
3401 4429 3519 4488 Me-

1938 4518 2124 4575 moriae
2155 4517 2318 4573 etiam
2347 4518 2531 4574 datum
2577 4526 2661 4574 est
2706 4526 2765 4573 et
2807 4517 3002 4589 diﬂ‘use
3044 4520 3331 4590 scriptum,
3374 4520 3536 4581 idem.

1938 4606 2054 4663 fere
2079 4607 2131 4662 in
2169 4621 2301 4677 agro
2342 4605 2648 4663 Passiniani
2694 4608 2911 4663 cuidam
2961 4611 3166 4667 rustico
3195 4611 3248 4667 in
3290 4613 3537 4669 translato.

1932 4695 2287 4770 tioneistius
2324 4696 2655 4754 sanctissimi
2696 4694 2943 4765 Joannis,
2982 4714 3103 4771 quae
3124 4699 3433 4756 celebratur
3466 4718 3520 4763 vr

1938 4786 2017 4842 ιιι.
2042 4786 2262 4851 Octob.,
2308 4787 2606 4842 accidisse:
2630 4801 2819 4863 verum
2860 4786 2971 4854 ille,
3017 4804 3140 4845 cum
3170 4799 3367 4859 praeter
3390 4805 3535 4851 εοῃ..

1939 4877 2279 4933 suetudinem
2315 4877 2551 4948 regionis
2592 4877 2734 4937 illius
2775 4886 3005 4944 sereret,
3048 4895 3159 4936 non
3197 4881 3390 4945 vitam.
3422 4884 3525 4943 sed

1932 4969 2104 5031 boves
2154 4969 2357 5024 amisit.
2406 4969 2674 5026 Caeterum
2706 4970 2878 5040 ipsius
2919 4972 3249 5031 sanctissimi
3292 4958 3529 5035 Joannis

1925 5057 2207 5125 festivitas
2228 5052 2534 5125 celebratur
2551 5074 2603 5118 tv
2623 5062 2700 5118 ld.
2725 5061 2873 5117 Julii.
2903 5061 3042 5120 Hinc
3065 5065 3277 5119 discant
3302 5076 3532 5139 omnes,

1940 5153 2066 5223 quid
2099 5152 2431 5210 discriminis
2460 5160 2574 5209 tum
2601 5154 2795 5210 animae
2822 5160 2938 5206 tum
2966 5154 3211 5227 corporis
3239 5153 3567 5224 imutineag

2015 5326 2245 5362 [100%]:
2277 5326 2478 5362 alam-us
2508 5336 2587 5362 ac!
2626 5341 2866 5362 ιιιπνηηιιιο
2895 5325 3133 5362 Μηιῖΐον
3165 5339 3307 5362 nnnn
3334 5326 3498 5362 ΙᾹΙἾ
3564 5342 3569 5357 ι
