  <div class='ocr_page' id='page_1' title='image "/cluster/home/n/w/nwhite01/storage/ocr_20150623/146/hvd.32044015471832/471.png"; bbox 0 0 4110 5362; ppageno 0'>
   <div class='ocr_carea' id='block_1_1' title="bbox 576 226 674 283">
    <p class='ocr_par' dir='ltr' id='par_1_1' title="bbox 576 226 674 283">
     <span class='ocr_line' id='line_1_1' title="bbox 576 226 674 283; baseline 0 -1"><span class='ocrx_word' id='word_1_1' title='bbox 576 226 674 283; x_wconf 81' lang='lat' dir='ltr'><strong>9H</strong></span> 
     </span>
    </p>
   </div>
   <div class='ocr_carea' id='block_1_2' title="bbox 1634 220 2763 282">
    <p class='ocr_par' dir='ltr' id='par_1_2' title="bbox 1634 220 2763 282">
     <span class='ocr_line' id='line_1_2' title="bbox 1634 220 2763 282; baseline -0.005 -1"><span class='ocrx_word' id='word_1_2' title='bbox 1634 226 1692 281; x_wconf 91' lang='lat' dir='ltr'><strong>S.</strong></span> <span class='ocrx_word' id='word_1_3' title='bbox 1729 225 2012 282; x_wconf 70' lang='lat' dir='ltr'><strong>JOANNIS</strong></span> <span class='ocrx_word' id='word_1_4' title='bbox 2047 224 2438 282; x_wconf 78' lang='lat' dir='ltr'><strong>GUALBERTI</strong></span> <span class='ocrx_word' id='word_1_5' title='bbox 2475 220 2763 279; x_wconf 76' lang='lat' dir='ltr'><strong>ABBATIS</strong></span> 
     </span>
    </p>
   </div>
   <div class='ocr_carea' id='block_1_3' title="bbox 3725 225 3839 281">
    <p class='ocr_par' dir='ltr' id='par_1_3' title="bbox 3725 225 3839 281">
     <span class='ocr_line' id='line_1_3' title="bbox 3725 225 3839 281; baseline -0.009 0"><span class='ocrx_word' id='word_1_6' title='bbox 3725 225 3839 281; x_wconf 68' lang='lat'><strong>912</strong></span> 
     </span>
    </p>
   </div>
   <div class='ocr_carea' id='block_1_4' title="bbox 578 318 3836 415">
    <p class='ocr_par' dir='ltr' id='par_1_4' title="bbox 578 318 3836 415">
     <span class='ocr_line' id='line_1_4' title="bbox 578 318 3836 415; baseline -0.004 -15"><span class='ocrx_word' id='word_1_7' title='bbox 578 346 684 409; x_wconf 87' lang='lat' dir='ltr'><strong>his,</strong></span> <span class='ocrx_word' id='word_1_8' title='bbox 708 341 801 415; x_wconf 89' lang='lat' dir='ltr'><strong>qui</strong></span> <span class='ocrx_word' id='word_1_9' title='bbox 846 340 1053 396; x_wconf 84' lang='lat' dir='ltr'><strong>Domini</strong></span> <span class='ocrx_word' id='word_1_10' title='bbox 1084 339 1209 395; x_wconf 89' lang='lat' dir='ltr'><strong>Jcsu</strong></span> <span class='ocrx_word' id='word_1_11' title='bbox 1254 338 1482 393; x_wconf 77' lang='lat' dir='ltr'><strong>Sanctus</strong></span> <span class='ocrx_word' id='word_1_12' title='bbox 1517 338 1679 407; x_wconf 84' lang='lat' dir='ltr'><strong>digno</strong></span> <span class='ocrx_word' id='word_1_13' title='bbox 1726 353 1832 392; x_wconf 92' lang='lat' dir='ltr'><strong>non</strong></span> <span class='ocrx_word' id='word_1_14' title='bbox 1872 318 2144 391; x_wconf 79' lang='lat' dir='ltr'><strong>celebrant</strong></span> <span class='ocrx_word' id='word_1_15' title='bbox 2179 343 2221 396; x_wconf 73' lang='grc' dir='ltr'><strong>Α</strong></span> <span class='ocrx_word' id='word_1_16' title='bbox 2252 320 2449 405; x_wconf 84' lang='lat' dir='ltr'><strong>posse:</strong></span> <span class='ocrx_word' id='word_1_17' title='bbox 2482 332 2596 388; x_wconf 80' lang='lat' dir='ltr'><strong>Non</strong></span> <span class='ocrx_word' id='word_1_18' title='bbox 2650 340 2796 387; x_wconf 92' lang='lat' dir='ltr'><strong>recte</strong></span> <span class='ocrx_word' id='word_1_19' title='bbox 2843 330 3056 387; x_wconf 87' lang='lat' dir='ltr'><strong>sentitis</strong></span> <span class='ocrx_word' id='word_1_20' title='bbox 3109 330 3470 401; x_wconf 87' lang='lat' dir='ltr'><strong>inquit:nam</strong></span> <span class='ocrx_word' id='word_1_21' title='bbox 3524 332 3611 387; x_wconf 80' lang='lat' dir='ltr'><strong>his</strong></span> <span class='ocrx_word' id='word_1_22' title='bbox 3658 334 3836 389; x_wconf 69' lang='lat' dir='ltr'><strong>oculis</strong></span> 
     </span>
    </p>
   </div>
   <div class='ocr_carea' id='block_1_5' title="bbox 577 426 2148 499">
    <p class='ocr_par' dir='ltr' id='par_1_5' title="bbox 577 426 2148 499">
     <span class='ocr_line' id='line_1_5' title="bbox 577 426 2148 499; baseline -0.007 -9"><span class='ocrx_word' id='word_1_23' title='bbox 577 436 804 499; x_wconf 79' lang='lat' dir='ltr'><strong>honore,</strong></span> <span class='ocrx_word' id='word_1_24' title='bbox 848 431 952 488; x_wconf 90' lang='lat' dir='ltr'><strong>etsi</strong></span> <span class='ocrx_word' id='word_1_25' title='bbox 999 431 1101 486; x_wconf 86' lang='lat' dir='ltr'><strong>hac</strong></span> <span class='ocrx_word' id='word_1_26' title='bbox 1146 429 1198 483; x_wconf 92' lang='lat' dir='ltr'><strong>in</strong></span> <span class='ocrx_word' id='word_1_27' title='bbox 1246 429 1501 499; x_wconf 85' lang='lat' dir='ltr'><strong>praesenti</strong></span> <span class='ocrx_word' id='word_1_28' title='bbox 1551 426 1662 481; x_wconf 90' lang='lat' dir='ltr'><strong>vita</strong></span> <span class='ocrx_word' id='word_1_29' title='bbox 1709 442 1814 481; x_wconf 92' lang='lat' dir='ltr'><strong>non</strong></span> <span class='ocrx_word' id='word_1_30' title='bbox 1859 440 1973 490; x_wconf 87' lang='lat' dir='ltr'><strong>eas,</strong></span> <span class='ocrx_word' id='word_1_31' title='bbox 2012 439 2148 495; x_wconf 88' lang='lat' dir='ltr'><strong>quas</strong></span> 
     </span>
    </p>
   </div>
   <div class='ocr_carea' id='block_1_6' title="bbox 573 515 2147 590">
    <p class='ocr_par' dir='ltr' id='par_1_6' title="bbox 573 515 2147 590">
     <span class='ocr_line' id='line_1_6' title="bbox 573 515 2147 590; baseline -0.008 -10"><span class='ocrx_word' id='word_1_32' title='bbox 573 531 874 588; x_wconf 79' lang='lat' dir='ltr'><strong>merentur,</strong></span> <span class='ocrx_word' id='word_1_33' title='bbox 901 521 1028 577; x_wconf 88' lang='lat' dir='ltr'><strong>dent</strong></span> <span class='ocrx_word' id='word_1_34' title='bbox 1077 534 1284 590; x_wconf 79' lang='lat' dir='ltr'><strong>ptenas.</strong></span> <span class='ocrx_word' id='word_1_35' title='bbox 1331 517 1622 584; x_wconf 66' lang='lat' dir='ltr'><strong>Caeterum,</strong></span> <span class='ocrx_word' id='word_1_36' title='bbox 1651 526 1711 573; x_wconf 90' lang='lat' dir='ltr'><strong>ut</strong></span> <span class='ocrx_word' id='word_1_37' title='bbox 1738 532 1898 588; x_wconf 82' lang='lat' dir='ltr'><strong>supra</strong></span> <span class='ocrx_word' id='word_1_38' title='bbox 1937 515 2070 581; x_wconf 79' lang='lat' dir='ltr'><strong>dixi,</strong></span> <span class='ocrx_word' id='word_1_39' title='bbox 2113 529 2147 569; x_wconf 89' lang='grc' dir='ltr'><strong>ο</strong></span> 
     </span>
    </p>
   </div>
   <div class='ocr_carea' id='block_1_7' title="bbox 574 605 2148 686">
    <p class='ocr_par' dir='ltr' id='par_1_7' title="bbox 574 605 2148 686">
     <span class='ocr_line' id='line_1_7' title="bbox 574 605 2148 686; baseline -0.005 -17"><span class='ocrx_word' id='word_1_40' title='bbox 574 628 734 686; x_wconf 88' lang='lat' dir='ltr'><strong>quam</strong></span> <span class='ocrx_word' id='word_1_41' title='bbox 779 611 1057 684; x_wconf 81' lang='lat' dir='ltr'><strong>expediret</strong></span> <span class='ocrx_word' id='word_1_42' title='bbox 1087 610 1195 675; x_wconf 90' lang='lat' dir='ltr'><strong>hic,</strong></span> <span class='ocrx_word' id='word_1_43' title='bbox 1228 624 1389 679; x_wconf 90' lang='lat' dir='ltr'><strong>quam</strong></span> <span class='ocrx_word' id='word_1_44' title='bbox 1421 609 1569 675; x_wconf 92' lang='lat' dir='ltr'><strong>alibi,</strong></span> <span class='ocrx_word' id='word_1_45' title='bbox 1605 624 1705 679; x_wconf 90' lang='lat' dir='ltr'><strong>pro</strong></span> <span class='ocrx_word' id='word_1_46' title='bbox 1746 608 1947 663; x_wconf 88' lang='lat' dir='ltr'><strong>nostris</strong></span> <span class='ocrx_word' id='word_1_47' title='bbox 1976 605 2148 662; x_wconf 90' lang='lat' dir='ltr'><strong>scele-</strong></span> 
     </span>
    </p>
   </div>
   <div class='ocr_carea' id='block_1_8' title="bbox 571 696 2145 777">
    <p class='ocr_par' dir='ltr' id='par_1_8' title="bbox 571 696 2145 777">
     <span class='ocr_line' id='line_1_8' title="bbox 571 696 2145 777; baseline -0.008 -12"><span class='ocrx_word' id='word_1_48' title='bbox 571 708 723 765; x_wconf 82' lang='lat' dir='ltr'><strong>ribus</strong></span> <span class='ocrx_word' id='word_1_49' title='bbox 747 703 930 777; x_wconf 81' lang='lat' dir='ltr'><strong>ﬂagris</strong></span> <span class='ocrx_word' id='word_1_50' title='bbox 956 703 1285 773; x_wconf 89' lang='lat' dir='ltr'><strong>torturisque</strong></span> <span class='ocrx_word' id='word_1_51' title='bbox 1313 701 1479 758; x_wconf 79' lang='lat' dir='ltr'><strong>allici!</strong></span> <span class='ocrx_word' id='word_1_52' title='bbox 1517 702 1714 757; x_wconf 86' lang='lat' dir='ltr'><strong>Verum</strong></span> <span class='ocrx_word' id='word_1_53' title='bbox 1742 699 1810 754; x_wconf 92' lang='lat' dir='ltr'><strong>ad</strong></span> <span class='ocrx_word' id='word_1_54' title='bbox 1839 698 1895 753; x_wconf 91' lang='lat' dir='ltr'><strong>S.</strong></span> <span class='ocrx_word' id='word_1_55' title='bbox 1919 696 2145 753; x_wconf 83' lang='lat' dir='ltr'><strong>Joannis</strong></span> 
     </span>
    </p>
   </div>
   <div class='ocr_carea' id='block_1_9' title="bbox 571 787 2143 863">
    <p class='ocr_par' dir='ltr' id='par_1_9' title="bbox 571 787 2143 863">
     <span class='ocr_line' id='line_1_9' title="bbox 571 787 2143 863; baseline -0.01 -8"><span class='ocrx_word' id='word_1_56' title='bbox 571 796 834 855; x_wconf 80' lang='lat' dir='ltr'><strong>miracula</strong></span> <span class='ocrx_word' id='word_1_57' title='bbox 887 795 1207 860; x_wconf 83' lang='lat' dir='ltr'><strong>redeamus,</strong></span> <span class='ocrx_word' id='word_1_58' title='bbox 1271 806 1391 863; x_wconf 67' lang='lat' dir='ltr'><strong>quae</strong></span> <span class='ocrx_word' id='word_1_59' title='bbox 1454 806 1574 849; x_wconf 89' lang='lat' dir='ltr'><strong>sese</strong></span> <span class='ocrx_word' id='word_1_60' title='bbox 1621 790 1776 847; x_wconf 88' lang='lat' dir='ltr'><strong>nobis</strong></span> <span class='ocrx_word' id='word_1_61' title='bbox 1827 787 2143 845; x_wconf 79' lang='lat' dir='ltr'><strong>catervatim</strong></span> 
     </span>
    </p>
   </div>
   <div class='ocr_carea' id='block_1_10' title="bbox 568 889 822 946">
    <p class='ocr_par' dir='ltr' id='par_1_10' title="bbox 568 889 822 946">
     <span class='ocr_line' id='line_1_10' title="bbox 568 889 822 946; baseline -0.012 0"><span class='ocrx_word' id='word_1_62' title='bbox 568 889 822 946; x_wconf 78' lang='lat' dir='ltr'><strong>offerunt.</strong></span> 
     </span>
    </p>
   </div>
   <div class='ocr_carea' id='block_1_11' title="bbox 637 971 2139 1048">
    <p class='ocr_par' dir='ltr' id='par_1_11' title="bbox 637 971 2139 1048">
     <span class='ocr_line' id='line_1_11' title="bbox 637 971 2139 1048; baseline -0.008 -11"><span class='ocrx_word' id='word_1_63' title='bbox 637 978 767 1037; x_wconf 74' lang='lat'><strong>255.</strong></span> <span class='ocrx_word' id='word_1_64' title='bbox 789 977 958 1035; x_wconf 81' lang='lat' dir='ltr'><strong>Alteri</strong></span> <span class='ocrx_word' id='word_1_65' title='bbox 989 993 1054 1035; x_wconf 82' lang='lat' dir='ltr'><strong>ex</strong></span> <span class='ocrx_word' id='word_1_66' title='bbox 1085 976 1287 1032; x_wconf 87' lang='lat' dir='ltr'><strong>nostris</strong></span> <span class='ocrx_word' id='word_1_67' title='bbox 1316 974 1570 1048; x_wconf 80' lang='lat' dir='ltr'><strong>agricolis</strong></span> <span class='ocrx_word' id='word_1_68' title='bbox 1599 973 1705 1029; x_wconf 88' lang='lat' dir='ltr'><strong>filia</strong></span> <span class='ocrx_word' id='word_1_69' title='bbox 1734 981 1790 1029; x_wconf 89' lang='lat' dir='ltr'><strong>et</strong></span> <span class='ocrx_word' id='word_1_70' title='bbox 1818 971 2139 1044; x_wconf 85' lang='lat' dir='ltr'><strong>paralytica,</strong></span> 
     </span>
    </p>
   </div>
   <div class='ocr_carea' id='block_1_12' title="bbox 567 1064 2139 1137">
    <p class='ocr_par' dir='ltr' id='par_1_12' title="bbox 567 1064 2139 1137">
     <span class='ocr_line' id='line_1_12' title="bbox 567 1064 2139 1137; baseline -0.007 -12"><span class='ocrx_word' id='word_1_71' title='bbox 567 1070 621 1131; x_wconf 89' lang='lat' dir='ltr'><strong>id</strong></span> <span class='ocrx_word' id='word_1_72' title='bbox 648 1079 751 1137; x_wconf 89' lang='lat' dir='ltr'><strong>est,</strong></span> <span class='ocrx_word' id='word_1_73' title='bbox 783 1069 929 1126; x_wconf 89' lang='lat' dir='ltr'><strong>omni</strong></span> <span class='ocrx_word' id='word_1_74' title='bbox 960 1068 1330 1125; x_wconf 83' lang='lat' dir='ltr'><strong>membrorum</strong></span> <span class='ocrx_word' id='word_1_75' title='bbox 1370 1064 1779 1136; x_wconf 77' lang='lat' dir='ltr'><strong>oﬁicioprivata</strong></span> <span class='ocrx_word' id='word_1_76' title='bbox 1822 1078 1944 1119; x_wconf 90' lang='lat' dir='ltr'><strong>cum</strong></span> <span class='ocrx_word' id='word_1_77' title='bbox 1974 1070 2139 1127; x_wconf 86' lang='lat' dir='ltr'><strong>esset,</strong></span> 
     </span>
    </p>
   </div>
   <div class='ocr_carea' id='block_1_13' title="bbox 568 1153 2141 1222">
    <p class='ocr_par' dir='ltr' id='par_1_13' title="bbox 568 1153 2141 1222">
     <span class='ocr_line' id='line_1_13' title="bbox 568 1153 2141 1222; baseline -0.007 -7"><span class='ocrx_word' id='word_1_78' title='bbox 568 1159 674 1215; x_wconf 84' lang='lat' dir='ltr'><strong>tale</strong></span> <span class='ocrx_word' id='word_1_79' title='bbox 702 1159 769 1213; x_wconf 87' lang='lat' dir='ltr'><strong>ad</strong></span> <span class='ocrx_word' id='word_1_80' title='bbox 796 1159 857 1213; x_wconf 92' lang='lat' dir='ltr'><strong>S.</strong></span> <span class='ocrx_word' id='word_1_81' title='bbox 888 1157 1151 1213; x_wconf 83' lang='lat' dir='ltr'><strong>Joannem</strong></span> <span class='ocrx_word' id='word_1_82' title='bbox 1179 1164 1364 1213; x_wconf 87' lang='lat' dir='ltr'><strong>votum</strong></span> <span class='ocrx_word' id='word_1_83' title='bbox 1397 1154 1543 1211; x_wconf 91' lang='lat' dir='ltr'><strong>misit</strong></span> <span class='ocrx_word' id='word_1_84' title='bbox 1571 1173 1583 1208; x_wconf 90' lang='lat'>:</span> <span class='ocrx_word' id='word_1_85' title='bbox 1612 1153 1657 1211; x_wconf 92' lang='grc' dir='ltr'><strong>Ο</strong></span> <span class='ocrx_word' id='word_1_86' title='bbox 1682 1155 1842 1210; x_wconf 86' lang='lat' dir='ltr'><strong>Pater</strong></span> <span class='ocrx_word' id='word_1_87' title='bbox 1868 1160 1923 1208; x_wconf 91' lang='lat' dir='ltr'><strong>ct</strong></span> <span class='ocrx_word' id='word_1_88' title='bbox 1953 1161 2141 1222; x_wconf 84' lang='lat' dir='ltr'><strong>pastor</strong></span> 
     </span>
    </p>
   </div>
   <div class='ocr_carea' id='block_1_14' title="bbox 565 1240 2138 1317">
    <p class='ocr_par' dir='ltr' id='par_1_14' title="bbox 565 1240 2138 1317">
     <span class='ocr_line' id='line_1_14' title="bbox 565 1240 2138 1317; baseline -0.008 -11"><span class='ocrx_word' id='word_1_89' title='bbox 565 1259 776 1317; x_wconf 86' lang='lat' dir='ltr'><strong>noster,</strong></span> <span class='ocrx_word' id='word_1_90' title='bbox 801 1247 1037 1305; x_wconf 79' lang='lat' dir='ltr'><strong>Joannes</strong></span> <span class='ocrx_word' id='word_1_91' title='bbox 1063 1245 1400 1309; x_wconf 90' lang='lat' dir='ltr'><strong>beatissime,</strong></span> <span class='ocrx_word' id='word_1_92' title='bbox 1447 1244 1491 1300; x_wconf 88' lang='lat' dir='ltr'><strong>si</strong></span> <span class='ocrx_word' id='word_1_93' title='bbox 1541 1244 1647 1299; x_wconf 87' lang='lat' dir='ltr'><strong>tuis</strong></span> <span class='ocrx_word' id='word_1_94' title='bbox 1686 1242 1937 1315; x_wconf 86' lang='lat' dir='ltr'><strong>precibus</strong></span> <span class='ocrx_word' id='word_1_95' title='bbox 1975 1240 2138 1295; x_wconf 85' lang='lat' dir='ltr'><strong>filiam</strong></span> 
     </span>
    </p>
   </div>
   <div class='ocr_carea' id='block_1_15' title="bbox 567 1334 2140 1407">
    <p class='ocr_par' dir='ltr' id='par_1_15' title="bbox 567 1334 2140 1407">
     <span class='ocr_line' id='line_1_15' title="bbox 567 1334 2140 1407; baseline -0.008 -9"><span class='ocrx_word' id='word_1_96' title='bbox 567 1356 741 1401; x_wconf 85' lang='lat' dir='ltr'><strong>meam</strong></span> <span class='ocrx_word' id='word_1_97' title='bbox 770 1341 1091 1398; x_wconf 91' lang='lat' dir='ltr'><strong>incolumem</strong></span> <span class='ocrx_word' id='word_1_98' title='bbox 1118 1338 1321 1401; x_wconf 87' lang='lat' dir='ltr'><strong>videro,</strong></span> <span class='ocrx_word' id='word_1_99' title='bbox 1357 1337 1453 1393; x_wconf 83' lang='lat' dir='ltr'><strong>tibi</strong></span> <span class='ocrx_word' id='word_1_100' title='bbox 1504 1337 1570 1393; x_wconf 91' lang='lat' dir='ltr'><strong>de</strong></span> <span class='ocrx_word' id='word_1_101' title='bbox 1614 1334 1837 1407; x_wconf 86' lang='lat' dir='ltr'><strong>penuria</strong></span> <span class='ocrx_word' id='word_1_102' title='bbox 1877 1347 1995 1388; x_wconf 89' lang='lat' dir='ltr'><strong>mea</strong></span> <span class='ocrx_word' id='word_1_103' title='bbox 2021 1340 2140 1386; x_wconf 88' lang='lat' dir='ltr'><strong>tan-</strong></span> 
     </span>
    </p>
   </div>
   <div class='ocr_carea' id='block_1_16' title="bbox 566 1421 2137 1498">
    <p class='ocr_par' dir='ltr' id='par_1_16' title="bbox 566 1421 2137 1498">
     <span class='ocr_line' id='line_1_16' title="bbox 566 1421 2137 1498; baseline -0.009 -9"><span class='ocrx_word' id='word_1_104' title='bbox 566 1444 677 1489; x_wconf 90' lang='lat' dir='ltr'><strong>tum</strong></span> <span class='ocrx_word' id='word_1_105' title='bbox 723 1430 948 1488; x_wconf 86' lang='lat' dir='ltr'><strong>oll‘eram</strong></span> <span class='ocrx_word' id='word_1_106' title='bbox 983 1429 1263 1494; x_wconf 91' lang='lat' dir='ltr'><strong>frumenti,</strong></span> <span class='ocrx_word' id='word_1_107' title='bbox 1303 1435 1566 1498; x_wconf 91' lang='lat' dir='ltr'><strong>quantum</strong></span> <span class='ocrx_word' id='word_1_108' title='bbox 1615 1427 1730 1497; x_wconf 91' lang='lat' dir='ltr'><strong>ipsa</strong></span> <span class='ocrx_word' id='word_1_109' title='bbox 1784 1423 1891 1479; x_wconf 87' lang='lat' dir='ltr'><strong>filia</strong></span> <span class='ocrx_word' id='word_1_110' title='bbox 1923 1437 2039 1477; x_wconf 91' lang='lat' dir='ltr'><strong>mea</strong></span> <span class='ocrx_word' id='word_1_111' title='bbox 2084 1421 2137 1476; x_wconf 91' lang='lat' dir='ltr'><strong>in</strong></span> 
     </span>
    </p>
   </div>
   <div class='ocr_carea' id='block_1_17' title="bbox 561 1513 2139 1596">
    <p class='ocr_par' dir='ltr' id='par_1_17' title="bbox 561 1513 2139 1596">
     <span class='ocr_line' id='line_1_17' title="bbox 561 1513 2139 1596; baseline -0.008 -16"><span class='ocrx_word' id='word_1_112' title='bbox 561 1522 801 1596; x_wconf 79' lang='lat' dir='ltr'><strong>pondere</strong></span> <span class='ocrx_word' id='word_1_113' title='bbox 821 1530 878 1578; x_wconf 88' lang='lat' dir='ltr'><strong>et</strong></span> <span class='ocrx_word' id='word_1_114' title='bbox 904 1536 1131 1577; x_wconf 88' lang='lat' dir='ltr'><strong>numero</strong></span> <span class='ocrx_word' id='word_1_115' title='bbox 1158 1519 1580 1590; x_wconf 81' lang='lat' dir='ltr'><strong>computabitur.</strong></span> <span class='ocrx_word' id='word_1_116' title='bbox 1610 1517 1742 1572; x_wconf 79' lang='lat' dir='ltr'><strong>Mira</strong></span> <span class='ocrx_word' id='word_1_117' title='bbox 1769 1516 1884 1570; x_wconf 87' lang='lat' dir='ltr'><strong>res!</strong></span> <span class='ocrx_word' id='word_1_118' title='bbox 1914 1528 1945 1570; x_wconf 91' lang='lat' dir='ltr'><strong>e</strong></span> <span class='ocrx_word' id='word_1_119' title='bbox 1973 1513 2139 1569; x_wconf 88' lang='lat' dir='ltr'><strong>vesti-</strong></span> 
     </span>
    </p>
   </div>
   <div class='ocr_carea' id='block_1_18' title="bbox 559 1606 2134 1686">
    <p class='ocr_par' dir='ltr' id='par_1_18' title="bbox 559 1606 2134 1686">
     <span class='ocr_line' id='line_1_18' title="bbox 559 1606 2134 1686; baseline -0.006 -16"><span class='ocrx_word' id='word_1_120' title='bbox 559 1615 649 1686; x_wconf 87' lang='lat' dir='ltr'><strong>gio</strong></span> <span class='ocrx_word' id='word_1_121' title='bbox 691 1614 937 1685; x_wconf 83' lang='lat' dir='ltr'><strong>sequitur</strong></span> <span class='ocrx_word' id='word_1_122' title='bbox 984 1612 1322 1668; x_wconf 83' lang='lat' dir='ltr'><strong>miraculum.</strong></span> <span class='ocrx_word' id='word_1_123' title='bbox 1379 1610 1500 1665; x_wconf 79' lang='lat' dir='ltr'><strong>Mox</strong></span> <span class='ocrx_word' id='word_1_124' title='bbox 1548 1609 1691 1665; x_wconf 91' lang='lat' dir='ltr'><strong>enim</strong></span> <span class='ocrx_word' id='word_1_125' title='bbox 1741 1616 1867 1662; x_wconf 87' lang='lat' dir='ltr'><strong>voto</strong></span> <span class='ocrx_word' id='word_1_126' title='bbox 1912 1606 2134 1672; x_wconf 88' lang='lat' dir='ltr'><strong>emisso,</strong></span> 
     </span>
    </p>
   </div>
   <div class='ocr_carea' id='block_1_19' title="bbox 561 1695 2137 1778">
    <p class='ocr_par' dir='ltr' id='par_1_19' title="bbox 561 1695 2137 1778">
     <span class='ocr_line' id='line_1_19' title="bbox 561 1695 2137 1778; baseline -0.008 -18"><span class='ocrx_word' id='word_1_127' title='bbox 561 1706 671 1760; x_wconf 81' lang='lat' dir='ltr'><strong>tilia</strong></span> <span class='ocrx_word' id='word_1_128' title='bbox 698 1721 860 1778; x_wconf 91' lang='lat' dir='ltr'><strong>quam</strong></span> <span class='ocrx_word' id='word_1_129' title='bbox 894 1705 1089 1776; x_wconf 86' lang='lat' dir='ltr'><strong>raptim</strong></span> <span class='ocrx_word' id='word_1_130' title='bbox 1113 1703 1179 1758; x_wconf 91' lang='lat' dir='ltr'><strong>ad</strong></span> <span class='ocrx_word' id='word_1_131' title='bbox 1208 1712 1413 1775; x_wconf 86' lang='lat' dir='ltr'><strong>patrem</strong></span> <span class='ocrx_word' id='word_1_132' title='bbox 1434 1717 1494 1757; x_wconf 90' lang='lat' dir='ltr'><strong>se</strong></span> <span class='ocrx_word' id='word_1_133' title='bbox 1514 1698 1822 1764; x_wconf 85' lang='lat' dir='ltr'><strong>conferens,</strong></span> <span class='ocrx_word' id='word_1_134' title='bbox 1840 1696 1931 1768; x_wconf 92' lang='lat' dir='ltr'><strong>qui</strong></span> <span class='ocrx_word' id='word_1_135' title='bbox 1961 1695 2137 1750; x_wconf 89' lang='lat' dir='ltr'><strong>adhuc</strong></span> 
     </span>
    </p>
   </div>
   <div class='ocr_carea' id='block_1_20' title="bbox 558 1785 2136 1868">
    <p class='ocr_par' dir='ltr' id='par_1_20' title="bbox 558 1785 2136 1868">
     <span class='ocr_line' id='line_1_20' title="bbox 558 1785 2136 1868; baseline -0.007 -19"><span class='ocrx_word' id='word_1_136' title='bbox 558 1794 714 1852; x_wconf 84' lang='lat' dir='ltr'><strong>flexis</strong></span> <span class='ocrx_word' id='word_1_137' title='bbox 738 1796 967 1868; x_wconf 83' lang='lat' dir='ltr'><strong>genibus</strong></span> <span class='ocrx_word' id='word_1_138' title='bbox 1011 1792 1160 1848; x_wconf 88' lang='lat' dir='ltr'><strong>lmmi</strong></span> <span class='ocrx_word' id='word_1_139' title='bbox 1203 1791 1607 1863; x_wconf 87' lang='lat' dir='ltr'><strong>procumbebat,</strong></span> <span class='ocrx_word' id='word_1_140' title='bbox 1631 1787 1831 1844; x_wconf 90' lang='lat' dir='ltr'><strong>collum</strong></span> <span class='ocrx_word' id='word_1_141' title='bbox 1861 1785 2136 1856; x_wconf 87' lang='lat' dir='ltr'><strong>amplecti,</strong></span> 
     </span>
    </p>
   </div>
   <div class='ocr_carea' id='block_1_21' title="bbox 560 1874 2135 1949">
    <p class='ocr_par' dir='ltr' id='par_1_21' title="bbox 560 1874 2135 1949">
     <span class='ocr_line' id='line_1_21' title="bbox 560 1874 2135 1949; baseline -0.007 -9"><span class='ocrx_word' id='word_1_142' title='bbox 560 1885 753 1941; x_wconf 82' lang='lat' dir='ltr'><strong>faciem</strong></span> <span class='ocrx_word' id='word_1_143' title='bbox 779 1883 1044 1949; x_wconf 86' lang='lat' dir='ltr'><strong>osculari;</strong></span> <span class='ocrx_word' id='word_1_144' title='bbox 1070 1882 1194 1938; x_wconf 84' lang='lat' dir='ltr'><strong>dein</strong></span> <span class='ocrx_word' id='word_1_145' title='bbox 1234 1888 1346 1935; x_wconf 87' lang='lat' dir='ltr'><strong>toto</strong></span> <span class='ocrx_word' id='word_1_146' title='bbox 1374 1892 1602 1949; x_wconf 87' lang='lat' dir='ltr'><strong>corpore</strong></span> <span class='ocrx_word' id='word_1_147' title='bbox 1626 1877 1859 1949; x_wconf 69' lang='lat' dir='ltr'><strong>gestire.</strong></span> <span class='ocrx_word' id='word_1_148' title='bbox 1891 1874 1970 1931; x_wconf 84' lang='lat' dir='ltr'><strong>Eo</strong></span> <span class='ocrx_word' id='word_1_149' title='bbox 1997 1877 2135 1944; x_wconf 89' lang='lat' dir='ltr'><strong>ipse,</strong></span> 
     </span>
    </p>
   </div>
   <div class='ocr_carea' id='block_1_22' title="bbox 561 1966 2138 2045">
    <p class='ocr_par' dir='ltr' id='par_1_22' title="bbox 561 1966 2138 2045">
     <span class='ocr_line' id='line_1_22' title="bbox 561 1966 2138 2045; baseline -0.006 -14"><span class='ocrx_word' id='word_1_150' title='bbox 561 1986 615 2031; x_wconf 91' lang='lat' dir='ltr'><strong>et</strong></span> <span class='ocrx_word' id='word_1_151' title='bbox 641 1976 730 2045; x_wconf 85' lang='lat' dir='ltr'><strong>qui</strong></span> <span class='ocrx_word' id='word_1_152' title='bbox 754 1975 822 2031; x_wconf 88' lang='lat' dir='ltr'><strong>de</strong></span> <span class='ocrx_word' id='word_1_153' title='bbox 848 1974 1049 2029; x_wconf 82' lang='lat' dir='ltr'><strong>familia</strong></span> <span class='ocrx_word' id='word_1_154' title='bbox 1074 1982 1231 2027; x_wconf 86' lang='lat' dir='ltr'><strong>erant</strong></span> <span class='ocrx_word' id='word_1_155' title='bbox 1252 1987 1362 2042; x_wconf 66' lang='lat' dir='ltr'><strong>prae</strong></span> <span class='ocrx_word' id='word_1_156' title='bbox 1420 1969 1615 2041; x_wconf 82' lang='lat' dir='ltr'><strong>gaudio</strong></span> <span class='ocrx_word' id='word_1_157' title='bbox 1644 1968 1899 2040; x_wconf 81' lang='lat' dir='ltr'><strong>lacrymis</strong></span> <span class='ocrx_word' id='word_1_158' title='bbox 1930 1966 2138 2023; x_wconf 86' lang='lat' dir='ltr'><strong>obortis</strong></span> 
     </span>
    </p>
   </div>
   <div class='ocr_carea' id='block_1_23' title="bbox 554 2057 2138 2137">
    <p class='ocr_par' dir='ltr' id='par_1_23' title="bbox 554 2057 2138 2137">
     <span class='ocr_line' id='line_1_23' title="bbox 554 2057 2138 2137; baseline -0.006 -17"><span class='ocrx_word' id='word_1_159' title='bbox 554 2064 681 2122; x_wconf 89' lang='lat' dir='ltr'><strong>Jcsu</strong></span> <span class='ocrx_word' id='word_1_160' title='bbox 707 2075 764 2121; x_wconf 90' lang='lat' dir='ltr'><strong>et</strong></span> <span class='ocrx_word' id='word_1_161' title='bbox 790 2064 992 2137; x_wconf 77' lang='lat' dir='ltr'><strong>Virgini</strong></span> <span class='ocrx_word' id='word_1_162' title='bbox 1022 2063 1203 2118; x_wconf 82' lang='lat' dir='ltr'><strong>Mariae</strong></span> <span class='ocrx_word' id='word_1_163' title='bbox 1233 2061 1390 2116; x_wconf 87' lang='lat' dir='ltr'><strong>matri</strong></span> <span class='ocrx_word' id='word_1_164' title='bbox 1433 2059 1550 2130; x_wconf 86' lang='lat' dir='ltr'><strong>ejus</strong></span> <span class='ocrx_word' id='word_1_165' title='bbox 1575 2058 1777 2130; x_wconf 78' lang='lat' dir='ltr'><strong>gratias</strong></span> <span class='ocrx_word' id='word_1_166' title='bbox 1824 2057 2053 2127; x_wconf 84' lang='lat' dir='ltr'><strong>agebant</strong></span> <span class='ocrx_word' id='word_1_167' title='bbox 2081 2064 2138 2111; x_wconf 90' lang='lat' dir='ltr'><strong>et</strong></span> 
     </span>
    </p>
   </div>
   <div class='ocr_carea' id='block_1_24' title="bbox 556 2148 2137 2224">
    <p class='ocr_par' dir='ltr' id='par_1_24' title="bbox 556 2148 2137 2224">
     <span class='ocr_line' id='line_1_24' title="bbox 556 2148 2137 2224; baseline -0.008 -12"><span class='ocrx_word' id='word_1_168' title='bbox 556 2156 817 2214; x_wconf 88' lang='lat' dir='ltr'><strong>Joannem</strong></span> <span class='ocrx_word' id='word_1_169' title='bbox 838 2155 1236 2213; x_wconf 90' lang='lat' dir='ltr'><strong>sanctissimum</strong></span> <span class='ocrx_word' id='word_1_170' title='bbox 1260 2168 1357 2224; x_wconf 88' lang='lat' dir='ltr'><strong>pro</strong></span> <span class='ocrx_word' id='word_1_171' title='bbox 1379 2161 1526 2207; x_wconf 89' lang='lat' dir='ltr'><strong>tanto</strong></span> <span class='ocrx_word' id='word_1_172' title='bbox 1547 2151 1790 2223; x_wconf 87' lang='lat' dir='ltr'><strong>prodigio</strong></span> <span class='ocrx_word' id='word_1_173' title='bbox 1806 2148 2137 2204; x_wconf 78' lang='lat' dir='ltr'><strong>extollebant</strong></span> 
     </span>
    </p>
   </div>
   <div class='ocr_carea' id='block_1_25' title="bbox 557 2241 2133 2316">
    <p class='ocr_par' dir='ltr' id='par_1_25' title="bbox 557 2241 2133 2316">
     <span class='ocr_line' id='line_1_25' title="bbox 557 2241 2133 2316; baseline -0.01 -11"><span class='ocrx_word' id='word_1_174' title='bbox 557 2251 627 2305; x_wconf 88' lang='lat' dir='ltr'><strong>ad</strong></span> <span class='ocrx_word' id='word_1_175' title='bbox 663 2250 862 2316; x_wconf 89' lang='lat' dir='ltr'><strong>sidera,</strong></span> <span class='ocrx_word' id='word_1_176' title='bbox 887 2256 945 2307; x_wconf 84' lang='lat' dir='ltr'><strong>et</strong></span> <span class='ocrx_word' id='word_1_177' title='bbox 974 2246 1116 2302; x_wconf 91' lang='lat' dir='ltr'><strong>illico</strong></span> <span class='ocrx_word' id='word_1_178' title='bbox 1158 2243 1488 2300; x_wconf 82' lang='lat' dir='ltr'><strong>frumentum</strong></span> <span class='ocrx_word' id='word_1_179' title='bbox 1528 2241 1908 2313; x_wconf 89' lang='lat' dir='ltr'><strong>ponderatum,</strong></span> <span class='ocrx_word' id='word_1_180' title='bbox 1951 2248 2009 2293; x_wconf 93' lang='lat' dir='ltr'><strong>ut</strong></span> <span class='ocrx_word' id='word_1_181' title='bbox 2034 2253 2133 2291; x_wconf 77' lang='lat' dir='ltr'><strong>vo-</strong></span> 
     </span>
    </p>
   </div>
   <div class='ocr_carea' id='block_1_26' title="bbox 557 2330 2135 2412">
    <p class='ocr_par' dir='ltr' id='par_1_26' title="bbox 557 2330 2135 2412">
     <span class='ocr_line' id='line_1_26' title="bbox 557 2330 2135 2412; baseline -0.007 -18"><span class='ocrx_word' id='word_1_182' title='bbox 557 2349 710 2398; x_wconf 91' lang='lat' dir='ltr'><strong>verat</strong></span> <span class='ocrx_word' id='word_1_183' title='bbox 761 2339 901 2412; x_wconf 90' lang='lat' dir='ltr'><strong>ipse,</strong></span> <span class='ocrx_word' id='word_1_184' title='bbox 950 2337 1161 2393; x_wconf 89' lang='lat' dir='ltr'><strong>cuidam</strong></span> <span class='ocrx_word' id='word_1_185' title='bbox 1215 2343 1405 2389; x_wconf 89' lang='lat' dir='ltr'><strong>nostro</strong></span> <span class='ocrx_word' id='word_1_186' title='bbox 1458 2332 1816 2404; x_wconf 88' lang='lat' dir='ltr'><strong>procuratori,</strong></span> <span class='ocrx_word' id='word_1_187' title='bbox 1871 2330 1963 2401; x_wconf 89' lang='lat' dir='ltr'><strong>qui</strong></span> <span class='ocrx_word' id='word_1_188' title='bbox 2008 2338 2135 2384; x_wconf 90' lang='lat' dir='ltr'><strong>tunc</strong></span> 
     </span>
    </p>
   </div>
   <div class='ocr_carea' id='block_1_27' title="bbox 558 2412 2133 2503">
    <p class='ocr_par' dir='ltr' id='par_1_27' title="bbox 558 2412 2133 2503">
     <span class='ocr_line' id='line_1_27' title="bbox 558 2412 2133 2503; baseline -0.01 -12"><span class='ocrx_word' id='word_1_189' title='bbox 558 2434 791 2491; x_wconf 88' lang='lat' dir='ltr'><strong>Paterno</strong></span> <span class='ocrx_word' id='word_1_190' title='bbox 836 2436 1103 2503; x_wconf 63' lang='lat' dir='ltr'><strong>praeerat,</strong></span> <span class='ocrx_word' id='word_1_191' title='bbox 1151 2441 1249 2498; x_wconf 85' lang='lat' dir='ltr'><strong>per</strong></span> <span class='ocrx_word' id='word_1_192' title='bbox 1303 2436 1619 2499; x_wconf 86' lang='lat' dir='ltr'><strong>germanum</strong></span> <span class='ocrx_word' id='word_1_193' title='bbox 1668 2412 1860 2495; x_wconf 71' lang='lat' dir='ltr'><strong>puella:</strong></span> <span class='ocrx_word' id='word_1_194' title='bbox 1915 2421 2133 2478; x_wconf 85' lang='lat' dir='ltr'><strong>mittere</strong></span> 
     </span>
    </p>
   </div>
   <div class='ocr_carea' id='block_1_28' title="bbox 556 2512 2133 2589">
    <p class='ocr_par' dir='ltr' id='par_1_28' title="bbox 556 2512 2133 2589">
     <span class='ocr_line' id='line_1_28' title="bbox 556 2512 2133 2589; baseline -0.011 -8"><span class='ocrx_word' id='word_1_195' title='bbox 556 2530 889 2581; x_wconf 90' lang='lat' dir='ltr'><strong>curaverunt</strong></span> <span class='ocrx_word' id='word_1_196' title='bbox 919 2538 934 2576; x_wconf 87' lang='lat'><strong>:</strong></span> <span class='ocrx_word' id='word_1_197' title='bbox 966 2519 1081 2589; x_wconf 87' lang='lat' dir='ltr'><strong>qui,</strong></span> <span class='ocrx_word' id='word_1_198' title='bbox 1111 2532 1232 2573; x_wconf 90' lang='lat' dir='ltr'><strong>cum</strong></span> <span class='ocrx_word' id='word_1_199' title='bbox 1273 2515 1625 2586; x_wconf 85' lang='lat' dir='ltr'><strong>quamobrem</strong></span> <span class='ocrx_word' id='word_1_200' title='bbox 1658 2514 1763 2569; x_wconf 91' lang='lat' dir='ltr'><strong>hoc</strong></span> <span class='ocrx_word' id='word_1_201' title='bbox 1803 2512 2133 2568; x_wconf 90' lang='lat' dir='ltr'><strong>frumentum</strong></span> 
     </span>
    </p>
   </div>
   <div class='ocr_carea' id='block_1_29' title="bbox 554 2607 2130 2682">
    <p class='ocr_par' dir='ltr' id='par_1_29' title="bbox 554 2607 2130 2682">
     <span class='ocr_line' id='line_1_29' title="bbox 554 2607 2130 2682; baseline -0.008 -12"><span class='ocrx_word' id='word_1_202' title='bbox 554 2617 799 2682; x_wconf 81' lang='lat' dir='ltr'><strong>daretur,</strong></span> <span class='ocrx_word' id='word_1_203' title='bbox 845 2614 1228 2682; x_wconf 83' lang='lat' dir='ltr'><strong>interrogaret,</strong></span> <span class='ocrx_word' id='word_1_204' title='bbox 1284 2608 1333 2665; x_wconf 91' lang='lat' dir='ltr'><strong>ei</strong></span> <span class='ocrx_word' id='word_1_205' title='bbox 1387 2607 1704 2663; x_wconf 86' lang='lat' dir='ltr'><strong>adolescens</strong></span> <span class='ocrx_word' id='word_1_206' title='bbox 1755 2621 1869 2661; x_wconf 89' lang='lat' dir='ltr'><strong>rem</strong></span> <span class='ocrx_word' id='word_1_207' title='bbox 1914 2617 2130 2660; x_wconf 85' lang='lat' dir='ltr'><strong>omnem</strong></span> 
     </span>
    </p>
   </div>
   <div class='ocr_carea' id='block_1_30' title="bbox 552 2695 2127 2776">
    <p class='ocr_par' dir='ltr' id='par_1_30' title="bbox 552 2695 2127 2776">
     <span class='ocr_line' id='line_1_30' title="bbox 552 2695 2127 2776; baseline -0.009 -15"><span class='ocrx_word' id='word_1_208' title='bbox 552 2704 788 2776; x_wconf 87' lang='lat' dir='ltr'><strong>aperuit.</strong></span> <span class='ocrx_word' id='word_1_209' title='bbox 820 2703 912 2760; x_wconf 86' lang='lat' dir='ltr'><strong>Ille</strong></span> <span class='ocrx_word' id='word_1_210' title='bbox 941 2702 1124 2772; x_wconf 88' lang='lat' dir='ltr'><strong>itaque</strong></span> <span class='ocrx_word' id='word_1_211' title='bbox 1156 2699 1282 2755; x_wconf 86' lang='lat' dir='ltr'><strong>Jcsu</strong></span> <span class='ocrx_word' id='word_1_212' title='bbox 1309 2706 1363 2753; x_wconf 89' lang='lat' dir='ltr'><strong>et</strong></span> <span class='ocrx_word' id='word_1_213' title='bbox 1393 2697 1450 2752; x_wconf 87' lang='lat' dir='ltr'><strong>S.</strong></span> <span class='ocrx_word' id='word_1_214' title='bbox 1482 2695 1676 2751; x_wconf 88' lang='lat' dir='ltr'><strong>Joanni</strong></span> <span class='ocrx_word' id='word_1_215' title='bbox 1716 2695 1920 2767; x_wconf 84' lang='lat' dir='ltr'><strong>gratias</strong></span> <span class='ocrx_word' id='word_1_216' title='bbox 1940 2707 2127 2765; x_wconf 83' lang='lat' dir='ltr'><strong>agens,</strong></span> 
     </span>
    </p>
   </div>
   <div class='ocr_carea' id='block_1_31' title="bbox 553 2782 2130 2866">
    <p class='ocr_par' dir='ltr' id='par_1_31' title="bbox 553 2782 2130 2866">
     <span class='ocr_line' id='line_1_31' title="bbox 553 2782 2130 2866; baseline -0.01 -15"><span class='ocrx_word' id='word_1_217' title='bbox 553 2805 777 2866; x_wconf 87' lang='lat' dir='ltr'><strong>accepto</strong></span> <span class='ocrx_word' id='word_1_218' title='bbox 822 2793 1116 2856; x_wconf 85' lang='lat' dir='ltr'><strong>frumento,</strong></span> <span class='ocrx_word' id='word_1_219' title='bbox 1169 2787 1353 2844; x_wconf 90' lang='lat' dir='ltr'><strong>multis</strong></span> <span class='ocrx_word' id='word_1_220' title='bbox 1400 2784 1755 2857; x_wconf 67' lang='lat' dir='ltr'><strong>prmsentibus</strong></span> <span class='ocrx_word' id='word_1_221' title='bbox 1807 2782 2130 2839; x_wconf 89' lang='lat' dir='ltr'><strong>miraculum</strong></span> 
     </span>
    </p>
   </div>
   <div class='ocr_carea' id='block_1_32' title="bbox 554 2872 2129 2950">
    <p class='ocr_par' dir='ltr' id='par_1_32' title="bbox 554 2872 2129 2950">
     <span class='ocr_line' id='line_1_32' title="bbox 554 2872 2129 2950; baseline -0.008 -8"><span class='ocrx_word' id='word_1_222' title='bbox 554 2885 867 2943; x_wconf 81' lang='lat' dir='ltr'><strong>declaravit.</strong></span> <span class='ocrx_word' id='word_1_223' title='bbox 898 2881 1052 2950; x_wconf 83' lang='lat' dir='ltr'><strong>Quod</strong></span> <span class='ocrx_word' id='word_1_224' title='bbox 1074 2895 1198 2936; x_wconf 92' lang='lat' dir='ltr'><strong>cum</strong></span> <span class='ocrx_word' id='word_1_225' title='bbox 1220 2887 1393 2934; x_wconf 89' lang='lat' dir='ltr'><strong>mater</strong></span> <span class='ocrx_word' id='word_1_226' title='bbox 1415 2877 1467 2932; x_wconf 94' lang='lat' dir='ltr'><strong>in</strong></span> <span class='ocrx_word' id='word_1_227' title='bbox 1496 2876 1555 2932; x_wconf 86' lang='lat' dir='ltr'><strong>S.</strong></span> <span class='ocrx_word' id='word_1_228' title='bbox 1582 2873 1807 2930; x_wconf 86' lang='lat' dir='ltr'><strong>Joannis</strong></span> <span class='ocrx_word' id='word_1_229' title='bbox 1834 2872 2129 2930; x_wconf 74' lang='lat' dir='ltr'><strong>festivitate</strong></span> 
     </span>
    </p>
   </div>
   <div class='ocr_carea' id='block_1_33' title="bbox 553 2965 2201 3069">
    <p class='ocr_par' dir='ltr' id='par_1_33' title="bbox 553 2965 2201 3069">
     <span class='ocr_line' id='line_1_33' title="bbox 553 2965 2201 3069; baseline -0.008 -36"><span class='ocrx_word' id='word_1_230' title='bbox 553 2978 895 3048; x_wconf 68' lang='lat' dir='ltr'><strong>praedicaret,</strong></span> <span class='ocrx_word' id='word_1_231' title='bbox 925 2974 993 3029; x_wconf 89' lang='lat' dir='ltr'><strong>ad</strong></span> <span class='ocrx_word' id='word_1_232' title='bbox 1033 2982 1251 3028; x_wconf 89' lang='lat' dir='ltr'><strong>nostras</strong></span> <span class='ocrx_word' id='word_1_233' title='bbox 1295 2970 1459 3026; x_wconf 89' lang='lat' dir='ltr'><strong>etiam</strong></span> <span class='ocrx_word' id='word_1_234' title='bbox 1502 2984 1663 3024; x_wconf 87' lang='lat' dir='ltr'><strong>aures</strong></span> <span class='ocrx_word' id='word_1_235' title='bbox 1715 2967 1849 3023; x_wconf 89' lang='lat' dir='ltr'><strong>tanti</strong></span> <span class='ocrx_word' id='word_1_236' title='bbox 1897 2965 2125 3038; x_wconf 78' lang='lat' dir='ltr'><strong>prodigii</strong></span> <span class='ocrx_word' id='word_1_237' title='bbox 2153 3007 2201 3069; x_wconf 62' lang='grc' dir='ltr'>ϐ</span> 
     </span>
    </p>
   </div>
   <div class='ocr_carea' id='block_1_34' title="bbox 553 3065 1046 3137">
    <p class='ocr_par' dir='ltr' id='par_1_34' title="bbox 553 3065 1046 3137">
     <span class='ocr_line' id='line_1_34' title="bbox 553 3065 1046 3137; baseline -0.012 -12"><span class='ocrx_word' id='word_1_238' title='bbox 553 3071 694 3125; x_wconf 85' lang='lat' dir='ltr'><strong>fama</strong></span> <span class='ocrx_word' id='word_1_239' title='bbox 708 3065 1046 3137; x_wconf 77' lang='lat' dir='ltr'><strong>pervolavit.</strong></span> 
     </span>
    </p>
   </div>
   <div class='ocr_carea' id='block_1_35' title="bbox 618 3143 2125 3221">
    <p class='ocr_par' dir='ltr' id='par_1_35' title="bbox 618 3143 2125 3221">
     <span class='ocr_line' id='line_1_35' title="bbox 618 3143 2125 3221; baseline -0.009 -9"><span class='ocrx_word' id='word_1_240' title='bbox 618 3156 746 3212; x_wconf 84' lang='lat'><strong>256.</strong></span> <span class='ocrx_word' id='word_1_241' title='bbox 780 3154 892 3211; x_wconf 81' lang='lat' dir='ltr'><strong>Nec</strong></span> <span class='ocrx_word' id='word_1_242' title='bbox 931 3156 1094 3211; x_wconf 90' lang='lat' dir='ltr'><strong>etiam</strong></span> <span class='ocrx_word' id='word_1_243' title='bbox 1147 3152 1285 3209; x_wconf 91' lang='lat' dir='ltr'><strong>duco</strong></span> <span class='ocrx_word' id='word_1_244' title='bbox 1328 3148 1759 3221; x_wconf 70' lang='lat' dir='ltr'><strong>praetereundum</strong></span> <span class='ocrx_word' id='word_1_245' title='bbox 1806 3143 2125 3219; x_wconf 81' lang='lat' dir='ltr'><strong>[quomodo]</strong></span> 
     </span>
    </p>
   </div>
   <div class='ocr_carea' id='block_1_36' title="bbox 547 3238 2127 3312">
    <p class='ocr_par' dir='ltr' id='par_1_36' title="bbox 547 3238 2127 3312">
     <span class='ocr_line' id='line_1_36' title="bbox 547 3238 2127 3312; baseline -0.009 -6"><span class='ocrx_word' id='word_1_246' title='bbox 547 3249 656 3306; x_wconf 82' lang='lat' dir='ltr'><strong>duo</strong></span> <span class='ocrx_word' id='word_1_247' title='bbox 674 3262 740 3303; x_wconf 80' lang='lat' dir='ltr'><strong>ex</strong></span> <span class='ocrx_word' id='word_1_248' title='bbox 765 3246 1010 3312; x_wconf 84' lang='lat' dir='ltr'><strong>finitimis</strong></span> <span class='ocrx_word' id='word_1_249' title='bbox 1026 3245 1248 3300; x_wconf 89' lang='lat' dir='ltr'><strong>fulmine</strong></span> <span class='ocrx_word' id='word_1_250' title='bbox 1274 3242 1599 3308; x_wconf 87' lang='lat' dir='ltr'><strong>interierint,</strong></span> <span class='ocrx_word' id='word_1_251' title='bbox 1613 3240 1703 3312; x_wconf 86' lang='lat' dir='ltr'><strong>qui</strong></span> <span class='ocrx_word' id='word_1_252' title='bbox 1730 3240 1857 3296; x_wconf 86' lang='lat' dir='ltr'><strong>huic</strong></span> <span class='ocrx_word' id='word_1_253' title='bbox 1872 3238 1928 3294; x_wconf 92' lang='lat' dir='ltr'><strong>S.</strong></span> <span class='ocrx_word' id='word_1_254' title='bbox 1947 3238 2127 3293; x_wconf 69' lang='lat' dir='ltr'><strong>Mariae</strong></span> 
     </span>
    </p>
   </div>
   <div class='ocr_carea' id='block_1_37' title="bbox 549 3329 2124 3399">
    <p class='ocr_par' dir='ltr' id='par_1_37' title="bbox 549 3329 2124 3399">
     <span class='ocr_line' id='line_1_37' title="bbox 549 3329 2124 3399; baseline -0.01 -2"><span class='ocrx_word' id='word_1_255' title='bbox 549 3339 882 3397; x_wconf 85' lang='lat' dir='ltr'><strong>monasterio</strong></span> <span class='ocrx_word' id='word_1_256' title='bbox 913 3337 1295 3393; x_wconf 85' lang='lat' dir='ltr'><strong>detrimentum</strong></span> <span class='ocrx_word' id='word_1_257' title='bbox 1330 3332 1653 3389; x_wconf 88' lang='lat' dir='ltr'><strong>inferebant.</strong></span> <span class='ocrx_word' id='word_1_258' title='bbox 1679 3330 1974 3386; x_wconf 79' lang='lat' dir='ltr'><strong>Montanus</strong></span> <span class='ocrx_word' id='word_1_259' title='bbox 2000 3329 2124 3399; x_wconf 87' lang='lat' dir='ltr'><strong>qui-</strong></span> 
     </span>
    </p>
   </div>
   <div class='ocr_carea' id='block_1_38' title="bbox 551 3421 2121 3500">
    <p class='ocr_par' dir='ltr' id='par_1_38' title="bbox 551 3421 2121 3500">
     <span class='ocr_line' id='line_1_38' title="bbox 551 3421 2121 3500; baseline -0.011 -7"><span class='ocrx_word' id='word_1_260' title='bbox 551 3436 676 3492; x_wconf 88' lang='lat' dir='ltr'><strong>dam</strong></span> <span class='ocrx_word' id='word_1_261' title='bbox 710 3437 776 3490; x_wconf 90' lang='lat' dir='ltr'><strong>de</strong></span> <span class='ocrx_word' id='word_1_262' title='bbox 804 3440 988 3489; x_wconf 88' lang='lat' dir='ltr'><strong>monte</strong></span> <span class='ocrx_word' id='word_1_263' title='bbox 1025 3428 1286 3500; x_wconf 84' lang='lat' dir='ltr'><strong>Migliario</strong></span> <span class='ocrx_word' id='word_1_264' title='bbox 1318 3427 1431 3498; x_wconf 93' lang='lat' dir='ltr'><strong>(qui</strong></span> <span class='ocrx_word' id='word_1_265' title='bbox 1469 3425 1686 3497; x_wconf 88' lang='lat' dir='ltr'><strong>quidem</strong></span> <span class='ocrx_word' id='word_1_266' title='bbox 1720 3439 1877 3479; x_wconf 85' lang='lat' dir='ltr'><strong>mons</strong></span> <span class='ocrx_word' id='word_1_267' title='bbox 1914 3421 2121 3495; x_wconf 66' lang='lat' dir='ltr'><strong>Migliao</strong></span> 
     </span>
    </p>
   </div>
   <div class='ocr_carea' id='block_1_39' title="bbox 547 3512 2122 3585">
    <p class='ocr_par' dir='ltr' id='par_1_39' title="bbox 547 3512 2122 3585">
     <span class='ocr_line' id='line_1_39' title="bbox 547 3512 2122 3585; baseline -0.009 -5"><span class='ocrx_word' id='word_1_268' title='bbox 547 3528 663 3581; x_wconf 90' lang='lat' dir='ltr'><strong>rius</strong></span> <span class='ocrx_word' id='word_1_269' title='bbox 685 3525 753 3580; x_wconf 89' lang='lat' dir='ltr'><strong>ab</strong></span> <span class='ocrx_word' id='word_1_270' title='bbox 779 3524 881 3579; x_wconf 88' lang='lat' dir='ltr'><strong>isto</strong></span> <span class='ocrx_word' id='word_1_271' title='bbox 908 3521 967 3577; x_wconf 88' lang='lat' dir='ltr'><strong>S.</strong></span> <span class='ocrx_word' id='word_1_272' title='bbox 1011 3518 1192 3574; x_wconf 76' lang='lat' dir='ltr'><strong>Maria:</strong></span> <span class='ocrx_word' id='word_1_273' title='bbox 1225 3516 1554 3572; x_wconf 89' lang='lat' dir='ltr'><strong>monasterio</strong></span> <span class='ocrx_word' id='word_1_274' title='bbox 1582 3530 1680 3585; x_wconf 91' lang='lat' dir='ltr'><strong>per</strong></span> <span class='ocrx_word' id='word_1_275' title='bbox 1701 3523 1932 3585; x_wconf 89' lang='lat' dir='ltr'><strong>quatuor</strong></span> <span class='ocrx_word' id='word_1_276' title='bbox 1955 3512 2122 3567; x_wconf 90' lang='lat' dir='ltr'><strong>millia</strong></span> 
     </span>
    </p>
   </div>
   <div class='ocr_carea' id='block_1_40' title="bbox 547 3602 2125 3685">
    <p class='ocr_par' dir='ltr' id='par_1_40' title="bbox 547 3602 2125 3685">
     <span class='ocr_line' id='line_1_40' title="bbox 547 3602 2125 3685; baseline -0.008 -17"><span class='ocrx_word' id='word_1_277' title='bbox 547 3627 806 3685; x_wconf 79' lang='lat' dir='ltr'><strong>passuum</strong></span> <span class='ocrx_word' id='word_1_278' title='bbox 839 3611 1006 3667; x_wconf 87' lang='lat' dir='ltr'><strong>ferme</strong></span> <span class='ocrx_word' id='word_1_279' title='bbox 1036 3604 1676 3663; x_wconf 86' lang='lat' dir='ltr'><strong>abestinterorientalem</strong></span> <span class='ocrx_word' id='word_1_280' title='bbox 1700 3612 1758 3658; x_wconf 90' lang='lat' dir='ltr'><strong>et</strong></span> <span class='ocrx_word' id='word_1_281' title='bbox 1782 3602 2125 3673; x_wconf 77' lang='lat' dir='ltr'><strong>septemtrio-</strong></span> 
     </span>
    </p>
   </div>
   <div class='ocr_carea' id='block_1_41' title="bbox 546 3691 2124 3771">
    <p class='ocr_par' dir='ltr' id='par_1_41' title="bbox 546 3691 2124 3771">
     <span class='ocr_line' id='line_1_41' title="bbox 546 3691 2124 3771; baseline -0.01 -11"><span class='ocrx_word' id='word_1_282' title='bbox 546 3706 722 3761; x_wconf 89' lang='lat' dir='ltr'><strong>nalem</strong></span> <span class='ocrx_word' id='word_1_283' title='bbox 751 3698 986 3771; x_wconf 86' lang='lat' dir='ltr'><strong>plagam)</strong></span> <span class='ocrx_word' id='word_1_284' title='bbox 1002 3712 1135 3761; x_wconf 85' lang='lat' dir='ltr'><strong>cum</strong></span> <span class='ocrx_word' id='word_1_285' title='bbox 1159 3710 1358 3767; x_wconf 86' lang='lat' dir='ltr'><strong>pascua</strong></span> <span class='ocrx_word' id='word_1_286' title='bbox 1381 3692 1541 3762; x_wconf 89' lang='lat' dir='ltr'><strong>hujus</strong></span> <span class='ocrx_word' id='word_1_287' title='bbox 1561 3692 1620 3748; x_wconf 87' lang='lat' dir='ltr'><strong>S.</strong></span> <span class='ocrx_word' id='word_1_288' title='bbox 1648 3691 1832 3747; x_wconf 84' lang='lat' dir='ltr'><strong>Mariae</strong></span> <span class='ocrx_word' id='word_1_289' title='bbox 1855 3700 2124 3747; x_wconf 88' lang='lat' dir='ltr'><strong>monaste-</strong></span> 
     </span>
    </p>
   </div>
   <div class='ocr_carea' id='block_1_42' title="bbox 546 3782 2123 3858">
    <p class='ocr_par' dir='ltr' id='par_1_42' title="bbox 546 3782 2123 3858">
     <span class='ocr_line' id='line_1_42' title="bbox 546 3782 2123 3858; baseline -0.01 -7"><span class='ocrx_word' id='word_1_290' title='bbox 546 3796 698 3851; x_wconf 73' lang='lat' dir='ltr'><strong>rii&#39;ei</strong></span> <span class='ocrx_word' id='word_1_291' title='bbox 731 3792 959 3848; x_wconf 80' lang='lat' dir='ltr'><strong>finitima</strong></span> <span class='ocrx_word' id='word_1_292' title='bbox 1011 3788 1124 3845; x_wconf 88' lang='lat' dir='ltr'><strong>suis</strong></span> <span class='ocrx_word' id='word_1_293' title='bbox 1172 3802 1296 3843; x_wconf 91' lang='lat' dir='ltr'><strong>cum</strong></span> <span class='ocrx_word' id='word_1_294' title='bbox 1326 3785 1628 3858; x_wconf 74' lang='lat' dir='ltr'><strong>pecoribus</strong></span> <span class='ocrx_word' id='word_1_295' title='bbox 1671 3782 1973 3848; x_wconf 89' lang='lat' dir='ltr'><strong>annuatim,</strong></span> <span class='ocrx_word' id='word_1_296' title='bbox 2021 3797 2123 3835; x_wconf 86' lang='lat' dir='ltr'><strong>nec</strong></span> 
     </span>
    </p>
   </div>
   <div class='ocr_carea' id='block_1_43' title="bbox 544 3876 2119 3950">
    <p class='ocr_par' dir='ltr' id='par_1_43' title="bbox 544 3876 2119 3950">
     <span class='ocr_line' id='line_1_43' title="bbox 544 3876 2119 3950; baseline -0.008 -8"><span class='ocrx_word' id='word_1_297' title='bbox 544 3887 728 3945; x_wconf 86' lang='lat' dir='ltr'><strong>verbis</strong></span> <span class='ocrx_word' id='word_1_298' title='bbox 761 3899 862 3940; x_wconf 91' lang='lat' dir='ltr'><strong>nec</strong></span> <span class='ocrx_word' id='word_1_299' title='bbox 893 3883 1056 3938; x_wconf 87' lang='lat' dir='ltr'><strong>minis</strong></span> <span class='ocrx_word' id='word_1_300' title='bbox 1098 3880 1337 3946; x_wconf 90' lang='lat' dir='ltr'><strong>territus,</strong></span> <span class='ocrx_word' id='word_1_301' title='bbox 1396 3888 1579 3950; x_wconf 90' lang='lat' dir='ltr'><strong>utpote</strong></span> <span class='ocrx_word' id='word_1_302' title='bbox 1625 3876 1797 3944; x_wconf 81' lang='lat' dir='ltr'><strong>ferox,</strong></span> <span class='ocrx_word' id='word_1_303' title='bbox 1851 3884 2119 3947; x_wconf 90' lang='lat' dir='ltr'><strong>pasceret,</strong></span> 
     </span>
    </p>
   </div>
   <div class='ocr_carea' id='block_1_44' title="bbox 547 3965 2122 4044">
    <p class='ocr_par' dir='ltr' id='par_1_44' title="bbox 547 3965 2122 4044">
     <span class='ocr_line' id='line_1_44' title="bbox 547 3965 2122 4044; baseline -0.011 -8"><span class='ocrx_word' id='word_1_304' title='bbox 547 3988 676 4037; x_wconf 87' lang='lat' dir='ltr'><strong>nutu</strong></span> <span class='ocrx_word' id='word_1_305' title='bbox 704 3977 887 4033; x_wconf 90' lang='lat' dir='ltr'><strong>divino</strong></span> <span class='ocrx_word' id='word_1_306' title='bbox 912 3976 1000 4030; x_wconf 87' lang='lat' dir='ltr'><strong>die</strong></span> <span class='ocrx_word' id='word_1_307' title='bbox 1031 3973 1286 4044; x_wconf 87' lang='lat' dir='ltr'><strong>quadam,</strong></span> <span class='ocrx_word' id='word_1_308' title='bbox 1318 3986 1438 4026; x_wconf 90' lang='lat' dir='ltr'><strong>cum</strong></span> <span class='ocrx_word' id='word_1_309' title='bbox 1465 3984 1594 4026; x_wconf 90' lang='lat' dir='ltr'><strong>oves</strong></span> <span class='ocrx_word' id='word_1_310' title='bbox 1620 3978 1838 4024; x_wconf 90' lang='lat' dir='ltr'><strong>coactas</strong></span> <span class='ocrx_word' id='word_1_311' title='bbox 1868 3966 1968 4022; x_wconf 90' lang='lat' dir='ltr'><strong>sub</strong></span> <span class='ocrx_word' id='word_1_312' title='bbox 2000 3965 2122 4036; x_wconf 82' lang='lat' dir='ltr'><strong>fago</strong></span> 
     </span>
    </p>
   </div>
   <div class='ocr_carea' id='block_1_45' title="bbox 543 4059 2118 4142">
    <p class='ocr_par' dir='ltr' id='par_1_45' title="bbox 543 4059 2118 4142">
     <span class='ocr_line' id='line_1_45' title="bbox 543 4059 2118 4142; baseline -0.009 -17"><span class='ocrx_word' id='word_1_313' title='bbox 543 4072 775 4142; x_wconf 88' lang='lat' dir='ltr'><strong>quadam</strong></span> <span class='ocrx_word' id='word_1_314' title='bbox 805 4068 910 4122; x_wconf 87' lang='lat' dir='ltr'><strong>lata</strong></span> <span class='ocrx_word' id='word_1_315' title='bbox 940 4075 995 4123; x_wconf 90' lang='lat' dir='ltr'><strong>et</strong></span> <span class='ocrx_word' id='word_1_316' title='bbox 1017 4066 1273 4120; x_wconf 87' lang='lat' dir='ltr'><strong>umbrosa</strong></span> <span class='ocrx_word' id='word_1_317' title='bbox 1300 4063 1367 4117; x_wconf 88' lang='lat' dir='ltr'><strong>ad</strong></span> <span class='ocrx_word' id='word_1_318' title='bbox 1399 4071 1560 4117; x_wconf 68' lang='lat' dir='ltr'><strong>tostus</strong></span> <span class='ocrx_word' id='word_1_319' title='bbox 1586 4060 1783 4117; x_wconf 86' lang='lat' dir='ltr'><strong>caloris</strong></span> <span class='ocrx_word' id='word_1_320' title='bbox 1813 4059 2118 4122; x_wconf 75' lang='lat' dir='ltr'><strong>evitantlos,</strong></span> 
     </span>
    </p>
   </div>
   <div class='ocr_carea' id='block_1_46' title="bbox 543 4153 2116 4234">
    <p class='ocr_par' dir='ltr' id='par_1_46' title="bbox 543 4153 2116 4234">
     <span class='ocr_line' id='line_1_46' title="bbox 543 4153 2116 4234; baseline -0.011 -15"><span class='ocrx_word' id='word_1_321' title='bbox 543 4172 605 4219; x_wconf 89' lang='lat' dir='ltr'><strong>ut</strong></span> <span class='ocrx_word' id='word_1_322' title='bbox 631 4161 939 4234; x_wconf 84' lang='lat' dir='ltr'><strong>pastoribus</strong></span> <span class='ocrx_word' id='word_1_323' title='bbox 956 4156 1145 4214; x_wconf 86' lang='lat' dir='ltr'><strong>aestivo</strong></span> <span class='ocrx_word' id='word_1_324' title='bbox 1168 4164 1415 4229; x_wconf 26' lang='lat' dir='ltr'><strong>tempore.</strong></span> <span class='ocrx_word' id='word_1_325' title='bbox 1436 4169 1554 4210; x_wconf 86' lang='lat' dir='ltr'><strong>mos</strong></span> <span class='ocrx_word' id='word_1_326' title='bbox 1582 4162 1685 4218; x_wconf 89' lang='lat' dir='ltr'><strong>est,</strong></span> <span class='ocrx_word' id='word_1_327' title='bbox 1718 4153 1961 4216; x_wconf 88' lang='lat' dir='ltr'><strong>haberet,</strong></span> <span class='ocrx_word' id='word_1_328' title='bbox 1988 4160 2116 4206; x_wconf 90' lang='lat' dir='ltr'><strong>tem-</strong></span> 
     </span>
    </p>
   </div>
   <div class='ocr_carea' id='block_1_47' title="bbox 542 4242 2118 4325">
    <p class='ocr_par' dir='ltr' id='par_1_47' title="bbox 542 4242 2118 4325">
     <span class='ocr_line' id='line_1_47' title="bbox 542 4242 2118 4325; baseline -0.008 -17"><span class='ocrx_word' id='word_1_329' title='bbox 542 4262 751 4325; x_wconf 89' lang='lat' dir='ltr'><strong>pestate</strong></span> <span class='ocrx_word' id='word_1_330' title='bbox 773 4260 828 4307; x_wconf 89' lang='lat' dir='ltr'><strong>et</strong></span> <span class='ocrx_word' id='word_1_331' title='bbox 851 4251 902 4305; x_wconf 88' lang='lat' dir='ltr'><strong>vi</strong></span> <span class='ocrx_word' id='word_1_332' title='bbox 928 4258 1210 4303; x_wconf 85' lang='lat' dir='ltr'><strong>ventorum</strong></span> <span class='ocrx_word' id='word_1_333' title='bbox 1252 4246 1458 4317; x_wconf 87' lang='lat' dir='ltr'><strong>ingenti</strong></span> <span class='ocrx_word' id='word_1_334' title='bbox 1504 4260 1626 4301; x_wconf 91' lang='lat' dir='ltr'><strong>cum</strong></span> <span class='ocrx_word' id='word_1_335' title='bbox 1671 4244 1910 4301; x_wconf 90' lang='lat' dir='ltr'><strong>tonitruo</strong></span> <span class='ocrx_word' id='word_1_336' title='bbox 1936 4242 2118 4298; x_wconf 88' lang='lat' dir='ltr'><strong>subito</strong></span> 
     </span>
    </p>
   </div>
   <div class='ocr_carea' id='block_1_48' title="bbox 2253 420 3831 492">
    <p class='ocr_par' dir='ltr' id='par_1_48' title="bbox 2253 420 3831 492">
     <span class='ocr_line' id='line_1_48' title="bbox 2253 420 3831 492; baseline 0.001 -14"><span class='ocrx_word' id='word_1_337' title='bbox 2253 423 2427 478; x_wconf 88' lang='lat' dir='ltr'><strong>hausi.</strong></span> <span class='ocrx_word' id='word_1_338' title='bbox 2475 422 2688 478; x_wconf 82' lang='lat' dir='ltr'><strong>Sensim</strong></span> <span class='ocrx_word' id='word_1_339' title='bbox 2738 434 2948 488; x_wconf 86' lang='lat' dir='ltr'><strong>omnes,</strong></span> <span class='ocrx_word' id='word_1_340' title='bbox 3002 420 3080 475; x_wconf 90' lang='lat' dir='ltr'><strong>uti</strong></span> <span class='ocrx_word' id='word_1_341' title='bbox 3126 423 3317 476; x_wconf 91' lang='lat' dir='ltr'><strong>morbo</strong></span> <span class='ocrx_word' id='word_1_342' title='bbox 3357 422 3670 492; x_wconf 85' lang='lat' dir='ltr'><strong>contagioso</strong></span> <span class='ocrx_word' id='word_1_343' title='bbox 3710 423 3831 479; x_wconf 77' lang='lat' dir='ltr'><strong>fieri</strong></span> 
     </span>
    </p>
   </div>
   <div class='ocr_carea' id='block_1_49' title="bbox 2247 508 3835 583">
    <p class='ocr_par' dir='ltr' id='par_1_49' title="bbox 2247 508 3835 583">
     <span class='ocr_line' id='line_1_49' title="bbox 2247 508 3835 583; baseline 0.001 -16"><span class='ocrx_word' id='word_1_344' title='bbox 2247 511 2403 578; x_wconf 90' lang='lat' dir='ltr'><strong>solet,</strong></span> <span class='ocrx_word' id='word_1_345' title='bbox 2434 520 2488 567; x_wconf 93' lang='lat' dir='ltr'><strong>et</strong></span> <span class='ocrx_word' id='word_1_346' title='bbox 2515 511 2803 580; x_wconf 90' lang='lat' dir='ltr'><strong>sulphureo</strong></span> <span class='ocrx_word' id='word_1_347' title='bbox 2831 508 3024 565; x_wconf 63' lang='lat' dir='ltr'><strong>fetore</strong></span> <span class='ocrx_word' id='word_1_348' title='bbox 3057 519 3113 565; x_wconf 89' lang='lat' dir='ltr'><strong>et</strong></span> <span class='ocrx_word' id='word_1_349' title='bbox 3140 510 3377 566; x_wconf 80' lang='lat' dir='ltr'><strong>tonitrua</strong></span> <span class='ocrx_word' id='word_1_350' title='bbox 3406 511 3610 582; x_wconf 89' lang='lat' dir='ltr'><strong>ingenti</strong></span> <span class='ocrx_word' id='word_1_351' title='bbox 3642 520 3835 583; x_wconf 83' lang='lat' dir='ltr'><strong>utpote</strong></span> 
     </span>
    </p>
   </div>
   <div class='ocr_carea' id='block_1_50' title="bbox 2246 603 3831 679">
    <p class='ocr_par' dir='ltr' id='par_1_50' title="bbox 2246 603 3831 679">
     <span class='ocr_line' id='line_1_50' title="bbox 2246 603 3831 679; baseline 0.003 -22"><span class='ocrx_word' id='word_1_352' title='bbox 2246 603 2488 659; x_wconf 66' lang='lat' dir='ltr'><strong>attonitae</strong></span> <span class='ocrx_word' id='word_1_353' title='bbox 2503 615 2558 659; x_wconf 91' lang='lat' dir='ltr'><strong>et</strong></span> <span class='ocrx_word' id='word_1_354' title='bbox 2576 604 2834 675; x_wconf 84' lang='lat' dir='ltr'><strong>perculsae</strong></span> <span class='ocrx_word' id='word_1_355' title='bbox 2848 604 3122 675; x_wconf 79' lang='lat' dir='ltr'><strong>exstingui</strong></span> <span class='ocrx_word' id='word_1_356' title='bbox 3143 604 3468 679; x_wconf 60' lang='lat' dir='ltr'><strong>[ceperunt]</strong></span> <span class='ocrx_word' id='word_1_357' title='bbox 3487 623 3501 660; x_wconf 91' lang='lat'><strong>:</strong></span> <span class='ocrx_word' id='word_1_358' title='bbox 3527 604 3659 673; x_wconf 90' lang='lat' dir='ltr'><strong>imo,</strong></span> <span class='ocrx_word' id='word_1_359' title='bbox 3681 607 3831 676; x_wconf 85' lang='lat' dir='ltr'><strong>quod</strong></span> 
     </span>
    </p>
   </div>
   <div class='ocr_carea' id='block_1_51' title="bbox 2246 693 3832 767">
    <p class='ocr_par' dir='ltr' id='par_1_51' title="bbox 2246 693 3832 767">
     <span class='ocr_line' id='line_1_51' title="bbox 2246 693 3832 767; baseline 0.003 -19"><span class='ocrx_word' id='word_1_360' title='bbox 2246 693 2420 765; x_wconf 88' lang='lat' dir='ltr'><strong>majus</strong></span> <span class='ocrx_word' id='word_1_361' title='bbox 2450 703 2556 760; x_wconf 88' lang='lat' dir='ltr'><strong>est,</strong></span> <span class='ocrx_word' id='word_1_362' title='bbox 2601 708 2794 750; x_wconf 90' lang='lat' dir='ltr'><strong>carnes</strong></span> <span class='ocrx_word' id='word_1_363' title='bbox 2825 694 2947 749; x_wconf 91' lang='lat' dir='ltr'><strong>illas</strong></span> <span class='ocrx_word' id='word_1_364' title='bbox 2979 708 3044 750; x_wconf 90' lang='lat' dir='ltr'><strong>ut</strong></span> <span class='ocrx_word' id='word_1_365' title='bbox 3086 698 3353 767; x_wconf 88' lang='lat' dir='ltr'><strong>putridas,</strong></span> <span class='ocrx_word' id='word_1_366' title='bbox 3401 711 3505 752; x_wconf 84' lang='lat' dir='ltr'><strong>nec</strong></span> <span class='ocrx_word' id='word_1_367' title='bbox 3532 695 3625 751; x_wconf 84' lang='lat' dir='ltr'><strong>alii</strong></span> <span class='ocrx_word' id='word_1_368' title='bbox 3662 711 3832 752; x_wconf 82' lang='lat' dir='ltr'><strong>canes</strong></span> 
     </span>
    </p>
   </div>
   <div class='ocr_carea' id='block_1_52' title="bbox 2246 786 3828 861">
    <p class='ocr_par' dir='ltr' id='par_1_52' title="bbox 2246 786 3828 861">
     <span class='ocr_line' id='line_1_52' title="bbox 2246 786 3828 861; baseline 0.003 -22"><span class='ocrx_word' id='word_1_369' title='bbox 2246 800 2347 842; x_wconf 89' lang='lat' dir='ltr'><strong>nec</strong></span> <span class='ocrx_word' id='word_1_370' title='bbox 2397 786 2646 842; x_wconf 83' lang='lat' dir='ltr'><strong>volucres</strong></span> <span class='ocrx_word' id='word_1_371' title='bbox 2675 786 2840 842; x_wconf 88' lang='lat' dir='ltr'><strong>etiam</strong></span> <span class='ocrx_word' id='word_1_372' title='bbox 2872 787 3144 861; x_wconf 83' lang='lat' dir='ltr'><strong>attingere</strong></span> <span class='ocrx_word' id='word_1_373' title='bbox 3196 789 3519 855; x_wconf 89' lang='lat' dir='ltr'><strong>voluerunt;</strong></span> <span class='ocrx_word' id='word_1_374' title='bbox 3571 797 3629 844; x_wconf 94' lang='lat' dir='ltr'><strong>et</strong></span> <span class='ocrx_word' id='word_1_375' title='bbox 3670 790 3828 844; x_wconf 83' lang='lat' dir='ltr'><strong>coria</strong></span> 
     </span>
    </p>
   </div>
   <div class='ocr_carea' id='block_1_53' title="bbox 2245 880 3829 952">
    <p class='ocr_par' dir='ltr' id='par_1_53' title="bbox 2245 880 3829 952">
     <span class='ocr_line' id='line_1_53' title="bbox 2245 880 3829 952; baseline 0.002 -17"><span class='ocrx_word' id='word_1_376' title='bbox 2245 880 2464 951; x_wconf 89' lang='lat' dir='ltr'><strong>insuper</strong></span> <span class='ocrx_word' id='word_1_377' title='bbox 2488 895 2582 936; x_wconf 89' lang='lat' dir='ltr'><strong>seu</strong></span> <span class='ocrx_word' id='word_1_378' title='bbox 2613 881 2802 952; x_wconf 86' lang='lat' dir='ltr'><strong>pelles,</strong></span> <span class='ocrx_word' id='word_1_379' title='bbox 2837 882 2962 952; x_wconf 82' lang='lat' dir='ltr'><strong>quia</strong></span> <span class='ocrx_word' id='word_1_380' title='bbox 3004 897 3128 938; x_wconf 76' lang='lat' dir='ltr'><strong>mox</strong></span> <span class='ocrx_word' id='word_1_381' title='bbox 3176 883 3589 949; x_wconf 87' lang='lat' dir='ltr'><strong>scindebantur,</strong></span> <span class='ocrx_word' id='word_1_382' title='bbox 3622 883 3829 938; x_wconf 80' lang='lat' dir='ltr'><strong>nullius</strong></span> 
     </span>
    </p>
   </div>
   <div class='ocr_carea' id='block_1_54' title="bbox 2243 970 3824 1043">
    <p class='ocr_par' dir='ltr' id='par_1_54' title="bbox 2243 970 3824 1043">
     <span class='ocr_line' id='line_1_54' title="bbox 2243 970 3824 1043; baseline 0.004 -19"><span class='ocrx_word' id='word_1_383' title='bbox 2243 970 2400 1040; x_wconf 90' lang='lat' dir='ltr'><strong>pretii</strong></span> <span class='ocrx_word' id='word_1_384' title='bbox 2435 972 2709 1027; x_wconf 83' lang='lat' dir='ltr'><strong>exstitere.</strong></span> <span class='ocrx_word' id='word_1_385' title='bbox 2749 972 2994 1027; x_wconf 83' lang='lat' dir='ltr'><strong>Cadaver</strong></span> <span class='ocrx_word' id='word_1_386' title='bbox 3016 987 3147 1029; x_wconf 85' lang='lat' dir='ltr'><strong>vero</strong></span> <span class='ocrx_word' id='word_1_387' title='bbox 3188 973 3331 1029; x_wconf 91' lang='lat' dir='ltr'><strong>illius</strong></span> <span class='ocrx_word' id='word_1_388' title='bbox 3372 973 3558 1029; x_wconf 88' lang='lat' dir='ltr'><strong>miseri</strong></span> <span class='ocrx_word' id='word_1_389' title='bbox 3598 973 3824 1043; x_wconf 81' lang='lat' dir='ltr'><strong>pestife-</strong></span> 
     </span>
    </p>
   </div>
   <div class='ocr_carea' id='block_1_55' title="bbox 2243 1062 3827 1143">
    <p class='ocr_par' dir='ltr' id='par_1_55' title="bbox 2243 1062 3827 1143">
     <span class='ocr_line' id='line_1_55' title="bbox 2243 1062 3827 1143; baseline 0.003 -27"><span class='ocrx_word' id='word_1_390' title='bbox 2243 1062 2357 1118; x_wconf 90' lang='lat' dir='ltr'><strong>rivc</strong></span> <span class='ocrx_word' id='word_1_391' title='bbox 2383 1064 2619 1143; x_wconf 83' lang='lat' dir='ltr'><strong>pastoris</strong></span> <span class='ocrx_word' id='word_1_392' title='bbox 2650 1064 2903 1120; x_wconf 81' lang='lat' dir='ltr'><strong>maximis</strong></span> <span class='ocrx_word' id='word_1_393' title='bbox 2928 1065 3259 1122; x_wconf 89' lang='lat' dir='ltr'><strong>clamoribus</strong></span> <span class='ocrx_word' id='word_1_394' title='bbox 3299 1064 3619 1123; x_wconf 87' lang='lat' dir='ltr'><strong>femineisve</strong></span> <span class='ocrx_word' id='word_1_395' title='bbox 3645 1065 3827 1121; x_wconf 88' lang='lat' dir='ltr'><strong>ulula-</strong></span> 
     </span>
    </p>
   </div>
   <div class='ocr_carea' id='block_1_56' title="bbox 2243 1154 3822 1227">
    <p class='ocr_par' dir='ltr' id='par_1_56' title="bbox 2243 1154 3822 1227">
     <span class='ocr_line' id='line_1_56' title="bbox 2243 1154 3822 1227; baseline 0.002 -18"><span class='ocrx_word' id='word_1_396' title='bbox 2243 1154 2404 1217; x_wconf 89' lang='lat' dir='ltr'><strong>tibus,</strong></span> <span class='ocrx_word' id='word_1_397' title='bbox 2435 1155 2760 1210; x_wconf 90' lang='lat' dir='ltr'><strong>rusticorum</strong></span> <span class='ocrx_word' id='word_1_398' title='bbox 2787 1170 2957 1223; x_wconf 86' lang='lat' dir='ltr'><strong>more,</strong></span> <span class='ocrx_word' id='word_1_399' title='bbox 2990 1154 3176 1212; x_wconf 69' lang='lat' dir='ltr'><strong>affines</strong></span> <span class='ocrx_word' id='word_1_400' title='bbox 3214 1158 3504 1227; x_wconf 75' lang='lat' dir='ltr'><strong>sepulturae</strong></span> <span class='ocrx_word' id='word_1_401' title='bbox 3531 1158 3822 1213; x_wconf 88' lang='lat' dir='ltr'><strong>dederunt.</strong></span> 
     </span>
    </p>
   </div>
   <div class='ocr_carea' id='block_1_57' title="bbox 2308 1244 3822 1319">
    <p class='ocr_par' dir='ltr' id='par_1_57' title="bbox 2308 1244 3822 1319">
     <span class='ocr_line' id='line_1_57' title="bbox 2308 1244 3822 1319; baseline 0.001 -19"><span class='ocrx_word' id='word_1_402' title='bbox 2308 1244 2435 1302; x_wconf 81' lang='lat'><strong>258.</strong></span> <span class='ocrx_word' id='word_1_403' title='bbox 2465 1245 2603 1302; x_wconf 86' lang='lat' dir='ltr'><strong>Sunt</strong></span> <span class='ocrx_word' id='word_1_404' title='bbox 2630 1255 2684 1303; x_wconf 91' lang='lat' dir='ltr'><strong>et</strong></span> <span class='ocrx_word' id='word_1_405' title='bbox 2725 1246 2924 1303; x_wconf 70' lang='lat' dir='ltr'><strong>villulae</strong></span> <span class='ocrx_word' id='word_1_406' title='bbox 2946 1249 3191 1318; x_wconf 76' lang='lat' dir='ltr'><strong>quaedam</strong></span> <span class='ocrx_word' id='word_1_407' title='bbox 3242 1258 3300 1305; x_wconf 90' lang='lat' dir='ltr'><strong>et</strong></span> <span class='ocrx_word' id='word_1_408' title='bbox 3345 1250 3509 1305; x_wconf 85' lang='lat' dir='ltr'><strong>etiam</strong></span> <span class='ocrx_word' id='word_1_409' title='bbox 3563 1249 3822 1319; x_wconf 87' lang='lat' dir='ltr'><strong>oppidnla</strong></span> 
     </span>
    </p>
   </div>
   <div class='ocr_carea' id='block_1_58' title="bbox 2239 1336 3825 1410">
    <p class='ocr_par' dir='ltr' id='par_1_58' title="bbox 2239 1336 3825 1410">
     <span class='ocr_line' id='line_1_58' title="bbox 2239 1336 3825 1410; baseline 0.004 -22"><span class='ocrx_word' id='word_1_410' title='bbox 2239 1349 2344 1389; x_wconf 89' lang='lat' dir='ltr'><strong>non</strong></span> <span class='ocrx_word' id='word_1_411' title='bbox 2385 1336 2610 1390; x_wconf 92' lang='lat' dir='ltr'><strong>multum</strong></span> <span class='ocrx_word' id='word_1_412' title='bbox 2659 1336 2916 1392; x_wconf 89' lang='lat' dir='ltr'><strong>distantia</strong></span> <span class='ocrx_word' id='word_1_413' title='bbox 2964 1337 3034 1393; x_wconf 88' lang='lat' dir='ltr'><strong>ab</strong></span> <span class='ocrx_word' id='word_1_414' title='bbox 3067 1340 3380 1395; x_wconf 81' lang='lat' dir='ltr'><strong>monasterii</strong></span> <span class='ocrx_word' id='word_1_415' title='bbox 3428 1340 3653 1409; x_wconf 86' lang='lat' dir='ltr'><strong>Alpibus</strong></span> <span class='ocrx_word' id='word_1_416' title='bbox 3696 1355 3825 1410; x_wconf 68' lang='lat' dir='ltr'><strong>quae</strong></span> 
     </span>
    </p>
   </div>
   <div class='ocr_carea' id='block_1_59' title="bbox 2216 1425 3831 1501">
    <p class='ocr_par' dir='ltr' id='par_1_59' title="bbox 2216 1425 3831 1501">
     <span class='ocr_line' id='line_1_59' title="bbox 2216 1425 3831 1501; baseline 0.004 -23"><span class='ocrx_word' id='word_1_417' title='bbox 2216 1425 2453 1494; x_wconf 25' lang='lat' dir='ltr'><strong>[quidem</strong></span> <span class='ocrx_word' id='word_1_418' title='bbox 2503 1425 2783 1481; x_wconf 88' lang='lat' dir='ltr'><strong>meridiem</strong></span> <span class='ocrx_word' id='word_1_419' title='bbox 2835 1437 3114 1497; x_wconf 83' lang='lat' dir='ltr'><strong>spectant;</strong></span> <span class='ocrx_word' id='word_1_420' title='bbox 3147 1430 3200 1484; x_wconf 93' lang='lat' dir='ltr'><strong>in</strong></span> <span class='ocrx_word' id='word_1_421' title='bbox 3249 1429 3446 1501; x_wconf 88' lang='lat' dir='ltr'><strong>quibus</strong></span> <span class='ocrx_word' id='word_1_422' title='bbox 3495 1429 3647 1484; x_wconf 88' lang='lat' dir='ltr'><strong>fuere</strong></span> <span class='ocrx_word' id='word_1_423' title='bbox 3678 1444 3831 1485; x_wconf 63' lang='lat' dir='ltr'><strong>non-</strong></span> 
     </span>
    </p>
   </div>
   <div class='ocr_carea' id='block_1_60' title="bbox 2241 1516 3818 1591">
    <p class='ocr_par' dir='ltr' id='par_1_60' title="bbox 2241 1516 3818 1591">
     <span class='ocr_line' id='line_1_60' title="bbox 2241 1516 3818 1591; baseline 0.005 -20"><span class='ocrx_word' id='word_1_424' title='bbox 2241 1516 2398 1583; x_wconf 87' lang='lat' dir='ltr'><strong>nulli,</strong></span> <span class='ocrx_word' id='word_1_425' title='bbox 2428 1516 2518 1587; x_wconf 90' lang='lat' dir='ltr'><strong>qui</strong></span> <span class='ocrx_word' id='word_1_426' title='bbox 2543 1517 2685 1572; x_wconf 89' lang='lat' dir='ltr'><strong>soliti</strong></span> <span class='ocrx_word' id='word_1_427' title='bbox 2715 1527 2876 1573; x_wconf 90' lang='lat' dir='ltr'><strong>erant</strong></span> <span class='ocrx_word' id='word_1_428' title='bbox 2912 1519 3140 1589; x_wconf 83' lang='lat' dir='ltr'><strong>hujusce</strong></span> <span class='ocrx_word' id='word_1_429' title='bbox 3170 1532 3369 1577; x_wconf 71' lang='lat' dir='ltr'><strong>nostra:</strong></span> <span class='ocrx_word' id='word_1_430' title='bbox 3395 1518 3546 1591; x_wconf 84' lang='lat' dir='ltr'><strong>Alpis</strong></span> <span class='ocrx_word' id='word_1_431' title='bbox 3565 1524 3818 1590; x_wconf 88' lang='lat' dir='ltr'><strong>arbores,</strong></span> 
     </span>
    </p>
   </div>
   <div class='ocr_carea' id='block_1_61' title="bbox 2239 1613 3823 1684">
    <p class='ocr_par' dir='ltr' id='par_1_61' title="bbox 2239 1613 3823 1684">
     <span class='ocr_line' id='line_1_61' title="bbox 2239 1613 3823 1684; baseline 0.003 -20"><span class='ocrx_word' id='word_1_432' title='bbox 2239 1623 2360 1664; x_wconf 90' lang='lat' dir='ltr'><strong>cum</strong></span> <span class='ocrx_word' id='word_1_433' title='bbox 2383 1623 2618 1679; x_wconf 87' lang='lat' dir='ltr'><strong>quercus</strong></span> <span class='ocrx_word' id='word_1_434' title='bbox 2645 1617 2758 1664; x_wconf 89' lang='lat' dir='ltr'><strong>tum</strong></span> <span class='ocrx_word' id='word_1_435' title='bbox 2790 1625 2978 1668; x_wconf 88' lang='lat' dir='ltr'><strong>aceres</strong></span> <span class='ocrx_word' id='word_1_436' title='bbox 3002 1627 3407 1684; x_wconf 85' lang='lat' dir='ltr'><strong>nonnumquam</strong></span> <span class='ocrx_word' id='word_1_437' title='bbox 3445 1622 3501 1669; x_wconf 89' lang='lat' dir='ltr'><strong>et</strong></span> <span class='ocrx_word' id='word_1_438' title='bbox 3523 1613 3823 1684; x_wconf 81' lang='lat' dir='ltr'><strong>pomiferas</strong></span> 
     </span>
    </p>
   </div>
   <div class='ocr_carea' id='block_1_62' title="bbox 2170 1671 3824 1776">
    <p class='ocr_par' dir='ltr' id='par_1_62' title="bbox 2170 1671 3824 1776">
     <span class='ocr_line' id='line_1_62' title="bbox 2170 1671 3824 1776; baseline 0.004 -23"><span class='ocrx_word' id='word_1_439' title='bbox 2170 1671 2212 1731; x_wconf 71' lang='grc' dir='ltr'><strong>Β</strong></span> <span class='ocrx_word' id='word_1_440' title='bbox 2241 1699 2488 1767; x_wconf 86' lang='lat' dir='ltr'><strong>arbores,</strong></span> <span class='ocrx_word' id='word_1_441' title='bbox 2529 1709 2589 1755; x_wconf 90' lang='lat' dir='ltr'><strong>ut</strong></span> <span class='ocrx_word' id='word_1_442' title='bbox 2631 1709 2939 1768; x_wconf 89' lang='lat' dir='ltr'><strong>castaneas,</strong></span> <span class='ocrx_word' id='word_1_443' title='bbox 2971 1712 3029 1758; x_wconf 93' lang='lat' dir='ltr'><strong>ut</strong></span> <span class='ocrx_word' id='word_1_444' title='bbox 3059 1702 3209 1776; x_wconf 88' lang='lat' dir='ltr'><strong>fagos</strong></span> <span class='ocrx_word' id='word_1_445' title='bbox 3243 1671 3361 1760; x_wconf 76' lang='lat' dir='ltr'><strong>sine</strong></span> <span class='ocrx_word' id='word_1_446' title='bbox 3387 1671 3546 1760; x_wconf 77' lang='lat' dir='ltr'><strong>modo</strong></span> <span class='ocrx_word' id='word_1_447' title='bbox 3575 1714 3628 1760; x_wconf 91' lang='lat' dir='ltr'><strong>et</strong></span> <span class='ocrx_word' id='word_1_448' title='bbox 3663 1720 3824 1759; x_wconf 64' lang='lat' dir='ltr'><strong>meno</strong></span> 
     </span>
    </p>
   </div>
   <div class='ocr_carea' id='block_1_63' title="bbox 2239 1789 3820 1865">
    <p class='ocr_par' dir='ltr' id='par_1_63' title="bbox 2239 1789 3820 1865">
     <span class='ocr_line' id='line_1_63' title="bbox 2239 1789 3820 1865; baseline 0.004 -21"><span class='ocrx_word' id='word_1_449' title='bbox 2239 1803 2388 1858; x_wconf 86' lang='lat' dir='ltr'><strong>sura,</strong></span> <span class='ocrx_word' id='word_1_450' title='bbox 2420 1789 2565 1846; x_wconf 88' lang='lat' dir='ltr'><strong>nulla</strong></span> <span class='ocrx_word' id='word_1_451' title='bbox 2589 1790 2773 1847; x_wconf 89' lang='lat' dir='ltr'><strong>habita</strong></span> <span class='ocrx_word' id='word_1_452' title='bbox 2801 1806 2965 1862; x_wconf 89' lang='lat' dir='ltr'><strong>super</strong></span> <span class='ocrx_word' id='word_1_453' title='bbox 2992 1793 3097 1850; x_wconf 86' lang='lat' dir='ltr'><strong>hoc</strong></span> <span class='ocrx_word' id='word_1_454' title='bbox 3136 1794 3513 1865; x_wconf 88' lang='lat' dir='ltr'><strong>permissione,</strong></span> <span class='ocrx_word' id='word_1_455' title='bbox 3541 1794 3820 1861; x_wconf 87' lang='lat' dir='ltr'><strong>incidere;</strong></span> 
     </span>
    </p>
   </div>
   <div class='ocr_carea' id='block_1_64' title="bbox 2239 1880 3825 1961">
    <p class='ocr_par' dir='ltr' id='par_1_64' title="bbox 2239 1880 3825 1961">
     <span class='ocr_line' id='line_1_64' title="bbox 2239 1880 3825 1961; baseline 0.004 -26"><span class='ocrx_word' id='word_1_456' title='bbox 2239 1881 2415 1938; x_wconf 89' lang='lat' dir='ltr'><strong>minas</strong></span> <span class='ocrx_word' id='word_1_457' title='bbox 2432 1880 3105 1961; x_wconf 84' lang='lat' dir='ltr'><strong>insuperetaccusationes</strong></span> <span class='ocrx_word' id='word_1_458' title='bbox 3118 1884 3263 1957; x_wconf 85' lang='lat' dir='ltr'><strong>(quia</strong></span> <span class='ocrx_word' id='word_1_459' title='bbox 3289 1894 3472 1942; x_wconf 86' lang='lat' dir='ltr'><strong>nostra</strong></span> <span class='ocrx_word' id='word_1_460' title='bbox 3496 1894 3825 1957; x_wconf 82' lang='lat' dir='ltr'><strong>tempestate</strong></span> 
     </span>
    </p>
   </div>
   <div class='ocr_carea' id='block_1_65' title="bbox 2237 1970 3821 2046">
    <p class='ocr_par' dir='ltr' id='par_1_65' title="bbox 2237 1970 3821 2046">
     <span class='ocr_line' id='line_1_65' title="bbox 2237 1970 3821 2046; baseline 0.001 -19"><span class='ocrx_word' id='word_1_461' title='bbox 2237 1970 2532 2028; x_wconf 76' lang='lat' dir='ltr'><strong>Rectorum</strong></span> <span class='ocrx_word' id='word_1_462' title='bbox 2564 1970 2799 2028; x_wconf 81' lang='lat' dir='ltr'><strong>maxima</strong></span> <span class='ocrx_word' id='word_1_463' title='bbox 2843 1988 2972 2045; x_wconf 89' lang='lat' dir='ltr'><strong>pars</strong></span> <span class='ocrx_word' id='word_1_464' title='bbox 3023 1975 3339 2031; x_wconf 90' lang='lat' dir='ltr'><strong>muneribus</strong></span> <span class='ocrx_word' id='word_1_465' title='bbox 3372 1979 3821 2046; x_wconf 88' lang='lat' dir='ltr'><strong>corrumpuntur)</strong></span> 
     </span>
    </p>
   </div>
   <div class='ocr_carea' id='block_1_66' title="bbox 2234 2061 3820 2138">
    <p class='ocr_par' dir='ltr' id='par_1_66' title="bbox 2234 2061 3820 2138">
     <span class='ocr_line' id='line_1_66' title="bbox 2234 2061 3820 2138; baseline 0.001 -21"><span class='ocrx_word' id='word_1_466' title='bbox 2234 2062 2386 2132; x_wconf 89' lang='lat' dir='ltr'><strong>parvi</strong></span> <span class='ocrx_word' id='word_1_467' title='bbox 2418 2061 2624 2119; x_wconf 86' lang='lat' dir='ltr'><strong>facere.</strong></span> <span class='ocrx_word' id='word_1_468' title='bbox 2671 2061 2855 2119; x_wconf 83' lang='lat' dir='ltr'><strong>Nostri</strong></span> <span class='ocrx_word' id='word_1_469' title='bbox 2904 2064 3091 2134; x_wconf 85' lang='lat' dir='ltr'><strong>igitur,</strong></span> <span class='ocrx_word' id='word_1_470' title='bbox 3136 2066 3262 2137; x_wconf 91' lang='lat' dir='ltr'><strong>quia</strong></span> <span class='ocrx_word' id='word_1_471' title='bbox 3299 2065 3392 2137; x_wconf 86' lang='lat' dir='ltr'><strong>jus</strong></span> <span class='ocrx_word' id='word_1_472' title='bbox 3439 2074 3602 2138; x_wconf 78' lang='lat' dir='ltr'><strong>negat</strong></span> <span class='ocrx_word' id='word_1_473' title='bbox 3623 2066 3733 2120; x_wconf 85' lang='lat' dir='ltr'><strong>vim</strong></span> <span class='ocrx_word' id='word_1_474' title='bbox 3764 2068 3820 2119; x_wconf 84' lang='lat' dir='ltr'><strong>vi</strong></span> 
     </span>
    </p>
   </div>
   <div class='ocr_carea' id='block_1_67' title="bbox 2236 2152 3823 2226">
    <p class='ocr_par' dir='ltr' id='par_1_67' title="bbox 2236 2152 3823 2226">
     <span class='ocr_line' id='line_1_67' title="bbox 2236 2152 3823 2226; baseline 0.003 -19"><span class='ocrx_word' id='word_1_475' title='bbox 2236 2153 2523 2223; x_wconf 90' lang='lat' dir='ltr'><strong>repellere,</strong></span> <span class='ocrx_word' id='word_1_476' title='bbox 2555 2153 2623 2208; x_wconf 90' lang='lat' dir='ltr'><strong>ad</strong></span> <span class='ocrx_word' id='word_1_477' title='bbox 2659 2152 2816 2208; x_wconf 89' lang='lat' dir='ltr'><strong>solita</strong></span> <span class='ocrx_word' id='word_1_478' title='bbox 2859 2152 3154 2211; x_wconf 84' lang='lat' dir='ltr'><strong>decurrere</strong></span> <span class='ocrx_word' id='word_1_479' title='bbox 3179 2171 3354 2222; x_wconf 88' lang='lat' dir='ltr'><strong>arma,</strong></span> <span class='ocrx_word' id='word_1_480' title='bbox 3402 2156 3469 2212; x_wconf 90' lang='lat' dir='ltr'><strong>ad</strong></span> <span class='ocrx_word' id='word_1_481' title='bbox 3518 2170 3710 2226; x_wconf 88' lang='lat' dir='ltr'><strong>preces</strong></span> <span class='ocrx_word' id='word_1_482' title='bbox 3736 2156 3823 2211; x_wconf 85' lang='lat' dir='ltr'><strong>vi-</strong></span> 
     </span>
    </p>
   </div>
   <div class='ocr_carea' id='block_1_68' title="bbox 2233 2242 3821 2317">
    <p class='ocr_par' dir='ltr' id='par_1_68' title="bbox 2233 2242 3821 2317">
     <span class='ocr_line' id='line_1_68' title="bbox 2233 2242 3821 2317; baseline -0.001 -16"><span class='ocrx_word' id='word_1_483' title='bbox 2233 2244 2425 2301; x_wconf 86' lang='lat' dir='ltr'><strong>delicet</strong></span> <span class='ocrx_word' id='word_1_484' title='bbox 2476 2252 2533 2300; x_wconf 89' lang='lat' dir='ltr'><strong>et</strong></span> <span class='ocrx_word' id='word_1_485' title='bbox 2559 2243 2832 2300; x_wconf 86' lang='lat' dir='ltr'><strong>orationes</strong></span> <span class='ocrx_word' id='word_1_486' title='bbox 2856 2242 2981 2301; x_wconf 87' lang='lat' dir='ltr'><strong>Jcsu</strong></span> <span class='ocrx_word' id='word_1_487' title='bbox 3025 2244 3244 2302; x_wconf 87' lang='lat' dir='ltr'><strong>Christo</strong></span> <span class='ocrx_word' id='word_1_488' title='bbox 3289 2255 3347 2304; x_wconf 91' lang='lat' dir='ltr'><strong>et</strong></span> <span class='ocrx_word' id='word_1_489' title='bbox 3373 2244 3583 2317; x_wconf 80' lang='lat' dir='ltr'><strong>Virgini</strong></span> <span class='ocrx_word' id='word_1_490' title='bbox 3628 2244 3821 2301; x_wconf 74' lang='lat' dir='ltr'><strong>Maria:</strong></span> 
     </span>
    </p>
   </div>
   <div class='ocr_carea' id='block_1_69' title="bbox 2234 2332 3817 2406">
    <p class='ocr_par' dir='ltr' id='par_1_69' title="bbox 2234 2332 3817 2406">
     <span class='ocr_line' id='line_1_69' title="bbox 2234 2332 3817 2406; baseline 0 -15"><span class='ocrx_word' id='word_1_491' title='bbox 2234 2336 2391 2391; x_wconf 85' lang='lat' dir='ltr'><strong>matri</strong></span> <span class='ocrx_word' id='word_1_492' title='bbox 2423 2332 2540 2406; x_wconf 91' lang='lat' dir='ltr'><strong>ejus</strong></span> <span class='ocrx_word' id='word_1_493' title='bbox 2584 2346 2641 2392; x_wconf 92' lang='lat' dir='ltr'><strong>et</strong></span> <span class='ocrx_word' id='word_1_494' title='bbox 2686 2335 2745 2392; x_wconf 89' lang='lat' dir='ltr'><strong>S.</strong></span> <span class='ocrx_word' id='word_1_495' title='bbox 2790 2336 2985 2393; x_wconf 88' lang='lat' dir='ltr'><strong>Joanni</strong></span> <span class='ocrx_word' id='word_1_496' title='bbox 3034 2337 3339 2405; x_wconf 84' lang='lat' dir='ltr'><strong>fundentes,</strong></span> <span class='ocrx_word' id='word_1_497' title='bbox 3394 2338 3583 2394; x_wconf 87' lang='lat' dir='ltr'><strong>liceret</strong></span> <span class='ocrx_word' id='word_1_498' title='bbox 3619 2338 3817 2394; x_wconf 84' lang='lat' dir='ltr'><strong>saltem</strong></span> 
     </span>
    </p>
   </div>
   <div class='ocr_carea' id='block_1_70' title="bbox 2233 2431 3819 2503">
    <p class='ocr_par' dir='ltr' id='par_1_70' title="bbox 2233 2431 3819 2503">
     <span class='ocr_line' id='line_1_70' title="bbox 2233 2431 3819 2503; baseline -0.003 -15"><span class='ocrx_word' id='word_1_499' title='bbox 2233 2431 2575 2503; x_wconf 87' lang='lat' dir='ltr'><strong>portiuncula</strong></span> <span class='ocrx_word' id='word_1_500' title='bbox 2616 2431 2775 2501; x_wconf 88' lang='lat' dir='ltr'><strong>hujus</strong></span> <span class='ocrx_word' id='word_1_501' title='bbox 2813 2431 3054 2488; x_wconf 90' lang='lat' dir='ltr'><strong>nemoris</strong></span> <span class='ocrx_word' id='word_1_502' title='bbox 3090 2433 3191 2488; x_wconf 92' lang='lat' dir='ltr'><strong>uti.</strong></span> <span class='ocrx_word' id='word_1_503' title='bbox 3238 2432 3524 2488; x_wconf 81' lang='lat' dir='ltr'><strong>Exaudivit</strong></span> <span class='ocrx_word' id='word_1_504' title='bbox 3554 2431 3819 2489; x_wconf 89' lang='lat' dir='ltr'><strong>Dominus</strong></span> 
     </span>
    </p>
   </div>
   <div class='ocr_carea' id='block_1_71' title="bbox 2232 2521 3816 2594">
    <p class='ocr_par' dir='ltr' id='par_1_71' title="bbox 2232 2521 3816 2594">
     <span class='ocr_line' id='line_1_71' title="bbox 2232 2521 3816 2594; baseline -0.007 -15"><span class='ocrx_word' id='word_1_505' title='bbox 2232 2537 2417 2579; x_wconf 91' lang='lat' dir='ltr'><strong>servos</strong></span> <span class='ocrx_word' id='word_1_506' title='bbox 2440 2537 2590 2589; x_wconf 91' lang='lat' dir='ltr'><strong>suos,</strong></span> <span class='ocrx_word' id='word_1_507' title='bbox 2614 2531 2674 2577; x_wconf 81' lang='grc' dir='ltr'><strong>ιιι</strong></span> <span class='ocrx_word' id='word_1_508' title='bbox 2701 2523 2780 2578; x_wconf 91' lang='lat' dir='ltr'><strong>ait</strong></span> <span class='ocrx_word' id='word_1_509' title='bbox 2817 2521 3111 2593; x_wconf 82' lang='lat' dir='ltr'><strong>Propheta,</strong></span> <span class='ocrx_word' id='word_1_510' title='bbox 3141 2522 3209 2579; x_wconf 88' lang='lat' dir='ltr'><strong>de</strong></span> <span class='ocrx_word' id='word_1_511' title='bbox 3258 2522 3457 2594; x_wconf 86' lang='lat' dir='ltr'><strong>templo</strong></span> <span class='ocrx_word' id='word_1_512' title='bbox 3482 2531 3672 2577; x_wconf 88' lang='lat' dir='ltr'><strong>sancto</strong></span> <span class='ocrx_word' id='word_1_513' title='bbox 3691 2536 3816 2590; x_wconf 66' lang='lat' dir='ltr'><strong>suo,</strong></span> 
     </span>
    </p>
   </div>
   <div class='ocr_carea' id='block_1_72' title="bbox 2230 2613 3145 2684">
    <p class='ocr_par' dir='ltr' id='par_1_72' title="bbox 2230 2613 3145 2684">
     <span class='ocr_line' id='line_1_72' title="bbox 2230 2613 3145 2684; baseline -0.003 -15"><span class='ocrx_word' id='word_1_514' title='bbox 2230 2622 2284 2670; x_wconf 88' lang='lat' dir='ltr'><strong>et</strong></span> <span class='ocrx_word' id='word_1_515' title='bbox 2309 2613 2463 2669; x_wconf 90' lang='lat' dir='ltr'><strong>nobis</strong></span> <span class='ocrx_word' id='word_1_516' title='bbox 2496 2613 2599 2670; x_wconf 86' lang='lat' dir='ltr'><strong>hoc</strong></span> <span class='ocrx_word' id='word_1_517' title='bbox 2631 2613 2791 2668; x_wconf 90' lang='lat' dir='ltr'><strong>modo</strong></span> <span class='ocrx_word' id='word_1_518' title='bbox 2815 2614 2936 2669; x_wconf 88' lang='lat' dir='ltr'><strong>tulit</strong></span> <span class='ocrx_word' id='word_1_519' title='bbox 2965 2628 3145 2684; x_wconf 89' lang='lat' dir='ltr'><strong>opem.</strong></span> 
     </span>
    </p>
   </div>
   <div class='ocr_carea' id='block_1_73' title="bbox 2297 2700 3817 2774">
    <p class='ocr_par' dir='ltr' id='par_1_73' title="bbox 2297 2700 3817 2774">
     <span class='ocr_line' id='line_1_73' title="bbox 2297 2700 3817 2774; baseline 0.001 -17"><span class='ocrx_word' id='word_1_520' title='bbox 2297 2704 2425 2760; x_wconf 81' lang='lat'><strong>259.</strong></span> <span class='ocrx_word' id='word_1_521' title='bbox 2455 2705 2587 2759; x_wconf 87' lang='lat' dir='ltr'><strong>Cum</strong></span> <span class='ocrx_word' id='word_1_522' title='bbox 2618 2719 2758 2759; x_wconf 90' lang='lat' dir='ltr'><strong>unus</strong></span> <span class='ocrx_word' id='word_1_523' title='bbox 2798 2700 3033 2759; x_wconf 90' lang='lat' dir='ltr'><strong>ferocior</strong></span> <span class='ocrx_word' id='word_1_524' title='bbox 3074 2704 3285 2760; x_wconf 62' lang='lat' dir='ltr'><strong>caeteris</strong></span> <span class='ocrx_word' id='word_1_525' title='bbox 3311 2705 3475 2762; x_wconf 88' lang='lat' dir='ltr'><strong>etiam</strong></span> <span class='ocrx_word' id='word_1_526' title='bbox 3522 2703 3611 2759; x_wconf 88' lang='lat' dir='ltr'><strong>hic</strong></span> <span class='ocrx_word' id='word_1_527' title='bbox 3645 2715 3817 2774; x_wconf 79' lang='lat' dir='ltr'><strong>prepe</strong></span> 
     </span>
    </p>
   </div>
   <div class='ocr_carea' id='block_1_74' title="bbox 2230 2795 3809 2867">
    <p class='ocr_par' dir='ltr' id='par_1_74' title="bbox 2230 2795 3809 2867">
     <span class='ocr_line' id='line_1_74' title="bbox 2230 2795 3809 2867; baseline -0.001 -18"><span class='ocrx_word' id='word_1_528' title='bbox 2230 2805 2445 2851; x_wconf 89' lang='lat' dir='ltr'><strong>nostras</strong></span> <span class='ocrx_word' id='word_1_529' title='bbox 2475 2795 2734 2865; x_wconf 90' lang='lat' dir='ltr'><strong>dejiceret</strong></span> <span class='ocrx_word' id='word_1_530' title='bbox 2760 2795 3006 2861; x_wconf 90' lang='lat' dir='ltr'><strong>arbores,</strong></span> <span class='ocrx_word' id='word_1_531' title='bbox 3034 2809 3163 2851; x_wconf 91' lang='lat' dir='ltr'><strong>ecce</strong></span> <span class='ocrx_word' id='word_1_532' title='bbox 3198 2804 3422 2867; x_wconf 87' lang='lat' dir='ltr'><strong>repente</strong></span> <span class='ocrx_word' id='word_1_533' title='bbox 3448 2795 3498 2850; x_wconf 93' lang='lat' dir='ltr'><strong>vi</strong></span> <span class='ocrx_word' id='word_1_534' title='bbox 3526 2804 3809 2850; x_wconf 83' lang='lat' dir='ltr'><strong>ventorum</strong></span> 
     </span>
    </p>
   </div>
   <div class='ocr_carea' id='block_1_75' title="bbox 2230 2883 3813 2957">
    <p class='ocr_par' dir='ltr' id='par_1_75' title="bbox 2230 2883 3813 2957">
     <span class='ocr_line' id='line_1_75' title="bbox 2230 2883 3813 2957; baseline -0.001 -18"><span class='ocrx_word' id='word_1_535' title='bbox 2230 2899 2324 2941; x_wconf 91' lang='lat' dir='ltr'><strong>aer</strong></span> <span class='ocrx_word' id='word_1_536' title='bbox 2341 2884 2522 2941; x_wconf 91' lang='lat' dir='ltr'><strong>clarus</strong></span> <span class='ocrx_word' id='word_1_537' title='bbox 2545 2893 2599 2940; x_wconf 91' lang='lat' dir='ltr'><strong>et</strong></span> <span class='ocrx_word' id='word_1_538' title='bbox 2627 2884 2837 2942; x_wconf 91' lang='lat' dir='ltr'><strong>lucidus</strong></span> <span class='ocrx_word' id='word_1_539' title='bbox 2861 2893 3024 2954; x_wconf 89' lang='lat' dir='ltr'><strong>atque</strong></span> <span class='ocrx_word' id='word_1_540' title='bbox 3054 2894 3278 2941; x_wconf 87' lang='lat' dir='ltr'><strong>scren&#39;us</strong></span> <span class='ocrx_word' id='word_1_541' title='bbox 3306 2885 3357 2940; x_wconf 92' lang='lat' dir='ltr'><strong>in</strong></span> <span class='ocrx_word' id='word_1_542' title='bbox 3380 2883 3725 2957; x_wconf 89' lang='lat' dir='ltr'><strong>gravedinem</strong></span> <span class='ocrx_word' id='word_1_543' title='bbox 3754 2890 3813 2937; x_wconf 90' lang='lat' dir='ltr'><strong>et</strong></span> 
     </span>
    </p>
   </div>
   <div class='ocr_carea' id='block_1_76' title="bbox 2232 2977 3812 3047">
    <p class='ocr_par' dir='ltr' id='par_1_76' title="bbox 2232 2977 3812 3047">
     <span class='ocr_line' id='line_1_76' title="bbox 2232 2977 3812 3047; baseline -0.003 -15"><span class='ocrx_word' id='word_1_544' title='bbox 2232 2986 2604 3047; x_wconf 85' lang='lat' dir='ltr'><strong>tempestatem</strong></span> <span class='ocrx_word' id='word_1_545' title='bbox 2642 2985 2902 3039; x_wconf 86' lang='lat' dir='ltr'><strong>mutatur,</strong></span> <span class='ocrx_word' id='word_1_546' title='bbox 2940 2978 3075 3033; x_wconf 88' lang='lat' dir='ltr'><strong>adeo</strong></span> <span class='ocrx_word' id='word_1_547' title='bbox 3105 2986 3164 3034; x_wconf 91' lang='lat' dir='ltr'><strong>ut</strong></span> <span class='ocrx_word' id='word_1_548' title='bbox 3192 2977 3345 3033; x_wconf 90' lang='lat' dir='ltr'><strong>nobis</strong></span> <span class='ocrx_word' id='word_1_549' title='bbox 3376 2978 3429 3031; x_wconf 90' lang='lat' dir='ltr'><strong>in</strong></span> <span class='ocrx_word' id='word_1_550' title='bbox 3475 2977 3812 3031; x_wconf 87' lang='lat' dir='ltr'><strong>monasterio</strong></span> 
     </span>
    </p>
   </div>
   <div class='ocr_carea' id='block_1_77' title="bbox 2228 3068 3811 3124">
    <p class='ocr_par' dir='ltr' id='par_1_77' title="bbox 2228 3068 3811 3124">
     <span class='ocr_line' id='line_1_77' title="bbox 2228 3068 3811 3124; baseline -0.001 0"><span class='ocrx_word' id='word_1_551' title='bbox 2228 3069 2689 3124; x_wconf 86' lang='lat' dir='ltr'><strong>commorantibns</strong></span> <span class='ocrx_word' id='word_1_552' title='bbox 2714 3070 2828 3123; x_wconf 88' lang='lat' dir='ltr'><strong>dies</strong></span> <span class='ocrx_word' id='word_1_553' title='bbox 2853 3069 2904 3123; x_wconf 91' lang='lat' dir='ltr'><strong>in</strong></span> <span class='ocrx_word' id='word_1_554' title='bbox 2929 3078 3142 3124; x_wconf 90' lang='lat' dir='ltr'><strong>noctem</strong></span> <span class='ocrx_word' id='word_1_555' title='bbox 3167 3070 3439 3124; x_wconf 87' lang='lat' dir='ltr'><strong>videretur</strong></span> <span class='ocrx_word' id='word_1_556' title='bbox 3462 3082 3639 3124; x_wconf 89' lang='lat' dir='ltr'><strong>versa.</strong></span> <span class='ocrx_word' id='word_1_557' title='bbox 3667 3068 3811 3122; x_wconf 88' lang='lat' dir='ltr'><strong>Proh</strong></span> 
     </span>
    </p>
   </div>
   <div class='ocr_carea' id='block_1_78' title="bbox 2225 3157 3813 3232">
    <p class='ocr_par' dir='ltr' id='par_1_78' title="bbox 2225 3157 3813 3232">
     <span class='ocr_line' id='line_1_78' title="bbox 2225 3157 3813 3232; baseline -0.001 -18"><span class='ocrx_word' id='word_1_558' title='bbox 2225 3159 2365 3214; x_wconf 86' lang='lat' dir='ltr'><strong>bone</strong></span> <span class='ocrx_word' id='word_1_559' title='bbox 2395 3157 2550 3215; x_wconf 84' lang='lat' dir='ltr'><strong>Jcsu!</strong></span> <span class='ocrx_word' id='word_1_560' title='bbox 2588 3158 2917 3231; x_wconf 88' lang='lat' dir='ltr'><strong>[audivimus</strong></span> <span class='ocrx_word' id='word_1_561' title='bbox 2945 3159 3120 3232; x_wconf 91' lang='lat' dir='ltr'><strong>primo</strong></span> <span class='ocrx_word' id='word_1_562' title='bbox 3144 3157 3408 3232; x_wconf 88' lang='lat' dir='ltr'><strong>tonitru];</strong></span> <span class='ocrx_word' id='word_1_563' title='bbox 3437 3159 3579 3230; x_wconf 88' lang='lat' dir='ltr'><strong>quod</strong></span> <span class='ocrx_word' id='word_1_564' title='bbox 3610 3158 3813 3212; x_wconf 73' lang='lat' dir='ltr'><strong>deinde</strong></span> 
     </span>
    </p>
   </div>
   <div class='ocr_carea' id='block_1_79' title="bbox 2227 3231 3813 3321">
    <p class='ocr_par' dir='ltr' id='par_1_79' title="bbox 2227 3231 3813 3321">
     <span class='ocr_line' id='line_1_79' title="bbox 2227 3231 3813 3321; baseline 0 -16"><span class='ocrx_word' id='word_1_565' title='bbox 2227 3250 2523 3306; x_wconf 90' lang='lat' dir='ltr'><strong>tonitruum</strong></span> <span class='ocrx_word' id='word_1_566' title='bbox 2555 3260 2799 3306; x_wconf 89' lang='lat' dir='ltr'><strong>secutum</strong></span> <span class='ocrx_word' id='word_1_567' title='bbox 2829 3260 2909 3305; x_wconf 89' lang='lat' dir='ltr'><strong>est</strong></span> <span class='ocrx_word' id='word_1_568' title='bbox 2934 3231 3152 3315; x_wconf 74' lang='lat' dir='ltr'><strong>fulmen,</strong></span> <span class='ocrx_word' id='word_1_569' title='bbox 3174 3266 3282 3321; x_wconf 85' lang='lat' dir='ltr'><strong>quo</strong></span> <span class='ocrx_word' id='word_1_570' title='bbox 3301 3231 3549 3321; x_wconf 76' lang='lat' dir='ltr'><strong>equidem</strong></span> <span class='ocrx_word' id='word_1_571' title='bbox 3574 3250 3813 3305; x_wconf 83' lang='lat' dir='ltr'><strong>rusticus</strong></span> 
     </span>
    </p>
   </div>
   <div class='ocr_carea' id='block_1_80' title="bbox 2226 3339 3807 3413">
    <p class='ocr_par' dir='ltr' id='par_1_80' title="bbox 2226 3339 3807 3413">
     <span class='ocr_line' id='line_1_80' title="bbox 2226 3339 3807 3413; baseline -0.001 -18"><span class='ocrx_word' id='word_1_572' title='bbox 2226 3340 2317 3396; x_wconf 90' lang='lat' dir='ltr'><strong>ille</strong></span> <span class='ocrx_word' id='word_1_573' title='bbox 2376 3340 2574 3413; x_wconf 87' lang='lat' dir='ltr'><strong>injuste</strong></span> <span class='ocrx_word' id='word_1_574' title='bbox 2619 3354 2786 3410; x_wconf 87' lang='lat' dir='ltr'><strong>agens</strong></span> <span class='ocrx_word' id='word_1_575' title='bbox 2826 3340 2980 3395; x_wconf 91' lang='lat' dir='ltr'><strong>obiit.</strong></span> <span class='ocrx_word' id='word_1_576' title='bbox 3034 3339 3290 3397; x_wconf 79' lang='lat' dir='ltr'><strong>Memoria</strong></span> <span class='ocrx_word' id='word_1_577' title='bbox 3344 3355 3459 3395; x_wconf 90' lang='lat' dir='ltr'><strong>mea</strong></span> <span class='ocrx_word' id='word_1_578' title='bbox 3510 3355 3807 3411; x_wconf 85' lang='lat' dir='ltr'><strong>numquam</strong></span> 
     </span>
    </p>
   </div>
   <div class='ocr_carea' id='block_1_81' title="bbox 2228 3432 3813 3494">
    <p class='ocr_par' dir='ltr' id='par_1_81' title="bbox 2228 3432 3813 3494">
     <span class='ocr_line' id='line_1_81' title="bbox 2228 3432 3813 3494; baseline -0.004 -2"><span class='ocrx_word' id='word_1_579' title='bbox 2228 3435 2388 3494; x_wconf 89' lang='lat' dir='ltr'><strong>talem</strong></span> <span class='ocrx_word' id='word_1_580' title='bbox 2416 3436 2649 3492; x_wconf 90' lang='lat' dir='ltr'><strong>sonitum</strong></span> <span class='ocrx_word' id='word_1_581' title='bbox 2675 3434 2890 3490; x_wconf 90' lang='lat' dir='ltr'><strong>audisse</strong></span> <span class='ocrx_word' id='word_1_582' title='bbox 2920 3449 3005 3489; x_wconf 90' lang='lat' dir='ltr'><strong>me</strong></span> <span class='ocrx_word' id='word_1_583' title='bbox 3042 3435 3283 3490; x_wconf 91' lang='lat' dir='ltr'><strong>memini.</strong></span> <span class='ocrx_word' id='word_1_584' title='bbox 3329 3432 3575 3489; x_wconf 80' lang='lat' dir='ltr'><strong>Monaclti</strong></span> <span class='ocrx_word' id='word_1_585' title='bbox 3617 3447 3813 3488; x_wconf 86' lang='lat' dir='ltr'><strong>omnes</strong></span> 
     </span>
    </p>
   </div>
   <div class='ocr_carea' id='block_1_82' title="bbox 2225 3522 3805 3599">
    <p class='ocr_par' dir='ltr' id='par_1_82' title="bbox 2225 3522 3805 3599">
     <span class='ocr_line' id='line_1_82' title="bbox 2225 3522 3805 3599; baseline -0.006 -15"><span class='ocrx_word' id='word_1_586' title='bbox 2225 3528 2290 3584; x_wconf 89' lang='lat' dir='ltr'><strong>ad</strong></span> <span class='ocrx_word' id='word_1_587' title='bbox 2321 3542 2533 3599; x_wconf 87' lang='lat' dir='ltr'><strong>preces,</strong></span> <span class='ocrx_word' id='word_1_588' title='bbox 2581 3526 2765 3597; x_wconf 89' lang='lat' dir='ltr'><strong>pueris</strong></span> <span class='ocrx_word' id='word_1_589' title='bbox 2799 3524 3104 3597; x_wconf 87' lang='lat' dir='ltr'><strong>junioribus</strong></span> <span class='ocrx_word' id='word_1_590' title='bbox 3137 3541 3247 3596; x_wconf 74' lang='lat' dir='ltr'><strong>prze</strong></span> <span class='ocrx_word' id='word_1_591' title='bbox 3290 3538 3491 3596; x_wconf 90' lang='lat' dir='ltr'><strong>pavore</strong></span> <span class='ocrx_word' id='word_1_592' title='bbox 3532 3522 3805 3588; x_wconf 84' lang='lat' dir='ltr'><strong>ﬂentibus,</strong></span> 
     </span>
    </p>
   </div>
   <div class='ocr_carea' id='block_1_83' title="bbox 2224 3616 3804 3686">
    <p class='ocr_par' dir='ltr' id='par_1_83' title="bbox 2224 3616 3804 3686">
     <span class='ocr_line' id='line_1_83' title="bbox 2224 3616 3804 3686; baseline -0.003 -12"><span class='ocrx_word' id='word_1_593' title='bbox 2224 3634 2467 3674; x_wconf 90' lang='lat' dir='ltr'><strong>currere.</strong></span> <span class='ocrx_word' id='word_1_594' title='bbox 2493 3616 2630 3684; x_wconf 87' lang='lat' dir='ltr'><strong>Quid</strong></span> <span class='ocrx_word' id='word_1_595' title='bbox 2656 3617 2987 3686; x_wconf 90' lang='lat' dir='ltr'><strong>multisopus</strong></span> <span class='ocrx_word' id='word_1_596' title='bbox 3017 3617 3129 3671; x_wconf 70' lang='lat' dir='ltr'><strong>e51?</strong></span> <span class='ocrx_word' id='word_1_597' title='bbox 3151 3616 3364 3680; x_wconf 83' lang='lat' dir='ltr'><strong>Nescio,</strong></span> <span class='ocrx_word' id='word_1_598' title='bbox 3392 3616 3519 3685; x_wconf 90' lang='lat' dir='ltr'><strong>quid</strong></span> <span class='ocrx_word' id='word_1_599' title='bbox 3545 3624 3658 3671; x_wconf 90' lang='lat' dir='ltr'><strong>tum</strong></span> <span class='ocrx_word' id='word_1_600' title='bbox 3681 3629 3804 3671; x_wconf 88' lang='lat' dir='ltr'><strong>cum</strong></span> 
     </span>
    </p>
   </div>
   <div class='ocr_carea' id='block_1_84' title="bbox 2223 3703 3803 3777">
    <p class='ocr_par' dir='ltr' id='par_1_84' title="bbox 2223 3703 3803 3777">
     <span class='ocr_line' id='line_1_84' title="bbox 2223 3703 3803 3777; baseline -0.003 -14"><span class='ocrx_word' id='word_1_601' title='bbox 2223 3708 2431 3763; x_wconf 85' lang='lat' dir='ltr'><strong>Abbate</strong></span> <span class='ocrx_word' id='word_1_602' title='bbox 2458 3716 2664 3771; x_wconf 90' lang='lat' dir='ltr'><strong>nostro,</strong></span> <span class='ocrx_word' id='word_1_603' title='bbox 2694 3706 2779 3761; x_wconf 91' lang='lat' dir='ltr'><strong>cui</strong></span> <span class='ocrx_word' id='word_1_604' title='bbox 2810 3720 3005 3760; x_wconf 89' lang='lat' dir='ltr'><strong>nomen</strong></span> <span class='ocrx_word' id='word_1_605' title='bbox 3035 3704 3328 3762; x_wconf 87' lang='lat' dir='ltr'><strong>Francisco</strong></span> <span class='ocrx_word' id='word_1_606' title='bbox 3358 3704 3592 3760; x_wconf 88' lang='lat' dir='ltr'><strong>Altovita</strong></span> <span class='ocrx_word' id='word_1_607' title='bbox 3629 3703 3803 3777; x_wconf 82' lang='lat'><strong>(200).</strong></span> 
     </span>
    </p>
   </div>
   <div class='ocr_carea' id='block_1_85' title="bbox 2222 3795 3804 3867">
    <p class='ocr_par' dir='ltr' id='par_1_85' title="bbox 2222 3795 3804 3867">
     <span class='ocr_line' id='line_1_85' title="bbox 2222 3795 3804 3867; baseline 0.001 -16"><span class='ocrx_word' id='word_1_608' title='bbox 2222 3796 2520 3853; x_wconf 87' lang='lat' dir='ltr'><strong>venerabili</strong></span> <span class='ocrx_word' id='word_1_609' title='bbox 2553 3795 2817 3866; x_wconf 87' lang='lat' dir='ltr'><strong>longeque</strong></span> <span class='ocrx_word' id='word_1_610' title='bbox 2846 3795 3096 3867; x_wconf 89' lang='lat' dir='ltr'><strong>prudenti</strong></span> <span class='ocrx_word' id='word_1_611' title='bbox 3125 3796 3263 3861; x_wconf 89' lang='lat' dir='ltr'><strong>viro,</strong></span> <span class='ocrx_word' id='word_1_612' title='bbox 3302 3805 3358 3851; x_wconf 92' lang='lat' dir='ltr'><strong>et</strong></span> <span class='ocrx_word' id='word_1_613' title='bbox 3387 3797 3497 3865; x_wconf 89' lang='lat' dir='ltr'><strong>jam</strong></span> <span class='ocrx_word' id='word_1_614' title='bbox 3535 3796 3588 3852; x_wconf 90' lang='lat' dir='ltr'><strong>in</strong></span> <span class='ocrx_word' id='word_1_615' title='bbox 3615 3796 3804 3852; x_wconf 83' lang='lat' dir='ltr'><strong>decre-</strong></span> 
     </span>
    </p>
   </div>
   <div class='ocr_carea' id='block_1_86' title="bbox 2221 3888 3802 3962">
    <p class='ocr_par' dir='ltr' id='par_1_86' title="bbox 2221 3888 3802 3962">
     <span class='ocr_line' id='line_1_86' title="bbox 2221 3888 3802 3962; baseline -0.002 -16"><span class='ocrx_word' id='word_1_616' title='bbox 2221 3891 2333 3962; x_wconf 90' lang='lat' dir='ltr'><strong>pita</strong></span> <span class='ocrx_word' id='word_1_617' title='bbox 2373 3897 2532 3944; x_wconf 65' lang='lat' dir='ltr'><strong>(etate</strong></span> <span class='ocrx_word' id='word_1_618' title='bbox 2580 3889 2897 3950; x_wconf 88' lang='lat' dir='ltr'><strong>constituto,</strong></span> <span class='ocrx_word' id='word_1_619' title='bbox 2942 3888 3008 3942; x_wconf 88' lang='lat' dir='ltr'><strong>de</strong></span> <span class='ocrx_word' id='word_1_620' title='bbox 3054 3888 3364 3943; x_wconf 89' lang='lat' dir='ltr'><strong>monasterii</strong></span> <span class='ocrx_word' id='word_1_621' title='bbox 3407 3888 3802 3958; x_wconf 86' lang='lat' dir='ltr'><strong>gubernatione</strong></span> 
     </span>
    </p>
   </div>
   <div class='ocr_carea' id='block_1_87' title="bbox 2224 3976 3801 4051">
    <p class='ocr_par' dir='ltr' id='par_1_87' title="bbox 2224 3976 3801 4051">
     <span class='ocr_line' id='line_1_87' title="bbox 2224 3976 3801 4051; baseline -0.002 -16"><span class='ocrx_word' id='word_1_622' title='bbox 2224 3990 2463 4037; x_wconf 85' lang='lat' dir='ltr'><strong>tractans</strong></span> <span class='ocrx_word' id='word_1_623' title='bbox 2498 3976 2797 4051; x_wconf 79' lang='lat' dir='ltr'><strong>[agerem].</strong></span> <span class='ocrx_word' id='word_1_624' title='bbox 2847 3977 2998 4033; x_wconf 87' lang='lat' dir='ltr'><strong>illico</strong></span> <span class='ocrx_word' id='word_1_625' title='bbox 3025 3977 3210 4047; x_wconf 90' lang='lat' dir='ltr'><strong>palatii</strong></span> <span class='ocrx_word' id='word_1_626' title='bbox 3256 3977 3493 4033; x_wconf 87' lang='lat' dir='ltr'><strong>tabulata</strong></span> <span class='ocrx_word' id='word_1_627' title='bbox 3545 3987 3801 4041; x_wconf 86' lang='lat' dir='ltr'><strong>tremere,</strong></span> 
     </span>
    </p>
   </div>
   <div class='ocr_carea' id='block_1_88' title="bbox 2222 4066 3800 4137">
    <p class='ocr_par' dir='ltr' id='par_1_88' title="bbox 2222 4066 3800 4137">
     <span class='ocr_line' id='line_1_88' title="bbox 2222 4066 3800 4137; baseline -0.004 -12"><span class='ocrx_word' id='word_1_628' title='bbox 2222 4077 2276 4125; x_wconf 87' lang='lat' dir='ltr'><strong>et</strong></span> <span class='ocrx_word' id='word_1_629' title='bbox 2319 4084 2479 4124; x_wconf 90' lang='lat' dir='ltr'><strong>ruere</strong></span> <span class='ocrx_word' id='word_1_630' title='bbox 2531 4068 2711 4123; x_wconf 90' lang='lat' dir='ltr'><strong>omnia</strong></span> <span class='ocrx_word' id='word_1_631' title='bbox 2761 4068 2874 4122; x_wconf 84' lang='lat' dir='ltr'><strong>visa</strong></span> <span class='ocrx_word' id='word_1_632' title='bbox 2914 4078 3155 4137; x_wconf 89' lang='lat' dir='ltr'><strong>repente.</strong></span> <span class='ocrx_word' id='word_1_633' title='bbox 3202 4066 3362 4122; x_wconf 84' lang='lat' dir='ltr'><strong>Jcsu!</strong></span> <span class='ocrx_word' id='word_1_634' title='bbox 3396 4067 3569 4137; x_wconf 90' lang='lat' dir='ltr'><strong>inquit</strong></span> <span class='ocrx_word' id='word_1_635' title='bbox 3612 4067 3800 4123; x_wconf 82' lang='lat' dir='ltr'><strong>abbas.</strong></span> 
     </span>
    </p>
   </div>
   <div class='ocr_carea' id='block_1_89' title="bbox 2220 4157 3801 4232">
    <p class='ocr_par' dir='ltr' id='par_1_89' title="bbox 2220 4157 3801 4232">
     <span class='ocr_line' id='line_1_89' title="bbox 2220 4157 3801 4232; baseline -0.001 -15"><span class='ocrx_word' id='word_1_636' title='bbox 2220 4160 2332 4232; x_wconf 86' lang='lat' dir='ltr'><strong>Ego</strong></span> <span class='ocrx_word' id='word_1_637' title='bbox 2355 4160 2518 4216; x_wconf 90' lang='lat' dir='ltr'><strong>etiam</strong></span> <span class='ocrx_word' id='word_1_638' title='bbox 2547 4176 2561 4213; x_wconf 89' lang='lat'><strong>:</strong></span> <span class='ocrx_word' id='word_1_639' title='bbox 2606 4159 2767 4230; x_wconf 78' lang='lat' dir='ltr'><strong>Virgo</strong></span> <span class='ocrx_word' id='word_1_640' title='bbox 2808 4157 3001 4225; x_wconf 86' lang='lat' dir='ltr'><strong>Maria,</strong></span> <span class='ocrx_word' id='word_1_641' title='bbox 3030 4169 3147 4215; x_wconf 86' lang='lat' dir='ltr'><strong>esto</strong></span> <span class='ocrx_word' id='word_1_642' title='bbox 3186 4159 3341 4214; x_wconf 89' lang='lat' dir='ltr'><strong>nobis</strong></span> <span class='ocrx_word' id='word_1_643' title='bbox 3378 4158 3594 4215; x_wconf 83' lang='lat' dir='ltr'><strong>miseris</strong></span> <span class='ocrx_word' id='word_1_644' title='bbox 3618 4161 3801 4230; x_wconf 59' lang='lat' dir='ltr'><strong>praesio</strong></span> 
     </span>
    </p>
   </div>
   <div class='ocr_carea' id='block_1_90' title="bbox 2222 4253 2398 4309">
    <p class='ocr_par' dir='ltr' id='par_1_90' title="bbox 2222 4253 2398 4309">
     <span class='ocr_line' id='line_1_90' title="bbox 2222 4253 2398 4309; baseline -0.017 0"><span class='ocrx_word' id='word_1_645' title='bbox 2222 4253 2398 4309; x_wconf 89' lang='lat' dir='ltr'><strong>dium!</strong></span> 
     </span>
    </p>
   </div>
   <div class='ocr_carea' id='block_1_91' title="bbox 541 4336 3807 4411">
    <p class='ocr_par' dir='ltr' id='par_1_91' title="bbox 541 4336 3807 4411">
     <span class='ocr_line' id='line_1_91' title="bbox 541 4336 3807 4411; baseline -0.002 -12"><span class='ocrx_word' id='word_1_646' title='bbox 541 4354 751 4408; x_wconf 80' lang='lat' dir='ltr'><strong>exorta,</strong></span> <span class='ocrx_word' id='word_1_647' title='bbox 781 4342 981 4397; x_wconf 90' lang='lat' dir='ltr'><strong>fulmen</strong></span> <span class='ocrx_word' id='word_1_648' title='bbox 1007 4342 1075 4396; x_wconf 88' lang='lat' dir='ltr'><strong>ab</strong></span> <span class='ocrx_word' id='word_1_649' title='bbox 1100 4354 1223 4395; x_wconf 91' lang='lat' dir='ltr'><strong>aere</strong></span> <span class='ocrx_word' id='word_1_650' title='bbox 1243 4354 1364 4395; x_wconf 89' lang='lat' dir='ltr'><strong>ctnn</strong></span> <span class='ocrx_word' id='word_1_651' title='bbox 1392 4338 1583 4394; x_wconf 64' lang='lat' dir='ltr'><strong>faetore</strong></span> <span class='ocrx_word' id='word_1_652' title='bbox 1611 4347 1665 4393; x_wconf 90' lang='lat' dir='ltr'><strong>et</strong></span> <span class='ocrx_word' id='word_1_653' title='bbox 1688 4336 1972 4406; x_wconf 88' lang='lat' dir='ltr'><strong>splendore</strong></span> <span class='ocrx_word' id='word_1_654' title='bbox 1989 4351 2118 4392; x_wconf 84' lang='lat' dir='ltr'><strong>eon-</strong></span> <span class='ocrx_word' id='word_1_655' title='bbox 2151 4346 2197 4406; x_wconf 84' lang='grc' dir='ltr'>ο</span> <span class='ocrx_word' id='word_1_656' title='bbox 2291 4342 2415 4397; x_wconf 81' lang='lat'><strong>260.</strong></span> <span class='ocrx_word' id='word_1_657' title='bbox 2448 4339 2699 4396; x_wconf 83' lang='lat' dir='ltr'><strong>Rusticus</strong></span> <span class='ocrx_word' id='word_1_658' title='bbox 2727 4340 2911 4410; x_wconf 90' lang='lat' dir='ltr'><strong>itaque</strong></span> <span class='ocrx_word' id='word_1_659' title='bbox 2955 4338 3063 4405; x_wconf 87' lang='lat' dir='ltr'><strong>ille,</strong></span> <span class='ocrx_word' id='word_1_660' title='bbox 3095 4341 3222 4411; x_wconf 88' lang='lat' dir='ltr'><strong>quia</strong></span> <span class='ocrx_word' id='word_1_661' title='bbox 3261 4355 3290 4394; x_wconf 92' lang='lat' dir='ltr'><strong>a</strong></span> <span class='ocrx_word' id='word_1_662' title='bbox 3340 4336 3567 4396; x_wconf 92' lang='lat' dir='ltr'><strong>fulmine</strong></span> <span class='ocrx_word' id='word_1_663' title='bbox 3596 4343 3807 4397; x_wconf 78' lang='lat' dir='ltr'><strong>exstin-</strong></span> 
     </span>
    </p>
   </div>
   <div class='ocr_carea' id='block_1_92' title="bbox 540 4428 2121 4504">
    <p class='ocr_par' dir='ltr' id='par_1_92' title="bbox 540 4428 2121 4504">
     <span class='ocr_line' id='line_1_92' title="bbox 540 4428 2121 4504; baseline -0.004 -14"><span class='ocrx_word' id='word_1_664' title='bbox 540 4441 1050 4504; x_wconf 81' lang='lat' dir='ltr'><strong>tortum,pastorem</strong></span> <span class='ocrx_word' id='word_1_665' title='bbox 1073 4432 1247 4502; x_wconf 88' lang='lat' dir='ltr'><strong>ipsum</strong></span> <span class='ocrx_word' id='word_1_666' title='bbox 1270 4444 1375 4485; x_wconf 88' lang='lat' dir='ltr'><strong>una</strong></span> <span class='ocrx_word' id='word_1_667' title='bbox 1403 4444 1525 4485; x_wconf 90' lang='lat' dir='ltr'><strong>cum</strong></span> <span class='ocrx_word' id='word_1_668' title='bbox 1554 4428 1849 4499; x_wconf 90' lang='lat' dir='ltr'><strong>pecudibus</strong></span> <span class='ocrx_word' id='word_1_669' title='bbox 1869 4428 2121 4483; x_wconf 85' lang='lat' dir='ltr'><strong>canibus-</strong></span> 
     </span>
    </p>
   </div>
   <div class='ocr_carea' id='block_1_93' title="bbox 543 4518 2115 4597">
    <p class='ocr_par' dir='ltr' id='par_1_93' title="bbox 543 4518 2115 4597">
     <span class='ocr_line' id='line_1_93' title="bbox 543 4518 2115 4597; baseline -0.004 -18"><span class='ocrx_word' id='word_1_670' title='bbox 543 4539 650 4597; x_wconf 88' lang='lat' dir='ltr'><strong>que</strong></span> <span class='ocrx_word' id='word_1_671' title='bbox 678 4522 953 4591; x_wconf 87' lang='lat' dir='ltr'><strong>omnibus,</strong></span> <span class='ocrx_word' id='word_1_672' title='bbox 981 4523 1071 4593; x_wconf 90' lang='lat' dir='ltr'><strong>qui</strong></span> <span class='ocrx_word' id='word_1_673' title='bbox 1126 4537 1316 4595; x_wconf 92' lang='lat' dir='ltr'><strong>parum</strong></span> <span class='ocrx_word' id='word_1_674' title='bbox 1364 4520 1434 4575; x_wconf 88' lang='lat' dir='ltr'><strong>ab</strong></span> <span class='ocrx_word' id='word_1_675' title='bbox 1479 4522 1676 4576; x_wconf 87' lang='lat' dir='ltr'><strong>arbore</strong></span> <span class='ocrx_word' id='word_1_676' title='bbox 1720 4518 1911 4575; x_wconf 89' lang='lat' dir='ltr'><strong>semoti</strong></span> <span class='ocrx_word' id='word_1_677' title='bbox 1937 4531 2115 4585; x_wconf 90' lang='lat' dir='ltr'><strong>erant,</strong></span> 
     </span>
    </p>
   </div>
   <div class='ocr_carea' id='block_1_94' title="bbox 541 4616 762 4674">
    <p class='ocr_par' dir='ltr' id='par_1_94' title="bbox 541 4616 762 4674">
     <span class='ocr_line' id='line_1_94' title="bbox 541 4616 762 4674; baseline -0.023 0"><span class='ocrx_word' id='word_1_678' title='bbox 541 4616 762 4674; x_wconf 88' lang='lat' dir='ltr'><strong>occidit.</strong></span> 
     </span>
    </p>
   </div>
   <div class='ocr_carea' id='block_1_95' title="bbox 610 4698 2121 4775">
    <p class='ocr_par' dir='ltr' id='par_1_95' title="bbox 610 4698 2121 4775">
     <span class='ocr_line' id='line_1_95' title="bbox 610 4698 2121 4775; baseline -0.005 -15"><span class='ocrx_word' id='word_1_679' title='bbox 610 4705 738 4760; x_wconf 76' lang='lat'><strong>257.</strong></span> <span class='ocrx_word' id='word_1_680' title='bbox 776 4703 968 4775; x_wconf 71' lang='lat' dir='ltr'><strong>Opera:</strong></span> <span class='ocrx_word' id='word_1_681' title='bbox 1006 4703 1238 4774; x_wconf 88' lang='lat' dir='ltr'><strong>pretium</strong></span> <span class='ocrx_word' id='word_1_682' title='bbox 1268 4710 1387 4757; x_wconf 89' lang='lat' dir='ltr'><strong>erat</strong></span> <span class='ocrx_word' id='word_1_683' title='bbox 1415 4701 1661 4771; x_wconf 88' lang='lat' dir='ltr'><strong>aspicere</strong></span> <span class='ocrx_word' id='word_1_684' title='bbox 1695 4708 1825 4770; x_wconf 89' lang='lat' dir='ltr'><strong>quot</strong></span> <span class='ocrx_word' id='word_1_685' title='bbox 1864 4698 2121 4754; x_wconf 82' lang='lat' dir='ltr'><strong>mortales</strong></span> 
     </span>
    </p>
   </div>
   <div class='ocr_carea' id='block_1_96' title="bbox 543 4789 2123 4869">
    <p class='ocr_par' dir='ltr' id='par_1_96' title="bbox 543 4789 2123 4869">
     <span class='ocr_line' id='line_1_96' title="bbox 543 4789 2123 4869; baseline -0.005 -17"><span class='ocrx_word' id='word_1_686' title='bbox 543 4797 805 4869; x_wconf 87' lang='lat' dir='ltr'><strong>cujusque</strong></span> <span class='ocrx_word' id='word_1_687' title='bbox 844 4795 1174 4852; x_wconf 88' lang='lat' dir='ltr'><strong>conditionis</strong></span> <span class='ocrx_word' id='word_1_688' title='bbox 1200 4802 1254 4847; x_wconf 87' lang='lat' dir='ltr'><strong>et</strong></span> <span class='ocrx_word' id='word_1_689' title='bbox 1288 4794 1522 4862; x_wconf 85' lang='lat' dir='ltr'><strong>generis,</strong></span> <span class='ocrx_word' id='word_1_690' title='bbox 1548 4791 1639 4862; x_wconf 87' lang='lat' dir='ltr'><strong>qni</strong></span> <span class='ocrx_word' id='word_1_691' title='bbox 1682 4790 1753 4846; x_wconf 88' lang='lat' dir='ltr'><strong>ob</strong></span> <span class='ocrx_word' id='word_1_692' title='bbox 1796 4789 1947 4844; x_wconf 86' lang='lat' dir='ltr'><strong>varia</strong></span> <span class='ocrx_word' id='word_1_693' title='bbox 1996 4799 2123 4844; x_wconf 90' lang='lat' dir='ltr'><strong>tunc</strong></span> 
     </span>
    </p>
   </div>
   <div class='ocr_carea' id='block_1_97' title="bbox 541 4882 2122 4958">
    <p class='ocr_par' dir='ltr' id='par_1_97' title="bbox 541 4882 2122 4958">
     <span class='ocr_line' id='line_1_97' title="bbox 541 4882 2122 4958; baseline -0.004 -16"><span class='ocrx_word' id='word_1_694' title='bbox 541 4886 731 4958; x_wconf 75' lang='lat' dir='ltr'><strong>Alpem</strong></span> <span class='ocrx_word' id='word_1_695' title='bbox 760 4885 1103 4950; x_wconf 78' lang='lat' dir='ltr'><strong>excolebant,</strong></span> <span class='ocrx_word' id='word_1_696' title='bbox 1132 4884 1199 4939; x_wconf 89' lang='lat' dir='ltr'><strong>ad</strong></span> <span class='ocrx_word' id='word_1_697' title='bbox 1227 4883 1329 4939; x_wconf 91' lang='lat' dir='ltr'><strong>hoc</strong></span> <span class='ocrx_word' id='word_1_698' title='bbox 1356 4884 1653 4938; x_wconf 90' lang='lat' dir='ltr'><strong>inauditum</strong></span> <span class='ocrx_word' id='word_1_699' title='bbox 1697 4892 1753 4938; x_wconf 89' lang='lat' dir='ltr'><strong>et</strong></span> <span class='ocrx_word' id='word_1_700' title='bbox 1799 4882 2122 4952; x_wconf 90' lang='lat' dir='ltr'><strong>stupendum</strong></span> 
     </span>
    </p>
   </div>
   <div class='ocr_carea' id='block_1_98' title="bbox 540 4966 2118 5040">
    <p class='ocr_par' dir='ltr' id='par_1_98' title="bbox 540 4966 2118 5040">
     <span class='ocr_line' id='line_1_98' title="bbox 540 4966 2118 5040; baseline -0.003 -9"><span class='ocrx_word' id='word_1_701' title='bbox 540 4975 889 5040; x_wconf 81' lang='lat' dir='ltr'><strong>miraculum,</strong></span> <span class='ocrx_word' id='word_1_702' title='bbox 922 4989 1017 5030; x_wconf 87' lang='lat' dir='ltr'><strong>seu</strong></span> <span class='ocrx_word' id='word_1_703' title='bbox 1041 4974 1219 5028; x_wconf 88' lang='lat' dir='ltr'><strong>verius</strong></span> <span class='ocrx_word' id='word_1_704' title='bbox 1244 4970 1443 5037; x_wconf 87' lang='lat' dir='ltr'><strong>dicam,</strong></span> <span class='ocrx_word' id='word_1_705' title='bbox 1480 4970 1741 5039; x_wconf 90' lang='lat' dir='ltr'><strong>judicium</strong></span> <span class='ocrx_word' id='word_1_706' title='bbox 1785 4966 2118 5036; x_wconf 67' lang='lat' dir='ltr'><strong>conﬂuxere,</strong></span> 
     </span>
    </p>
   </div>
   <div class='ocr_carea' id='block_1_99' title="bbox 520 5064 2123 5137">
    <p class='ocr_par' dir='ltr' id='par_1_99' title="bbox 520 5064 2123 5137">
     <span class='ocr_line' id='line_1_99' title="bbox 520 5064 2123 5137; baseline -0.005 -10"><span class='ocrx_word' id='word_1_707' title='bbox 520 5070 631 5128; x_wconf 77' lang='lat' dir='ltr'><strong>.cui</strong></span> <span class='ocrx_word' id='word_1_708' title='bbox 661 5068 905 5127; x_wconf 82' lang='lat' dir='ltr'><strong>horribili</strong></span> <span class='ocrx_word' id='word_1_709' title='bbox 929 5064 1237 5137; x_wconf 90' lang='lat' dir='ltr'><strong>spectaculo</strong></span> <span class='ocrx_word' id='word_1_710' title='bbox 1255 5073 1310 5120; x_wconf 91' lang='lat' dir='ltr'><strong>et</strong></span> <span class='ocrx_word' id='word_1_711' title='bbox 1329 5066 1572 5136; x_wconf 91' lang='lat' dir='ltr'><strong>pavendo</strong></span> <span class='ocrx_word' id='word_1_712' title='bbox 1591 5064 1809 5135; x_wconf 87' lang='lat' dir='ltr'><strong>quidam</strong></span> <span class='ocrx_word' id='word_1_713' title='bbox 1830 5079 1896 5120; x_wconf 83' lang='lat' dir='ltr'><strong>ex</strong></span> <span class='ocrx_word' id='word_1_714' title='bbox 1923 5064 2123 5119; x_wconf 89' lang='lat' dir='ltr'><strong>nostris</strong></span> 
     </span>
    </p>
   </div>
   <div class='ocr_carea' id='block_1_100' title="bbox 2222 4431 3816 4503">
    <p class='ocr_par' dir='ltr' id='par_1_100' title="bbox 2222 4431 3816 4503">
     <span class='ocr_line' id='line_1_100' title="bbox 2222 4431 3816 4503; baseline -0.003 -13"><span class='ocrx_word' id='word_1_715' title='bbox 2222 4443 2361 4499; x_wconf 90' lang='lat' dir='ltr'><strong>ctus,</strong></span> <span class='ocrx_word' id='word_1_716' title='bbox 2386 4434 2602 4489; x_wconf 88' lang='lat' dir='ltr'><strong>domum</strong></span> <span class='ocrx_word' id='word_1_717' title='bbox 2630 4431 2844 4501; x_wconf 88' lang='lat' dir='ltr'><strong>vesperi</strong></span> <span class='ocrx_word' id='word_1_718' title='bbox 2891 4434 3161 4503; x_wconf 90' lang='lat' dir='ltr'><strong>propriam</strong></span> <span class='ocrx_word' id='word_1_719' title='bbox 3203 4446 3328 4489; x_wconf 91' lang='lat' dir='ltr'><strong>cum</strong></span> <span class='ocrx_word' id='word_1_720' title='bbox 3371 4448 3477 4488; x_wconf 92' lang='lat' dir='ltr'><strong>non</strong></span> <span class='ocrx_word' id='word_1_721' title='bbox 3526 4433 3816 4497; x_wconf 65' lang='lat' dir='ltr'><strong>rediisset,</strong></span> 
     </span>
    </p>
   </div>
   <div class='ocr_carea' id='block_1_101' title="bbox 2223 4522 3805 4594">
    <p class='ocr_par' dir='ltr' id='par_1_101' title="bbox 2223 4522 3805 4594">
     <span class='ocr_line' id='line_1_101' title="bbox 2223 4522 3805 4594; baseline -0.001 -16"><span class='ocrx_word' id='word_1_722' title='bbox 2223 4524 2424 4579; x_wconf 89' lang='lat' dir='ltr'><strong>familia</strong></span> <span class='ocrx_word' id='word_1_723' title='bbox 2452 4524 2628 4578; x_wconf 88' lang='lat' dir='ltr'><strong>onmis</strong></span> <span class='ocrx_word' id='word_1_724' title='bbox 2650 4522 2916 4593; x_wconf 89' lang='lat' dir='ltr'><strong>imprimis</strong></span> <span class='ocrx_word' id='word_1_725' title='bbox 2943 4523 2995 4578; x_wconf 92' lang='lat' dir='ltr'><strong>in</strong></span> <span class='ocrx_word' id='word_1_726' title='bbox 3019 4533 3293 4594; x_wconf 88' lang='lat' dir='ltr'><strong>stuporem</strong></span> <span class='ocrx_word' id='word_1_727' title='bbox 3315 4532 3368 4579; x_wconf 94' lang='lat' dir='ltr'><strong>et</strong></span> <span class='ocrx_word' id='word_1_728' title='bbox 3391 4523 3805 4580; x_wconf 88' lang='lat' dir='ltr'><strong>admirationem</strong></span> 
     </span>
    </p>
   </div>
   <div class='ocr_carea' id='block_1_102' title="bbox 2224 4613 3807 4687">
    <p class='ocr_par' dir='ltr' id='par_1_102' title="bbox 2224 4613 3807 4687">
     <span class='ocr_line' id='line_1_102' title="bbox 2224 4613 3807 4687; baseline -0.004 -16"><span class='ocrx_word' id='word_1_729' title='bbox 2224 4630 2377 4671; x_wconf 87' lang='lat' dir='ltr'><strong>versa</strong></span> <span class='ocrx_word' id='word_1_730' title='bbox 2430 4613 2591 4687; x_wconf 88' lang='lat' dir='ltr'><strong>[est];</strong></span> <span class='ocrx_word' id='word_1_731' title='bbox 2627 4615 2749 4677; x_wconf 84' lang='lat' dir='ltr'><strong>inde</strong></span> <span class='ocrx_word' id='word_1_732' title='bbox 2778 4614 2885 4669; x_wconf 79' lang='lat' dir='ltr'><strong>alio</strong></span> <span class='ocrx_word' id='word_1_733' title='bbox 2930 4629 2989 4671; x_wconf 89' lang='lat' dir='ltr'><strong>se</strong></span> <span class='ocrx_word' id='word_1_734' title='bbox 3040 4614 3127 4669; x_wconf 91' lang='lat' dir='ltr'><strong>illa</strong></span> <span class='ocrx_word' id='word_1_735' title='bbox 3166 4624 3322 4670; x_wconf 89' lang='lat' dir='ltr'><strong>nocte</strong></span> <span class='ocrx_word' id='word_1_736' title='bbox 3361 4614 3657 4671; x_wconf 85' lang='lat' dir='ltr'><strong>contulisse</strong></span> <span class='ocrx_word' id='word_1_737' title='bbox 3700 4630 3807 4684; x_wconf 87' lang='lat' dir='ltr'><strong>pu-</strong></span> 
     </span>
    </p>
   </div>
   <div class='ocr_carea' id='block_1_103' title="bbox 2224 4704 3808 4778">
    <p class='ocr_par' dir='ltr' id='par_1_103' title="bbox 2224 4704 3808 4778">
     <span class='ocr_line' id='line_1_103' title="bbox 2224 4704 3808 4778; baseline 0 -18"><span class='ocrx_word' id='word_1_738' title='bbox 2224 4716 2417 4769; x_wconf 88' lang='lat' dir='ltr'><strong>tantes,</strong></span> <span class='ocrx_word' id='word_1_739' title='bbox 2479 4707 2758 4775; x_wconf 83' lang='lat' dir='ltr'><strong>quiescere</strong></span> <span class='ocrx_word' id='word_1_740' title='bbox 2805 4704 3202 4778; x_wconf 82' lang='lat' dir='ltr'><strong>[incipiebant],</strong></span> <span class='ocrx_word' id='word_1_741' title='bbox 3248 4722 3370 4762; x_wconf 91' lang='lat' dir='ltr'><strong>cum</strong></span> <span class='ocrx_word' id='word_1_742' title='bbox 3411 4706 3587 4762; x_wconf 90' lang='lat' dir='ltr'><strong>subito</strong></span> <span class='ocrx_word' id='word_1_743' title='bbox 3627 4705 3808 4760; x_wconf 87' lang='lat' dir='ltr'><strong>malus</strong></span> 
     </span>
    </p>
   </div>
   <div class='ocr_carea' id='block_1_104' title="bbox 2223 4797 3805 4868">
    <p class='ocr_par' dir='ltr' id='par_1_104' title="bbox 2223 4797 3805 4868">
     <span class='ocr_line' id='line_1_104' title="bbox 2223 4797 3805 4868; baseline -0.001 -13"><span class='ocrx_word' id='word_1_744' title='bbox 2223 4799 2614 4868; x_wconf 84' lang='lat' dir='ltr'><strong>superveniens</strong></span> <span class='ocrx_word' id='word_1_745' title='bbox 2664 4797 2908 4863; x_wconf 89' lang='lat' dir='ltr'><strong>nuntius,</strong></span> <span class='ocrx_word' id='word_1_746' title='bbox 2935 4814 3059 4854; x_wconf 90' lang='lat' dir='ltr'><strong>eum</strong></span> <span class='ocrx_word' id='word_1_747' title='bbox 3099 4798 3328 4855; x_wconf 89' lang='lat' dir='ltr'><strong>fulmine</strong></span> <span class='ocrx_word' id='word_1_748' title='bbox 3366 4799 3508 4855; x_wconf 90' lang='lat' dir='ltr'><strong>diem</strong></span> <span class='ocrx_word' id='word_1_749' title='bbox 3537 4797 3805 4854; x_wconf 79' lang='lat' dir='ltr'><strong>clausisse</strong></span> 
     </span>
    </p>
   </div>
   <div class='ocr_carea' id='block_1_105' title="bbox 2222 4887 3805 4960">
    <p class='ocr_par' dir='ltr' id='par_1_105' title="bbox 2222 4887 3805 4960">
     <span class='ocr_line' id='line_1_105' title="bbox 2222 4887 3805 4960; baseline 0.001 -20"><span class='ocrx_word' id='word_1_750' title='bbox 2222 4896 2549 4952; x_wconf 83' lang='lat' dir='ltr'><strong>extremum,</strong></span> <span class='ocrx_word' id='word_1_751' title='bbox 2616 4888 2915 4942; x_wconf 89' lang='lat' dir='ltr'><strong>asserebat.</strong></span> <span class='ocrx_word' id='word_1_752' title='bbox 2974 4888 3370 4944; x_wconf 78' lang='lat' dir='ltr'><strong>Advolantibus</strong></span> <span class='ocrx_word' id='word_1_753' title='bbox 3426 4889 3609 4960; x_wconf 91' lang='lat' dir='ltr'><strong>itaque</strong></span> <span class='ocrx_word' id='word_1_754' title='bbox 3672 4887 3805 4942; x_wconf 85' lang='lat' dir='ltr'><strong>illnc</strong></span> 
     </span>
    </p>
   </div>
   <div class='ocr_carea' id='block_1_106' title="bbox 2222 4974 3802 5048">
    <p class='ocr_par' dir='ltr' id='par_1_106' title="bbox 2222 4974 3802 5048">
     <span class='ocr_line' id='line_1_106' title="bbox 2222 4974 3802 5048; baseline 0 -19"><span class='ocrx_word' id='word_1_755' title='bbox 2222 4974 2312 5031; x_wconf 87' lang='lat' dir='ltr'><strong>ubi</strong></span> <span class='ocrx_word' id='word_1_756' title='bbox 2340 4976 2572 5031; x_wconf 90' lang='lat' dir='ltr'><strong>cadaver</strong></span> <span class='ocrx_word' id='word_1_757' title='bbox 2609 4975 2842 5043; x_wconf 88' lang='lat' dir='ltr'><strong>jacebat,</strong></span> <span class='ocrx_word' id='word_1_758' title='bbox 2889 4977 3305 5048; x_wconf 85' lang='lat' dir='ltr'><strong>quampluribus</strong></span> <span class='ocrx_word' id='word_1_759' title='bbox 3340 4977 3802 5037; x_wconf 82' lang='lat' dir='ltr'><strong>adolescentibus,</strong></span> 
     </span>
    </p>
   </div>
   <div class='ocr_carea' id='block_1_107' title="bbox 2222 5065 3800 5137">
    <p class='ocr_par' dir='ltr' id='par_1_107' title="bbox 2222 5065 3800 5137">
     <span class='ocr_line' id='line_1_107' title="bbox 2222 5065 3800 5137; baseline -0.002 -14"><span class='ocrx_word' id='word_1_760' title='bbox 2222 5068 2276 5123; x_wconf 92' lang='lat' dir='ltr'><strong>id</strong></span> <span class='ocrx_word' id='word_1_761' title='bbox 2303 5067 2356 5122; x_wconf 90' lang='lat' dir='ltr'><strong>in</strong></span> <span class='ocrx_word' id='word_1_762' title='bbox 2384 5066 2547 5137; x_wconf 90' lang='lat' dir='ltr'><strong>lignis</strong></span> <span class='ocrx_word' id='word_1_763' title='bbox 2579 5065 2792 5122; x_wconf 90' lang='lat' dir='ltr'><strong>funibus</strong></span> <span class='ocrx_word' id='word_1_764' title='bbox 2833 5069 3097 5124; x_wconf 84' lang='lat' dir='ltr'><strong>connexis</strong></span> <span class='ocrx_word' id='word_1_765' title='bbox 3149 5069 3324 5123; x_wconf 90' lang='lat' dir='ltr'><strong>tulere</strong></span> <span class='ocrx_word' id='word_1_766' title='bbox 3371 5072 3588 5124; x_wconf 87' lang='lat' dir='ltr'><strong>domum</strong></span> <span class='ocrx_word' id='word_1_767' title='bbox 3616 5085 3628 5120; x_wconf 92' lang='lat'>:</span> <span class='ocrx_word' id='word_1_768' title='bbox 3654 5072 3800 5136; x_wconf 81' lang='lat' dir='ltr'><strong>quod</strong></span> 
     </span>
    </p>
   </div>
  </div>
