4110 5362
343 140 450 193 915

1866 156 2067 209 ACTA.

3491 165 3595 222 SM

341 259 496 328 longe
525 274 555 312 a
585 260 848 314 cadavere
874 261 1012 315 intra
1049 262 1172 316 folia
1209 276 1547 334 repererunt.
1575 266 1700 324 Haec
1725 269 1906 341 igitur,
1938 281 1983 336 Α
2016 273 2256 341 meisque
2293 274 2580 343 acquiesce
2609 277 2874 343 consiliis,
2911 293 2976 332 ne
3015 277 3365 335 immaturum
3399 295 3599 359 cqrpus

337 349 460 417 quia
489 347 841 414 inevitabilia,
875 351 1056 406 multis
1089 355 1410 411 mortalibus
1439 372 1606 428 prope
1650 359 1914 431 longeque

336 443 682 497 manentibus
721 458 818 512 pro
862 454 1104 513 tempore
1153 446 1430 504 incussere
1462 460 1692 518 metum;
1724 468 1910 508 verum

331 533 397 596 ad
424 530 640 587 soiitum
677 549 813 604 opus
860 536 1072 591 rediere
1120 539 1359 607 quidam.
1400 540 1535 596 Nam
1567 558 1780 614 semper
1810 546 1908 600 ho-

331 623 523 688 mines,
541 626 736 694 quibus
761 641 893 695 opes
916 628 1075 685 nulla:
1102 631 1184 684 vel
1212 648 1392 701 parva:
1415 645 1541 689 sunt
1558 637 1690 706 (imo
1709 639 1906 705 dicam,

327 716 471 782 quod
499 717 893 774 intolerabilius
916 722 1020 790 est)
1046 722 1098 776 hi
1127 722 1416 790 interdum,
1438 727 1632 796 quibus
1659 733 1907 785 secunda:

329 821 415 861 res
439 818 565 862 sunt
600 817 655 864 et
678 810 878 866 divitia:
906 813 1110 881 multae,
1139 814 1298 873 furtis
1325 827 1378 873 et
1407 817 1712 887 fraudibus,
1745 823 1904 877 modo

323 897 552 964 possint,
587 899 834 968 aluntur;
865 903 961 958 sed
984 913 1043 958 ut
1064 907 1200 962 alias
1229 908 1426 978 saepius
1456 909 1740 965 retulimus
1767 928 1900 968 con-

321 988 612 1046 ducibilius
639 1001 782 1048 esset
807 1008 965 1050 secus
1005 996 1172 1054 vitam
1200 997 1518 1057 instituisse.
1548 999 1698 1057 Nunc
1725 1004 1794 1057 ad
1820 1019 1902 1058 re-

318 1077 484 1148 liqua.

384 1167 512 1226 26L
558 1170 851 1248 Presbyter
894 1178 1142 1248 quidam,
1197 1178 1430 1239 Jacobus
1483 1186 1722 1248 nomine,
1768 1186 1895 1241 olim

316 1258 479 1328 hujus
527 1257 842 1321 monasterii
892 1267 951 1322 8.
997 1268 1180 1324 Μαι-ἕω
1223 1274 1542 1342 monachus;
1579 1292 1765 1333 verum
1795 1295 1897 1335 nec

312 1364 570 1421 expresse
588 1369 684 1411 seu
698 1356 924 1413 solemni
935 1369 1014 1414 ter
1027 1360 1305 1430 professus
1317 1363 1456 1435 [erat
1470 1365 1500 1438 |,
1518 1368 1652 1423 bene
1666 1367 1892 1444 [tamen]

312 1445 510 1501 tacitus
533 1465 548 1501 :
571 1464 696 1503 nam
723 1460 974 1506 octavum
1004 1462 1058 1508 et
1095 1455 1367 1511 decimum
1405 1456 1520 1525 jam
1557 1462 1750 1532 agebat
1791 1477 1893 1518 an-

307 1549 458 1600 num,
485 1552 608 1593 cum
643 1540 834 1614 Puppii
876 1546 930 1600 in
955 1545 1012 1602 S.
1046 1547 1248 1605 Fidelis
1275 1551 1436 1620 hujus
1467 1553 1745 1625 religionis
1774 1573 1891 1613 mo—

2017 371 2195 426 teri-aa,
2228 362 2463 417 animam
2514 378 2641 418 vero
2683 375 2886 419 :eterno
2935 365 3184 420 incendio
3221 369 3441 435 tradas;
3498 381 3595 427 aut

2014 449 2252 505 habitum
2311 467 2492 519 sume,
2536 469 2694 523 quem
2746 465 2924 509 mente
2973 464 3220 525 proterva
3267 457 3592 532 deseruisti;

2013 548 2126 606 aut,
2153 542 2197 596 si
2249 541 2352 597 hoc
2391 557 2495 596 non
2535 542 2727 612 placet,
2763 544 2897 600 istoc
2927 545 3127 610 utitor;
3170 545 3254 602 fac
3299 557 3506 618 votum,
3536 561 3596 609 ct

2010 646 2110 701 ego
2161 648 2265 687 una
2305 642 2480 688 tecum
2532 632 2852 709 [faciam],
2902 639 3181 693 annuatim
3218 639 3271 694 in
3309 641 3477 711 ipsius
3526 644 3587 702 S.

2007 720 2228 776 Joannis
2257 721 2544 779 festivitate
2571 723 2590 796 ι
2613 724 2711 796 ut]
2742 727 3010 782 nonnullae
3038 729 3212 784 Missa:
3238 732 3585 790 celebrentur

2007 815 2059 869 in
2097 818 2179 872 sui
2213 817 2422 874 laudem
2451 829 2506 875 et
2539 822 2724 884 decus,
2757 829 2811 876 et
2833 821 2946 889 jam
2983 834 3102 880 esto
3145 841 3405 884 securus:
3457 846 3581 888 natn

2006 908 2138 962 nihil
2195 919 2278 965 est
2327 910 2470 980 quod
2523 911 2752 981 amplius
2799 928 3040 980 vereare,
3096 917 3169 971 mi
3223 917 3318 972 ﬁli.
3375 921 3582 986 Voveo,

2005 1000 2179 1070 inquit
2213 1001 2320 1070 ille,
2364 1018 2429 1059 ac
2455 1003 2645 1060 lubens
2673 1003 2901 1070 faciam,
2937 1021 3035 1062 nec
3065 1006 3191 1064 illuc
3222 1010 3428 1078 redibo,
3479 1013 3581 1069 nisi

2000 1092 2150 1159 prius
2177 1093 2260 1148 ha:
2289 1093 2466 1151 Missa:
2491 1095 2854 1154 celebrentur.
2883 1098 2989 1156 lies
3037 1101 3208 1158 mira!
3259 1120 3385 1161 mox
3435 1106 3580 1164 cele-

2000 1178 2166 1236 bratis
2192 1181 2387 1247 Missis,
2419 1184 2566 1241 solus
2587 1195 2643 1242 et
2673 1187 2895 1245 inermis
2923 1204 2981 1245 se
3007 1192 3074 1246 ad
3102 1192 3388 1250 ecclesiam
3423 1210 3580 1253 suam

1996 1270 2303 1338 conferens,
2335 1274 2564 1330 libenter
2587 1277 2932 1350 jucundoque
2967 1281 3150 1337 animo
3183 1283 3252 1338 ab
3279 1285 3533 1343 omnibus
3553 1324 3576 1355 ,

1995 1363 2154 1432 paulo
2183 1375 2309 1420 ante
2338 1365 2732 1436 infensissimis,
2761 1371 3046 1442 accipitur,
3089 1382 3145 1428 et
3172 1375 3463 1443 hactenus,
3513 1385 3580 1436 ut

1992 1455 2228 1525 percepi,
2259 1457 2513 1513 omnibus
2555 1474 2772 1531 semper
2799 1477 2960 1519 carus
3005 1472 3062 1519 et
3106 1475 3291 1537 gratus
3341 1467 3576 1528 exstitit.

1991 1545 2122 1611 Quis
2175 1547 2337 1618 igitur
2388 1550 2533 1606 hunc
2589 1553 2991 1610 sanctissimum
3037 1554 3297 1614 Joannem
3349 1559 3461 1616 suis
3515 1560 3574 1619 in

305 1630 546 1685 macria
596 1635 697 1690 sub
744 1634 808 1690 ι),
857 1639 1092 1695 Antonio
1146 1652 1504 1710 procuratore
1558 1663 1664 1702 una
1718 1649 1882 1705 vitam
1916 1635 1960 1694 Β
1990 1637 2406 1694 necessitatibus
2453 1656 2559 1696 non
2609 1643 2926 1700 advocatum
2958 1655 3012 1701 et
3047 1655 3335 1717 patronum
3379 1651 3574 1722 suique

301 1714 645 1778 duceremus.
701 1723 824 1792 Hic,
857 1730 1043 1786 nescio
1068 1746 1176 1801 quo
1217 1733 1359 1789 malo
1391 1735 1632 1793 dzcmone
1661 1737 1883 1809 instiga-

303 1812 412 1871 ιω,
462 1807 709 1867 habitum
763 1830 874 1871 sua:
932 1819 1204 1890 religionis
1257 1838 1539 1892 spernens,
1593 1837 1645 1880 et
1700 1807 1881 1883 abvse

298 1910 524 1966 exuens,
559 1901 664 1957 huc
695 1904 844 1972 illuc,
877 1916 934 1963 ut
962 1910 1136 1966 malus
1164 1921 1218 1967 et
1249 1923 1518 1980 apostata,
1550 1915 1748 1973 nullius
1779 1932 1876 1972 ve-

297 1992 570 2046 recundia:
601 1996 814 2066 signum
845 2001 1086 2056 moribus
1122 2002 1206 2058 vel
1254 2003 1402 2060 vultu
1454 2006 1722 2075 indicans,
1779 2024 1878 2078 per

295 2076 571 2137 Casentini
607 2083 920 2144 ceclesiolas
949 2093 1274 2161 vagabatur;
1305 2111 1465 2165 quem
1491 2099 1738 2166 memini,
1756 2098 1873 2169 jam

292 2174 651 2236 praesentibus
693 2177 814 2235 aliis
844 2183 1196 2254 presbyteris,
1225 2201 1346 2242 cum
1372 2203 1478 2245 non
1505 2191 1870 2260 erubesceret,

290 2260 459 2348 etiam
495 2262 757 2334 Puppium
781 2269 899 2326 sine
945 2271 1004 2328 8.
1047 2272 1274 2332 Joannis
1297 2287 1562 2348 praetexta
1606 2282 1790 2338 venire
1816 2293 1870 2338 et

290 2347 482 2405 olIiciis
521 2360 576 2424 et
622 2353 798 2412 Missa:
835 2375 940 2414 una
985 2377 1108 2418 cum
1137 2347 1350 2423 caeteris
1391 2369 1679 2440 religiosis,
1711 2371 1856 2442 quod

292 2436 433 2498 haud
459 2450 694 2510 poterat,
739 2446 868 2516 ipsis
897 2450 1102 2520 invitis,
1153 2454 1420 2515 interesse
1463 2436 1770 2536 [voluissej,
1801 2480 1867 2521 eo

288 2529 458 2584 semel
482 2547 511 2586 a
539 2535 762 2604 praefato
792 2539 856 2593 D.
885 2541 1122 2600 Antonio
1150 2560 1365 2603 summo
1393 2529 1516 2606 cum
1540 2529 1808 2612 dedecore
1834 2571 1865 2610 e

289 2618 347 2672 8.
376 2619 541 2716 Marci
571 2627 819 2703 ecclesia,
849 2646 970 2701 quae
999 2633 1188 2707 Puppii
1217 2648 1322 2706 est,
1364 2643 1562 2712 populo
1593 2657 1864 2716 praesente

285 2711 538 2770 cenvitiis
563 2717 737 2786 pulso.
769 2721 899 2779 Inde
938 2723 1144 2783 factum
1174 2739 1278 2797 est,
1329 2711 1389 2788 ut
1425 2711 1680 2806 oppidum
1727 2738 1857 2798 illud

285 2818 577 2876 numquam
603 2821 793 2880 postea
821 2816 1070 2885 adiverit,
1101 2821 1206 2879 nisi
1235 2825 1361 2881 dum
1387 2829 1711 2887 sacerdotali
1738 2832 1858 2888 οω-

284 2891 370 2946 cio
388 2893 725 2967 fungeretur.

1982 1726 2322 1784 defensorem
2374 1733 2724 1801 requisierit,
2785 1752 2908 1792 cum
2964 1739 3088 1806 hoc,
3143 1749 3195 1796 et
3240 1742 3363 1798 aliis
3416 1744 3571 1802 miris

1983 1818 2243 1888 prodigiis
2273 1820 2391 1876 luce
2428 1822 2626 1880 clarius
2657 1836 2888 1896 constet,
2934 1844 3060 1884 eum
3087 1846 3192 1887 non
3237 1832 3410 1888 solum
3465 1837 3567 1892 sibi

1981 1908 2240 1979 religione
2288 1911 2617 1982 conjunctis,
2670 1918 2764 1974 sed
2799 1920 3049 1976 omnibus
3099 1923 3262 1978 etiam
3289 1927 3566 1983 extraneis

1976 2010 2173 2069 praesto
2201 2002 2267 2058 ad
2297 2004 2557 2060 auxilium
2590 2019 2645 2064 et
2673 2009 2738 2064 ad
2769 2025 2924 2079 opem
2957 2011 3233 2068 ferendam
3273 2029 3392 2072 esse
3414 2017 3440 2071 ?

2609 2097 2786 2156 PARS
2828 2099 2913 2155 ll].

2043 2181 2167 2237 264.
2193 2183 2490 2240 Laudabile
2516 2187 2690 2243 visum
2716 2198 2819 2256 est,
2852 2188 2956 2262 [ut]
2993 2189 3078 2246 his
3108 2190 3166 2247 8.
3189 2190 3416 2250 Joannis
3437 2208 3562 2266 pro-

1972 2271 2134 2342 digiis
2163 2274 2330 2343 aliud,
2363 2279 2506 2347 quod
2540 2277 2560 2350 [
2590 2279 2657 2334 de
2683 2277 2706 2351 ]
2736 2289 2935 2336 nostrae
2977 2284 3316 2352 tempestatis
3351 2285 3562 2343 duobus

1971 2364 2214 2418 linitimis
2242 2367 2509 2436 eremitis,
2564 2369 2656 2439 qui
2682 2369 2737 2424 in
2770 2370 3010 2440 dedecus
3040 2372 3202 2444 hujus
3241 2377 3557 2433 monasterii

1969 2451 2119 2520 plura
2147 2464 2202 2509 et
2229 2455 2417 2512 dixere
2466 2467 2520 2512 et
2549 2471 2708 2528 egere
2755 2459 2930 2530 turpia
2957 2500 2973 2527 ,
3042 2461 3312 2520 inseram:
3364 2480 3556 2522 verum

1965 2542 2115 2610 prius
2142 2543 2208 2598 de
2241 2545 2346 2600 situ
2381 2545 2486 2602 loci
2515 2548 2705 2617 paucis
2733 2549 3018 2605 disseram.
3049 2549 3105 2606 In
3149 2551 3291 2624 jugis
3320 2553 3547 2626 hujusce

1964 2640 2160 2689 nostrae
2184 2633 2332 2705 Alpis
2358 2651 2512 2693 mons
2532 2653 2776 2703 saxosus,
2802 2643 3157 2712 asperrimus,
3195 2645 3470 2718 incultusq
3481 2662 3550 2703 ue

1962 2732 2176 2791 exstat;
2216 2725 2308 2795 qui
2360 2727 2578 2797 quidem
2624 2745 2693 2785 ex
2742 2746 2805 2786 ea
2850 2741 3032 2803 parte,
3084 2749 3204 2804 qua:
3261 2739 3544 2796 meridiem

1960 2826 2282 2870 occasumve
2340 2826 2580 2886 spectat,
2655 2835 2817 2890 rupes
2871 2823 3188 2891 horribiles,
3239 2828 3548 2882 confractas

1963 2907 2342 2979 abscissasque
2362 2909 2525 2966 habet
2561 2913 2757 2968 mirum
2785 2913 2839 2969 in
2871 2915 3113 2983 modum,
3160 2934 3280 2988 quae
3307 2920 3360 2975 in
3393 2931 3546 2977 vasta

351 2983 475 3040 962.
519 2987 616 3046 Hic
647 2992 825 3064 itaque
873 3013 994 3054 cum
1045 3017 1152 3058 non
1208 3006 1379 3063 ιηηιιο
1415 3019 1534 3080 post
1567 3013 1858 3082 quamdam
1887 2973 1932 3035 (ἶ
1964 2973 2565 3058 solitudine-horrorem
2589 3005 2979 3074 aspicientibus
3009 3024 3114 3063 nou
3142 3025 3366 3078 parvum
3392 3010 3544 3064 incu-

279 3070 340 3126 S.
392 3074 578 3135 Maria
623 3083 908 3142 ecclesiam
960 3089 1014 3144 in
1067 3091 1188 3149 loco
1240 3097 1334 3166 qui
1381 3070 1516 3154 A-ma
1571 3070 1858 3161 vernacula

277 3161 459 3236 lingua
486 3168 683 3226 dicitur
714 3173 734 3245 (
756 3175 908 3232 abest
934 3179 1078 3236 enim
1109 3196 1140 3238 a
1186 3161 1370 3243 monte
1398 3188 1644 3246 Alvernaa
1688 3191 1858 3252 ferme

274 3266 512 3357 quatuor
539 3263 705 3357 millia
746 3283 1000 3337 passuum
1019 3273 1045 3344 Δ)
1077 3274 1147 3330 ab
1174 3275 1440 3351 Episcopo
1469 3281 1696 3340 Aretino
1733 3285 1856 3357 jure

271 3350 596 3408 sacerdotali
624 3355 984 3427 impetrasset,
1011 3363 1062 3418 in
1093 3373 1301 3422 tantum
1332 3350 1553 3427 suorum
1576 3350 1852 3432 hominum

270 3435 454 3492 odium
490 3451 545 3496 et
582 3443 896 3506 inimicitias
939 3454 1197 3523 capitales
1244 3460 1314 3514 ob
1357 3467 1600 3530 stuprum
1637 3465 1850 3520 cuidam

267 3526 464 3594 puella:
502 3530 704 3588 illatum
765 3536 916 3594 brevi
968 3541 1206 3612 devenit,
1258 3555 1315 3600 ut
1377 3526 1596 3618 quidam
1642 3568 1709 3607 ex
1766 3554 1851 3610 his

267 3620 487 3676 rusticis
532 3625 722 3694 puellae
773 3629 1033 3690 afﬁnitate
1098 3636 1482 3714 [conjunctis]
1527 3644 1628 3700 sibi
1676 3647 1848 3717 magis

264 3710 486 3780 infensi,
523 3720 717 3789 sa-pius
747 3724 986 3796 undique
1041 3732 1232 3786 armati
1278 3710 1626 3792 convolarent
1676 3739 1846 3811 (Talis

263 3801 410 3857 enim
441 3807 522 3861 eis
548 3824 666 3866 mos
692 3822 774 3867 est
800 3831 815 3881 ;
843 3831 948 3871 non
983 3827 1188 3876 tantum
1233 3825 1431 3890 verbis,
1462 3841 1646 3882 verum
1678 3831 1842 3886 etiam

261 3902 474 3949 armata
531 3912 692 3954 manu
731 3900 822 3972 jus
865 3919 1023 3960 suum
1054 3910 1383 3983 exquirere)
1429 3913 1564 3987 [et]
1617 3916 1670 3971 in
1718 3933 1840 3974 eum

259 3980 538 4040 interdum
589 3992 656 4044 de
711 3991 1004 4064 improviso
1057 3980 1371 4068 praedonum
1415 3980 1566 4060 more
1616 4006 1842 4065 infestos

259 4069 492 4141 impetus
535 4077 798 4150 facerent,
855 4093 966 4141 tum
1017 4089 1177 4146 minis
1225 4093 1522 4162 atrocibus,
1551 4095 1840 4167 ﬂagrisqmt

257 4160 548 4222 hostilibus
605 4169 947 4243 impeterent,
1005 4177 1078 4234 ita
1135 4190 1196 4236 ut
1239 4199 1362 4239 cum
1420 4160 1668 4243 manibus
1717 4160 1838 4246 sese

1966 3089 2122 3145 tiunt.
2159 3091 2308 3146 Inter
2335 3093 2470 3149 duas
2498 3093 2662 3164 igitur
2692 3111 2852 3166 rupes
2896 3107 3078 3153 vastas
3128 3102 3316 3170 ingens
3346 3115 3542 3157 saxum

1960 3181 2015 3236 in
2044 3182 2321 3239 Orientem
2353 3186 2670 3257 porrigitur,
2716 3188 2770 3241 in
2801 3189 2952 3259 cujus
2997 3190 3340 3246 eminentiori
3385 3201 3544 3262 parte

1956 3274 2284 3344 conspicitur
2311 3277 2610 3332 oratorium
2652 3279 2786 3334 satis
2813 3281 3194 3335 venerabiliter
3217 3291 3272 3337 et
3315 3284 3540 3352 pulchre

1956 3374 2345 3433 constructum,
2375 3370 2518 3438 quod
2546 3384 2614 3424 ex
2648 3385 2752 3424 una
2795 3380 2949 3440 parte
2991 3381 3109 3428 atra
3137 3373 3292 3428 silice
3309 3373 3536 3444 jamjam

1955 3457 2166 3510 ruinam
2217 3456 2480 3525 minante,
2515 3473 2584 3514 ex
2629 3460 2800 3514 altera
2855 3475 2982 3516 vero
3029 3461 3173 3517 casis
3218 3462 3535 3519 humillimis

1952 3545 2362 3612 circumdatur;
2417 3562 2577 3617 quem
2625 3548 2847 3616 locum,
2903 3549 2992 3620 qui
3045 3550 3194 3621 prius
3239 3551 3529 3619 habuerit,

1950 3639 2139 3708 paucis
2163 3639 2378 3710 aperire
2405 3640 2632 3706 curabo,
2660 3641 2784 3696 inde
2813 3642 2879 3697 ad
2906 3643 3179 3712 inceptum
3213 3643 3418 3698 redibo.

2017 3729 2142 3784 265.
2182 3730 2446 3800 Tempore
2490 3731 2672 3802 itaque
2723 3731 2948 3804 Eugenii
3000 3734 3196 3788 summi
3247 3733 3524 3792 Pontiﬁcis

1945 3820 2011 3876 IV
2038 3821 2246 3876 exstitit
2273 3822 2698 3878 molendinarius
2725 3825 2964 3894 quidam,
2993 3824 3078 3879 cui
3104 3839 3296 3880 nomen
3320 3826 3520 3894 Marco,

1944 3915 2008 3966 de
2039 3913 2173 3968 valle
2201 3929 2364 3983 quam
2387 3909 2635 3985 vulgares
2661 3925 2715 3971 et
2747 3917 2940 3987 plebeii
2971 3915 3243 3972 Chiantim
3296 3931 3512 3975 vocant.

1943 4002 2040 4059 Hic
2084 4003 2390 4074 imprimis,
2437 4008 2539 4062 etsi
2609 4023 2810 4078 egenus
2858 4024 3037 4062 rerum
3093 4010 3515 4076 temporalium,

1943 4101 2117 4148 tamen
2145 4095 2311 4148 vitam
2335 4111 2486 4149 suam
2518 4111 2668 4150 more
2699 4097 3001 4165 priscorum
3039 4098 3319 4151 beatorum
3367 4099 3515 4153 viro—

1940 4200 2057 4239 rum
2106 4184 2374 4249 inStituit,
2427 4201 2591 4255 parce
2635 4201 2700 4241 ac
2746 4187 2953 4241 duriter
3001 4187 3207 4255 vivens,
3255 4189 3516 4244 ecclesias

257 4251 429 4308 ultum
473 4258 574 4325 ire,
626 4270 736 4317 tum
765 4266 894 4335 quia
943 4275 1218 4338 sacerdos,
1256 4283 1368 4330 tum
1398 4278 1527 4346 quia
1561 4279 1732 4345 solus,
1779 4282 1834 4336 in
1864 4308 1914 4367 ι)
1941 4277 2252 4346 frequenter
2283 4251 2491 4341 adiens,
2544 4278 2892 4348 pauperibus.
2942 4286 3000 4332 ut
3043 4287 3270 4346 poterat,
3323 4278 3513 4335 alimo-

257 4343 454 4367 .......--
507 4347 563 4367 ι,
633 4353 646 4367 .
845 4365 851 4367 Α
1357 4365 1365 4367 _
1533 4366 1544 4367 ,
2411 4366 2422 4367 ,

256 4343 456 4401 multos
505 4347 648 4404 haud
677 4365 878 4422 posset,
933 4370 1219 4432 cogeretur
1246 4343 1472 4433 genibus
1520 4366 1674 4422 ﬂexis
1718 4343 1832 4424 rem

253 4448 478 4506 "983m.
527 4438 646 4512 [et,
689 4445 794 4519 ut]
849 4449 949 4505 sibi
998 4463 1304 4520 parcerent,
1353 4471 1531 4512 orare.
1566 4457 1832 4515 Caeterum

252 4542 376 4581 cum
423 4532 746 4590 rusticorum
773 4539 965 4596 durmn
997 4559 1163 4614 genus
1193 4547 1333 4601 haud
1363 4547 1689 4616 ﬂecteretur,
1722 4552 1831 4605 imo

250 4617 492 4697 atrocius
521 4620 694 4691 fieret,
727 4626 890 4683 alium
919 4629 1036 4687 loco
1064 4634 1146 4688 sui
1179 4650 1244 4689 ex
1294 4636 1533 4706 ipsormn
1561 4642 1828 4698 sententia

251 4706 590 4801 relinquens,
614 4716 680 4770 ad
703 4716 889 4774 aﬂincs
915 4731 971 4775 et
996 4723 1328 4795 prOpinquos
1356 4727 1445 4796 qui
1475 4727 1616 4785 haud
1640 4733 1832 4801 procul

247 4799 497 4874 aberant,
556 4807 866 4874 convolans,
917 4812 1041 4870 inde
1087 4817 1287 4872 domun
1334 4821 1606 4890 propriam
1642 4825 1826 4881 adiens

246 4891 584 4958 genitoribus
611 4901 725 4956 suis
754 4917 867 4958 rem
890 4919 1106 4962 omnem
1137 4911 1369 4978 aperuit.

319 4981 446 5038 265.
478 4983 676 5042 Verum
706 5006 829 5047 cum
876 4995 927 5048 vi
976 4998 1262 5054 ecclesiam
1294 5013 1448 5053 suam
1506 5018 1825 5073 recuperare

247 5071 434 5137 vellet,
487 5077 614 5146 quia
656 5097 743 5140 res
793 5099 981 5154 parum
1035 5089 1086 5143 ei
1132 5101 1493 5158 processerat,
1544 5096 1818 5165 ignorans,

243 5162 374 5228 quid
419 5166 472 5219 in
524 5182 584 5223 re
629 5180 738 5228 tam
791 5179 961 5232 atroci
1011 5188 1155 5234 esset
1197 5179 1488 5251 agendum,
1519 5162 1816 5242 mstuabat:

243 5251 344 5309 Cui
376 5267 570 5321 mater,
601 5262 725 5330 quia
759 5266 1007 5335 religiosa
1039 5268 1137 5341 et[
1168 5272 1253 5340 pia
1279 5279 1418 5337 erat,
1448 5270 1467 5344 ]
1521 5285 1664 5331 recte
1692 5293 1820 5333 con-

1939 4367 2084 4420 niam
2113 4368 2376 4436 praebens.
2406 4366 2456 4421 ls
2481 4367 2712 4437 denique
2740 4383 2907 4422 uxore
2936 4369 3182 4434 orbatus,
3209 4368 3347 4424 filios
3377 4370 3514 4426 duos

1934 4455 2060 4511 Jesu
2103 4457 2304 4512 Christi
2352 4458 2574 4513 servitio
2619 4457 2858 4528 obligat:
2911 4474 3035 4513 nam
3085 4460 3210 4514 huic
3263 4460 3510 4532 religioni

1936 4563 2121 4614 unum,
2154 4547 2247 4618 qui
2284 4549 2460 4604 adhuc
2489 4551 2652 4604 vitam
2681 4551 2820 4605 hanc
2846 4551 2998 4616 vivit,
3032 4551 3260 4608 alterum
3290 4551 3509 4608 Gamal-

1933 4637 2163 4702 dulensi,
2189 4638 2281 4708 qui
2318 4644 2570 4708 praesenti
2600 4641 2713 4694 vita
2744 4639 2961 4695 functus
2987 4652 3090 4706 est,
3122 4651 3180 4697 ut
3205 4643 3321 4712 ipse
3343 4659 3508 4712 expe-

1933 4728 2100 4782 ditius
2137 4726 2263 4783 Jesu
2315 4729 2626 4798 inserviret,
2671 4731 3018 4802 mancipavit.
3074 4733 3202 4788 Inde
3249 4734 3511 4803 quidquid

1931 4820 2029 4875 sibi
2058 4830 2366 4892 supererat,
2394 4823 2722 4891 pauperibus
2771 4823 3034 4886 tribuens,
3081 4824 3258 4880 nudus
3306 4827 3512 4880 nudum

1927 4910 2108 4966 Jesum
2140 4912 2333 4968 statuit
2359 4913 2531 4980 sequi.
2576 4914 2692 4970 Tali
2737 4914 2919 4982 itaque
2966 4927 3150 4970 mente
3189 4915 3381 4968 devota
3413 4915 3517 4972 hoc

1928 5003 1984 5057 S.
2019 5003 2199 5060 Maria:
2242 5005 2628 5062 monasterium
2664 5003 2980 5074 suppliciter
3021 5006 3236 5070 adiens,
3283 5017 3317 5058 a
3353 5001 3418 5056 Β.
3449 5005 3516 5062 D.

1924 5093 2142 5152 Placido
2171 5105 2304 5149 tunc
2329 5095 2558 5164 Abbate,
2588 5114 2696 5153 non
2728 5095 2997 5162 habitum,
3029 5111 3225 5155 verum
3254 5098 3520 5166 temporis

1924 5189 2302 5257 probationem
2324 5186 2483 5243 facile
2513 5189 2847 5262 impetravit.

1991 5277 2205 5333 266.1n
2257 5275 2361 5332 hoc
2413 5277 2596 5349 itaque
2650 5279 2710 5334 S.
2760 5277 2945 5332 Mariae
3020 5275 3361 5336 monasterio
3413 5293 3516 5347 per
