4110 5362
558 333 662 389 915

1559 311 1641 390 ε.
1684 337 1967 394 JOANNIS
2005 339 2399 395 GUALBERTI
2441 340 2731 395 ABBATIS

3723 341 3834 394 916

560 449 690 518 priis
716 445 901 516 aspexi
945 445 1114 501 oculis
1163 445 1427 517 (aderam
1459 449 1651 518 enim)
1702 450 1878 506 hieme
1927 467 2142 522 aspera,
2174 460 2219 516 Α
2251 453 2423 510 Missa:
2474 454 2788 520 audienda,
2842 455 3058 525 quando
3111 454 3370 511 deformis
3412 455 3607 511 stridet
3654 455 3834 512 hiem!

560 539 652 593 \iii
679 547 831 594 veste
861 547 914 592 et
945 537 1160 606 palliolo
1185 546 1473 593 contentus
1508 541 1674 594 etiam
1709 541 1866 596 nudis
1914 543 2142 610 pedibus

560 635 703 687 inter
727 631 876 685 nives
904 639 958 683 et
987 638 1210 698 aSperas
1235 631 1452 701 glacies,
1488 633 1645 687 nobis
1671 632 1784 687 solo
1813 633 1930 688 visu
1959 635 2144 705 rigetr-

564 727 727 790 tibus,
783 724 1107 789 incedebat;
1158 739 1318 793 quem
1361 739 1570 779 morem
1621 724 1754 790 fere,
1809 726 1934 781 dum
1985 726 2142 792 vixit,

559 814 818 870 servavit.
847 813 992 867 lnter
1019 824 1235 879 caetera,
1263 830 1383 884 qua:
1424 815 1778 884 spiritualiter
1803 831 1908 871 non
1955 833 2144 888 super-

559 903 770 962 stitiose
793 912 978 976 ageret
1019 905 1088 958 ad
1127 919 1346 960 carnem
1389 905 1744 960 edomandam
1795 914 1950 971 erat,
2001 906 2145 976 quod

497 1069 511 1078 _
559 996 894 1052 creberrime
927 997 1074 1052 intus
1115 1007 1171 1052 et
1206 998 1340 1054 foris
1374 1000 1516 1054 nuda
1563 1014 1736 1070 genua
1790 1001 1948 1056 nuda:
1995 1001 2143 1055 humi

559 1083 832 1142 ﬂeetebat.
860 1086 1082 1156 Insuper
1109 1086 1322 1156 qudties
1363 1103 1463 1142 nos
1489 1089 1645 1158 pueri
1687 1089 1860 1160 gratia
1899 1088 2144 1145 exercitii

562 1173 649 1230 vel
674 1175 874 1245 quietis
899 1179 967 1231 ad
997 1176 1161 1247 Alpes
1193 1192 1288 1233 seu
1336 1178 1404 1232 ad
1441 1193 1660 1234 nemora
1701 1179 2144 1243 concederemus,

563 1266 652 1321 hic
682 1282 790 1322 una
828 1281 1044 1337 semper
1088 1268 1368 1324 nobiscum
1402 1271 1505 1324 iter
1552 1270 1997 1340 aggrediebatur:
2031 1287 2149 1328 mo-

564 1373 715 1424 nere,
758 1359 961 1413 hortari
990 1359 1058 1414 ad
1088 1359 1331 1426 meliora,
1384 1361 1450 1414 ad
1480 1360 1644 1414 vitam
1674 1370 1956 1427 :eternam,
2005 1376 2144 1416 nun-

563 1463 726 1520 quam
758 1449 1042 1506 desistere.

627 1538 937 1594 267.’ldem
968 1541 1134 1610 igitur
1155 1541 1349 1612 saepius
1386 1558 1575 1614 agens,
1622 1542 1902 1598 nobiscum
1955 1558 2150 1598 ascen-

563 1633 696 1688 dens
757 1640 812 1686 et
863 1629 1235 1699 descendens,
1307 1633 1604 1688 solitariam
1681 1633 1896 1688 tandem
1979 1634 2148 1688 vitam

563 1719 804 1792 cupiens,
837 1722 1024 1776 statuit
1054 1733 1256 1788 secum
1303 1739 1446 1789 esse,
1483 1740 1797 1794 secumque,
1833 1733 1892 1778 ut
1927 1725 2146 1789 dicitur,

560 1813 761 1870 vivere.
811 1813 985 1868 Petita
1038 1815 1200 1885 igitur
1246 1817 1502 1871 missione
1551 1827 1608 1871 et
1657 1792 1812 1872 facile
1861 1817 2146 1886 impetrata
2181 1792 2222 1849 Β

563 1907 1032 1976 (nam'noudum
1092 1909 1425 1977 probationis
1486 1909 1730 1964 habitum
1817 1910 2146 1981 acceperat)

563 1997 691 2053 illuc
719 1997 786 2051 ad
816 2012 938 2052 eum
962 1997 1137 2053 locum
1171 1998 1532 2063 inaccessum,
1563 2000 1629 2054 de
1663 2016 1770 2068 quo
1819 2015 1979 2070 supra
2027 2014 2148 2054 ver-

561 2088 690 2143 bum
734 2087 995 2156 fecimus,
1048 2105 1155 2144 non
1186 2091 1304 2145 sine
1346 2091 1578 2145 maxima
1612 2091 1945 2157 ditlicultate,
1995 2092 2149 2146 nobis

562 2177 748 2248 pueris
797 2180 1204 2247 comitantibus,
1262 2190 1317 2235 et
1368 2197 1541 2246 arma,
1591 2183 1787 2252 quibus
1837 2183 2149 2238 caedendum

563 2279 710 2324 esset
733 2283 945 2334 saxum,
977 2269 1295 2335 ferentibus,
1331 2271 1545 2327 demum
1563 2273 1853 2328 concessit.
1883 2272 2151 2328 Cancrum

565 2375 594 2410 a
621 2357 750 2429 Iugo
797 2357 1009 2429 Alpium
1058 2360 1126 2414 ad
1162 2377 1350 2415 saxum
1387 2361 1492 2416 iter
1526 2361 1728 2416 nullum
1772 2371 1929 2418 erat:
1966 2377 2153 2418 omnes

564 2449 711 2505 enim
772 2449 825 2503 in
885 2449 968 2504 his
1019 2449 1178 2516 locis,-
1232 2460 1429 2522 prarter
1483 2462 1628 2507 recta
1680 2453 1894 2516 itinera,
1949 2453 2154 2508 semita:

567 2543 874 2612 prmcipites
898 2551 952 2599 et
982 2543 1238 2600 anfrach
1267 2556 1320 2601 et
1373 2556 1612 2618 anguste
1637 2559 1797 2612 sunt;
1849 2549 1920 2602 ita
1951 2557 2030 2613 ut,
2061 2549 2150 2617 qui

564 2632 843 2702 paululum
902 2634 1177 2703 titubaret,
1232 2636 1383 2707 lapsu
1447 2638 1642 2707 pedum
1696 2637 1747 2692 in
1797 2638 2152 2708 przecipitium

567 2724 734 2795 (quia
764 2725 905 2780 nulla
935 2727 1164 2798 virgulta
1201 2738 1257 2783 et
1282 2729 1478 2799 stirpes
1510 2729 1676 2798 sunt)
1708 2729 2020 2793 laberetur;
2052 2744 2154 2784 nec

565 2816 734 2872 etiam
761 2826 887 2871 sunt
914 2818 1142 2884 radices,
1183 2819 1250 2873 ad
1285 2835 1420 2889 quas
1473 2820 1607 2889 pede
1653 2831 1746 2876 aut
1795 2837 1955 2874 manu
2007 2823 2154 2891 quis-

569 2919 731 2975 quam
767 2908 896 2963 eniti
949 2909 1159 2979 possit;
1216 2920 1426 2980 utpote
1479 2911 1603 2980 quia
1638 2911 1753 2965 loca
1782 2912 1932 2965 arida
1974 2913 2158 2967 herbis

570 2999 888 3055 humillimis
923 3010 978 3056 et
1030 3001 1282 3072 lapillulis
1313 3013 1564 3072 cooperta
1622 3001 1735 3057 fere
1764 3019 1979 3074 semper
2008 3015 2153 3071 sunt,

571 3091 674 3146 nisi
709 3093 906 3161 hieme,
935 3109 1040 3164 qua
1069 3093 1190 3148 nive
1219 3093 1448 3164 geluque
1475 3095 1653 3149 omnia
1692 3095 1887 3166 rigent.

643 3184 766 3241 268.
800 3185 1036 3242 Tandem
1069 3187 1257 3242 martis
1283 3188 1428 3259 (2%)!)
1455 3197 1510 3241 et
1535 3188 1763 3242 sarculis
1793 3188 1912 3242 loco
1934 3200 2161 3260 purgato

570 3291 670 3346 per
689 3276 953 3333 declivum
980 3281 1180 3334 montis
1201 3280 1452 3335 semitam
1484 3281 1657 3335 instar
1677 3281 1809 3335 sulci
1841 3282 2159 3351 egessimus.

574 3369 712 3438 Quid
735 3371 936 3427 multa?
960 3372 1175 3427 demum
1198 3371 1363 3438 ferro,
1398 3373 1672 3438 incendio,
1698 3384 1959 3443 acetoque
2005 3391 2165 3444 rupes

578 3463 840 3528 mollitur,
885 3463 1172 3534 frangitur,
1217 3464 1492 3534 panditur.
1543 3463 1802 3519 Triennio
1833 3465 2014 3534 itaque
2061 3467 2165 3520 hoc

579 3555 633 3609 in
663 3569 826 3625 opere
849 3552 1049 3608 dimcili
1078 3563 1419 3623 consumpto,
1451 3554 1751 3609 oratorium
1789 3553 1856 3607 ad
1905 3553 2166 3608 honorem

582 3647 825 3718 Virginis
872 3645 1402 3712 Mariae-dedicatur;
1457 3647 1599 3716 quod
1648 3646 1865 3716 quidem
1917 3645 2168 3700 omnibus

581 3737 832 3794 finitimis
860 3745 914 3791 et
962 3735 1290 3806 longinquis,
1335 3737 1426 3806 qui
1455 3737 1629 3791 locum
1662 3735 1967 3791 devotionis
1994 3736 2167 3806 gratia

581 3829 820 3890 adibant,
873 3826 1072 3882 laetitiae
1105 3841 1224 3882 esse
1272 3837 1327 3882 et
1375 3827 1742 3882 admirationi.
1798 3819 2166 3888 Laetabantur,

581 3919 687 3975 hac
711 3928 868 3974 :etate
893 3918 1070 3972 ferrea
1104 3917 1264 3973 talem
1298 3919 1583 3974 eremitam
1626 3919 1710 3974 his
1741 3918 1795 3973 in
1833 3917 1968 3973 locis
2015 3931 2170 3986 repe-

581 4009 718 4068 riri:
768 4009 1180 4065 admirabantur
1213 4011 1596 4067 abstinentiam
1643 4010 1767 4075 viri,
1819 4009 1921 4065 loci
1961 4010 2170 4080 asperi-

585 4108 778 4165 tatem,
811 4099 1054 4156 omnium
1095 4103 1314 4172 insuper
1343 4117 1523 4157 rerum
1550 4101 1717 4157 victui
1742 4102 2171 4158 necessariarum

588 4187 995 4246 diﬁicultatem:
1050 4205 1199 4258 nam,
1258 4201 1318 4246 ut
1376 4192 1511 4258 dixi,
1563 4192 1707 4248 nudo
1761 4191 1872 4247 fere
1924 4206 2172 4262 corpore,

585 4282 750 4340 nudis
775 4282 1020 4352 pedibus,
1070 4282 1230 4350 fame,
1265 4285 1484 4356 frigore,
1531 4285 1822 4355 squallore,
1859 4263 2025 4341 barba
2075 4285 2176 4340 im-

588 4387 756 4444 pexa,
788 4373 1044 4429 membris
1069 4374 1319 4438 torridus,
1355 4374 1581 4445 genibus
1604 4375 1810 4430 crebris
1837 4375 2177 4431 orationibus

2246 545 2448 599 fessum
2483 554 2647 601 vento
2673 545 2879 611 Boreze,
2915 545 3191 616 oppletum
3225 546 3370 612 nive,
3398 547 3650 601 cruribus
3703 561 3833 602 san—

2245 638 2569 708 guinolentis
2597 638 2974 708 calcaneisque
3011 636 3213 702 scissis,
3256 637 3436 692 laatum
3485 645 3664 692 tamen
3711 637 3838 717 ipso

2250 731 2615 798 festivumque
2649 729 2701 783 in
2730 727 2978 793 Domino,
3008 727 3112 782 hoc
3139 727 3197 781 S.
3229 725 3412 780 Maria:
3437 724 3832 780 monasterium

2246 822 2423 876 adisse
2447 836 2462 883 ;
2492 835 2592 876 nos
2621 833 2750 874 vero
2775 831 2972 874 omnes
2995 815 3350 872 admiratione
3372 815 3540 880 docti,
3590 814 3838 885 undique

2245 911 2449 965 visendi
2481 909 2660 964 studio
2694 908 2760 963 ad
2787 923 2909 963 eum
2945 903 3236 962 conﬂuere.
3268 904 3372 958 Alii
3405 903 3679 974 palliolum
3716 912 3838 958 ter-

2247 1015 2412 1070 gere;
2477 1000 2564 1053 alii
2619 1013 2815 1068 aquam
2863 997 3097 1052 calidam
3145 1010 3244 1064 pro
3283 993 3542 1049 fricandis
3594 993 3836 1064 pedibus

2247 1088 2423 1153 ferre;
2458 1089 2686 1158 quisque
2724 1102 2824 1157 pro
2886 1101 2946 1142 se
2992 1083 3243 1142 certatim
3272 1082 3590 1153 obsequium
3637 1077 3836 1139 libenti

2248 1181 2432 1234 animo
2461 1189 2739 1249 praestare.

2317 1273 2441 1327 270.
2475 1271 2740 1326 Caeterum
2775 1269 2880 1325 hoc
2908 1282 3250 1339 summopere
3279 1265 3685 1322 admirabantur
3709 1278 3836 1320 om-

2249 1378 2378 1427 nes,
2420 1361 2710 1432 quomodo,
2761 1375 2881 1415 cum
2929 1359 3080 1414 brevi
3131 1357 3376 1428 corporis
3415 1363 3620 1424 statura
3662 1361 3835 1420 esset,

2249 1452 2410 1506 altam
2438 1451 2614 1506 nivem
2661 1450 2965 1520 molemque
2995 1449 3186 1518 glaciei
3221 1448 3482 1512 vitasset;
3514 1445 3831 1515 praesertim

2248 1560 2370 1600 cum
2403 1543 2672 1598 interdum
2701 1557 2796 1610 per
2832 1555 3070 1596 mensem
3100 1551 3212 1596 toto
3254 1555 3380 1596 aere
3426 1541 3692 1611 ningeret.
3736 1539 3842 1594 Est

2248 1645 2303 1690 et
2331 1633 2475 1689 aliud
2504 1632 2700 1702 majus,
2729 1647 2834 1702 quo
2859 1632 3219 1704 insuperabile
3239 1632 3344 1687 iter
3375 1645 3632 1700 superare
3655 1629 3787 1702 [vix
3817 1626 3838 1700 ]

2252 1735 2433 1802 posset
2460 1746 2473 1781 :
2509 1741 2634 1780 nam
2666 1741 2866 1780 novere
2893 1740 3106 1790 omnes,
3139 1739 3304 1793 super
3345 1732 3582 1777 veterem
3613 1720 3795 1775 nivem
3818 1758 3842 1786 ,

2253 1822 2508 1876 intactam
2561 1817 2892 1889 praesertim,
2941 1831 3081 1872 nova
3117 1816 3341 1870 modica:
3386 1812 3682 1867 altitudinis
3709 1827 3840 1866 cum

2252 1916 2344 1976 sit.
2375 1929 2480 1967 non
2513 1910 2672 1966 facile
2699 1910 2864 1979 pedes
2911 1908 3328 1978 ingredientium
3373 1907 3624 1961 insistere
3650 1922 3666 1961 :
3696 1903 3838 1958 dila-

2251 2003 2395 2057 bitur
2423 2002 2567 2056 eoim
2599 2015 2694 2070 pes
2722 2014 2820 2068 per
2848 2000 3047 2052 nudam
3072 1998 3322 2070 glaciem,
3351 2012 3474 2052 cum
3501 2011 3610 2050 non
3639 1994 3844 2064 recipit

2251 2090 2560 2161 vestigium,
2591 2097 2669 2152 et,
2699 2088 2831 2158 pede
2864 2088 3104 2152 fallente,
3139 2101 3238 2142 nec
3261 2087 3511 2142 manibus
3533 2085 3651 2140 nec
3686 2084 3852 2156 geni-

2253 2181 2352 2234 bus
2411 2195 2512 2234 nec
2561 2178 2906 2233 adminiculis
2955 2178 3240 2246 quisquam
3294 2177 3592 2248 periculum
3635 2189 3846 2245 anceps

2257 2274 2430 2326 vitare
2459 2271 2647 2333 valet;
2681 2269 2755 2324 ita
2783 2269 2834 2323 in
2867 2269 2982 2324 hevi
3020 2267 3190 2338 glacie
3229 2269 3519 2338 tabidaque
3564 2267 3852 2321 volutatur

2253 2377 2473 2432 corpus,
2507 2373 2766 2417 secantur
2795 2360 3066 2416 interdum
3090 2360 3277 2430 pedes,
3309 2359 3435 2414 nudi
3463 2360 3648 2414 etiam-
3672 2373 3852 2428 quan-

2255 2455 2431 2524 doque
2461 2455 2513 2508 in
2539 2453 2779 2508 intimam
2811 2453 3188 2524 ingrediuntur
3217 2452 3396 2507 nivem
3427 2462 3481 2507 et
3511 2452 3581 2506 ibi
3609 2451 3851 2507 luctatio

2258 2545 2313 2598 tit
2340 2562 2353 2611 ;
2389 2560 2512 2600 cum
2540 2543 2744 2612 glacies
2773 2544 2999 2607 lubrica,
3028 2551 3087 2598 ut
3117 2544 3255 2610 dixi,
3287 2560 3392 2600 non
3424 2543 3650 2614 recipiat
3676 2543 3849 2598 vestio

2257 2639 2424 2704 gium,
2459 2647 2512 2691 et
2539 2637 2861 2707 plerumque
2885 2636 3032 2691 velut
3061 2637 3248 2707 pedica
3289 2637 3427 2706 capti
3463 2636 3684 2701 luerent,
3716 2633 3848 2691 visu

2258 2726 2604 2782 miserabile!
2639 2725 2693 2780 in
2731 2726 2868 2779 dura
2893 2733 2947 2780 et
2978 2726 3084 2778 alta
3117 2736 3480 2794 concretaque
3509 2724 3704 2794 glacie.

2325 2820 2452 2873 271.
2492 2817 2628 2873 Cum
2655 2818 2800 2872 enim
2832 2818 3100 2873 interdum
3140 2817 3359 2887 quidam
3399 2831 3463 2870 ex
3503 2815 3706 2870 nostris
3731 2813 3845 2868 mi-

2259 2910 2554 2966 sericordia
2587 2909 2734 2963 ducti
2766 2923 2912 2974 eum,
2953 2907 3224 2976 quomodo
3251 2920 3318 2961 ex
3350 2903 3654 2974 huiusmodi
3698 2904 3852 2973 peri-

2260 3002 2395 3056 culis
2423 3001 2708 3064 evasisset,
2761 3000 3184 3070 interrogarent,
3229 2997 3401 3066 inquit
3438 3012 3567 3051 voce
3615 2995 3760 3050 tenui
3795 3005 3855 3048 et

2185 3128 2230 3191 Ο
2262 3093 2525 3148 demissa:
2558 3090 2716 3147 Jesus
2746 3100 2861 3155 est;
2903 3090 3061 3145 Jcsus
3089 3099 3206 3143 est:
3237 3087 3456 3142 interfui
3485 3086 3628 3142 enim
3651 3084 3854 3154 szepius

2263 3198 2385 3238 cum
2413 3199 2478 3237 ex
2509 3182 2757 3251 patribus
2805 3181 3024 3251 quidam
3075 3179 3160 3234 his
3211 3177 3393 3234 verbis
3444 3191 3568 3230 eum
3618 3175 3852 3244 castiga-

2264 3273 2434 3342 bant;
2477 3271 2619 3326 Pace
2671 3282 2872 3334 vestra,
2934 3269 3104 3324 frater
3155 3267 3352 3332 Marce,
3391 3266 3668 3319 dicemus:
3722 3263 3853 3332 quia

2268 3373 2466 3434 praeter
2491 3372 2706 3418 aetatem
2737 3371 2996 3423 vestram,
3031 3369 3087 3414 et
3117 3351 3476 3429 praeterquam
3510 3352 3692 3425 [quod
3721 3349 3742 3423 ]
3773 3366 3859 3404 rc-

2267 3454 2394 3524 ligio
2415 3462 2471 3507 ct
2493 3467 2578 3506 res
2605 3451 2941 3514 adhortetur,
2957 3450 3088 3504 dure
3110 3457 3163 3502 et
3185 3445 3420 3517 parciter
3437 3445 3601 3498 vitam
3632 3439 3853 3495 ducitis.

2265 3530 2450 3602 i’roh!
2502 3546 2661 3599 fidem
2717 3543 2810 3597 Dei
2850 3551 3014 3612 atque
3053 3538 3370 3595 hominum!
3414 3535 3539 3604 quid
3571 3531 3860 3602 quaeritis?

2268 3638 2500 3693 vultisne
2557 3635 2848 3690 indiscrete
2901 3633 3065 3686 vitam
3110 3639 3369 3684 atternarn
3417 3623 3694 3692 arripere?
3735 3620 3857 3676 vul-

2271 3730 2412 3784 tisne
2470 3728 2522 3781 in
2578 3734 2753 3780 morte
2814 3723 3008 3778 acerba
3057 3729 3184 3775 ante
3235 3728 3446 3787 tempus
3493 3713 3674 3784 aliquo
3727 3725 3858 3767 casu

2271 3817 2492 3889 perire?
2540 3815 2633 3870 Ille
2667 3825 2916 3876 econtra,
2952 3827 3011 3867 se
3043 3813 3116 3865 ita
3144 3811 3310 3865 vitam
3341 3809 3454 3879 jam
3480 3806 3680 3860 dudum
3705 3802 3862 3857 insti-

2273 3908 2465 3972 tuisse,
2495 3915 2552 3959 et
2573 3921 2632 3961 se
2661 3906 2733 3960 ita
2785 3905 2966 3959 vivere
2994 3902 3154 3967 velle,
3193 3903 3320 3956 dum
3356 3897 3577 3968 spiritus
3615 3909 3744 3950 suos
3775 3908 3858 3947 re-

2271 4003 2428 4068 geret
2455 4002 2623 4058 artus,
2674 3994 2874 4057 aiebat,
2913 4002 2967 4048 et
3009 4006 3158 4062 spem
3202 4003 3356 4045 suam
3402 3987 3455 4040 in
3501 3984 3628 4040 Jesu
3659 3981 3858 4038 Christi

2275 4088 2450 4160 gratia
2507 4087 2667 4142 sitam
2708 4085 2996 4140 allirmare.
3037 4083 3277 4150 Denique
3329 4079 3526 4147 saepius
3579 4091 3611 4129 a
3658 4071 3860 4131 nostris

2277 4177 2568 4247 fatigatur;
2601 4175 2780 4228 omnia
2810 4175 2861 4227 in
2894 4171 3129 4242 pejorem
3161 4177 3370 4237 partem
3403 4164 3679 4235 accipiens
3715 4163 3859 4219 indi-

2277 4277 2474 4342 gnatur
2524 4262 2657 4334 [et]
2693 4261 2856 4314 veluti
2898 4260 2940 4314 si
2981 4258 3166 4327 pulsus
3213 4256 3314 4310 hoc
3352 4255 3410 4308 S.
3451 4253 3635 4308 Maria:
3673 4266 3860 4308 mona—

2278 4357 2445 4419 Sterio
2497 4356 2704 4418 fuisset,
2756 4349 2983 4419 amplius
3046 4361 3153 4402 non
3211 4345 3507 4411 rediturus,
3565 4358 3634 4400 eo
3684 4342 3866 4398 animo

589 4463 884 4534 quassatis,
935 4461 1143 4530 fractis,
1201 4465 1344 4520 inter
1392 4481 1555 4536 rupes
1605 4465 1953 4535 asperrimas,
2003 4467 2161 4522 hiemi

2285 4451 2556 4509 discessit.

593 4555 724 4612 nive
764 4553 1001 4626 glacieve
1053 4554 1281 4626 Opletas,
1331 4554 1456 4611 Jesu
1504 4555 1769 4625 Matrique
1822 4555 1938 4624 ejus
1972 4556 2180 4628 Virgini

597 4643 783 4700 Mariae
813 4645 1048 4701 interdiu
1086 4655 1141 4703 et
1177 4656 1334 4702 nocte
1363 4647 1638 4702 deservire
1666 4647 1940 4703 studebat.

669 4736 799 4791 269.
840 4736 1038 4791 Verum
1074 4738 1340 4807 imprimis
1367 4737 1632 4802 mirabile,
1660 4739 1800 4791 unde
1827 4745 2008 4792 tantus
2038 4737 2186 4792 talis-

597 4842 702 4894 que
727 4827 943 4882 animus
980 4827 1358 4900 sibi[esset],
1405 4837 1466 4882 ut
1508 4829 1561 4882 in
1610 4827 1830 4896 rupibus
1875 4829 2188 4897 asperrimis

601 4915 890 4970 aedilicium
919 4917 1337 4988 aggrederetur:
1368 4932 1514 4981 nam,
1556 4925 1617 4970 ut
1646 4924 1840 4972 caetera
1891 4916 1944 4970 in
1994 4930 2188 4984 corpu-

603 5006 822 5063 sculuin
884 5009 1213 5064 domandum
1273 5008 1636 5063 admiratione
1689 5008 1852 5077 digna
1915 5007 2184 5068 omittam,

607 5091 800 5153 Iesum
832 5105 1000 5154 testor
1046 5107 1101 5154 et
1131 5097 1235 5153 SS.
1269 5097 1500 5169 Angelos
1531 5097 1648 5167 ejus
1696 5096 1778 5166 (ut
1821 5095 1990 5165 patris
2039 5094 2189 5165 (202)

607 5187 718 5244 mei
758 5186 1077 5262 Hieronymi
1113 5188 1294 5244 verbis
1321 5189 1466 5256 utar)
1511 5202 1610 5241 nos
1656 5184 1950 5240 monachos
2003 5199 2195 5239 omnes

600 5281 804 5324 Iumina
832 5295 953 5324 eum
1003 5281 1056 5324 in
1106 5280 1400 5324 Nativitnte
1444 5277 1654 5324 Domini
1703 5276 1830 5324 Jesu
1876 5282 1934 5324 et
1974 5273 2028 5324 in
2076 5275 2196 5322 aliis

2351 4548 2481 4604 272.
2521 4541 2728 4600 Exinde
2759 4581 2773 4606 ,
2829 4536 3012 4592 nescio
3063 4549 3167 4605 qua
3195 4531 3333 4586 furia
3381 4536 3654 4599 arreptus,
3699 4525 3869 4596 coepit

2285 4655 2472 4700 contra
2512 4635 2894 4695 monasterium
2931 4633 3142 4686 animos
3187 4629 3466 4683 hominum
3519 4625 3871 4678 vehementer

2288 4732 2562 4804 grassari;
2597 4728 2743 4795 (205)
2797 4739 2920 4779 nam
2949 4721 3094 4777 nullo
3139 4719 3427 4775 maledicto
3471 4731 3529 4771 se
3558 4714 3869 4804 abstinere;

2289 4803 2473 4876 verum
2531 4820 2732 4886 ubique
2781 4811 3104 4869 debacchari
3157 4811 3210 4864 in
3264 4808 3578 4866 monachos,
3621 4803 3871 4858 convicia

2292 4914 2344 4966 in
2369 4923 2660 4966 conversos
2694 4905 2889 4975 turpia,
2919 4913 2972 4956 et
3015 4900 3300 4955 maledicta
3329 4898 3522 4966 smpius
3551 4891 3875 4965 geminando

2293 5002 2510 5062 addere,
2543 5009 2618 5062 et,
2648 4997 2792 5066 quod
2825 4995 3026 5048 dictum
3056 5005 3270 5062 quoque
3302 4987 3586 5050 nefarium,
3619 4984 3870 5038 abbatem

2295 5090 2604 5149 monasterii
2640 5090 2817 5142 virum
2841 5085 3115 5156 egregium
3143 5081 3321 5136 verbis
3347 5080 3586 5132 lacerare
3612 5093 3626 5139 ;
3651 5075 3870 5128 demunt

2296 5184 2427 5241 nihil
2481 5181 2932 5254 praetermittere,
2984 5177 3126 5246 quod
3179 5175 3230 5228 in
3268 5172 3436 5226 nostri
3473 5169 3705 5223 dedecus
3753 5163 3872 5217 fore

2297 5275 2650 5322 existimaret-
2696 5270 2962 5318 Caeterum
3015 5281 3115 5316 nos
3165 5263 3317 5314 ﬂocci
3353 5259 3621 5312 uendere.
3664 5264 3872 5310 tantum
