4110 5362
271 280 385 336 917

1767 265 2004 343 Ἀοτλ.

3431 288 3537 344 9.18

271 392 572 449 devenisse
626 393 889 449 insaniam
945 397 1317 452 censebamus.
1354 397 1460 453 Res
1513 399 1686 454 mira!
1733 402 1856 455 hinc
1884 401 1936 462 Α
1963 398 2219 465 diximus,
2254 417 2424 472 neque
2455 405 2598 459 dicto
2629 419 2803 473 neque
2833 402 2975 457 facto
3015 403 3195 472 aliquo
3245 403 3538 469 abstinere,

271 487 382 544 sibi
413 487 585 557 prima
609 487 740 542 mali
773 488 960 544 labes:
996 505 1120 544 nam
1148 491 1292 546 illico
1319 507 1423 547 non
1447 493 1602 549 nobis
1629 503 1861 558 tantum,

269 593 475 633 verum
506 579 762 632 omnibus
795 577 1036 634 finitimis
1084 581 1247 649 capit
1295 581 1538 636 infensus
1586 583 1861 638 existere:

269 670 590 741 complures
613 670 760 725 enim
787 669 838 724 in
870 668 1042 725 forum
1063 669 1306 739 judicum
1337 680 1527 727 contra
1552 671 1644 741 jus
1675 672 1865 742 fasque

273 763 485 818 ducere
513 771 742 818 conatus
768 771 870 818 est.
903 763 1103 819 Verum
1142 775 1356 834 tempus
1381 781 1542 835 quam
1572 782 1660 822 res
1685 774 1863 822 matu-

271 851 398 906 rius
431 867 516 907 me
546 852 844 919 desereret,
880 854 924 908 si
963 853 1030 909 de
1058 854 1164 919 his,
1194 871 1315 924 qua
1351 856 1403 910 in
1437 856 1664 926 quodvis
1698 873 1866 928 genus

274 943 599 1000 mortalium
655 941 854 1016 injuste
901 945 1096 1016 egerit,
1158 945 1469 1017 singillatim
1517 958 1614 1003 aut
1671 948 1862 1022 [pro]

274 1035 660 1105 magnitudine
689 1051 876 1106 parum
903 1036 1248 1095 dissererem.

345 1125 481 1181 275.
514 1123 609 1180 His
661 1125 826 1195 igitur
851 1135 908 1181 et
937 1125 1059 1181 aliis
1101 1125 1285 1181 multis
1333 1126 1537 1183 insulse
1584 1129 1867 1200 inepteque

271 1213 555 1284 peractis,
611 1221 822 1270 tantum
889 1214 991 1270 sibi
1041 1215 1281 1270 omnium
1333 1216 1610 1272 hominum
1683 1217 1866 1273 odium

271 1304 615 1370 vindicavit,
651 1315 712 1359 ut
756 1321 856 1360 nec
897 1305 1118 1370 victum,
1174 1306 1336 1361 etiam
1385 1305 1485 1360 sibi
1525 1307 1622 1361 soli
1680 1321 1868 1362 neces-

274 1391 512 1458 sr’rium,
539 1393 774 1450 ostiatim
803 1394 1034 1464 petendo
1059 1394 1341 1450 inveniret.
1375 1393 1616 1449 Fuerunt
1646 1409 1709 1449 ea
1731 1403 1868 1449 tem-

271 1492 500 1554 pestate
553 1475 642 1555 qui
671 1484 913 1540 dicereut
936 1527 950 1551 ,
979 1501 1100 1540 eum
1146 1485 1248 1539 hac
1272 1486 1464 1555 gratia,
1501 1482 1627 1540 Jesu
1656 1485 1867 1539 occulto

267 1575 486 1644 judicio
514 1577 564 1631 id
589 1577 931 1648 permittente
952 1617 968 1642 ,
1004 1577 1058 1631 in
1091 1575 1236 1631 illam
1264 1577 1544 1631 devenisse
1573 1576 1863 1640 insaniam,

273 1667 406 1735 qu’a
437 1667 672 1738 quadam
696 1667 902 1723 visione
927 1667 1148 1722 delusus
1167 1667 1393 1722 nimium
1421 1667 1522 1722 sibi
1543 1666 1862 1731 vindicaret,

279 1734 412 1813 dum
444 1734 583 1814 alios
609 1759 829 1829 quosvis
869 1759 1149 1830 religiosos
1193 1773 1304 1828 prae
1342 1773 1400 1813 se
1438 1760 1588 1828 parvi
1638 1759 1864 1816 faceret.
1894 1734 1944 1795 Β

275 1849 412 1914 Qua
460 1849 678 1920 quidem
729 1849 883 1905 ‘visio
933 1865 1028 1906 seu
1077 1849 1338 1905 damonis
1395 1847 1597 1914 illusio,
1641 1860 1702 1904 ut
1753 1850 1869 1920 ipse

277 1939 494 1996 referre
549 1941 737 1996 solitus
797 1951 952 2007 erat,
1005 1941 1125 1996 talis
1183 1941 1301 1996 fuit.
1370 1941 1499 1995 Erat
1534 1941 1660 1997 huic
1713 1941 1867 1996 fratri

276 2030 468 2086 Marco
494 2046 616 2087 cum
643 2033 900 2104 quodam,
924 2034 1016 2102 qui
1049 2033 1067 2105 [
1094 2032 1320 2104 incolit]
1361 2034 1579 2089 domum
1628 2035 1871 2106 hospita-

277 2119 479 2177 lariam
506 2121 565 2176 S.
598 2122 779 2178 Maria
809 2124 874 2178 de
902 2122 1191 2184 Florentia,
1233 2139 1352 2194 qua
1378 2125 1432 2179 in
1479 2138 1676 2196 egenos
1722 2127 1870 2182 inllr—

275 2226 516 2282 mosque
569 2213 940 2282 suscipiendos
987 2222 1044 2269 et
1084 2213 1348 2270 tollendos
1404 2230 1573 2285 nuper
1605 2217 1868 2273 aedificata

277 2302 411 2372 fuit,
449 2304 704 2361 amicitia
744 2313 898 2360 vetus
933 2307 1295 2372 consuetudo;
1325 2306 1412 2362 cui
1443 2307 1568 2376 quia
1600 2308 1870 2364 interdum

279 2395 536 2465 quadam
569 2396 672 2451 sibi
703 2395 1013 2452 munuscula
1038 2397 1316 2453 rusticalia
1355 2397 1654 2464 deferebat,
1679 2400 1872 2468 gratis-

282 2488 460 2541 simus
491 2500 634 2552 esse,
664 2497 716 2544 et
747 2488 871 2543 dum
907 2505 1030 2544 eum
1072 2490 1290 2560 negotia
1324 2490 1408 2546 vel
1434 2490 1624 2562 religio
1651 2491 1872 2549 Floren-

285 2580 375 2635 tia
403 2578 460 2633 in
484 2578 699 2652 longum
729 2583 1104 2652 protraxisset,
1133 2583 1257 2640 illuc
1285 2599 1382 2654 pro
1410 2586 1729 2641 necessariis
1755 2601 1873 2642 cor-

285 2669 440 2738 poris
463 2668 546 2726 ire
572 2685 802 2740 semper.
834 2671 909 2728 lbi
940 2672 1080 2727 fama
1127 2682 1228 2738 est,
1260 2673 1316 2728 in
1357 2673 1536 2743 quiete
1586 2675 1755 2730 visam
1803 2677 1872 2730 ab

285 2773 354 2814 eo
391 2759 674 2830 Virginem
725 2761 948 2828 Mariam
976 2778 1100 2819 cum
1141 2779 1338 2836 pompa
1381 2765 1872 2838 Angelorum,qua

288 2861 348 2901 se
377 2863 404 2900 a
434 2847 564 2904 Jes'u
595 2850 798 2907 diceret
824 2853 1067 2908 missam.

357 2943 488 3000 274.
518 2941 721 3000 Verum
774 2946 933 3011 visio,
971 2953 1030 3001 ut
1064 2947 1130 3001 ab
1161 2947 1276 3016 ipso
1321 2961 1580 3020 accepere
1629 2950 1881 3021 quidam,

291 3031 394 3088 fuit
421 3035 583 3090 talis:
641 3036 1042 3112 Mattttinalibus
1071 3038 1271 3096 Ofﬁciis
1300 3041 1548 3110 expletis,
1589 3043 1678 3099 hie
1722 3058 1872 3100 more

291 3141 390 3179 suo
429 3141 554 3180 cum
585 3129 960 3198 corpusculum
989 3131 1152 3200 quieti
1213 3132 1489 3202 paululum
1533 3133 1666 3188 dare
1690 3135 1871 3199 vellet,

295 3214 461 3287 Virgo
519 3216 688 3272 Maria
744 3220 984 3289 piissima
1017 3222 1082 3292 (si
1134 3220 1300 3292 Virgo
1351 3220 1518 3278 Maria
1573 3224 1692 3294 fuit)
1739 3241 1876 3296 pra-

290 3314 453 3362 eunte
502 3321 613 3362 non
659 3323 824 3378 parvo
879 3308 1100 3365 luminis
1165 3311 1343 3382 globo,
1396 3328 1557 3382 super
1583 3327 1740 3381 saxo,
1785 3315 1873 3370 ubi

292 3395 461 3451 adem
491 3397 857 3454 adificaverat
883 3400 1050 3455 frater
1083 3401 1219 3471 ipse,
1254 3403 1426 3474 gratia
1462 3404 1685 3460 honoris
1711 3405 1875 3475 spiri-

295 3487 438 3542 tibus
474 3488 738 3559 angelicis
787 3492 1194 3557 comitantibus,
1225 3501 1287 3548 ut
1331 3494 1434 3551 sibi
1485 3495 1538 3550 in
1576 3495 1664 3550 illa
1699 3496 1879 3566 quiete

297 3577 474 3640 visum
511 3586 622 3644 est,
650 3589 852 3649 prasto
883 3579 1076 3637 adfuit.
1101 3582 1232 3638 Cum
1258 3584 1422 3654 igitur
1453 3583 1560 3650 ille,
1583 3585 1795 3642 insolita
1820 3600 1879 3640 re

295 3671 527 3730 horrore
568 3675 819 3745 perfusus
847 3715 863 3742 ,
912 3677 1188 3746 paululum
1242 3689 1588 3746 moraretur,
1645 3682 1880 3752 indeque

294 3767 478 3831 etiam.
522 3782 645 3836 qua
685 3775 791 3823 tam
825 3771 1040 3840 insigni,
1091 3781 1198 3826 tam
1237 3772 1432 3830 decora
1466 3774 1661 3830 mulier
1711 3782 1874 3838 esset,

301 3855 684 3926 interrogaret,
717 3858 892 3930 inquit
919 3860 1008 3916 illa
1034 3878 1046 3915 :
1080 3860 1173 3916 Illa
1200 3877 1318 3918 sum
1358 3864 1627 3933 equidem,
1652 3865 1739 3920 cui
1768 3874 1878 3921 tota

299 3953 502 4014 mente,
533 3957 588 4004 et
618 3957 728 4004 toto
757 3964 982 4020 corpore
1030 3953 1297 4009 inservire
1334 3954 1592 4019 statuisti,
1621 3965 1676 4011 et
1709 3957 1878 4028 gratia

303 4036 479 4104 cujus,
512 4039 600 4094 his
637 4039 688 4104 in
719 4039 854 4096 locis
881 4041 1241 4109 silvestribus,
1273 4055 1327 4100 et
1359 4044 1474 4101 fere
1514 4046 1882 4108 inhabitabili-

303 4125 402 4181 bus
427 4127 726 4182 oratorium
752 4130 1022 4186 adiﬁcare
1048 4132 1290 4188 voluisti.
1374 4200 1382 4208 _

370 4215 496 4271 275.
534 4217 630 4274 His
657 4218 820 4289 igitur
846 4220 897 4274 in
931 4222 1222 4277 maximam
1255 4237 1428 4294 spem,
1475 4240 1534 4281 se
1557 4228 1881 4300 quandoque

305 4303 509 4376 aliquid
562 4324 813 4380 magnum
878 4309 1037 4377 fore,
1093 4311 1378 4377 adductus,
1429 4313 1582 4371 ﬂexis
1632 4318 1878 4387 genibus,

1965 491 2108 559 quod
2146 491 2303 544 modo
2340 492 2686 548 ambitiosum
2721 493 2878 556 foret.
2919 493 3095 563 quoad
3143 503 3316 548 semet
3356 495 3543 563 praci-

1965 580 2174 648 pitavit.
2228 580 2364 636 Nam
2413 583 2778 638 Roma........
2828 583 3005 655 (201).
3055 583 3240 640 dolore
3274 593 3330 638 et
3387 584 3544 642 tadio

1965 670 2212 737 affectus,
2241 672 2383 728 diem
2413 673 2608 728 clausit
2634 684 2966 730 extremum.

2032 758 2156 814 276.
2198 760 2327 817 Post
2353 763 2498 818 hunc
2532 762 2691 834 longo
2742 772 2919 820 tamen
2960 764 3244 820 intervallo
3281 765 3550 820 successit

1965 850 2146 917 alter;
2184 853 2250 906 de
2290 869 2398 923 quo
2440 854 2590 924 (quia
2637 855 2880 911 omnium
2919 871 3102 911 rerum
3154 856 3442 912 simulator
3490 863 3546 910 et

1967 943 2334 1000 dissimulator
2361 945 2464 1000 fuit
2509 946 2773 1011 omnium,
2820 963 2956 1018 quos
2995 963 3248 1018 umquam
3301 948 3548 1018 gentium

1968 1033 2210 1098 viderim,
2266 1036 2556 1106 maximus)
2614 1036 2866 1092 idoneum
2925 1039 3100 1093 visum
3153 1037 3260 1110 [est
3299 1038 3544 1108 quadam

1966 1124 2198 1195 prafari,
2229 1126 2304 1199 et]
2344 1127 2410 1182 de
2441 1137 2637 1183 natura
2677 1129 3028 1200 moribusque
3069 1129 3186 1200 ejus
3212 1131 3402 1200 paucis
3437 1131 3548 1186 dis-

1967 1229 2166 1271 serere.
2222 1216 2358 1273 Huic
2407 1218 2570 1288 igitur
2622 1234 2818 1275 nomen
2865 1220 3098 1278 Joannes
3143 1231 3281 1290 erat,
3328 1223 3547 1277 natione

1968 1304 2258 1374 Hispanus,
2305 1323 2534 1378 corpore
2577 1325 2860 1379 procerus,
2897 1312 3031 1364 satis
3059 1310 3400 1380 eloquentia,
3451 1327 3546 1380 pa-

1969 1411 2086 1449 rum
2115 1397 2393 1466 sapientia
2417 1397 2644 1464 habens,
2683 1407 2739 1453 et
2783 1409 2841 1453 ut
2871 1402 3002 1456 κατά
3052 1402 3345 1472 ἀντίφρασιν
3369 1401 3544 1463 decet,

1969 1486 2244 1556 hypocrita
2289 1488 2578 1543 maximus.
2624 1488 2815 1543 Omnia
2865 1504 3086 1558 nempe,
3131 1506 3251 1558 qua
3304 1489 3373 1545 ad
3417 1488 3548 1544 illud

1967 1575 2198 1631 oﬂicium
2240 1578 2545 1647 pertinent,
2590 1579 2793 1648 optime
2833 1577 3069 1645 callens,
3113 1580 3311 1650 quibus
3350 1578 3550 1634 multos

1969 1666 2228 1722 mortales
2249 1667 2412 1722 variis
2435 1667 2610 1724 modis
2632 1667 2864 1738 decepit.
2897 1667 2997 1723 Hic
3023 1682 3256 1738 namque
3275 1666 3378 1722 fuit
3409 1683 3562 1742 unus.

1971 1773 2034 1812 ex
2068 1757 2152 1812 his
2173 1757 2792 1830 pseudo—religiosis,qui
2819 1757 3182 1814 Florentinam
3203 1759 3391 1815 urbem
3415 1757 3564 1831 tem-L
3621 1795 3623 1797 ι

1970 1861 2099 1915 pore
2127 1846 2406 1904 Pontificis
2432 1846 2582 1903 Pauli
2597 1848 2797 1920 11(205)
2827 1849 3066 1914 adivere,
3094 1848 3383 1919 exquibus
3411 1864 3551 1906 unus

1971 1955 2187 1995 crucem
2214 1939 2449 2010 ligneam
2474 1943 2648 1997 instar
2671 1942 2734 1997 D.
2751 1941 2978 1999 Andrea
2995 1942 3234 2014 Apostoli
3260 1941 3548 2016 [gestabat]

1972 2029 2109 2083 ultra
2139 2044 2350 2096 omnes,
2380 2045 2515 2100 quos
2538 2046 2794 2102 umquam
2822 2033 3069 2098 viderim,
3097 2033 3340 2090 mortalis
3359 2024 3568 2108 varius:

1971 2128 2022 2172 et
2052 2117 2346 2184 mutabilis,
2387 2119 2478 2189 qui
2522 2120 2740 2190 quidem
2785 2121 2886 2176 nisi
2913 2130 3100 2192 suapte
3128 2131 3322 2191 praeter
3348 2122 3552 2178 Christi

1971 2208 2096 2265 Jesu
2150 2217 2366 2281 poterat
2415 2211 2710 2266 convenire
2757 2220 2850 2266 aut
2895 2211 3126 2281 colloqui
3170 2211 3352 2283 (206);
3392 2197 3567 2283 cujus

1974 2300 2204 2372 ineptias
2229 2310 2283 2358 et
2307 2301 2681 2368 deliramenta,
2707 2302 2835 2373 quia
2872 2301 3032 2374 longe
3066 2303 3275 2357 inutilia
3303 2310 3357 2357 et
3386 2314 3565 2368 vana,‘

1973 2395 2434 2465 pralermittenda
2457 2395 2606 2461 duxi,
2629 2405 2684 2450 et
2707 2395 2772 2450 ad
2791 2393 3054 2451 Joannem
3086 2403 3329 2452 nostrum
3351 2386 3568 2462 redire,'

1973 2488 2039 2543 de
2067 2502 2172 2558 quo
2201 2487 2254 2542 in
2287 2486 2442 2543 initio
2467 2487 2688 2544 verbum
2713 2487 2958 2543 fecimus.

2043 2577 2168 2634 277.
2197 2577 2304 2634 Iste
2343 2578 2486 2634 enim
2522 2592 2738 2633 crucem
2775 2575 3042 2646 ferream,
3079 2589 3138 2634 ut
3183 2578 3394 2650 pictura
3433 2577 3553 2650 plus

1922 2733 1926 2737 λ
1975 2685 2136 2741 quam
2169 2671 2446 2741 propheta
2471 2668 2694 2726 Joannis
2731 2669 2988 2740 Baptista
3022 2671 3430 2741 adspicicntium

1975 2758 2146 2814 currit
2189 2758 2382 2825 oculis,
2422 2774 2533 2829 pra
2581 2775 2641 2815 se
2693 2759 2860 2816 ferre.
2908 2758 3052 2815 Proh
3102 2758 3228 2816 Jesu
3254 2759 3420 2815 bone!
3465 2759 3556 2816 hic

1975 2846 2212 2902 Joannes
2253 2848 2520 2903 cilicinam
2576 2857 2782 2904 vestem
2836 2863 2997 2918 supra
3057 2863 3262 2920 pannos
3321 2849 3555 2914 habere,

1974 2950 2134 3004 quam
2171 2934 2406 2990 Joannes
2442 2935 2682 3006 Baptista
2731 2951 2892 3006 supra
2928 2937 3129 2992 nudum
3180 2950 3375 3007 corpus
3414 2935 3557 2992 ferre

1975 3027 2164 3082 solitus
2193 3036 2330 3083 erat.
2367 3027 2456 3081 llle
2483 3029 2768 3096 propheta,
2795 3028 2900 3084 imo
2926 3027 3044 3098 plus
3069 3041 3229 3097 quam
3259 3028 3517 3098 propheta
3537 3067 3554 3093 ,

1978 3119 2134 3175 nudis
2178 3117 2435 3187 pedibus;
2494 3119 2581 3173 hic
2631 3135 2736 3174 non
2787 3119 2959 3175 solum
3005 3117 3197 3185 soleis,
3254 3117 3344 3173 sed
3379 3118 3556 3174 ocreis

1977 3209 2344 3266 circumdatus
2371 3208 2658 3275 incedere;
2700 3209 2790 3264 ille
2818 3210 2885 3265 ad
2912 3210 3144 3273 deserta,
3198 3224 3264 3264 ne
3303 3209 3405 3265 levi
3450 3208 3557 3263 sal-

1980 3312 2087 3358 tem
2125 3287 2327 3358 famine
2354 3301 2525 3357 vitam
2564 3301 2835 3357 maculare
2866 3311 3072 3372 posset;
3112 3302 3200 3356 hic
3227 3299 3294 3355 ad
3331 3299 3555 3372 populos

1978 3405 2032 3449 et
2062 3392 2129 3449 ad
2160 3393 2344 3448 turbas
2381 3406 2501 3448 sese
2539 3393 2730 3448 crebro
2756 3391 3023 3448 conferre.
3058 3391 3149 3446 Ille
3173 3391 3317 3446 solus
3347 3400 3400 3445 et
3426 3391 3560 3446 dure

1977 3494 2033 3541 et
2059 3483 2295 3553 parciter
2319 3483 2484 3538 vitam
2514 3497 2677 3554 agere
2703 3501 2715 3537 :
2744 3483 2833 3538 hic
2859 3497 3012 3548 vero,
3039 3481 3221 3536 multis
3249 3481 3558 3537 comitanti-

1979 3575 2102 3638 bus,
2129 3573 2424 3644 etcopiose
2449 3580 2504 3628 et
2527 3572 2692 3629 laute.
2719 3571 2812 3627 llle
2856 3573 2983 3628 viua
3010 3581 3066 3628 et
3094 3586 3284 3627 carnes
3307 3580 3367 3626 ut
3393 3585 3558 3627 vene-

1980 3683 2108 3722 num
2141 3666 2360 3738 fugere;
2409 3666 2501 3722 hic
2543 3667 2747 3738 optima
2785 3666 3091 3736 exquirere.
3131 3664 3223 3721 llle
3262 3665 3408 3720 omni
3450 3666 3560 3719 vir-

1982 3765 2115 3821 tute,
2146 3743 2477 3812 hic‘cunctis
2501 3756 2650 3811 vitiis
2680 3756 2911 3811 refertus
2941 3769 2955 3809 :
3001 3763 3056 3810 et
3083 3767 3407 3824 quamquam
3438 3753 3561 3810 talis

1981 3855 2035 3902 et
2073 3854 2252 3900 tantus
2281 3859 2512 3916 nequam
2541 3854 2596 3900 et
2648 3837 3190 3917 pseudo-religiosus,
3220 3859 3560 3916 quocumque

1981 3938 2035 3992 in
2079 3936 2272 4002 trivio,
2305 3951 2646 4006 quacumque
2694 3937 2748 3991 in
2779 3935 2964 4004 turba,
3013 3951 3073 3992 se
3118 3951 3311 3993 novam
3343 3934 3560 4007 religio-

1981 4043 2105 4082 nem
2135 4027 2504 4082 instituturum
2547 4028 2614 4083 ad
2662 4025 2718 4083 S.
2777 4027 3002 4084 Joannis
3047 4028 3300 4099 Baptista
3343 4041 3561 4092 nomen,

1909 4185 1912 4188 ,
1983 4120 2180 4175 dicere.

2050 4210 2174 4265 278.
2229 4208 2400 4276 Quid?
2446 4209 2588 4279 quod
2636 4209 2720 4263 his
2775 4207 3084 4263 falsissimis
3133 4208 3358 4263 multum
3417 4208 3563 4270 lidei,

1986 4297 2209 4351 multum
2235 4297 2540 4353 devotionis
2568 4313 2596 4351 a
2637 4297 2848 4352 cunctis
2886 4297 3217 4352 haberetur?
3253 4297 3396 4351 Proh
3439 4295 3566 4352 Jesu

309 4397 619 4466 sOSpitatem
670 4399 862 4454 anima
913 4410 967 4456 et
1017 4404 1261 4472 corporis
1303 4405 1494 4460 orabat
1541 4406 1681 4461 :Cul
1718 4408 1874 4478 Virgo

1986 4389 2156 4443 bone!
2184 4390 2274 4443 ubi
2316 4390 2550 4459 primum
2581 4389 2916 4459 provinciam
2957 4389 3096 4443 hanc
3144 4387 3367 4458 ingressi
3420 4399 3564 4453 sunt,

311 4486 510 4544 Maria:
544 4491 657 4545 llac
688 4493 1026 4561 potissimum
1073 4509 1236 4549 causa
1279 4509 1308 4548 a
1350 4495 1578 4551 Domino
1623 4496 1746 4552 Jesu
1777 4498 1882 4553 huc

1981 4493 2048 4532 ex
2072 4478 2283 4532 cunctis
2326 4478 2491 4548 agris,
2539 4478 2768 4548 oppidis,
2817 4477 3160 4541 civitatibus,
3193 4476 3448 4532 mortales
3476 4492 3540 4531 cu

310 4577 471 4632 missa
517 4596 655 4645 sum,
704 4590 764 4635 ttt
802 4597 900 4650 pro
932 4590 1011 4637 tot
1055 4583 1406 4649 cruciatibus,
1439 4585 1638 4655 quibus
1683 4601 1881 4656 corpu-
1975 4566 2173 4651 Jllsque
2208 4568 2532 4623 εοηάίῑίοηίε
2573 4577 2628 4623 εί
2673 4566 2888 4639 εειιετίε
2920 4566 3001 4621 eis
3041 4566 3394 4656 οδνίνθπηίίνβν
3436 4567 3567 4656 ip?“

310 4669 514 4725 sculum
545 4681 692 4727 tuum
721 4688 964 4740 exesum,
1012 4683 1066 4728 et
1095 4676 1290 4731 anima
1318 4677 1612 4732 obnoxium
1638 4693 1755 4733 mea
1783 4693 1879 4748 po-

313 4757 572 4814 tissimum
642 4775 805 4815 causa
870 4762 1194 4827 reddidisti,
1255 4765 1483 4832 gratiam
1522 4765 1617 4820 tibi
1648 4766 1879 4820 tribuam

313 4843 520 4902 abunde
550 4867 562 4901 :
605 4866 670 4904 eo
700 4851 843 4905 enim
880 4851 1050 4921 magis
1081 4851 1154 4922 [id
1187 4852 1428 4924 faciam],
1462 4854 1588 4923 quia
1615 4869 1882 4924 nusquam

313 4937 365 4983 te
417 4939 584 4989 tntum
645 4952 740 4991 seu
799 4936 1124 5003 incolumen,
1184 4939 1288 5009 nisi
1345 4939 1398 4993 in
1451 4955 1573 4997 meo
1633 4942 1884 5012 prasidio

312 5029 486 5086 putas.
523 5022 650 5079 Inde
679 5041 800 5080 cum
832 5028 979 5081 omni
1019 5042 1213 5101 pompa
1243 5044 1342 5083 ceu
1391 5029 1571 5086 fumus
1599 5047 1666 5088 ex
1712 5032 1885 5089 oculis

311 5103 564 5168 intuentis
603 5118 840 5171 evanuit.
882 5118 982 5174 Elia
1010 5120 1200 5190 ingens
1238 5121 1433 5190 cupido
1477 5139 1622 5188 eum,
1664 5133 1725 5182 ut
1753 5139 1883 5179 ora-

1985 4649 2189 4717 harere
2217 4657 2389 4727 parati
2434 4671 2628 4727 panem
2670 4665 2726 4711 et
2767 4656 2870 4711 alia
2902 4655 3210 4711 necessaria
3242 4655 3342 4710 sibi
3371 4663 3424 4710 et
3453 4649 3566 4709 suis

1983 4747 2135 4812 dare,
2167 4754 2528 4800 commeatum
2557 4753 2809 4815 portare;
2852 4752 3127 4815 postremo
3167 4759 3286 4813 qua
3338 4743 3572 4812 impera-

1984 4847 2195 4901 rentur,
2247 4836 2447 4892 facere.
2489 4835 2636 4903 Hac,
2691 4853 2798 4891 non
2855 4844 2916 4890 ut
2968 4837 3169 4898 audita,
3221 4836 3314 4890 sed
3355 4845 3414 4889 ut
3457 4837 3571 4890 visa

1987 4927 2209 4982 refero:
2263 4925 2505 4991 interfui,
2548 4927 2680 4992 vidi,
2725 4926 2875 4996 tetigi
2913 4943 2925 4978 :
2965 4935 3020 4980 et
3069 4924 3238 4980 multa
3280 4925 3481 4979 insulse
3520 4932 3575 4978 et

1989 5017 2276 5074 temerario
2311 5019 2378 5072 ab
2412 5019 2494 5074 his
2526 5027 2645 5073 acta
2686 5028 2860 5072 atram
2888 5019 3017 5072 mihi
3064 5017 3228 5074 bilem
3267 5024 3574 5078 moverunt,

1984 5107 2254 5179 przrcipue
2283 5107 2402 5167 hoc,
2453 5122 2576 5162 eum
2619 5107 2700 5162 eis
2754 5106 3064 5162 sacerdotes
3104 5118 3262 5159 senes
3295 5103 3582 5158 venerabi-

3363 5191 3391 5206 η
3459 5195 3471 5206 ι
