4110 5362
443 198 551 254 919

1471 207 1530 264 S.
1570 207 1857 266 JOANNIS
1894 205 2288 266 CUALBERTI
2323 204 2619 263 ABBATIS

3591 197 3709 251 920

436 331 557 370 cem
582 315 773 371 sefore
797 318 1027 388 quisque
1065 329 1297 391 putaret,
1334 321 1380 376 si
1415 321 1496 376 vel
1531 321 1801 377 ilrttbriam
1824 324 2016 377 horum
2048 329 2093 384 Α
2125 331 2238 376 tum
2292 320 2608 375 monialium
2642 328 3100 385 constructurum,
3160 327 3221 374 et
3241 333 3335 375 eos
3363 332 3462 388 pro
3492 317 3716 372 nomine

439 425 806 480 pannosorum
857 414 1138 484 tetigisset.
1181 415 1390 485 Quippe
1440 417 1512 470 ita
1552 434 1640 473 res
1674 419 1923 472 humanae
1966 434 2023 473 se

440 500 667 568 habent,
715 512 772 557 ut
823 520 930 559 non
975 505 1147 560 solum
1199 507 1568 576 imprudentes
1618 523 1796 563 rerum
1836 524 2023 563 verum

440 591 607 649 etiam
646 594 914 648 interdum
955 607 1012 649 et
1050 596 1502 666 prudemissimos
1538 611 1675 652 nova
1729 593 1909 654 omnia
1938 598 2023 654 fu-

440 681 581 737 catis
612 681 852 737 faciebus
881 680 1093 739 fallant.

510 774 640 831 279.
675 774 944 831 Caterum
978 778 1116 834 alios
1148 780 1627 848 praetermittemus
1653 780 1852 852 (neque
1878 780 2027 835 enim

442 863 586 936 digni
611 866 845 929 sunt,de
867 867 1064 935 quibus
1084 868 1249 923 verba
1278 868 1432 937 fiant)
1462 869 1529 923 ad
1556 880 1798 924 nostrum
1830 868 2024 923 falsum

444 952 706 1010 Joannem
738 957 1033 1027 Baptistam
1064 960 1300 1014 veniam.
1330 958 1430 1014 Hic
1454 959 1722 1029 imprimis
1750 959 2027 1015 codicillos

445 1044 612 1102 falsos
639 1062 734 1103 sea
784 1048 984 1115 bullas,
1010 1049 1063 1103 in
1085 1050 1301 1120 quibus,
1330 1050 1471 1104 unde
1495 1050 1723 1119 hujusce
1753 1049 2029 1120 religionis
2066 1074 2067 1077 η

446 1136 661 1192 initium
709 1139 1101 1194 ostendebatur
1137 1140 1190 1194 in
1231 1140 1404 1195 lucem
1445 1138 1718 1210 proferre;
1756 1155 1877 1209 quae
1908 1140 2028 1210 qui-

447 1229 570 1284 dem
595 1230 847 1286 omnibus
872 1231 925 1286 in
964 1232 1127 1286 rebus
1147 1229 1509 1299 adipiscendis
1536 1232 1640 1286 hac
1674 1239 1862 1287 nostra
1894 1238 2029 1285 teme

448 1329 662 1391 pestate
689 1321 892 1392 optima
922 1321 1007 1376 via
1034 1332 1118 1377 est
1139 1321 1205 1377 ad
1228 1320 1540 1376 fallendum.
1564 1322 1833 1376 Praeterea
1864 1336 2026 1376 anum

452 1412 739 1480 quamdam
792 1412 1126 1485 [habebat],
1186 1428 1307 1482 qua:
1362 1414 1467 1469 sub
1506 1413 1725 1469 habitu
1778 1413 2032 1468 monialis

453 1502 641 1557 nostra:
672 1517 796 1557 eum
829 1501 1152 1559 aliis-tribus
1182 1504 1235 1558 in
1270 1503 1537 1559 columnis
1571 1504 1755 1575 templi
1787 1505 1851 1559 ι).
1883 1503 2029 1558 Petri

454 1589 722 1661 Apostoli,
758 1593 929 1660 gratia
966 1593 1296 1663 pmnitentia:
1329 1596 1568 1665 agendae,
1600 1594 1772 1651 latens
1801 1595 2030 1663 lingere,

2125 413 2327 470 Christi
2364 412 2490 468 Jesu
2537 410 2728 482 frigus,
2774 409 2994 477 famem,
3033 411 3203 477 sitim,
3238 421 3294 468 et
3330 411 3528 466 eodem
3574 418 3716 463 tem—

2126 520 2254 575 pore
2299 505 2534 574 inopiam
2571 511 2628 558 et
2685 502 2943 565 laborum,
2998 503 3216 558 demum
3246 517 3440 558 cruces
3494 509 3551 556 et
3600 509 3721 556 tor-

2126 605 2308 651 menta
2339 595 2625 659 immania,
2658 594 3027 664 turpissimam
3046 595 3213 650 etiam
3245 603 3474 649 mortem
3505 590 3716 662 ingenti

2126 688 2504 756 constantique
2558 687 2743 741 animo
2804 686 3134 755 perlaturos.
3197 686 3494 741 Asserebat
3520 685 3711 746 etiam,

2126 777 2455 831 monasteria
2485 775 2716 831 finitima
2744 784 2799 830 et
2832 775 3145 846 longinqua,
3201 777 3311 833 imo
3339 784 3395 832 et
3423 774 3719 845 religiones

2127 879 2356 924 ceteras
2385 869 2515 924 huic
2538 883 2649 923 sua:
2677 868 3029 939 pedisscquas
3060 868 3198 924 fore.

2194 960 2322 1016 282.
2359 961 2566 1027 Quibus
2614 960 2841 1026 auditis,
2868 960 3130 1017 simulans
3160 960 3543 1019 necessitatem
3587 972 3723 1017 coro

2129 1055 2295 1125 poris,
2324 1054 2697 1110 stomachatus
2740 1052 2889 1109 foras
2928 1066 3092 1123 quam
3139 1054 3336 1123 raptim
3370 1066 3457 1107 me
3485 1050 3731 1115 contuli,

2129 1144 2404 1199 demirans
2429 1183 2445 1209 ,
2500 1156 2609 1198 non
2653 1141 2779 1197 dico
2824 1142 3063 1197 hominis
3107 1141 3434 1197 dementiam
3464 1181 3482 1206 ,
3524 1155 3721 1197 verum

2129 1246 2179 1291 et
2245 1234 2538 1299 insaniam,
2589 1246 2711 1304 qua-
2755 1232 2879 1287 talia
2942 1248 3126 1289 coram
3175 1230 3421 1303 proferre
3471 1229 3721 1284 auderet.

2131 1329 2382 1393 Demum,
2429 1328 2751 1382 conﬁrmato
2799 1327 3004 1391 animo,
3044 1342 3150 1381 una
3184 1341 3307 1380 cum
3343 1324 3467 1391 aliis
3519 1323 3625 1378 iter
3650 1323 3725 1377 ad

2131 1421 2256 1486 hoc,
2291 1418 2420 1488 quid
2450 1418 2584 1485 dixi,
2614 1415 2673 1472 S.
2712 1415 2896 1472 Maria:
2922 1416 3246 1480 oratorium,
3289 1424 3348 1469 ut
3405 1414 3484 1469 rei
3514 1413 3735 1467 exitunr

2131 1509 2507 1578 perciperem,
2565 1506 2691 1562 feci.
2759 1506 2950 1560 Mirum
2984 1545 3000 1571 ,
3058 1512 3263 1575 quanta
3321 1503 3396 1557 illi
3453 1501 3737 1574 equitanti-

2135 1599 2468 1663 auctoritas,
2525 1604 2726 1669 quanta
2785 1597 2854 1652 ab
2899 1597 3155 1651 omnibus
3202 1594 3498 1649 haberetur
3563 1591 3722 1647 ﬁdes.

454 1685 556 1740 sibi
584 1699 682 1755 per
710 1686 884 1741 visum
918 1684 976 1742 S.
1004 1684 1268 1743 Joannem
1292 1686 1593 1759 Baptistam
1620 1688 2030 1759 apparuisse,iu
2065 1668 2109 1726 Β
2134 1691 2278 1748 Proh
2327 1690 2520 1747 nefas!
2546 1668 2830 1753 audebat,
2878 1688 2956 1742 uti
3000 1701 3122 1742 mos
3159 1685 3428 1757 episcopis
3464 1693 3549 1738 est
3574 1722 3589 1749 ,
3627 1682 3725 1736 ubi

454 1796 552 1836 ora
587 1781 862 1837 hominum
898 1782 1185 1853 propalare
1213 1791 1270 1839 et
1305 1782 1472 1838 multa
1506 1783 1642 1849 alia,
1675 1797 1794 1852 quae
1834 1782 2039 1837 instru«
2131 1784 2352 1854 jus'eis
2400 1783 2586 1847 datur,
2628 1781 2792 1838 etiam
2843 1780 3094 1835 erunibus
3141 1778 3527 1834 occurentibus
3570 1775 3733 1830 bene-

456 1881 642 1928 menta
666 1871 1043 1941 fraudissunt,
1066 1874 1248 1929 dicere
1271 1883 1327 1928 et
1353 1873 1872 1945 facere;postremo
1895 1888 2042 1945 qutc-
2139 1877 2433 1933 dictionem
2499 1875 2650 1929 dare.
2714 1873 2797 1928 En
2868 1872 3138 1939 audacia,
3212 1870 3325 1925 imo
3379 1866 3726 1923 insolentia!

456 1981 690 2039 cumque
717 1966 821 2023 dici
844 1976 939 2022 aut
960 1966 1089 2039 litigi
1118 1976 1347 2037 possunt
1375 1967 1441 2022 ad
1472 1965 1871 2022 simulationem
1906 1981 2040 2021 con-
2139 1970 2409 2028 Ceterum
2478 1981 2579 2022 nos
2641 1966 2807 2021 cmi.
2840 1972 3023 2020 mente
3049 2004 3067 2030 ,
3096 1973 3171 2018 κει
3224 1975 3491 2018 novarum
3541 1973 3731 2014 rerum

461 2059 736 2121 ducentia.
773 2059 906 2114 nihil
976 2059 1411 2130 pretermittere.
1458 2058 1554 2114 llis
1600 2058 1781 2129 itaque
1824 2066 1878 2113 et
1919 2056 2044 2114 aliis
2142 2062 2399 2134 cupidine
2463 2059 2629 2115 illecti
2658 2097 2673 2124 ,
2728 2057 3238 2128 prosequebamur;
3301 2063 3409 2109 non
3473 2049 3730 2107 ruricolae

463 2152 672 2210 artibus
690 2153 997 2208 instructus
1023 2154 1093 2209 ad
1116 2153 1218 2211 has
1243 2168 1302 2208 se
1327 2152 1555 2208 contulit
1579 2153 1852 2225 regiones.

527 2243 656 2300 280.
703 2242 972 2299 Caeterum
1038 2242 1305 2314 imprimis
1355 2243 1704 2300 mulierculas
1756 2244 2042 2314 quasdam,

464 2346 593 2404 quo:
630 2332 919 2390 Florentiae
945 2334 1091 2389 domi
1123 2335 1358 2405 proprize
1402 2334 1569 2391 veluti
1614 2335 1670 2390 in
1713 2336 2046 2391 monasterio

462 2439 529 2479 se
558 2423 894 2505 clauserant,
925 2423 1100 2480 socias
1129 2424 1232 2482 sibi
1263 2427 1379 2481 fore
1407 2435 1467 2481 et'
1485 2425 1840 2483 consiliorum
1871 2426 2045 2498 parti-

465 2515 613 2586 cipes
657 2516 971 2580 ostendens,
1011 2516 1103 2571 diu
1148 2525 1419 2587 noctuque
1462 2517 1579 2574 suis
1615 2517 2050 2573 simulationibus

465 2607 776 2679 fatigando,
807 2607 1038 2679 denique
1085 2608 1272 2665 omnia
1312 2610 1568 2664 tentamlo
1595 2610 1663 2663 ad
1705 2623 1805 2664 eas
1843 2608 2047 2662 aditum

466 2699 694 2755 invenit.
731 2699 861 2756 lude
889 2699 1164 2765 discessit,
1192 2715 1259 2755 ex
1290 2700 1568 2770 utriusque
1590 2701 1869 2755 voluntate
1892 2701 2053 2756 rebus

467 2791 752 2862 diligenter
788 2789 1127 2861 compositis.
1166 2791 1298 2846 Erat
1323 2791 1373 2845 ei
1407 2790 1580 2846 frater
1609 2791 1829 2861 quidam
1862 2790 2050 2861 fugiti-

470 2896 606 2947 vus,
636 2882 974 2951 negotiorum
1005 2880 1393 2936 curatorlidus
1435 2891 1821 2952 acceptusque,
1857 2890 1911 2939 et
1934 2899 2052 2939 om-

2145 2160 2380 2215 tantum,
2427 2163 2617 2204 vermn
2666 2155 2722 2203 et
2752 2144 2983 2209 nobiles,
3024 2145 3201 2209 cives,
3251 2151 3310 2197 et
3358 2140 3502 2211 quod
3553 2137 3734 2208 majus

2145 2251 2251 2307 est,
2282 2241 2447 2297 etiam
2484 2248 2540 2293 ct
2587 2237 2791 2310 egregii
2841 2235 3161 2307 presbyteri,
3201 2230 3295 2304 qui
3330 2247 3428 2288 sua
3476 2238 3731 2301 portenta

2145 2343 2202 2388 et
2234 2320 2479 2402 prodigia
2506 2329 2558 2384 in
2580 2328 2778 2384 itinere
2805 2326 2965 2398 pleno
3005 2340 3121 2391 ore,
3163 2326 3503 2394 adductoque
3545 2336 3735 2392 super-

2147 2421 2299 2487 cilio,
2332 2419 2502 2476 multo
2534 2418 2690 2489 plura
2719 2426 2775 2473 et
2802 2416 3025 2486 majora,
3053 2430 3213 2487 quam
3233 2413 3422 2470 fecerit
3441 2412 3745 2478 dixeritve,

2150 2516 2309 2571 nobis
2364 2511 2712 2570 enarrabant.
2774 2509 2917 2579 Quid
2977 2508 3123 2580 quod
3156 2515 3357 2563 nostra:
3400 2503 3745 2561 temeritatis

2151 2608 2344 2662 eadem
2413 2605 2503 2661 die
2570 2614 2763 2674 pinnas
2816 2597 3057 2665 luimus;
3099 2612 3223 2654 cum
3284 2596 3475 2663 enim,
3534 2591 3749 2649 casulis

2151 2697 2569 2769 mapalibusqne
2615 2693 2944 2750 rusticorum
2994 2689 3241 2755 relictis,
3296 2687 3406 2742 iter
3448 2685 3597 2754 rupis
3648 2696 3740 2737 ar-

2153 2791 2321 2846 duum
2359 2788 2585 2859 jamjam
2626 2783 3066 2855 aggrederemur,
3101 2794 3231 2836 aere
3279 2790 3477 2834 sereno
3513 2776 3565 2831 in
3598 2782 3741 2830 tein-

2153 2887 2419 2950 pestatem
2470 2882 2696 2936 mutato,
2749 2873 2863 2928 cito
2909 2872 3281 2941 inexspectata
3327 2876 3383 2923 et
3428 2866 3604 2922 subita
3652 2864 3750 2919 vis

474 2973 623 3026 nium
647 2970 1019 3038 consiliorum,
1045 2971 1147 3026 nisi
1172 2972 1472 3037 novissimi,
1496 2981 1555 3028 ut
1573 2971 1799 3028 inferius
1820 2971 2046 3040 dicetur,
2077 3008 2124 3070 ο
2155 2977 2449 3024 ventorum.
2471 2975 2531 3020 et
2553 2964 2817 3020 immanis-
2830 2977 3092 3033 aquarum
3139 2956 3407 3032 procella,
3431 2959 3739 3015 obscurato

476 3062 772 3133 particeps,
802 3076 963 3132 quem
990 3077 1211 3117 suarum
1236 3062 1433 3119 artium
1459 3071 1621 3121 antea
1645 3064 1888 3134 ignarum
1917 3079 2053 3135 quo-

476 3155 680 3210 tidiano
710 3169 805 3208 usu
835 3153 992 3210 facile
1020 3167 1205 3224 parem
1228 3154 1567 3226 similemque
1595 3154 1697 3211 sibi
1720 3153 1932 3211 allicere
1960 3171 2056 3210 cuv

481 3243 623 3299 ravit
651 3262 665 3298 :
693 3259 815 3298 nam
834 3245 1151 3315 supplicem,
1175 3244 1456 3311 humilem,
1480 3246 1759 3316 oculisque
1787 3246 1932 3301 humi
1956 3246 2054 3302 de-

476 3332 684 3405 missis,
704 3348 757 3394 et
783 3348 971 3395 contra
996 3354 1201 3395 morem
1229 3338 1632 3396 Sabaraitarum
1654 3340 1801 3412 ('207)
1833 3342 2056 3395 tacitum

478 3431 549 3486 ad
571 3440 780 3503 tempus
813 3432 1063 3497 reddere,
1102 3431 1175 3487 ita
1210 3441 1269 3488 ut
1296 3434 1383 3490 his
1409 3442 1465 3488 et
1495 3431 1616 3489 aliis
1653 3433 1943 3488 virtutibus
1968 3430 2055 3485 fn-

478 3522 645 3587 catis,
688 3521 941 3578 omnibus
979 3522 1100 3578 aliis
1144 3523 1495 3580 vehementer
1536 3524 1904 3589 admirationi,
1954 3521 2058 3577 sibi

478 3618 610 3669 vero
654 3614 851 3684 gaudio
884 3622 941 3669 et
989 3614 1208 3668 utilitati
1253 3623 1418 3670 esset.
1477 3613 1620 3671 Proh
1664 3614 1841 3670 nefas!
1893 3614 2058 3669 etiam

484 3712 711 3780 puerum
751 3692 1234 3774 adolescentulum,
1272 3724 1429 3779 quem
1456 3710 1675 3764 aiebant
1712 3709 1879 3763 tilium
1921 3709 2062 3766 illius

483 3790 728 3854 mulieris
756 3799 971 3865 clausae,
1000 3797 1069 3854 de
1093 3815 1198 3869 qua
1225 3816 1389 3870 supra
1422 3799 1645 3855 verbum
1677 3799 1920 3867 fecimus,
1943 3802 2059 3856 cxi—

481 3888 648 3957 stere,
700 3900 761 3945 ut
803 3906 862 3946 se
909 3890 1082 3962 pilosa
1117 3898 1270 3946 veste
1309 3891 1555 3946 indutqu
1584 3907 1706 3946 cum
1741 3891 1846 3948 alio
1868 3893 2064 3949 comite

485 3982 785 4054 equitando
822 3982 1075 4038 ducebat.
1114 3980 1318 4037 Verum
1343 3983 1575 4053 plurima
1614 3987 2061 4053 prtetermittens,

487 4073 733 4143 quzedam
765 4071 943 4143 magis
969 4073 1275 4127 necessaria
1300 4072 1489 4143 paucis
1515 4074 1774 4144 aperiam.

561 4162 686 4219 28L
729 4162 900 4234 Hujus
928 4161 1091 4234 igitur
1112 4161 1256 4218 fama
1277 4164 1481 4235 passim
1512 4181 1617 4219 non
1644 4182 1832 4235 agrum
1856 4165 2067 4223 Tuscia:

491 4264 735 4320 tantum,
786 4270 975 4310 verum
1045 4263 1102 4310 et
1164 4254 1421 4311 linitimos
1482 4270 1671 4313 omnes
1734 4258 2061 4328 complevit;

2155 3059 2314 3126 cmlo,
2339 3059 2576 3129 undique
2600 3067 2655 3113 et
2684 3055 2924 3128 undique
2955 3054 3222 3110 oboritur.
3254 3053 3363 3109 Nos
3409 3051 3616 3117 miseri,
3643 3051 3745 3120 qui

2155 3153 2260 3209 iter
2283 3150 2512 3221 pedibus
2567 3150 2830 3221 aggressi,
2885 3147 2940 3202 in
2978 3146 3068 3202 tali
3115 3154 3378 3215 tantoque
3423 3140 3743 3198 discrimine

2160 3241 2428 3317 [eramus]
2456 3240 2638 3312 positi,
2667 3240 2801 3309 quid
2852 3252 3034 3307 agere,
3067 3250 3177 3306 quo
3210 3248 3309 3288 nos
3339 3242 3554 3288 vertere
3577 3230 3742 3286 debe-

2160 3348 2359 3399 remus,
2404 3331 2786 3404 ignorabamus
2839 3327 3057 3398 peuitus
3106 3340 3122 3379 :
3172 3338 3298 3378 nam
3342 3323 3414 3377 ob
3450 3328 3738 3376 ventorum

2160 3425 2552 3481 immanitatem
2588 3433 2645 3477 et
2680 3420 2891 3491 copiam
2940 3416 3196 3472 imbrium
3246 3414 3337 3468 vix
3364 3408 3615 3482 progredi
3657 3408 3744 3464 ul-

2159 3517 2329 3573 terius
2353 3524 2684 3587 poteramus,
2735 3521 2791 3567 et
2823 3507 3125 3579 retrogredi
3174 3505 3507 3561 ducebamus
3557 3509 3737 3568 turpe.

2160 3617 2217 3664 et
2247 3608 2355 3663 illic
2384 3621 2507 3662 esse
2532 3605 2624 3660 diu
2671 3603 2772 3659 sub
2810 3601 2937 3656 divo
2967 3600 3121 3654 locus
3152 3595 3376 3662 sterilis,
3415 3602 3469 3649 et
3513 3589 3742 3663 penuria

2166 3715 2349 3757 rerum
2396 3697 2637 3752 omnium
2667 3708 2773 3748 non
2800 3689 3173 3761 permittebat.
3722 3732 3727 3742 ,

2234 3797 2361 3856 285.
2392 3797 2512 3867 Ipse
2555 3806 2687 3847 vero
2734 3789 2976 3845 Joannes
3024 3785 3229 3840 veritus
3280 3782 3493 3854 pejora,
3539 3794 3614 3838 ne
3653 3778 3745 3834 vel

2163 3893 2310 3949 solus
2335 3887 2571 3944 vel‘cum
2600 3883 2791 3954 paucis
2817 3878 3056 3935 montani
3080 3876 3181 3932 loci
3206 3877 3435 3945 abrupta
3462 3883 3518 3929 et
3540 3885 3738 3929 conca-

2164 3998 2230 4037 va
2283 3980 2434 4035 adire
2481 3981 2784 4045 cogeretur,
2840 3967 3023 4023 verbis
3068 3966 3265 4021 fucatis
3311 3973 3368 4020 et
3408 3962 3739 4032 compositis,

2165 4088 2285 4145 quae
2311 4071 2412 4126 sibi
2437 4067 2650 4124 abunde
2674 4071 2853 4127 erant,
2884 4075 2985 4115 nos
3011 4059 3077 4113 ad
3110 4058 3308 4112 altiora
3352 4057 3589 4122 hortari,
3636 4068 3741 4110 non

2167 4166 2300 4221 satis
2345 4173 2485 4223 esse,
2543 4156 2595 4210 id
2646 4170 2744 4210 nos
2792 4152 3026 4207 voluisse
3068 4147 3309 4219 aggredi,
3357 4148 3465 4201 nisi
3502 4145 3743 4202 durando

2168 4270 2434 4316 summum
2467 4251 2544 4306 rei
2575 4258 2920 4308 teneremus;
2956 4242 3021 4297 ad
3053 4243 3170 4297 haec
3198 4238 3474 4306 Virginem
3501 4238 3742 4299 Mariam.

495 4348 727 4402 alterum
760 4346 1009 4402 videlicet
1037 4344 1298 4402 Joannem
1329 4345 1628 4417 Baptistam
1655 4350 1891 4416 venisse,
1919 4349 2066 4404 futu-
2099 4346 2147 4406 Ι)
2174 4349 2390 4404 unicum
2421 4341 2663 4398 omnium
2710 4335 3020 4392 mortalium
3071 4330 3365 4401 refugium,
3419 4328 3473 4383 in
3496 4329 3751 4384 erumnis

499 4458 618 4496 rum
642 4441 896 4497 Ecclesiae
914 4441 1113 4497 Christi
1136 4456 1272 4512 pene
1291 4442 1483 4497 dirutae
1512 4458 1709 4498 novum
1739 4443 2070 4512 composito-

498 4549 634 4590 rem.
661 4533 811 4600 Ideo,
841 4533 970 4589 dum
997 4532 1222 4589 verbum
1258 4533 1469 4590 Domini
1503 4534 1628 4590 hinc
1664 4533 1787 4588 inde
1811 4533 2072 4604 praedica-

496 4610 583 4680 ret
617 4624 792 4695 (nam,
830 4633 890 4679 ut
927 4622 1066 4691 dixi,
1102 4626 1236 4680 satis
1269 4623 1593 4696 eloquentia:
1631 4624 1888 4694 habebat)
1920 4623 2073 4678 multi

502 4715 783 4782 mortales,
813 4715 904 4771 alii
929 4716 1181 4773 audiendi
1211 4718 1437 4773 verbum
1472 4717 1621 4781 Jesu,
1650 4715 1741 4770 alii
1765 4729 1900 4769 nova
1925 4713 2076 4783 cupi-

500 4805 626 4861 dine
648 4806 783 4860 tanti
813 4806 918 4861 viri
947 4804 1016 4877 (si
1039 4807 1215 4863 virum
1251 4807 1357 4863 dici
1390 4808 1472 4863 fas
1494 4807 1598 4876 est)
1637 4803 1845 4859 visendi
1887 4801 2076 4866 illecti,

506 4893 574 4948 ad
599 4909 723 4951 eum
757 4896 924 4952 variis
949 4896 1083 4953 locis
1104 4896 1417 4954 conﬂuere:
1450 4911 1576 4952 nam
1601 4893 1845 4959 memini,
1882 4908 1968 4946 me
1992 4907 2077 4946 se-

506 4982 611 5061 mel
633 5000 762 5040 casu
790 4986 1042 5057 quodam,
1068 4987 1143 5043 ita
1170 4997 1226 5042 ut
1256 4987 1338 5053 iit,
1368 4985 1496 5041 dum
1532 4983 1867 5052 negotiorum
1902 4980 2075 5050 gratia

505 5079 655 5135 varia
694 5079 808 5136 loca
838 5078 1073 5136 lustrare
1111 5093 1334 5135 necesse
1367 5086 1473 5141 est,
1521 5075 1577 5129 in
1621 5074 1684 5127 D.
1734 5070 1951 5127 Martini
2000 5069 2079 5124 fe-

507 5156 746 5227 stivitate
771 5172 1138 5242 praedicationi
1197 5186 1309 5225 sua:
1339 5164 1664 5229 interfuisse,
1698 5163 1750 5218 in
1801 5177 1906 5230 qua
1942 5161 2081 5215 inter

2171 4434 2472 4513 praesertim
2510 4448 2616 4486 non
2644 4427 2973 4484 defuturam.
3008 4421 3102 4477 His
3136 4420 3298 4492 igitur
3323 4419 3556 4489 aliisque
3587 4417 3753 4475 ratio-

2173 4531 2335 4585 nibus
2381 4519 2820 4596 probatissimis,
2870 4516 2961 4571 ubi
3021 4513 3234 4568 animos
3273 4517 3493 4566 nostros
3541 4518 3751 4566 erectos

2172 4621 2328 4683 vidit,
2378 4614 2683 4672 calcaribus
2728 4609 3001 4679 stringens
3049 4618 3270 4674 equum,
3327 4602 3611 4666 festinare,
3655 4615 3756 4655 nos

2176 4708 2362 4765 miseri
2400 4722 2564 4777 quam
2595 4704 2792 4774 raptim
2819 4699 2972 4768 sequi
3000 4714 3017 4762 ;
3048 4698 3265 4751 domum
3297 4693 3446 4757 fessi,
3475 4700 3532 4747 et
3556 4691 3756 4746 sudore

2177 4809 2231 4854 et
2259 4797 2479 4867 pulvere
2507 4801 2563 4848 et
2603 4792 2775 4846 imbre
2820 4788 3040 4858 copioso
3067 4783 3235 4856 pleni,
3288 4783 3525 4854 Virginis
3575 4780 3757 4836 Maria

2178 4886 2475 4942 oratorium
2523 4881 2828 4944 adivimus,
2888 4876 3035 4946 quod
3093 4883 3223 4929 tunc
3282 4873 3504 4942 quidam
3575 4869 3754 4934 alius,

2179 4975 2504 5034 Franciscus
2563 4972 2829 5035 nomine,
2888 4967 3105 5038 juvenis
3165 4965 3399 5020 eremita
3481 4962 3756 5026 habebat,

2179 5086 2342 5141 quem
2394 5068 2524 5124 olim
2579 5065 2637 5120 S.
2687 5063 2924 5119 Joannes
2971 5071 3190 5132 captum
3243 5073 3275 5112 a
3334 5056 3579 5114 daemone
3622 5051 3756 5109 libe-

2181 5169 2421 5217 raverat.
