4110 5362
360 172 461 230 921

1880 164 2083 219 ACTA.

3511 158 3617 215 922

364 290 587 356 repente
611 279 1001 337 monachorum
1048 283 1356 332 nostrorum
1408 289 1516 329 non
1550 288 1714 342 parva
1753 273 1932 340 turba,
1962 280 2010 337 Α
2038 272 2310 328 dicuntur.
2336 270 2477 327 Sunt
2504 269 2594 340 qui
2625 268 2914 331 amrment,
2945 282 3069 322 eum
3096 266 3329 324 oﬂiclum
3357 271 3618 340 ganeonis

363 384 554 431 ventos
584 371 828 445 perpessi
855 380 911 427 et
933 369 1185 432 imbrem.
1216 368 1514 423 oratorium
1539 364 1936 436 ingrediuntur.

365 466 493 521 Inde
516 477 750 535 surgens
797 460 930 525 ille,
984 458 1216 529 oppletis
1262 457 1436 513 oculis
1505 463 1727 524 totaque
1799 452 1938 508 facie

314 555 620 628 _lacrymis
650 595 666 619 ,
724 552 967 608 constitit
1020 552 1076 606 in
1126 549 1307 606 medio
1339 590 1355 616 ,
1411 557 1574 618 atque
1620 545 1793 600 oculis
1839 559 1938 598 nos

363 661 555 701 omnes
594 642 1063 713 circumspiciens,
1094 640 1328 696 demissa
1356 648 1413 694 et
1437 636 1776 708 lacrymabili
1806 650 1938 690 voce

364 738 578 810 inquit:
610 734 719 793 Vos
747 750 938 792 omnes
987 749 1086 789 oro
1135 734 1519 802 deprecorque,
1577 728 1786 795 Jesum,
1820 729 1939 783 Vir~

362 829 652 900 ginemque
670 826 788 899 ejus
828 834 1059 881 matrem
1087 823 1311 878 Mariam
1358 820 1570 899 precari
1601 820 1800 884 velitis,
1832 818 1936 892 [ut]

334 925 811 977 .meconstantem
863 923 921 970 et
964 914 1176 970 firmum
1230 911 1708 979 invincibilemque
1749 918 1937 965 contra

361 1008 588 1063 insidias
635 1005 834 1061 diaboli
862 1006 1065 1061 faciat:
1100 1019 1222 1059 nam
1254 1003 1359 1058 hoc
1417 1001 1718 1057 oratorium
1745 1040 1760 1065 ,
1806 1000 1937 1056 mihi

361 1111 624 1155 mternam
677 1097 794 1153 fore
840 1097 1172 1167 sepulturam
1228 1110 1428 1165 spero;
1488 1109 1588 1150 nec
1638 1093 1825 1163 plura,
1879 1100 1940 1147 ut

365 1188 564 1254 fertur,
595 1205 694 1259 per
720 1190 891 1260 ipsam
923 1188 1064 1244 diem
1095 1188 1306 1242 locutus
1337 1183 1493 1259 [est],
1539 1184 1642 1239 nisi
1674 1185 1726 1239 in
1762 1199 1940 1239 remo-

359 1279 589 1335 tioribus
632 1288 690 1334 et
738 1278 939 1334 abditis
971 1278 1125 1333 locis.
1157 1276 1266 1332 Nos
1290 1278 1528 1337 demum,
1562 1274 1690 1346 quia
1714 1275 1829 1345 jam
1855 1275 1938 1330 sol

356 1367 752 1435 declinaverat,
782 1368 929 1433 inde,
986 1368 1320 1424 admirantes
1353 1378 1410 1424 et
1456 1368 1607 1422 varia
1640 1366 1694 1420 in
1741 1366 1936 1422 itinere

326 1458 429 1516 ‘do
470 1473 584 1525 eo,
638 1468 697 1514 ut
755 1458 861 1523 fit,
912 1457 1327 1515 confabulantes
1358 1498 1374 1522 ,
1425 1458 1493 1512 ad
1543 1456 1934 1517 monasterium

355 1544 471 1605 leti
522 1549 928 1615 concessimus,
973 1547 1183 1605 exitum
1232 1548 1310 1604 rei
1355 1563 1480 1603 cum
1531 1547 1727 1619 gaudio
1784 1561 1935 1619 pra:-

355 1639 641 1699 stolantes.

426 1733 553 1789 285.
590 1733 861 1790 Caeterum
903 1750 1011 1791 non
1044 1734 1215 1791 multo
1236 1743 1361 1805 post
1408 1733 1589 1791 socius
1628 1732 1820 1805 frater,
1870 1733 1937 1790 de

357 1838 469 1892 quo
499 1838 662 1894 supra
699 1826 925 1880 verbum
982 1823 1233 1891 fecimus,
1264 1825 1359 1880 lite
1410 1824 1555 1879 inter
1587 1838 1684 1880 eos
1726 1825 1794 1880 de
1840 1838 1938 1879 ca:-

356 1913 615 1969 remoniis
642 1913 1000 1970 observandis
1024 1924 1174 1980 nata,
1213 1915 1392 1986 palam
1435 1915 1622 1971 multis
1663 1930 1760 1971 sua
1791 1915 1933 1970 mala

353 2002 600 2060 facinora
649 2005 796 2061 fecit.
848 2005 986 2062 Hinc
1032 2006 1136 2062 sibi
1182 2007 1359 2076 prima
1406 2006 1533 2060 mali
1581 2006 1768 2063 labes:
1810 2006 1937 2065 hinc

351 2096 428 2152 ab
453 2097 705 2153 omnibus
733 2097 928 2153 deinde
953 2099 1257 2164 observari,
1291 2098 1509 2169 iniquus
1537 2107 1595 2155 et
1644 2114 1936 2170 perversos

354 2200 391 2245 ι
425 2188 640 2244 cunctis
672 2187 884 2243 haberi.
916 2189 1085 2244 Erant
1111 2204 1179 2245 eo
1207 2197 1473 2258 tempore,
1529 2190 1621 2262 qui
1652 2190 1934 2246 existima-

348 2285 513 2343 rent,
552 2278 694 2332 hunc
734 2278 836 2333 sub
876 2279 1059 2349 specie
1106 2281 1386 2336 eremitica
1438 2281 1559 2336 loca
1604 2280 1693 2336 illa
1740 2296 1934 2337 saxosa

357 2377 418 2426 et
500 2368 619 2425 fere
694 2368 1072 2425 inhabitabilia
1149 2371 1393 2437 adiisse,
1481 2380 1542 2427 ut
1614 2371 1689 2428 ibi
1786 2372 1935 2427 omni

354 2467 504 2515 metu
530 2458 759 2525 sublato,
791 2458 1019 2517 furtivas
1056 2470 1286 2517 moneta:
1311 2459 1552 2517 ofﬁcinas
1582 2476 1706 2516 cum
1751 2475 1936 2531 paucis

353 2547 629 2605 clientulis
655 2558 935 2604 exerceret
960 2565 975 2616 ;
1007 2550 1103 2606 sed
1129 2564 1198 2605 ex
1224 2548 1346 2605 aliis
1371 2550 1519 2605 vitiis
1549 2550 1742 2621 magis,
1772 2566 1933 2621 quam

354 2640 500 2710 quod
527 2640 779 2710 cuiquam
816 2640 921 2697 hoc
963 2650 1300 2712 compertum
1331 2640 1492 2706 foret,
1526 2641 1642 2697 haec
1669 2640 1811 2697 fama
1842 2656 1939 2697 vo-

354 2730 541 2787 labat:
576 2746 701 2786 nam
730 2730 888 2801 paulo
920 2741 1064 2802 post,
1096 2732 1220 2804 quis
1247 2731 1491 2803 qualisve
1524 2732 1808 2798 existeret,
1835 2748 1934 2788 sua

353 2824 526 2880 multa
552 2823 785 2879 nefanda
823 2825 1087 2890 facinora,
1131 2841 1251 2897 qum
1291 2825 1522 2897 turpiter
1571 2825 1935 2896 obscoaneque

352 2916 487 2987 egit,
520 2917 865 2973 declaravere
893 2933 910 2974 :
938 2933 1067 2973 nam
1100 2933 1174 2973 tes
1212 2918 1447 2973 alienum
1476 2917 1743 2989 imprimis
1769 2919 1934 2972 variis
1961 2955 2006 3017 Ο

353 3008 497 3064 dolis
525 3016 584 3063 et
630 3008 840 3064 astibus
868 3009 1072 3080 grande
1114 3026 1181 3066 ex
1217 3010 1449 3066 diversis
1482 3010 1616 3066 locis
1659 3010 1933 3076 conﬂavit,

351 3112 465 3172 quo
495 3100 845 3165 monasteria,
879 3115 999 3170 qua:
1023 3102 1257 3169 dixerat,
1292 3101 1676 3157 exaediﬁcaret.
1710 3101 1930 3163 Verum.

350 3206 509 3248 more
546 3192 886 3261 biliuguium,
927 3192 1071 3246 aliud
1123 3192 1366 3248 clausum
1414 3192 1468 3247 in
1521 3201 1760 3263 pectore,
1794 3191 1935 3246 aliud

350 3278 409 3338 in
441 3281 621 3350 lingua
657 3290 965 3351 promptum
1013 3282 1264 3337 habebat.
1317 3282 1557 3336 Ducebat
1584 3282 1730 3337 enim
1773 3296 1937 3351 quos-

351 3372 481 3430 dam
511 3373 846 3429 facinorosos
890 3388 1095 3439 secum,
1147 3383 1258 3427 tum
1318 3373 1603 3443 religiosos
1655 3372 1934 3443 fugitivos,

353 3475 473 3523 tum
500 3465 793 3529 seculares,
823 3480 963 3536 quos
994 3468 1249 3537 precibus
1276 3466 1345 3521 de
1372 3466 1648 3537 ergastulo
1676 3475 1936 3521 extraxe-

355 3564 460 3612 rat.
491 3555 705 3611 Mutuas
734 3556 940 3612 litteras
982 3566 1037 3612 et
1070 3558 1296 3612 crebras
1321 3570 1352 3611 a
1409 3556 1753 3621 mulieribus,
1803 3570 1936 3625 quas

353 3650 455 3705 sub
487 3650 667 3720 specie
695 3650 1009 3704 monialium
1033 3650 1246 3705 clausas
1273 3664 1434 3719 supra
1458 3648 1777 3713 memoravi,
1807 3648 1938 3703 dare

353 3741 552 3811 saepius
580 3714 653 3796 et.
658 3739 907 3811 accipere
934 3757 949 3806 ;
980 3755 1071 3796 eas
1104 3740 1409 3806 interdum,
1440 3740 1639 3794 comite
1668 3754 1777 3794 uno
1808 3753 1937 3794 con-

355 3838 559 3896 tentus,
591 3831 841 3886 visitare.

422 3923 549 3980 286.
591 3922 719 3987 Sed,
754 3933 813 3977 ut
843 3937 1031 3979 verum
1065 3922 1259 3989 fatear,
1307 3923 1435 3978 huic
1485 3923 1936 3993 pseudoeremita:

354 4028 464 4069 non
516 4015 697 4069 minor
723 4013 934 4068 vanitas
964 4013 1141 4068 inerat
1166 4027 1328 4082 quam
1381 4012 1706 4084 hypocrisis,
1760 4026 1936 4083 neque

354 4105 590 4163 reticere
662 4121 784 4176 quae
864 4104 1158 4169 audierat,
1218 4119 1395 4174 neque
1456 4113 1670 4159 suamet
1725 4103 1934 4158 scelera

352 4200 650 4258 occultare.
697 4199 783 4255 Me
827 4198 1045 4254 vidente
1094 4204 1151 4251 et
1176 4197 1455 4261 audiente,
1504 4197 1658 4267 plura
1695 4196 1832 4250 dixit
1882 4203 1938 4249 et

2040 359 2392 435 [exercuisse]
2420 369 2472 415 et
2529 358 2903 414 meretriculas
2939 358 3355 425 conducentem,
3402 360 3617 415 luxuria

2037 452 2330 522 perditum,
2348 461 2402 504 et
2424 451 2705 505 lenociniis
2732 449 3014 513 infamem,
3045 458 3099 504 et
3124 451 3377 506 omnibus
3399 448 3615 521 ﬂagitiis

2037 556 2091 599 et
2137 543 2468 598 facinoribus
2496 551 2835 613 coopertum,
2864 557 2893 596 a
2947 543 3063 597 suis
3113 542 3507 609 consimilibus,
3541 544 3614 598 ita

2038 639 2169 693 utin
2202 636 2292 691 tali
2326 651 2384 691 re
2421 635 2640 689 evenire
2682 634 2833 698 solet,
2882 635 2933 688 in
2982 633 3153 689 frusta
3185 635 3484 691 concisum.
3511 636 3618 692 Alii

2035 729 2106 784 ob
2128 729 2329 783 furtum
2372 727 2558 781 Roma:
2605 727 2786 796 inique
2815 737 3202 797 perpetratum,
3235 729 3479 798 deposito
3504 744 3622 786 ere-

2037 818 2209 873 mitali
2232 817 2441 882 habitu,
2464 832 2586 873 cum
2609 816 2931 886 quibusdam
2962 816 3184 873 nefariis
3211 832 3374 874 cruce
3397 832 3623 893 suspen-

2036 927 2178 967 sum.
2206 910 2394 975 Nobis,
2418 924 2481 965 ea
2505 925 2594 965 res
2615 909 2717 965 etsi
2767 924 2865 979 pro
2894 909 3134 965 locorum
3160 910 3405 967 absentia
3427 927 3616 981 parum

2038 1013 2313 1073 comperta
2336 1001 2428 1066 sit,
2474 1009 2654 1056 tamen
2682 1001 2817 1055 satis
2859 1010 3093 1067 constat,
3128 1001 3270 1068 turpi
3301 1010 3475 1057 morte
3504 1018 3619 1073 po)—

2038 1109 2138 1148 nas
2190 1091 2374 1148 luisse.
2397 1092 2474 1146 ita
2514 1091 2604 1148 ille
2640 1106 2814 1147 novus
2866 1089 3099 1147 Joannes
3122 1091 3389 1161 Baptista,
3413 1094 3503 1162 qui
3529 1109 3621 1148 no-

2036 1198 2159 1238 vam
2206 1182 2530 1239 Christiana:
2573 1182 2697 1237 fidei
2756 1181 3071 1254 religionem
3117 1184 3394 1253 professus
3418 1183 3619 1254 fuerat,

2036 1277 2254 1347 dignum
2288 1276 2531 1332 moribus
2561 1275 2825 1346 factisque
2846 1277 2960 1333 suis
2985 1276 3145 1332 linem
3171 1277 3296 1335 vita:
3323 1280 3547 1335 invenit.

2104 1366 2208 1420 287
2249 1365 2384 1423 Huic
2410 1367 2673 1422 successit
2711 1367 2849 1422 alter
2874 1366 3236 1423 Ariminensis
3269 1368 3415 1440 (209)
3448 1370 3621 1426 bonus

2035 1456 2276 1529 profecto
2300 1457 2417 1521 vir;
2453 1456 2538 1510 cui
2583 1468 2778 1512 nomen
2810 1457 2973 1512 etiam
3005 1458 3059 1511 in
3096 1447 3228 1529 ipso
3273 1474 3429 1514 sacro
3473 1459 3627 1517 fonte

2036 1548 2377 1619 baptismatis
2403 1555 2489 1602 cst
2530 1546 2704 1603 Homo
2736 1549 2869 1615 Dei;
2906 1548 2998 1618 qui
3048 1549 3289 1618 quidem,
3337 1549 3502 1605 veluti
3531 1566 3624 1606 su-

2039 1641 2314 1711 pradictus
2342 1638 2513 1696 frater
2541 1636 2777 1706 Marcus,
2823 1639 2945 1711 plus
2970 1641 3073 1696 hoc
3111 1641 3164 1695 in
3199 1642 3528 1697 monasterio
3559 1644 3625 1698 S.

2037 1734 2220 1789 Maria:
2255 1732 2492 1807 [quam]
2540 1749 2742 1788 annum
2788 1735 2889 1789 sub
2935 1734 3183 1790 smeulari
3232 1744 3288 1791 et
3321 1735 3621 1791 conversali

2037 1825 2221 1879 habitu
2243 1824 2471 1897 peregit.
2501 1824 2631 1880 inde
2660 1832 2856 1895 optans
2879 1826 3039 1896 paulo
3069 1826 3402 1896 asperiorem
3432 1827 3623 1893 vitam,

2036 1922 2396 1986 praeterquam
2416 1915 2660 1971 instituta
2680 1916 2741 1969 P.
2763 1916 3060 1982 Benedicti,
3077 1917 3353 1982 adamare,
3375 1916 3620 1990 diligere,

2038 2006 2168 2061 illud
2216 2005 2277 2063 S.
2329 2006 2512 2062 Maria:
2560 2008 2951 2063 monasterium
2992 2008 3179 2062 adivit.
3234 2006 3356 2075 Qui,
3408 2017 3466 2063 ut
3517 2007 3621 2061 alia

2036 2097 2467 2168 praetermittam,
2516 2097 2585 2152 ad
2629 2097 2884 2153 libidines
2931 2106 2987 2152 et
3030 2097 3334 2167 voluptates
3378 2098 3627 2169 corporis

2037 2190 2357 2257 domandas,
2394 2202 2670 2260 nunquam
2702 2195 2914 2254 carnes,
2965 2204 3261 2260 numquam
3287 2188 3434 2255 vina,
3465 2204 3624 2244 num-

2036 2296 2199 2352 quam
2229 2280 2501 2337 lacticinia
2530 2282 2812 2349 degustat;
2846 2295 2969 2334 raro
2998 2279 3264 2344 oluscula,
3303 2293 3432 2333 raro
3461 2293 3622 2348 poma

2040 2358 2362 2445 {comedit},
2415 2368 2531 2426 fere
2570 2368 2773 2439 iugiter
2806 2358 2957 2439 pane
3013 2376 3070 2424 et
3126 2382 3268 2439 aqua
3309 2374 3622 2423 contentus.

2036 2464 2209 2532 Quid?
2241 2462 2385 2533 quod
2420 2462 2472 2516 in
2510 2463 2613 2518 hac
2638 2476 2843 2528 eremo,
2875 2461 3124 2531 quamvis
3162 2461 3280 2532 ipse
3302 2459 3435 2515 satis
3465 2457 3621 2515 nobi-

2038 2555 2123 2622 lis,
2153 2564 2210 2611 et
2243 2554 2387 2624 quod
2423 2555 2595 2626 magis
2624 2563 2728 2619 est,
2757 2553 3005 2609 delicatis
3032 2553 3195 2609 rebus
3238 2552 3391 2622 prius
3436 2564 3628 2606 assue-

2034 2660 2143 2716 tus,
2175 2649 2388 2720 quando
2418 2649 2585 2703 etiam
2610 2646 2870 2703 deformis
2894 2647 3089 2702 stridet
3114 2645 3310 2711 hiems,
3345 2644 3505 2700 nudis
3530 2657 3625 2713 pe-

2036 2744 2193 2800 dibus
2222 2744 2363 2798 inter
2398 2742 2553 2796 nives
2578 2750 2633 2796 et
2659 2754 2881 2810 asperas
2906 2739 3108 2809 glacies
3138 2737 3362 2801 incedit,
3390 2750 3456 2790 eo
3484 2744 3623 2790 tem-

2036 2850 2167 2905 pore
2195 2834 2360 2888 etiam
2405 2832 2499 2887 vili
2552 2841 2703 2887 veste
2746 2841 2803 2886 et
2848 2830 3066 2901 palliolo
3120 2826 3520 2892 circumdatus;
3570 2833 3627 2879 et

2036 2927 2239 2982 circulo
2266 2925 2443 2981 ferreo
2473 2925 2645 2979 instar
2667 2923 3024 2993 Evangelistze
3052 2921 3212 2977 Luca:
3238 2935 3399 2991 supra
3420 2918 3624 2974 nudum

2036 3033 2234 3088 corpus
2258 3017 2474 3071 assidue
2501 3017 2671 3069 utitur
2711 3033 2725 3069 :
2773 3022 2898 3068 orat
2947 3012 3280 3084 frequenter,
3329 3018 3385 3064 et
3430 3023 3630 3080 corpus

2036 3123 2192 3163 suum
2213 3107 2432 3179 jugibus
2459 3106 2622 3161 allicit
2651 3115 2993 3175 maceratque
3021 3102 3343 3174 disciplinis;
3395 3100 3633 3156 lectione

2036 3202 2199 3257 etiam
2230 3200 2659 3271 Scripturarum,
2714 3214 2833 3268 qua:
2882 3197 3169 3253 vernacula
3210 3190 3392 3267 lingua
3438 3194 3626 3265 impri-

2038 3302 2280 3357 muntur,
2305 3292 2468 3345 instat
2495 3306 2738 3360 semper:
2772 3291 2937 3345 etiam
2967 3288 3178 3344 Domini
3203 3286 3330 3341 Jesu
3354 3295 3625 3357 praecepta

2036 3398 2135 3454 pro
2165 3383 2372 3437 viribus
2399 3381 2697 3451 adimplere
2728 3388 2979 3434 conatur.

2106 3473 2233 3530 288.
2275 3473 2502 3528 Domum
2532 3474 2689 3536 hanc,
2733 3472 2822 3526 ubi
2855 3470 3090 3541 primum
3133 3483 3285 3523 suam
3324 3465 3627 3523 secundum

2038 3564 2205 3621 Deum
2237 3565 2438 3635 incepit
2461 3562 2960 3625 instituerevitam,
2992 3562 3186 3615 crebro
3227 3560 3403 3614 visere
3434 3557 3627 3627 coepit,

2039 3660 2097 3714 S.
2151 3659 2414 3715 Joannem
2458 3658 2633 3713 ubivis
2686 3657 2931 3727 gentium
2976 3652 3208 3718 extollit,
3260 3665 3358 3708 sua
3403 3652 3628 3721 egregia

2038 3749 2174 3804 facta
2200 3753 2471 3802 narrando
2496 3748 2563 3801 ad
2588 3746 2782 3801 omium
2807 3744 2977 3810 ferre;
3001 3744 3067 3798 de
3094 3741 3374 3797 monachis
3394 3741 3628 3796 ceteris—

2036 3856 2141 3911 que
2184 3842 2384 3896 nostris
2421 3840 2603 3894 omnia
2652 3840 2793 3893 boua
2839 3838 3044 3893 dicere.
3104 3836 3196 3890 Sic
3246 3835 3313 3890 ab
3367 3834 3622 3888 omnibus

2037 3932 2192 3987 bonis
2222 3945 2358 4002 puro
2391 3930 2636 3999 diligitur
2685 3920 2917 3992 affectu;
2969 3925 3100 3982 mali
3143 3938 3447 3981 vero~eum
3497 3922 3624 3977 odio

2037 4024 2255 4084 habent,
2290 4022 2382 4092 qui
2422 4036 2734 4093 perversam
2785 4034 2974 4075 eorum
3025 4018 3190 4071 vitam
3243 4017 3629 4069 insectaturet

2036 4117 2293 4179 crimina,
2323 4124 2377 4169 et
2402 4113 2645 4183 probatis
2672 4112 2925 4181 verisque
2953 4108 3252 4163 rationibus
3278 4105 3478 4176 flagitia
3512 4113 3633 4158 tur-

2038 4206 2417 4277 pitudinesque
2465 4218 2653 4258 eorum
2688 4200 3009 4257 eﬂ‘uliniuat.
3044 4199 3278 4268 Stupent
3324 4208 3516 4250 omnes
3565 4194 3633 4248 in

351 4290 467 4363 egit
495 4292 677 4361 inepte
706 4299 761 4345 et
790 4290 1012 4353 insulse,
1044 4298 1102 4344 et
1136 4288 1279 4357 quod
1308 4288 1546 4343 levitatis
1592 4286 1930 4356 potissimum

2037 4314 2101 4352 eo
2131 4304 2185 4350 et
2220 4295 2332 4350 oris
2379 4296 2627 4367 gratiam,
2677 4302 2730 4347 et
2780 4292 3102 4346 suavitatem
3153 4288 3443 4355 sermonis,
3493 4287 3627 4357 quia

354 4389 462 4446 ost,
491 4381 792 4438 scenobata:
823 4380 970 4449 (208)
1001 4378 1173 4435 officia
1204 4376 1431 4433 ridicula
1458 4376 1720 4444 ludosque
1765 4373 1940 4428 ambi-

355 4475 527 4532 tiosos
573 4490 690 4542 ore,
731 4474 926 4539 oculis,
977 4472 1227 4528 manibus
1273 4469 1525 4535 edicere;
1560 4483 1803 4538 prorsus,
1837 4481 1937 4521 nec

357 4568 488 4640 quid
535 4569 783 4634 diceret,
840 4581 944 4622 nec
989 4565 1116 4636 quid
1163 4563 1386 4628 faceret,
1442 4562 1734 4631 quidquam
1782 4558 1934 4631 pensi

358 4658 595 4726 habere;
638 4668 913 4731 postremo
957 4674 1011 4712 ιη
1041 4657 1157 4712 dies
1198 4655 1373 4726 magis
1422 4652 1682 4708 insanire.
1710 4652 1935 4705 Demum

355 4762 482 4805 cum
510 4750 675 4804 multa
702 4748 908 4805 nefaria
949 4758 1133 4818 stupra
1175 4745 1419 4810 fecisset,
1456 4756 1694 4814 praesens
1723 4741 1951 4811 pericu-.

357 4838 471 4895 lum
517 4841 831 4904 formidans,
876 4849 1131 4912 congesta
1178 4848 1365 4894 mutuo
1411 4847 1468 4892 et
1501 4836 1663 4891 etiam
1701 4850 1768 4890 ex
1793 4834 1937 4891 vasis

357 4934 587 4987 sacratis
607 4943 662 4989 et
683 4933 913 5002 planetis
936 4932 1104 5003 ipsius
1126 4930 1365 5003 Virginis
1378 4929 1557 4984 Mariae
1582 4927 1800 4995 oratorii
1828 4943 1935 4984 non

359 5036 525 5093 parva
548 5025 797 5092 pecunia,
821 5024 961 5080 clam
992 5039 1115 5078 cum
1153 5022 1386 5094 quodam
1414 5020 1672 5090 pestifero
1698 5019 1765 5074 ad
1801 5018 1938 5078 alias

355 5127 420 5168 se
445 5116 673 5172 contulit
702 5117 965 5189 regiones.
1016 5116 1093 5172 De
1121 5119 1237 5191 ejus
1278 5114 1447 5171 exitio
1472 5114 1621 5171 varia
1664 5112 1805 5186 apud
1834 5129 1938 5174 nos

427 5290 577 5362 (208)
617 5291 729 5347 Vox
757 5293 939 5349 Graeca
968 5300 1050 5348 est
1075 5309 1105 5348 a
1129 5290 1483 5355 σκηνοϐατέω,
1513 5290 1569 5346 id
1613 5298 1697 5345 est
1728 5288 1781 5343 in
1805 5304 1932 5348 sce-

2037 4401 2137 4439 nec
2160 4382 2508 4452 jejuuiisuec
2556 4381 2679 4436 aliis
2726 4380 2906 4451 ﬂagris
2954 4381 3150 4449 quibus
3197 4394 3392 4449 corpus
3435 4376 3631 4444 allicit,

2040 4490 2287 4530 morosus
2322 4483 2376 4528 et
2401 4474 2596 4527 anxius
2622 4483 2677 4527 et
2708 4472 3001 4527 iracuiidus
3029 4482 3085 4527 et
3114 4470 3367 4537 difficilis,
3396 4480 3458 4526 ut
3500 4472 3631 4541 qui-

2037 4567 2185 4633 dam,
2220 4568 2329 4622 imo
2360 4567 2742 4637 perbeuignus,
2775 4567 2975 4631 suavis,
3015 4566 3206 4630 dulcis,
3251 4565 3523 4635 jucundus
3565 4573 3630 4619 et

2037 4656 2265 4712 affabilis
2291 4657 2536 4712 eflicitur.
2573 4658 2739 4728 Clljlls
2782 4672 2949 4727 opera
2994 4658 3206 4729 egregia
3257 4657 3313 4712 in
3359 4656 3629 4727 religione

2038 4749 2239 4804 Christi
2266 4748 2418 4812 Jesu,
2448 4765 2569 4819 qua:
2596 4749 2705 4804 vidi
2727 4759 2781 4805 et
2811 4749 3017 4820 accepi,
3047 4752 3089 4805 si
3118 4749 3279 4804 velim
3325 4748 3506 4803 omnia
3535 4746 3620 4800 di-

2039 4842 2271 4912 ligenter
2297 4841 2492 4895 litteris
2520 4841 2801 4908 mandare,
2835 4850 3046 4911 tempus
3076 4855 3241 4913 quam
3289 4836 3522 4893 materia
3549 4836 3631 4891 ci-

2039 4936 2149 4991 tius
2183 4949 2269 4989 me
2296 4935 2527 4989 deseret.

2109 5024 2233 5081 289.
2274 5025 2563 5094 Quocirca,
2597 5027 2724 5097 quia
2774 5024 2886 5078 vita
2923 5026 3102 5080 adhuc
3146 5026 3407 5089 superest
3451 5015 3527 5085 ei,
3575 5024 3634 5071 et

2039 5134 2202 5193 quem
2225 5121 2430 5176 exitum
2458 5117 2529 5173 sit
2570 5118 2877 5182 habiturus,
2927 5117 3244 5187 ignoramus
3296 5112 3533 5183 penitus,
3581 5114 3639 5164 et

2041 5305 2127 5354 est
2153 5297 2282 5353 urbs
2312 5295 2683 5352 Ilomandiola:
2712 5297 2841 5355 sita,
2872 5292 2924 5346 in
2957 5308 3053 5348 ora
3108 5285 3286 5362 maris
3336 5282 3641 5362 Hadriatici
