4110 5362
465 179 572 235 925

1515 182 1571 237 S.
1611 180 1894 237 JOANNIS
1931 178 2321 236 GUALBEllTI
2362 175 2650 232 ABBATIS

3589 176 3705 230 99b

465 291 606 361 apud
640 289 976 348 Christianas
1002 308 1111 347 non
1140 292 1370 360 initium,
1397 307 1584 348 verum
1616 292 1739 347 finis
1766 291 2035 356 laudatur,
2066 298 2111 355 Α
2138 290 2448 349 animalium
2473 304 2667 345 sonum
2692 286 3031 354 existimans,
3060 301 3174 342 rem
3209 300 3360 343 suam
3386 286 3705 359 peragebat.

467 380 537 437 de
562 395 630 438 eo
649 380 809 439 finem
833 382 1026 439 faciam
1050 383 1285 451 dicendi,
1310 383 1354 439 si
1380 383 1530 452 prius
1551 397 1811 438 monuere
1832 396 2039 447 omnes,

472 483 532 526 ut
560 489 665 528 non
693 488 754 530 se
783 473 944 528 corde
972 472 1056 529 vel
1086 473 1341 543 operibus
1366 473 1660 539 extollant;
1709 488 1895 529 verum
1919 458 2042 529 cum

470 561 729 632 pr0pheta
776 561 996 616 dicant:
1042 562 1157 630 Ego
1200 571 1381 618 autem
1428 578 1547 618 sum
1591 563 1793 619 vermis
1835 570 1893 619 et
1936 577 2044 618 non

469 648 650 705 homo.
688 647 794 704 Et:
823 646 937 703 Non
966 650 1139 713 nobis,
1171 650 1420 716 Domine.
1451 667 1555 706 non
1588 651 1765 715 nobis,
1817 649 1912 706 sed
1943 665 2043 705 no-

473 738 605 793 mini
630 746 721 794 tuo
743 738 809 793 da
838 738 1100 808 gloriam;
1129 748 1331 796 etcum
1356 739 1483 797 Jesu
1509 758 1524 795 :
1556 738 1668 811 Ego
1712 754 1820 795 non
1863 754 2047 809 quaaro

470 827 700 904 gloriam
726 842 924 884 meam.
955 829 1022 884 Et
1070 830 1143 884 ita
1176 844 1342 900 agens
1367 830 1512 903 quis,
1541 845 1799 901 prospere
1823 830 1875 886 ei
1922 845 2049 887 suc-

470 918 667 975 cedent
706 921 942 986 omnia;
987 921 1076 977 ubi
1131 932 1312 978 autem
1363 937 1526 979 secus
1583 922 1749 978 vitam
1806 921 2050 983 mortalis

472 1006 651 1063 omnis
695 1007 990 1064 instituerit
1032 1024 1214 1075 suam,
1244 1024 1567 1080 quamquam
1620 1009 1933 1065 fortunatus
1964 1008 2046 1085 vi:

474 1097 687 1162 deatur,
727 1098 793 1152 ad
841 1107 1050 1168 tempus
1094 1099 1196 1153 hoc
1228 1100 1371 1165 crit;
1411 1100 1625 1154 demum
1653 1113 1784 1154 vero
1810 1097 2049 1167 comple-

475 1186 621 1242 l.itur
658 1187 713 1242 in
762 1187 851 1244 illo
882 1189 936 1243 id
989 1189 1133 1259 quod
1193 1189 1333 1245 idem
1388 1191 1650 1262 propheta
1699 1190 1886 1247 dixit:
1934 1189 2051 1245 Vidi

477 1285 699 1357 impium
756 1286 1210 1357 superexaltatum
1260 1296 1316 1342 et
1352 1278 1620 1342 elevatum
1674 1287 1816 1342 sicut
1863 1286 2054 1349 cedros

477 1377 689 1444 Libani,
720 1389 775 1432 et
803 1378 1050 1449 transivi,
1079 1386 1134 1432 et
1158 1393 1287 1434 ecce
1322 1394 1427 1435 non
1455 1386 1575 1434 erat
1601 1396 1616 1445 ;
1647 1378 1871 1448 quaesivi
1900 1376 2052 1444 eum,

475 1478 532 1525 et
562 1484 663 1525 non
693 1478 774 1525 est
813 1470 1064 1524 inventus
1108 1469 1258 1525 locus
1295 1468 1429 1538 ejus.
1468 1469 1620 1536 Quod
1658 1469 1841 1523 multis
1873 1482 2057 1523 exem-

476 1557 602 1629 plis,
630 1559 725 1614 sed
752 1559 1052 1628 praesertim
1081 1560 1164 1614 his
1217 1558 1586 1630 superioribus
1613 1558 1816 1628 liquido
1861 1557 2054 1638 patuit.

1079 1652 1169 1705 PA
1182 1651 1266 1705 RS
1344 1649 1432 1705 ιν.

552 1737 677 1794 290.
702 1738 967 1808 Quoniam
986 1739 1327 1796 beatissimus
1339 1740 1422 1795 vir
1439 1738 1498 1795 S.
1527 1739 1763 1798 Joannes
1784 1747 2058 1809 monaste-

486 1828 629 1883 rium
660 1830 763 1885 hoc
796 1832 849 1885 in
891 1831 1147 1886 honorem
1187 1831 1425 1903 Virginis
1466 1830 1647 1888 Mariae
1681 1832 1922 1890 dedicari
1963 1848 2057 1889 vo-

479 1914 605 1984 luit,
643 1933 741 1973 nos
771 1921 933 1975 etiam
961 1918 1077 1989 eius
1105 1923 1353 1992 exemplo
1386 1921 1554 1988 ducti,
1587 1922 1834 1994 quaedam
1887 1922 2057 1994 ipsius

482 2004 722 2083 Virginis
751 2010 934 2067 Mariae
964 2013 1268 2083 prodigiosa
1296 2023 1417 2070 acta
1448 2029 1609 2084 supra
1664 2014 1748 2070 bis
1782 2014 2060 2071 miraculis

485 2099 848 2168 insenuimus;
889 2116 994 2157 non
1043 2103 1318 2174 indignum
1358 2103 1521 2159 etiam
1561 2121 1707 2173 nunc
1743 2106 1916 2161 visum
1951 2114 2059 2173 est,

486 2194 763 2264 egregium
802 2203 857 2249 et
910 2209 997 2250 tne
1021 2195 1261 2267 norabile
1293 2194 1504 2250 facinus
1548 2196 1829 2266 utriusque
1857 2196 2062 2251 descri-

482 2280 637 2338 bere.
687 2282 914 2351 Quidam
968 2284 1312 2341 Florentinus
1361 2286 1428 2341 de
1481 2284 1671 2359 Ughis,
1721 2286 1809 2342 cui
1864 2290 2061 2340 nomen

501 2370 679 2442 Ugho,
712 2374 876 2430 nobili
907 2391 1102 2447 genere
1128 2386 1307 2443 natus,
1344 2376 1510 2431 lilium
1554 2378 1770 2432 unicum
1821 2377 1873 2430 in
1909 2376 2063 2432 cunis

486 2465 676 2520 adhuc'
693 2467 925 2535 positum
947 2466 1170 2539 habens,
1198 2484 1320 2523 cum
1342 2470 1530 2524 aestivo
1556 2479 1817 2539 tempore,
1842 2467 2057 2540 quando

488 2554 742 2611 frumenti
802 2557 992 2612 tritura
1037 2556 1229 2638 fervet,
1267 2567 1325 2613 ut
1363 2574 1480 2615 mos
1505 2568 1593 2616 est
1622 2559 1901 2623 nobilium,
1933 2573 2065 2627 cum

491 2662 661 2702 uxore
710 2656 926 2718 totaque
965 2646 1171 2702 latnilia
1204 2665 1295 2702 rus
1335 2660 1565 2720 peteret,
1592 2649 1788 2704 accidit
1815 2648 1901 2703 die
1929 2663 2064 2716 qua-

494 2743 619 2806 dam
656 2741 919 2794 nutricem
977 2730 1100 2795 cum
1142 2740 1347 2797 infante
1383 2741 1448 2797 ad
1488 2756 1671 2796 aream
1703 2740 2065 2795 contendisse.

494 2816 814 2896 lndefor;e,
848 2829 931 2885 vel
964 2845 1093 2884 casu
1127 2831 1207 2885 vel
1235 2832 1343 2887 alio
1378 2832 1599 2902 negotio
1629 2832 1942 2903 prinpedita,
1990 2830 2069 2884 iu-

496 2919 697 2975 fantem
749 2921 800 2974 in
828 2920 998 2990 paleis
1025 2921 1297 2992 jacentem
1324 2937 1418 2979 seu
1467 2925 1742 2979 sedentem
1792 2922 2065 2987 deserens,

498 3010 649 3064 abiit.

570 3102 696 3156 29f.
730 3100 995 3156 (Ia-terum
1036 3104 1395 3172 Ititaratores,
1420 3106 1577 3178 hujus
1607 3108 1684 3163 rei
1734 3106 1946 3178 penitus
1991 3106 2069 3177 ig-

501 3190 643 3259 nari,
676 3192 935 3249 infantem
969 3209 1071 3248 una
1101 3194 1228 3250 cum
1250 3197 1439 3268 paleis,
1467 3198 1657 3271 ligneis
1683 3199 1846 3254 furcis
1875 3206 1930 3254 et
1954 3196 2073 3253 aliis

501 3287 671 3340 armis
694 3298 789 3341 seu
816 3284 1209 3352 instrumentis,
1242 3288 1333 3343 tali
1366 3292 1578 3361 negotio
1626 3291 1970 3357 necessariis,
2018 3290 2072 3344 in

503 3366 797 3447 tugurium,
831 3376 919 3430 ubi
948 3374 1101 3445 palea
1146 3379 1477 3446 reconditur,
1527 3378 1854 3436 suffocantes
1902 3380 2074 3436 intru-

504 3477 717 3533 serunt;
748 3467 870 3524 inde
896 3469 1074 3526 nutrix
1106 3472 1339 3535 rediens,
1363 3481 1416 3529 et
1438 3472 1722 3539 infantctn,
1750 3487 1858 3543 quo
1883 3456 1936 3525 in
1957 3470 2077 3526 loco

504 3562 1031 3645 posuerat,minime
1061 3567 1357 3635 reperiens,
1388 3566 1441 3620 in
1467 3565 1623 3619 ﬂetus
1654 3564 1901 3641 muliebri
1930 3577 2094 3639 more

456 3728 463 3739 ,
505 3656 771 3726 ριὀτυρίι.
804 3657 1001 3715 Statim
1032 3661 1372 3717 sciscitantes
1405 3658 1670 3722 ruricolae,
1711 3656 1966 3726 quidnam
1993 3669 2082 3708 es—

508 3762 612 3819 set,
639 3756 853 3825 cognita
881 3771 1068 3819 causa,
1101 3766 1162 3810 ut
1190 3755 1333 3809 illico
1375 3753 1569 3815 abiret,
1600 3748 1938 3804 consuluere.
1989 3745 2080 3800 llla

514 3844 720 3915 itaque,
749 3848 918 3921 vetita
963 3848 1169 3919 pejora,
1219 3846 1398 3916 fugam
1442 3841 1682 3897 Arizium
1711 3838 1858 3909 (210)
1897 3852 2085 3892 versus

515 3934 715 3990 cursim
746 3936 996 4006 arripuit.
1033 3935 1131 3992 Ubi
1163 3942 1344 3989 autem
1373 3929 1584 3986 adbheri
1611 3943 1789 3992 aures,
1821 3927 2085 3982 nutricem

2141 383 2274 439 Cum
2320 383 2481 453 igitur
2543 382 2737 437 iterum
2785 390 2843 437 et
2884 381 3080 437 iterum
3127 388 3182 437 et
3224 381 3419 452 saepius
3463 380 3712 453 vagitum-

2142 473 2363 531 auribus
2386 482 2651 544 captaret,
2674 488 2938 544 suspenso
2957 474 3148 545 gradu,
3181 483 3240 531 ut
3267 473 3494 529 callidus
3520 458 3709 546 ex‘plo-

2140 572 2315 629 rator,
2341 565 2612 632 tugurium
2642 563 3037 635 introgressus;
3083 571 3140 618 et
3178 562 3436 633 paulatim
3485 577 3707 635 pregre.

2143 656 2317 719 diens.
2343 655 2647 727 saepiusque
2668 656 2988 721 subsistens,
3021 653 3215 710 melius
3263 668 3476 724 semper
3514 669 3708 710 sonum

2144 760 2276 802 aure
2304 754 2543 815 captare.
2568 746 2816 814 Demum,
2841 745 2932 802 ubi
2963 744 3182 816 propius
3208 751 3428 800 ventum
3451 752 3556 810 est,
3580 758 3710 802 vere

2147 835 2370 893 infantis
2415 836 2682 917 vagitum;
2721 850 2843 892 esse
2894 834 3156 906 percepit.
3207 832 3482 903 Submotis
3529 833 3711 904 itaque

2146 928 2337 986 leviter
2359 928 2553 999 paleis,
2580 943 2705 984 eum
2735 927 2980 994 illaesum,
3011 926 3291 993 risibilem,
3316 935 3374 983 et
3416 925 3571 982 bona:
3608 925 3712 982 lia-

2147 1020 2428 1088 bitudinis,
2462 1019 2699 1090 Virginis
2722 1017 2925 1084 Marize,
2951 1026 3007 1074 et
3031 1017 3089 1074 S.
3119 1016 3344 1077 Joannis
3381 1016 3578 1088 gratia,
3602 1031 3711 1073 non

2149 1112 2267 1167 sine
2280 1112 2512 1166 maxima
2535 1110 2914 1175 admiratione,
2932 1111 3173 1180 gaudens
3186 1118 3242 1165 et
3263 1108 3418 1164 laetus
3430 1108 3711 1179 conspicit.

2149 1204 2280 1261 lude
2323 1203 2636 1270 sublevans,
2688 1203 3048 1273 osculansque
3091 1202 3304 1267 crebro,
3352 1199 3420 1255 ad
3464 1207 3718 1270 parentes

2152 1309 2279 1350 suos
2299 1308 2491 1361 ovans,
2520 1300 2577 1349 et
2597 1292 2723 1349 Jesu
2750 1292 2954 1365 gratias
2979 1307 3167 1365 agens,
3191 1290 3401 1346 detulit.

2221 1384 2348 1440 295.
2407 1383 2579 1451 Quem
2624 1384 2719 1440 ubi
2771 1384 3005 1455 primum
3054 1391 3311 1454 parentes
3363 1395 3710 1452 conspexere,

2155 1475 2339 1531 laetitia
2373 1475 2624 1546 lacrymis
2647 1476 2877 1541 obortis,
2921 1475 2975 1530 in
3021 1475 3205 1530 oscula
3234 1484 3427 1539 ruunt;
3476 1473 3563 1529 ille
3593 1487 3720 1528 vero

2155 1567 2319 1622 veluti
2345 1568 2411 1622 ad
2438 1576 2597 1622 notos
2641 1565 2883 1622 alludens
2905 1565 3176 1639 [amorem
3205 1563 3478 1636 reddidit].
3510 1562 3720 1619 Tantus

2082 1636 2129 1697 Β
2157 1660 2309 1730 vigor
2336 1660 2389 1714 in
2420 1657 2529 1721 illo,
2561 1666 2617 1712 et
2646 1656 2820 1713 dulcis
2847 1636 3171 1712 blandientis
3201 1654 3423 1708 infantis
3455 1654 3598 1707 risus
3622 1666 3720 1721 ap-

2153 1750 2353 1822 paruit,
2381 1758 2442 1804 ut
2460 1757 2617 1818 pater
2642 1747 2843 1818 ingenti
2873 1745 3109 1817 repletus
3140 1744 3333 1816 gaudio
3358 1741 3580 1815 [fuerit;
3607 1739 3723 1812 qui]

2156 1840 2330 1910 inquit
2357 1858 2370 1893 :
2400 1838 2468 1892 Mi
2511 1838 2607 1903 fili,
2639 1851 2796 1906 quem
2824 1836 2907 1891 vel
2937 1835 3227 1900 sublatum,
3272 1831 3356 1888 vel
3404 1830 3661 1886 laniatum
3693 1845 3725 1893 μ

2158 1928 2288 1985 feris
2317 1928 2589 2000 putabam,
2618 1925 2781 1982 talem
2809 1924 2931 1998 [te]
2958 1923 3265 1994 conspicio?
3314 1920 3468 1989 Quis,
3517 1921 3590 1976 mi
3627 1919 3723 1980 fili.

2160 2027 2213 2073 te
2244 2019 2374 2075 mihi
2402 2018 2470 2072 ad
2502 2017 2640 2072 hanc
2665 2015 2856 2070 horam
2903 2013 3158 2070 deduxit?
3188 2011 3341 2067 Unde
3392 2011 3552 2065 datur
3595 2008 3726 2087 mihi

2157 2125 2254 2167 ora
2271 2109 2428 2174 tueri,
2455 2115 2599 2172 nate,
2621 2105 2750 2161 tua?
2776 2104 2851 2161 Te
2876 2112 3083 2159 tantum
3097 2102 3260 2173 Virgo
3279 2099 3466 2164 Maria,
3492 2106 3546 2155 et
3568 2094 3731 2154 Joan-

2161 2215 2257 2256 nes
2281 2197 2625 2254 beatissimus
2665 2195 2719 2253 in
2760 2195 2903 2252 hunc
2925 2207 3209 2250 servavere
3243 2191 3418 2257 diem;
3446 2191 3526 2245 sic
3573 2188 3728 2259 equi-

2161 2292 2307 2357 dem,
2344 2290 2416 2344 mi
2450 2288 2548 2353 fili,
2590 2288 2852 2345 ducebam
2899 2286 3101 2350 animo,
3132 2284 3395 2354 rebarque
3446 2280 3726 2342 futurum;

2163 2397 2263 2438 nec
2291 2397 2375 2437 me
2401 2378 2527 2436 Jesu
2557 2376 2757 2445 Christi
2799 2377 2994 2448 gratia,
3025 2390 3143 2430 mea
3187 2387 3337 2437 cura,
3385 2370 3590 2426 fefellit.
3633 2368 3731 2423 Vix

2164 2472 2278 2529 haec
2297 2458 2460 2527 verba
2504 2468 2769 2533 ediderat,
2800 2466 2941 2537 quod
2971 2464 3059 2538 [id
3083 2475 3155 2520 est
3183 2461 3339 2534 cum]
3378 2461 3612 2516 additum
3648 2466 3732 2512 est

2164 2563 2346 2620 verbis
2379 2560 2699 2621 miraculum
2726 2577 2740 2615 :
2774 2574 2897 2615 nam
2928 2557 3130 2625 infans,
3157 2555 3247 2625 qui
3278 2553 3366 2607 vix
3392 2550 3734 2607 balbutiendo

2166 2671 2363 2714 nomen
2395 2654 2561 2725 patris
2584 2653 2733 2723 prius
2757 2650 3104 2722 exprimeret.
3131 2647 3277 2703 clara
3312 2660 3444 2700 voce
3473 2640 3732 2713 quidquid

2167 2758 2321 2820 pater
2368 2746 2605 2809 dixerat,
2663 2741 2996 2806 afﬁrmabat;
3041 2736 3310 2808 quomodo
3361 2732 3520 2805 Virgo
3565 2731 3734 2786 Maria

2168 2856 2290 2895 eum
2341 2839 2665 2901 Iactaverat,
2718 2833 3004 2896 nutrierat,
3052 2835 3484 2885 conservaverat.
3531 2822 3736 2883 Deinde

2171 2928 2449 2986 conticuit.
2486 2927 2604 3001 Mox
2631 2935 2787 2996 pater
2832 2922 2958 2979 Jesu
3002 2920 3204 2992 gratias
3249 2931 3434 2987 agens,
3482 2912 3735 2983 inclytam

2171 3024 2339 3078 andem
2363 3020 2429 3075 ad
2464 3017 2698 3088 Virginis
2728 3015 2930 3079 Mariae,
2978 3010 3260 3079 sanctique
3305 3006 3529 3063 Joannis
3572 3004 3737 3057 decus

2170 3110 2411 3168 dedicari
2424 3107 2587 3180 jussit
2600 3124 2620 3176 ;
2643 3105 2843 3176 praedia
2865 3103 3026 3158 etiam
3053 3098 3308 3155 nonnulla
3330 3097 3454 3151 huic
3479 3094 3537 3151 S.
3559 3092 3737 3147 Mariae

2172 3200 2504 3259 monasterio
2528 3200 2668 3256 dono
2691 3196 2859 3261 dedit,
2885 3208 3006 3265 quae
3029 3188 3260 3263 propriis
3286 3185 3472 3257 aspexi
3526 3182 3692 3240 oculis
3718 3199 3733 3235 :

2174 3312 2298 3352 nam
2330 3295 2446 3351 haec
2472 3291 2711 3363 Virginis
2755 3288 2936 3343 Maria:
2982 3285 3127 3340 aedes
3171 3297 3202 3338 a
3250 3279 3308 3336 S.
3356 3277 3542 3332 Hilsro
3590 3273 3739 3363 abest

2174 3387 2290 3447 fere
2314 3400 2411 3457 per
2437 3384 2543 3439 duo
2571 3362 2739 3438 millia
2766 3391 3023 3449 passuum
3070 3374 3344 3431 Orientem
3390 3381 3611 3457 versus;
3651 3362 3740 3457 ius

2177 3454 2331 3547 cujus
2357 3473 2600 3531 ecclesia:
2641 3471 2808 3526 etiam
2837 3470 2944 3524 hac
2990 3474 3175 3522 nostra
3220 3466 3538 3532 tempestate
3584 3454 3741 3528 hujus

2180 3569 2238 3621 S.
2268 3566 2447 3620 Mariae
2470 3559 2784 3616 monasterii
2812 3562 3028 3613 constat
3049 3567 3188 3609 esse.

2248 3651 2372 3709 294.
2410 3651 2562 3718 Quis,
2589 3664 2623 3703 o
2650 3647 2790 3702 bone
2812 3643 2937 3701 Jesu
2962 3644 2976 3697 l
3011 3652 3121 3697 tam
3150 3640 3344 3696 obtuso
3375 3633 3611 3705 ingenio,
3636 3639 3743 3687 tam

2183 3746 2348 3816 impio
2374 3740 2528 3815 [est]
2568 3740 2774 3802 animo,
2818 3736 2910 3807 qui
2958 3749 3065 3790 non
3107 3742 3180 3796 te,
3228 3729 3453 3785 Domine
3488 3722 3653 3816 Iesu,
3689 3722 3741 3777 in

2185 3811 2398 3892 Sanctis
2424 3811 2531 3886 tuis
2554 3826 2860 3891 extolleret,
2897 3838 3018 3879 cum
3047 3819 3262 3890 accipit,
3287 3817 3448 3879 videt,
3474 3811 3737 3883 experitur

2185 3925 2478 3990 interdum,
2511 3930 2642 3992 quot
2664 3926 2931 3989 quantave
2958 3913 3197 3986 prodigia
3223 3923 3320 3981 per
3366 3907 3508 3977 ipsos
3554 3903 3747 3971 ubique

514 4039 636 4080 cum
670 4026 780 4081 tilio
804 4002 1021 4099 abiisse,
1066 4024 1329 4099 pervenit,
1380 4022 1614 4094 primum
1656 4034 1776 4074 eam
1825 4033 1923 4089 per
1963 4032 2088 4073 suos
2190 4031 2457 4075 terrarum
2504 4013 2776 4084 opereris.
2826 4011 2968 4065 bone
3014 4005 3171 4069 Jesu,
3222 4002 3384 4099 etiam
3433 4003 3747 4099 tempestate

518 4119 668 4189 sequi
698 4094 959 4185 conatur;
991 4086 1179 4175 verum
1209 4127 1489 4188 postquam
1523 4111 1573 4167 id
1617 4111 1812 4166 frustra
1860 4109 1981 4175 fuit,
2011 4109 2061 4163 di

2191 4109 2414 4166 nostra!
2465 4105 2597 4171 Nam
2643 4103 2885 4175 quidam,
2932 4099 3162 4155 Joannes
3208 4091 3442 4159 nomine,
3487 4090 3555 4145 de
3605 4086 3745 4153 villa,

516 4180 701 4265 vinum
727 4213 913 4267 statuit
938 4180 1536 4279 anxiliumimplbrare;
1567 4219 1632 4259 eo
1658 4203 1801 4257 illico
1830 4201 1932 4256 tale
1958 4201 2090 4255 emi--
2191 4219 2353 4274 quam
2384 4200 2635 4283 vulgares
2663 4206 2719 4253 et
2741 4193 2935 4267 plebeii
2980 4190 3273 4258 Fornacem
3321 4180 3612 4257 appellant,
3661 4193 3751 4234 ex-

519 4300 586 4372 sit
616 4311 798 4357 votum
824 4320 837 4356 :
870 4301 1032 4372 Virgo
1070 4301 1237 4357 Maria
1283 4299 1616 4366 dulcissima,
1648 4295 1882 4351 nominis
1926 4294 2086 4351 Cbri-
2117 4302 2164 4362 ι)
2190 4295 2348 4349 stitit.
2371 4291 2469 4347 llic
2488 4282 2735 4360 equidem
2763 4298 2916 4341 more.
2932 4290 3222 4352 ρέιιψεετιιπι
3245 4282 3609 4372 eleﬁenf’mm
3632 4282 3750 4323 cum

520 4364 684 4446 stiani
716 4393 870 4448 unica
894 4363 1035 4464 speS,
1067 4395 1388 4449 miserorum
1411 4389 1699 4461 refugium,
1726 4387 2089 4444 desolatorum
2192 4399 2344 4440 suam
2374 4383 2538 4436 vitam
2568 4393 2728 4449 parce
2776 4391 2840 4430 ac
2867 4372 3108 4465 dulciter
3125 4374 3326 4465 ageret,
3357 4363 3754 4465 'carbonesque,

528 4479 807 4545 solatium,
863 4498 893 4535 a
924 4454 1045 4551 qua
1094 4490 1288 4538 cuncta
1337 4454 1662 4550 proveniunt
1709 4478 1879 4543 bona;
1932 4484 1987 4532 et
2036 4485 2091 4530 tu
2194 4474 2260 4531 ad
2298 4472 2444 4528 ferra
2475 4470 2598 4541 igne
2627 4463 2948 4528 edomandai
2997 4459 3149 4535 8H."
3199 4454 3346 4551 Varia
3405 4454 3756 4551 ίῖξδίῗυωθῃδ

526 4569 766 4631 JOannes
792 4540 1122 4642 beatissime,
1148 4574 1312 4629 decus
1334 4540 1388 4629 et
1414 4573 1587 4628 honor
1618 4586 1725 4626 non
1751 4568 1922 4626 solum
1947 4566 2095 4622 urbis
2196 4560 2500 4625 conllanda.
2535 4556 2828 4633 conﬁceret
2857 4551 3147 4622 (horresco
3183 4540 3469 4642 referens),
3489 4547 3547 4593 ut
3568 4549 3756 4642 parum

530 4673 745 4730 nastrze,
792 4681 977 4719 verum
1031 4640 1293 4721 etltotius
1343 4664 1654 4735 provinciae,
1710 4661 1861 4717 vobis
1892 4660 2096 4716 duobus
2199 4662 2410 4721 (nutus,
2436 4651 2487 4703 in
2511 4648 2762 4703 ardentes
2791 4643 3370 4736 ignivomosque-rogos
3400 4640 3518 4733 toto.
3537 4640 3760 4736 corpore

532 4769 725 4819 vo'eo,
774 4756 1053 4812 ecclesiam
1101 4726 1465 4812 construe-tum
1520 4755 1627 4819 ire,
1675 4768 1835 4824 quam
1886 4750 2101 4822 praediis
2200 4744 2480 4816 prolapsus
2508 4747 2609 4792 εει·
2644 4736 2745 4802 Qui
2770 4748 2891 4788 cum
2923 4740 3084 4824 esset,
3114 4737 3172 4783 ut
3202 4726 3312 4795 igni
3337 4726 3519 4824 voraci
3552 4731 3763 4824 vorare-

534 4845 762 4915 aliisque
790 4830 940 4900 bonis
975 4846 1176 4913 ditabo,
1216 4845 1260 4902 si
1293 4845 1462 4900 lilium
1501 4813 1974 4900 meum-invenero
1996 4837 2103 4911 [vi-
2202 4813 2311 4902 tur,
2342 4833 2484 4887 illico
2512 4829 2722 4898 inquit:
2758 4826 2920 4894 Virgo
2950 4822 3140 4886 Maria,
3175 4828 3336 4915 tuque
3378 4815 3621 4915 Joannes
3638 4813 3762 4915 bea—

530 4905 693 5010 νωιιῇ
722 4937 804 4990 vel
837 4905 1207 4993 defunctum."
1997 4905 2016 4911 '
2205 4925 2435 4986 tissime,
2473 4919 2606 4975 mihi
2652 4920 2870 4980 misero,
2912 4915 2965 4970 in
3013 4922 3162 4968 tanto
3188 4909 3411 5010 talique
3463 4905 3767 5010 discrimine

604 4995 728 5084 29‘2.
772 5028 877 5084 ﬂes
906 5030 1067 5084 mira!
1099 5045 1204 5085 non
1232 5029 1390 5101 longo
1412 5027 1539 5082 dato
1561 5006 1863 5089 intervallo,
1892 5037 2012 5077 cum
2039 5036 2102 5075 ex
2206 5017 2402 5086 posito,
2428 5028 2549 5080 oro,
2600 5011 2789 5068 feratis
2834 5022 3023 5103 opem;
3052 4999 3235 5103 elego
3277 5000 3559 5103 utriusque
3600 4995 3766 5103 aedem

532 5082 754 5176 fatnulis
780 5082 995 5189 quidam
1028 5082 1661 5190 adipaleasodeferendas
1697 5113 1766 5168 ob
1805 5082 1936 5165 lecta
1962 5108 2105 5180 (att)
2202 5082 2440 5175 jejunus,
2492 5100 2768 5190 nudisque
2804 5096 3029 5190 pgdibus
3073 5092 3292 5190 visitare
3337 5082 3770 5190 satageboycgf

540 5176 827 5262 sternenda
859 5208 1030 5275 iisset,
1077 5176 1251 5263 visum
1297 5215 1382 5261 est
1409 5195 1554 5270 'sibi,
1603 5200 1825 5255 infantis
1872 5176 2108 5268 vagitum
2211 5191 2506 5265 satagunt].
2546 5188 2807 5246 Mirabilis
2843 5184 3024 5241 Deus!
3063 5181 3154 5234 vix
3191 5176 3447 5275 emiserat
3484 5176 3773 5275 votum,.ul

544 5294 779 5360 audisse,
811 5288 994 5351 verum
1012 5257 1091 5353 ⁷ἰιι
1118 5298 1307 5362 primis
1342 5294 1425 5350 vel
1470 5257 1703 5348 murium
1753 5287 1837 5343 vel
1884 5286 2110 5340 aliorum
2214 5280 2330 5351 ipse
2356 5280 2557 5336 referre
2580 5277 2774 5333 solitus
2813 5282 2952 5334 erat,
3006 5285 3129 5325 cum
3175 5264 3360 5322 statim
3406 5262 3570 5317 ardor
3614 5257 3773 5329 ignis,
