4110 5362
411 163 518 218 925

1918 167 2117 222 ACTA.

3577 155 3682 226 926

409 280 614 338 oblitus
643 285 852 337 natura:
879 293 1012 347 suae,
1039 279 1197 352 quasi
1240 293 1328 335 ros
1355 277 1603 335 edicitur.
1632 278 1724 334 ille
1755 277 1898 334 illico
1919 294 1988 333 ex
2015 286 2064 344 Α
2095 277 2301 349 Virgini
2335 278 2516 334 Mariae
2550 293 2694 334 curae
2730 279 2820 343 sit,
2871 285 2928 333 et
2979 277 3071 332 ubi
3126 277 3279 348 plura
3326 278 3584 333 beneficia
3613 279 3682 336 ab

410 370 536 443 igne
563 370 872 442 prosiliens,
901 369 1106 426 nullam
1145 386 1337 442 passus
1385 369 1837 436 combustionem,
1887 386 1986 426 nec

407 461 503 534 pili
531 463 770 534 quidem,
801 461 1008 533 Iesum,
1037 461 1313 534 Virginem
1345 461 1596 530 Mariam,
1631 471 1988 534 sanctumque

407 552 672 611 Joannem
703 554 967 611 laudando
991 555 1195 626 expleri
1224 556 1500 626 nequibat.

476 648 601 704 295.
643 647 789 711 Inde.
821 657 879 702 ut
905 647 1007 704 sibi
1034 648 1194 704 eundi
1226 647 1378 718 copia
1410 648 1533 702 data
1566 656 1666 711 est,
1700 655 1988 717 utramque

407 737 599 803 aedem,
627 737 768 793 hanc
792 737 1022 804 scilicet,
1057 746 1112 792 et
1141 736 1283 791 illam
1313 737 1472 791 aliam
1505 735 1742 808 Virginis
1785 736 1986 802 Marias,

407 843 530 900 quae
547 829 689 883 intra
718 827 995 884 Casentini
1019 837 1230 883 montes
1258 836 1313 881 et
1333 827 1495 898 Alpes
1521 835 1705 882 nostra
1729 825 1990 881 memoria

407 928 720 975 constructa
755 929 874 987 est;
909 920 976 974 de
1009 933 1113 989 qua
1138 919 1430 990 (quoniam
1461 918 1526 972 ad
1558 918 1662 973 hoc
1699 932 1797 989 per
1846 918 1991 972 hunc

408 1010 699 1066 ruricolam
759 1009 1112 1081 devenimus)
1166 1025 1272 1064 non
1332 1009 1611 1078 indignum
1676 1007 1852 1062 visum
1908 1014 1992 1061 est

406 1099 689 1176 [quaedam
711 1099 911 1164 dicere,
945 1099 1027 1171 et]
1061 1101 1392 1164 describere,
1417 1100 1580 1163 unde,
1611 1113 1718 1168 quo
1749 1106 1990 1167 tempore

406 1192 621 1263 incepta
647 1193 738 1257 sit,
773 1200 831 1246 ut
859 1193 926 1246 ab
949 1191 1034 1246 bis
1071 1191 1396 1259 accepimus,
1422 1190 1513 1258 qui
1542 1187 1814 1242 aniculam
1842 1187 1989 1241 illam

404 1299 569 1354 super
601 1284 703 1337 hoc
729 1297 1031 1338 convenere
1069 1283 1287 1351 smpius,
1311 1281 1396 1334 cui
1426 1278 1590 1350 Virgo
1620 1278 1788 1333 Maria
1826 1293 1992 1348 appa-

404 1389 527 1429 rere
552 1373 772 1444 dignata
809 1381 910 1428 est.
941 1373 1071 1426 Illud
1103 1373 1242 1427 idem
1284 1372 1525 1426 indicant
1551 1371 1764 1425 annalia
1805 1370 1986 1442 (2l2);

401 1462 647 1519 indicant
673 1474 728 1520 et
753 1464 1014 1534 picturae,
1040 1480 1160 1534 qua:
1192 1463 1450 1517 memoria
1479 1472 1533 1516 et
1581 1462 1838 1530 religione
1889 1476 1988 1530 pa-

403 1564 550 1608 trum
571 1556 832 1610 hactenus
847 1556 901 1608 in
923 1556 1147 1610 dextero
1169 1570 1336 1608 cornu
1355 1553 1543 1607 altaris
1559 1553 1980 1622 conspiciuntur.

2087 373 2202 443 ipsa
2235 371 2453 442 Virgine
2481 371 2831 427 conferantur
2857 372 3195 436 mortalibus,
3227 381 3282 428 et
3327 373 3442 442 ipsa
3485 371 3679 428 merito

2085 463 2280 518 devote
2350 463 2648 519 honoriﬁce
2704 473 3004 535 sancteque
3064 464 3324 530 colatur,
3391 463 3560 520 veluti
3627 465 3682 520 i3

2085 552 2325 618 Etruria,
2362 562 2417 609 et
2460 555 2761 625 praesertim
2809 555 2863 610 in
2913 570 2975 610 ea
3015 564 3188 624 parte,
3244 569 3364 626 qua!
3393 570 3422 608 a
3456 546 3650 610 Floren

2087 643 2218 698 tinis
2260 643 2512 699 habetur.
2565 643 2764 700 Verum
2823 659 2968 699 nunc
3015 645 3083 699 ad
3123 645 3482 714 propoSitum.
3514 643 3673 716 lgitu.

2089 731 2192 786 hoc
2247 739 2492 802 tempore
2554 732 2681 786 anui
2743 730 2956 788 cuidam
3012 733 3374 788 devotissima:
3438 732 3652 789 feminae

2087 823 2316 880 Joanne:
2346 824 2590 890 nomine,
2621 825 2836 881 sarculo
2864 841 3092 897 granum
3122 824 3379 882 frumenti
3410 827 3680 897 purganti,

2089 910 2256 984 Virgo
2301 912 2492 979 Maria,
2527 913 2620 968 ubi
2663 929 2808 968 nunc
2836 913 3066 969 ecclesia
3095 915 3359 970 aedificata
3384 924 3488 979 est,
3519 929 3687 986 appa-

2090 1004 2222 1069 ruit,
2255 1019 2386 1061 saxo
2413 1005 2646 1076 desuper
2678 1003 2898 1071 sedens,
2943 1005 3107 1076 quod,
3151 1015 3211 1060 ut
3233 1021 3398 1076 supra
3426 1007 3684 1074 diximus,

2087 1096 2202 1152 aede
2248 1095 2532 1167 ﬂagrante,
2584 1096 2794 1152 meritis
2841 1097 3008 1166 ipsius
3053 1096 3236 1153 Mariae
3279 1098 3516 1171 Virginis
3550 1101 3688 1156 mire

2090 1204 2197 1243 una
2225 1205 2348 1264 cum
2389 1189 2713 1258 quibusdam
2745 1188 2974 1258 picturis
3007 1188 3232 1245 illatsum
3273 1200 3545 1246 servatura
3576 1203 3683 1246 eat.

2091 1280 2292 1335 Verum
2326 1280 2594 1350 apparitio
2626 1281 2749 1336 talis
2777 1280 2896 1335 fuit.
2929 1279 3064 1336 Cum
3099 1282 3244 1335 enim
3293 1290 3490 1353 praeter
3540 1283 3686 1338 acris

2092 1386 2323 1435 morem,
2356 1382 2414 1425 ut
2441 1386 2605 1441 supra
2636 1371 2842 1426 dictum
2882 1380 2985 1436 est,
3035 1372 3236 1441 copiosi
3284 1372 3559 1441 subitique
3585 1373 3689 1427 im-

2090 1462 2216 1517 bres
2260 1464 2308 1516 vi
2354 1472 2636 1517 ventorum
2686 1464 2869 1518 omnia
2922 1463 3031 1518 late
3093 1463 3419 1518 vastantium
3471 1478 3501 1517 e
3551 1462 3688 1518 caelo

2089 1551 2514 1619 dimitterentur,
2564 1554 2656 1623 qui
2712 1560 2839 1606 tunc
2887 1552 2942 1606 in
2993 1553 3138 1624 agris
3165 1562 3346 1619 erant,
3378 1553 3475 1606 alii
3504 1561 3685 1618 antra,

402 1645 674 1701 Prteterea
705 1648 921 1702 additur
959 1647 1038 1700 rei
1088 1646 1431 1700 miraculum.
1475 1648 1608 1701 Cum
1657 1648 1800 1700 enim
1850 1655 1988 1700 tem-
2022 1653 2065 1712 Β
2095 1644 2184 1697 alii
2217 1646 2426 1715 tuguria
2469 1646 2535 1699 ad
2567 1647 2675 1700 vim
2705 1661 2857 1716 aqua:
2900 1645 3242 1701 devitandam
3290 1655 3557 1717 peterent,
3604 1661 3690 1702 sev

401 1739 550 1810 plum
584 1740 711 1794 illud
741 1741 826 1796 his
857 1741 1229 1811 superioribus
1258 1741 1412 1794 annis
1460 1740 1864 1812 conﬂagrasset,
1897 1757 1992 1812 pa-

401 1831 596 1886 rietem
625 1831 776 1886 illum
825 1833 968 1903 ignis
1017 1833 1159 1886 haud
1205 1841 1291 1886 est
1341 1847 1507 1886 ausus
1558 1833 1847 1902 attingere,
1899 1833 1990 1886 ubi

401 1919 567 1988 hujus
606 1920 792 1990 templi
835 1921 988 1991 origo
1025 1921 1077 1974 in
1117 1920 1363 1990 picturis,
1405 1930 1465 1975 ut
1511 1921 1765 1986 diximus,
1821 1923 1992 1978 oculis

402 2010 780 2080 aspicientinm
810 2011 1018 2065 occurit
1040 2011 1234 2064 adhuc.
1267 2009 1450 2077 Quid?
1479 2009 1612 2065 Cum
1637 2021 1830 2065 cratera
1859 2027 1989 2068 saxa

403 2098 566 2171 (nam
595 2099 704 2154 illic
730 2114 984 2154 saxorum
1018 2100 1206 2168 ingens
1232 2100 1387 2170 copia
1439 2103 1552 2170 est)
1589 2101 1711 2171 igne
1742 2101 1911 2156 scissa
1938 2111 1995 2156 et

403 2191 462 2248 in
493 2191 767 2263 pulverem
802 2185 1018 2248 redacta
1050 2201 1194 2255 sunt,
1227 2192 1356 2246 illud
1382 2202 1616 2259 tantum,
1647 2193 1700 2248 in
1732 2209 1839 2263 quo
1865 2194 1989 2248 Vir-

403 2296 476 2352 go
506 2281 672 2335 Maria
702 2281 890 2336 sedere
914 2282 1132 2353 dignata
1159 2290 1264 2345 est,
1315 2282 1539 2338 illmsum
1595 2285 1663 2338 ab
1715 2285 1838 2353 igne
1891 2300 1992 2354 pro

405 2372 671 2428 miraculo
697 2382 1078 2428 conservatum
1108 2382 1210 2429 est.
1244 2373 1318 2428 De
1347 2375 1501 2445 cujus
1529 2373 1631 2429 loci
1665 2375 1768 2430 situ
1815 2391 1990 2445 pauca

403 2465 558 2536 prius
593 2465 928 2536 eXplananda
958 2473 1105 2533 sunt,
1135 2481 1298 2537 quam
1347 2467 1561 2522 initium
1610 2467 1867 2522 narrandi
1905 2467 1990 2522 fa-

404 2571 569 2612 ctam.

475 2646 601 2701 296.
642 2647 701 2702 In
730 2646 1002 2704 Casentini
1049 2648 1294 2719 partibus
1335 2649 1588 2720 oppidum
1619 2658 1724 2715 est,
1774 2650 1859 2705 vel
1900 2664 1991 2705 re-

405 2739 550 2794 ctius
595 2738 768 2795 dicam
807 2741 952 2806 villa,
985 2757 1146 2812 quam
1192 2741 1298 2796 loci
1341 2742 1528 2798 incola:
1573 2743 1762 2797 dixere
1813 2742 1990 2797 Stiarn

409 2831 579 2902 (215),
613 2848 641 2886 a
673 2849 779 2902 qua
806 2831 1156 2890 Occidentem
1200 2849 1390 2890 versus
1434 2835 1586 2890 abest
1633 2850 1789 2891 mons
1819 2834 1991 2890 ferme

408 2931 534 2976 octo
565 2921 730 2976 millia
757 2938 1037 2992 passuum,
1071 2940 1100 2979 a
1125 2940 1231 2995 quo
1257 2927 1432 2979 oritur
1460 2926 1657 2981 ﬂumen
1689 2942 1719 2980 a
1751 2936 1988 2997 septem-

2093 1754 2349 1809 cumque,
2382 1740 2456 1792 uti
2491 1754 2606 1794 mos
2631 1748 2733 1804 est,
2766 1739 2908 1794 alter
2929 1739 3083 1794 alteri
3111 1741 3354 1795 diceret:
3395 1739 3549 1796 Unde
3586 1740 3689 1794 hoc

2093 1827 2448 1884 infortunium
2478 1831 2584 1883 isto
2613 1845 2756 1885 anno
2787 1832 2941 1886 nobis
2970 1831 3184 1886 miseris
3213 1831 3528 1886 mortalibus
3549 1847 3690 1902 pra:-

2095 1927 2176 1974 ter
2203 1920 2346 1973 aeris
2368 1936 2574 1974 morem
2605 1930 2658 1974 et
2689 1922 3052 1976 conditionem
3081 1923 3314 1977 accidit?
3348 1922 3488 1978 Proh
3525 1923 3686 1976 fidem

2093 2007 2191 2064 Dei
2239 2021 2402 2080 atque
2457 2011 2776 2064 hominum!
2833 2012 2976 2082 quod
3025 2013 3071 2066 si
3123 2013 3214 2065 diu
3264 2012 3352 2068 hic
3380 2011 3591 2067 subitus
3636 2020 3693 2066 et

2092 2099 2293 2153 nimius
2324 2100 2496 2154 imber
2524 2101 2850 2170 perrexerit,
2897 2100 3194 2171 peribimus
3239 2102 3502 2156 funditus.
3556 2102 3689 2156 Inde

2093 2191 2181 2244 alii
2205 2193 2491 2261 prosequi:
2530 2193 2680 2248 Unde
2703 2205 2882 2262 putas,
2913 2194 3014 2247 nisi
3041 2193 3182 2248 unde
3202 2194 3304 2248 dici
3335 2193 3498 2261 solet,
3525 2209 3690 2265 prop-

2093 2291 2176 2336 ter
2230 2291 2454 2352 peccata
2500 2284 2726 2337 veniunt
2767 2283 3048 2338 adversa?
3087 2282 3342 2339 Nostrum
3381 2293 3467 2338 est
3505 2284 3687 2354 igitur,

2093 2373 2276 2429 habita
2333 2374 2600 2443 imprimis
2632 2386 2940 2428 nostrorum
2982 2374 3264 2430 scelerum.
3297 2389 3424 2430 vera
3472 2364 3689 2430 confes-

2092 2463 2267 2529 sione,
2298 2463 2426 2519 Jesu
2453 2464 2683 2532 Christi,
2729 2462 3070 2534 Virginisque
3117 2464 3302 2519 Maria:
3331 2465 3526 2520 matris
3568 2462 3692 2534 ejus

2097 2555 2359 2609 auxilium
2395 2555 2690 2626 inquirere,
2741 2557 2787 2611 si
2816 2557 2958 2612 forte
2981 2571 3078 2612 sua
3109 2555 3269 2611 solita
3299 2557 3502 2628 pietate
3529 2570 3692 2630 opem

2093 2647 2296 2702 tulerit.

2160 2739 2285 2793 298.
2330 2738 2464 2793 Dum
2497 2739 2612 2795 hare
2645 2747 2702 2794 et
2729 2739 2855 2807 alia,
2907 2749 2966 2795 ut
3012 2741 3259 2796 voluntas
3290 2740 3414 2809 fert,
3470 2741 3683 2812 iactita-

2093 2837 2232 2894 rent,
2263 2829 2481 2894 accidit,
2509 2839 2567 2883 ut
2587 2845 2743 2896 anus,
2773 2846 2933 2900 quam
2959 2829 3210 2896 diximus,
3235 2833 3502 2902 quoddam
3526 2833 3690 2887 etiam

2094 2920 2418 2989 tuguriolum
2453 2921 2669 2986 adierit,
2723 2922 2813 2976 ubi
2858 2921 3019 2994 Virgo
3063 2923 3231 2979 Maria
3281 2925 3374 2979 tali
3413 2925 3595 2980 habitu
3637 2933 3693 2980 et

408 3011 624 3066 trionali
670 3012 846 3082 plaga,
892 3015 1109 3068 nomine
1151 3015 1365 3081 Arnus;
1415 3016 1509 3071 sed
1558 3031 1623 3072 ex
1669 3032 1736 3072 eo
1789 3017 1987 3083 medio,
2019 3013 2065 3076 C
2098 3013 2297 3082 specie.
2326 3022 2386 3067 ut
2431 3013 2545 3083 ipsa
2578 3015 2782 3069 referre
2816 3014 2972 3070 solita
3003 3026 3140 3083 erat,
3174 3031 3437 3087 apparere
3471 3017 3693 3088 dignata

405 3099 562 3170 quasi
594 3101 748 3156 collis
783 3103 975 3167 oritur,
1006 3105 1141 3158 satis
1191 3104 1242 3158 in
1276 3106 1598 3161 immensum
1647 3109 1986 3178 pertingens;

408 3190 638 3246 vestitur
660 3191 984 3248 humillimis
1010 3194 1339 3264 quercubus,
1368 3211 1463 3250 seu
1494 3195 1729 3264 ilicibus,
1763 3199 1992 3269 aliisque

407 3283 700 3352 generibus
724 3285 1002 3352 arborum,
1033 3301 1168 3356 quas
1199 3287 1398 3343 humus
1421 3289 1570 3342 arida
1593 3290 1811 3360 cingere
1832 3291 1987 3346 solet.

405 3371 582 3430 Locus
609 3375 852 3445 profecto
876 3379 1058 3434 suavis
1100 3388 1155 3434 et
1195 3394 1461 3435 ammnus.
1514 3381 1571 3435 In
1630 3382 1792 3451 hujus
1839 3383 1993 3439 collis

407 3483 543 3540 rupe
572 3470 809 3526 humano
862 3471 1096 3527 artificio
1143 3472 1323 3544 potius
1363 3489 1524 3543 quam
1575 3483 1768 3529 natura
1821 3474 1994 3544 plani-

408 3559 514 3617 ties
542 3563 806 3628 cernitur,
837 3564 1006 3619 muris
1047 3564 1100 3618 in
1153 3565 1325 3620 tribus
1353 3565 1435 3620 vel
1482 3575 1714 3636 quatuor
1752 3551 1994 3622 brachiis

406 3648 900 3723 elevatiaundique
929 3655 1304 3710 vestientibus.
1348 3655 1579 3711 Medium
1637 3665 1783 3712 tenet
1813 3658 1991 3712 eccle-

409 3739 490 3794 sia
523 3742 816 3806 horrenda;
843 3752 898 3798 et
936 3745 1200 3815 religione
1244 3747 1587 3818 dignissima,
1633 3747 1788 3818 cujus
1831 3749 1991 3804 talem

409 3840 626 3886 constat
649 3832 814 3888 fuisse
843 3834 1129 3905 originem.
1168 3835 1435 3906 Tempore
1470 3838 1685 3893 Martini
1733 3837 1894 3909 Papae
1922 3839 1990 3906 V,

409 3934 533 3976 Cum
560 3922 880 3992 quibusdam
913 3926 1278 3983 simultatibus
1307 3936 1361 3982 et
1404 3929 1690 3986 discordiis
1719 3931 1989 3987 Florenti-

411 4011 519 4096 nis,
549 4022 658 4068 tum
685 4029 752 4069 ex
791 4030 855 4071 eo
879 4015 1163 4083 Pontilice,
1223 4027 1336 4073 tum
1384 4034 1449 4074 ex
1495 4021 1815 4090 quibusdam
1869 4024 1992 4080 aliis

410 4105 577 4160 variis
601 4106 804 4172 causis,
838 4115 898 4161 ut
931 4116 1043 4163 tum
1075 4108 1370 4176 ferebatur,
1405 4114 1592 4168 accitis
1641 4114 1836 4170 bellum
1888 4117 1986 4170 im-

410 4196 643 4252 mineret
689 4197 847 4268 (nam
900 4199 1185 4268 discordiis
1229 4211 1282 4256 et
1326 4205 1691 4259 simultatibus
1741 4207 1989 4263 incendia

411 4287 623 4341 urbium
641 4288 916 4358 ruinaeque
942 4292 1200 4360 paulatim
1218 4287 1469 4364 aluntur)
1499 4297 1720 4367 insuper
1743 4309 1797 4353 et
1822 4288 1990 4368 pestis

2094 3116 2198 3160 est.
2226 3105 2477 3160 Formam
2507 3106 2713 3176 itaque,
2740 3106 2816 3159 uti
2840 3107 3163 3162 venerabilis
3194 3115 3456 3161 matrona:
3476 3107 3692 3171 velatae,

2093 3202 2332 3255 vestibus
2355 3200 2518 3254 etiam
2541 3201 2944 3256 candidissimis
2968 3202 3186 3266 indutm,
3207 3202 3448 3271 galerum
3471 3201 3693 3270 insuper

2094 3293 2268 3360 capite
2299 3291 2636 3357 sustinentis,
2677 3301 2731 3346 et
2761 3292 2811 3345 in
2843 3308 3002 3346 manu
3034 3292 3295 3355 libellum,
3344 3305 3506 3361 quem
3547 3291 3694 3344 assi-

2094 3385 2198 3438 due
2236 3382 2466 3453 legebat,
2499 3383 2802 3453 conspicit;
2859 3383 3016 3453 cujus
3066 3384 3301 3438 advcntu
3343 3395 3534 3436 omnes
3571 3380 3693 3436 coeli

2094 3474 2301 3531 nebula:
2327 3475 2600 3543 dissipatae
2628 3484 2774 3538 sunt,
2819 3475 2994 3529 imber
3033 3474 3287 3540 concidit,
3334 3473 3415 3528 sol
3443 3473 3508 3527 de
3537 3487 3690 3528 more

2092 3574 2287 3621 cuncta
2331 3566 2445 3620 suis
2473 3564 2636 3620 radiis
2667 3564 2975 3621 illustravit.
3029 3564 3163 3620 Cum
3205 3566 3370 3636 igitur
3410 3580 3547 3619 anus
3577 3563 3687 3626 illa,

2094 3655 2310 3726 perfusa
2333 3655 2581 3722 horrore,
2609 3656 3094 3724 venerabundaque
3119 3655 3402 3719 astitisset,
3432 3669 3532 3709 nec
3557 3668 3692 3708 con-

2097 3759 2174 3802 tra
2231 3749 2303 3803 ob
2354 3749 2697 3818 splendorem
2754 3747 2953 3802 intueri
3012 3747 3258 3812 valeret,
3318 3745 3477 3817 Virgo
3525 3745 3692 3801 Maria
3770 3732 3771 3735 η

2095 3839 2307 3911 inquit:
2344 3840 2467 3906 Abi,
2514 3841 2699 3896 nuntia
2728 3840 2957 3910 plebano
2984 3839 3135 3907 Stim,
3173 3841 3492 3910 exterisque
3532 3840 3696 3893 ﬁniti-

2095 3932 2220 3996 mis,
2251 3931 2420 3985 tilium
2455 3947 2632 3986 meum
2657 3931 2861 3998 Jesum,
2890 3932 3176 3986 Dominum
3200 3941 3470 3997 nostrum,
3505 3932 3606 3986 hoc
3634 3932 3689 3987 in

2094 4020 2212 4075 loco
2244 4021 2496 4092 templum
2546 4022 2678 4076 mihi
2707 4023 2876 4077 dicari
2910 4022 3064 4078 velle.
3099 4024 3443 4092 Quapropter
3484 4023 3527 4076 si
3567 4030 3688 4076 tanv

2096 4122 2203 4168 tam
2243 4113 2474 4178 cladem,
2498 4122 2811 4183 tantamque
2836 4113 3429 4173 imbriumeilusionem
3458 4113 3694 4186 ell‘ugere

2094 4217 2147 4259 et
2175 4206 2404 4261 evadere
2432 4215 2642 4274 optant,
2681 4207 2784 4261 azdi
2810 4205 3002 4260 futurae
3037 4206 3250 4260 initium
3281 4205 3595 4260 muneribus
3638 4215 3693 4260 et

2095 4296 2250 4350 donis
2271 4297 2570 4365 praebeant,
2592 4305 2643 4351 et
2669 4297 2772 4352 hoc
2794 4296 3067 4366 tugurium
3095 4311 3217 4350 cum
3241 4309 3402 4350 cruce
3421 4304 3476 4350 et
3497 4294 3694 4366 populo

413 4376 717 4447 inguinaria
748 4381 1070 4448 quibusdam
1099 4384 1152 4438 in
1183 4384 1314 4440 locis
1345 4388 1570 4456 vigeret,
1597 4391 1759 4444 etiam
1793 4407 1976 4459 pecca-
2016 4369 2067 4428 Ῑ)
2093 4388 2285 4442 devote
2316 4387 2572 4441 lustrent.

414 4471 480 4524 tis
510 4471 561 4525 id
587 4472 950 4543 exigentibus,
984 4477 1250 4544 repentini
1300 4478 1430 4549 largi
1461 4481 1692 4535 subitive
1731 4482 1928 4537 imbres
1958 4498 1988 4538 e

413 4560 551 4614 cmlo
581 4562 627 4614 vi
661 4574 965 4630 ventorum,
997 4566 1087 4635 qui
1116 4567 1294 4620 omnia
1324 4569 1686 4634 devastarcnt,
1739 4587 1803 4626 eo
1847 4589 1989 4629 anno

413 4650 839 4720 dimitterentur,
867 4673 964 4727 pro
995 4672 1054 4713 se
1096 4660 1328 4729 quisque
1372 4661 1558 4715 Jesum
1608 4661 1990 4735 Virginemque

413 4741 528 4813 ejus
567 4755 795 4803 matrem
830 4749 1080 4814 Mariam,
1111 4751 1202 4822 {ut
1229 4752 1621 4827 liberarentur]
1650 4773 1681 4809 a
1711 4764 1860 4809 tanto
1898 4773 1994 4826 pe-

414 4835 584 4892 riculo
614 4849 667 4892 et
699 4842 932 4905 excidio,
988 4846 1328 4900 orationibus
1353 4855 1405 4900 et
1455 4849 1895 4916 processiouibus
1941 4860 1998 4907 et

415 4923 557 4990 aliis,
586 4943 710 5006 quae
737 4930 928 5000 religio
958 4931 1072 4987 ﬁeri
1101 4946 1266 5001 amat,
1299 4946 1542 5002 orarent,
1595 4938 1762 5010 Virgo
1824 4941 1992 4998 Maria

413 5010 494 5066 sic
519 5029 576 5067 se
604 5013 767 5073 voluit
795 5019 1249 5080 excellentissime
1299 5027 1605 5096 ostendere,
1661 5036 1714 5083 et
1757 5033 1993 5098 patriam

413 5100 568 5157 istam
599 5106 836 5164 liberam'
853 5111 1097 5169 reddere.

479 5191 600 5250 297.
640 5199 906 5255 Cancrum
939 5217 1070 5271 pace
1109 5205 1354 5262 omnium
1385 5207 1786 5273 provinciarum
1817 5198 1993 5270 ausim

412 5275 609 5350 dicere,
640 5297 751 5344 toto
776 5289 911 5345 orbe
938 5298 1200 5352 terrarum
1241 5294 1388 5351 haud
1419 5310 1539 5354 esse
1566 5299 1766 5362 locum,
1794 5305 1887 5362 qui
1917 5307 1992 5362 ita

2160 4479 2283 4534 299.
2356 4479 2632 4534 Dubitanti
2701 4480 2882 4551 itaque
2948 4479 3073 4534 anui
3105 4487 3161 4532 et
3219 4493 3334 4533 rem
3390 4476 3686 4549 prolatanti

2093 4568 2169 4641 [id
2185 4581 2258 4623 est
2283 4569 2594 4642 differenti],
2618 4585 2708 4633 ne,
2731 4572 2775 4625 si
2799 4571 3004 4625 nullum
3027 4571 3248 4624 visionis
3276 4569 3433 4623 daret
3454 4569 3695 4638 signum,

2091 4663 2236 4716 inter
2271 4660 2520 4716 homines
2550 4678 2648 4733 pro
2686 4661 2920 4717 ludibrio
2951 4664 3267 4723 haberetur,
3310 4675 3499 4715 rursus
3535 4660 3697 4728 Virgo

2103 4750 2296 4814 Maria,
2324 4750 2497 4818 inquit
2523 4770 2536 4804 :
2569 4751 2670 4805 Abi
2691 4749 2825 4818 jam,
2853 4761 2908 4806 et
2928 4751 3071 4822 quod
3102 4751 3154 4804 in
3194 4759 3357 4803 tantm
3387 4749 3464 4802 rei
3498 4746 3700 4803 conﬁr-

2103 4841 2340 4897 matione
2373 4841 2506 4896 velis
2554 4844 2768 4912 signum
2813 4843 2951 4907 dari,
2999 4844 3111 4912 jam
3174 4841 3358 4894 datum
3405 4847 3516 4906 est,
3565 4836 3698 4891 mihi

2102 4935 2281 4990 crede.
2318 4933 2413 4989 His
2436 4935 2596 4991 dictis
2629 4933 2794 5004 Virgo
2835 4933 3002 4989 Maria
3050 4947 3214 4986 anum
3262 4928 3408 4982 illam
3451 4929 3556 4984 hac
3575 4942 3700 4982 ora-

2104 5024 2249 5080 tione
2281 5025 2558 5093 instruxit,
2594 5042 2755 5097 quam
2803 5039 2903 5080 nec
2953 5025 3210 5080 indecens
3238 5021 3410 5073 visum
3454 5033 3539 5078 eat
3575 5019 3704 5074 huic

2100 5117 2365 5173 miraculo
2386 5117 2657 5185 inserere;
2688 5127 2769 5174 est
2792 5118 2938 5174 enim
2968 5117 3122 5174 talis:
3146 5135 3163 5166 ι
3184 5114 3230 5170 0
3251 5112 3381 5179 alto,
3405 5127 3438 5167 ο
3467 5113 3704 5186 glorioso

2101 5209 2284 5277 lddio;
2318 5210 2565 5267 illumina
2597 5212 2646 5266 le
2670 5211 2894 5266 tenebre
2917 5210 3005 5266 del
3037 5222 3134 5264 cor
3160 5205 3300 5268 mio;
3344 5205 3550 5260 dammi
3585 5202 3708 5258 feda

2103 5303 2290 5362 dritta.
2319 5319 2582 5362 soeranza
2607 5313 2777 5362 certa.
2809 5304 2980 5360 carita
3017 5300 3275 5362 nerietta,
3307 5312 3438 5353 seno
3461 5315 3494 5355 e
3516 5311 3708 5356 conos-
