4110 5362
478 297 582 352 9‘27

1541 312 1599 368 s.
1636 312 1921 371 JOANNIS
1961 302 2354 381 GUALBERTI
2397 321 2689 377 ABBATIS

3628 321 3740 377 928

477 416 712 469 cimento
745 416 799 471 di
847 425 918 484 te,
966 418 1053 473 ch’
1101 420 1153 475 io
1194 420 1364 477 faccia
1409 422 1445 478 il
1493 434 1584 480 tuo
1613 443 1803 484 verace
1833 445 1864 485 e
1898 440 2057 487 santo
2087 436 2131 493 Α
2159 436 2284 502 quia
2306 438 2483 493 eundo
2505 447 2559 493 et
2584 437 2857 493 redeundo
2885 438 3126 494 inﬁnitus
3149 440 3453 496 mortalium
3480 456 3745 501 numerus

474 507 926 564 comandamento
971 510 1139 581 (2H).
1179 530 1197 564 ο
1240 512 1366 568 lude
1408 512 1572 586 Virgo
1611 516 1778 575 Maria
1809 520 2058 578 sublimis

473 599 625 655 abiit.
645 600 897 657 Additum
920 611 1004 657 est
1024 605 1183 659 etiam
1207 606 1333 662 huic
1353 616 1411 665 et
1429 608 1575 664 aliud
1592 610 1808 665 mirum.
1828 611 2056 678 Quidam

471 691 617 745 enim
667 692 861 747 Petrus
904 694 1307 765 Campedonici,
1355 713 1574 769 gregem
1620 701 1799 756 ovium
1824 717 2056 772 pascens

400 853 403 856 ἠ
471 796 634 849 super
652 783 899 839 eumdem
917 784 1115 851 locum,
1148 788 1342 844 mirum
1361 791 1698 858 splendorem
1724 794 1900 849 instar
1926 794 2056 851 solis

472 871 824 929 mirabundus
873 884 1071 944 printer
1119 893 1327 934 morem
1384 884 1688 953 conspexit.
1745 884 1875 941 lnde
1926 886 2054 942 felix

466 957 698 1025 Joanna,
733 961 935 1032 repleta
964 973 1018 1019 et
1053 967 1226 1033 gratia
1255 975 1310 1022 et
1353 978 1599 1039 stupore,
1630 973 1850 1031 monitis
1878 975 2054 1047 Virgi-

466 1050 551 1104 nis
578 1051 953 1122 obtemperare
980 1057 1240 1126 gestiens,
1270 1058 1337 1113 ad
1362 1061 1633 1129 quoddam
1660 1063 2048 1134 molendinum,

463 1140 555 1194 ubi
585 1150 811 1212 cognata
840 1158 936 1199 sua
967 1150 1299 1214 morabatur,
1333 1149 1435 1205 iter
1457 1151 1636 1222 erepit,
1666 1155 1811 1224 quod
1830 1150 2050 1226 quidem

464 1249 570 1289 non
601 1236 826 1292 multum
859 1240 928 1295 ab
960 1240 1111 1295 Arno
1138 1242 1346 1298 distans
1390 1245 1443 1300 in
1479 1245 1631 1303 alveo
1659 1246 1896 1305 fluminis
1936 1250 2051 1306 fere

461 1326 626 1381 situm
674 1339 779 1384 est.
829 1331 1158 1387 Referuntur
1190 1322 1301 1390 visa
1345 1347 1609 1405 cognatae,
1642 1355 1762 1408 quae
1789 1341 1888 1396 etsi
1921 1350 2049 1398 tunc

460 1429 559 1483 pro
584 1418 828 1475 ridiculis
853 1422 1100 1486 haberet,
1134 1432 1312 1481 tamen
1339 1427 1552 1491 deinde,
1576 1444 1739 1484 causa
1763 1430 2049 1500 diligenter

458 1508 691 1577 cognita,
726 1526 935 1566 summa
962 1512 1247 1571 devotione
1271 1518 1496 1589 singulis
1522 1536 1661 1590 pene
1703 1521 1890 1578 diebus
1921 1538 2043 1579 cum

458 1600 820 1672 eleeinosynis
843 1605 1113 1676 tugurium
1143 1605 1272 1663 illud
1296 1610 1501 1665 adibat.

524 1690 652 1747 300.
690 1693 901 1750 Joanna
928 1696 1111 1767 igitur,
1140 1699 1220 1754 sic
1246 1715 1274 1755 a
1303 1711 1533 1773 cognata
1561 1702 1769 1770 delusa,
1801 1704 2039 1772 domum,

2158 527 2545 582 monasterium
2599 536 2842 582 nostrum
2902 526 3053 596 juxta
3100 530 3205 584 iter
3252 530 3471 586 habent.
3527 531 3743 590 Meritis

2158 616 2341 687 itaque
2383 618 2632 689 gloriosze
2678 620 2918 689 Virginis
2965 619 3147 676 Mariae
3175 622 3326 692 plura
3355 624 3636 691 miracula,
3677 632 3741 682 et

2154 707 2419 765 beneﬁcia
2468 710 2785 766 mortalibus
2830 711 3045 776 collata,
3078 709 3180 784 [in]
3212 714 3537 785 imaginibus
3561 716 3744 773 cereis

2152 797 2383 868 aliisque
2430 800 2588 857 donis
2630 810 2685 856 et
2730 803 3044 857 muneribus
3096 804 3372 859 intuentur
3412 805 3735 884 Christiani.

2154 888 2306 944 Libet
2336 890 2389 945 in
2418 890 2522 946 ﬁne
2560 892 2801 948 miraculi
2849 892 3180 966 interrogare
3217 910 3329 959 eos,
3381 895 3474 965 qui
3514 905 3743 966 propter

2151 978 2395 1049 ingentes
2438 981 2675 1046 divitias,
2725 981 2910 1037 felices
2936 991 2991 1038 et
3026 986 3218 1040 beatos
3263 999 3323 1039 se
3370 983 3485 1040 fore
3542 984 3739 1040 existi-

2151 1079 2330 1136 mant;
2359 1071 2488 1142 quid
2527 1072 2740 1129 beatius
2779 1089 2883 1127 anu
2919 1074 3041 1140 ista,
3073 1090 3193 1144 quae
3219 1090 3340 1131 cum
3368 1076 3731 1146 pauperriine,

2148 1161 2306 1229 bene,
2337 1163 2599 1232 beateque
2629 1179 2692 1219 ac
2719 1165 3037 1235 simpliciter
3061 1167 3289 1232 viveret,
3320 1170 3514 1223 meruit
3556 1171 3731 1243 Virgi~

2147 1269 2273 1309 nem
2324 1254 2573 1321 Mariam,
2624 1272 2729 1311 non
2779 1256 2953 1313 solum
2999 1259 3264 1330 aspicere,
3317 1276 3506 1317 verum
3533 1266 3729 1334 saepius

2147 1348 2436 1403 convenire
2466 1355 2520 1402 et
2543 1348 2823 1417 colloqui?
2871 1349 2916 1406 Ο
2954 1366 3043 1406 me
3066 1352 3283 1407 beatum
3315 1362 3369 1407 et
3398 1352 3606 1409 felicem
3632 1356 3645 1409 ι
3677 1357 3721 1411 si

2148 1439 2371 1493 daretur
2422 1440 2542 1509 ejus
2597 1440 2879 1496 dumtaxat
2930 1443 3205 1499 consortio
3257 1443 3385 1509 frui,
3445 1447 3538 1517 qui
3604 1446 3725 1502 Vir-

2146 1529 2327 1598 ginem
2356 1527 2579 1583 Mariam
2624 1529 2778 1586 hisce
2819 1531 3137 1589 mortalibus
3163 1533 3333 1590 oculis
3359 1535 3729 1605 conspexisset

2147 1620 2310 1675 semel
2329 1622 2342 1676 !

2217 1710 2340 1766 502.
2378 1710 2530 1778 Quod
2586 1728 2732 1768 nunc
2778 1714 3081 1785 scripturus
3124 1731 3266 1783 sum,
3317 1732 3347 1772 a
3382 1717 3566 1773 multis
3595 1716 3725 1773 reli-

456 1797 577 1851 quie
629 1799 734 1839 non
786 1786 1013 1842 multum
1060 1789 1314 1857 distabat,
1371 1804 1563 1850 intesta
1592 1795 1743 1861 abiit,
1799 1796 1854 1851 in
1893 1796 2045 1866 cujus
2075 1780 2121 1841 Β
2147 1799 2332 1871 ginsis,
2361 1810 2472 1857 tum
2505 1804 2793 1860 abbatibus
2830 1780 2942 1860 tum
2974 1780 3263 1863 monachis
3281 1817 3480 1865 nostrae
3509 1807 3726 1880 religio-

455 1873 723 1931 vestibulo
748 1892 872 1932 cum
899 1877 1095 1936 clibani
1130 1882 1306 1939 cilicio
1334 1885 1642 1951 inserviret,
1675 1904 1709 1943 ο
1730 1904 1844 1943 rem
1875 1889 2042 1945 inira-
2145 1894 2229 1948 nis
2263 1892 2366 1949 ﬁde
2389 1892 2566 1962 dignis
2593 1896 2797 1964 accepi.
2830 1895 2889 1951 lu
2921 1898 3248 1954 monasterio
3271 1898 3328 1956 S.
3363 1898 3531 1955 Salvii
3559 1913 3725 1969 prope

456 1962 654 2019 bilem!
703 1983 737 2022 o
782 1979 1030 2026 sanctum
1059 1974 1392 2043 prodigium!
1442 1993 1570 2034 ecce
1615 1979 1758 2036 illico
1810 1980 2044 2051 Spiritus
2143 1985 2493 2050 Florentiain,
2536 1987 2680 2056 quod
2725 1962 3103 2045 sanctissimus
3145 1990 3381 2047 Joannes
3410 2000 3533 2062 post
3560 1962 3723 2047 istud

452 2064 696 2122 sanctus,
723 2059 781 2114 in
807 2061 987 2130 specie
1011 2061 1230 2120 humilis
1251 2065 1516 2122 columba:
1545 2068 1763 2124 domum
1800 2071 2041 2127 mulieris
2142 2076 2200 2131 S.
2240 2075 2422 2133 Marim
2470 2077 2726 2135 aediﬁcari
2759 2078 2949 2148 voluit,
3004 2081 3225 2151 quidam
3279 2059 3557 2147 minister,
3602 2096 3720 2149 seu,

452 2143 752 2215 ingressus,
789 2151 1068 2208 mulierem
1097 2169 1203 2208 non
1231 2155 1404 2210 solum
1436 2159 1608 2227 gratia
1638 2159 2037 2229 conﬁrmatam,
2141 2167 2341 2223 rectius
2369 2167 2567 2234 dicam,
2615 2184 2907 2227 conversus
2952 2172 3185 2238 exstitit,
3215 2173 3301 2230 cui
3339 2188 3535 2229 nomen
3587 2173 3724 2229 Bar-

449 2254 639 2295 verum
706 2244 869 2300 etiam
930 2255 986 2302 et
1048 2250 1195 2317 apud
1252 2252 1507 2307 mortales
1559 2251 1797 2319 beatam,
1850 2262 1905 2309 et
1937 2255 2040 2311 ﬁde
2140 2261 2659 2332 tholorum-omnem
2689 2263 2885 2333 sapius
2927 2262 3125 2321 vidisse
3151 2281 3239 2321 me
3262 2266 3518 2332 memini;
3568 2264 3723 2335 cujus

448 2331 665 2403 dignam
697 2334 844 2391 fecit.
876 2337 1144 2394 Postridie
1166 2341 1346 2412 itaque
1369 2343 1653 2413 plebanum
1678 2344 1808 2400 Stis:
1827 2346 2035 2413 adiens,

447 2435 563 2485 rem
612 2438 853 2489 onmem.
914 2428 1096 2483 multis
1140 2432 1519 2500 praesentibus,
1569 2433 1759 2488 ordine
1802 2438 2033 2505 aperuit.

448 2511 639 2569 Mirum
668 2527 930 2586 quantum
958 2519 1030 2574 illi
1061 2522 1331 2576 nuntianti
1361 2523 1496 2586 haec,
1546 2523 1672 2593 quia
1707 2522 1870 2597 [erat]
1914 2542 2037 2595 pro-

445 2604 587 2664 fecto
614 2609 753 2665 bona
783 2612 1000 2675 mulier.
1031 2612 1152 2668 ﬁdei
1185 2612 1418 2686 [datum]
1449 2614 1636 2671 fuerit:
1671 2617 1848 2672 verbis
1873 2619 2035 2674 etiam

445 2700 589 2756 illius
628 2701 772 2759 Petri
819 2704 1221 2776 Campedonici,
1279 2707 1396 2778 qui,
1455 2717 1512 2762 ut
1559 2700 1723 2777 supra
1774 2709 2036 2777 diximus,

443 2792 787 2861 splendorem
835 2814 1000 2867 supra
1064 2800 1336 2866 tugurium
1391 2808 1792 2868 conspexerat,
1852 2799 2033 2856 addita

446 2884 573 2958 [est]
607 2889 873 2945 miraculo
906 2890 1058 2946 ﬁdes.
1087 2888 1237 2947 lllico
1264 2888 1402 2945 fama
1436 2890 1572 2945 tanti
1612 2891 1842 2962 prodigii
1883 2893 2036 2964 oppi-

444 2981 571 3030 duni
619 2994 919 3049 agrumque
965 2979 1279 3050 complevit.
1329 2979 1418 3035 Fit
1459 2981 1645 3051 itaque
1692 2981 1926 3037 virorum
1979 2992 2035 3040 et

444 3068 732 3123 mulierum
765 3070 1048 3140 utriusque
1095 3071 1272 3127 relatis
1321 3082 1377 3128 et
1419 3073 1745 3129 conditionis
1776 3091 2032 3133 numerus

2135 2366 2321 2423 opera,
2350 2362 2419 2407 et
2443 2369 2564 2424 quae
2592 2355 2800 2410 daemon
2849 2355 2905 2410 in
2948 2371 3071 2412 eum
3120 2356 3302 2426 inique
3352 2356 3542 2428 egerit.
3594 2357 3721 2427 quia

2135 2445 2433 2516 praesertim
2483 2446 2586 2501 hac
2637 2455 2956 2515 tempestate
2999 2462 3188 2519 magna
3227 2458 3285 2504 et
3322 2447 3525 2504 atrocia
3548 2447 3719 2516 fuere.

2137 2533 2334 2589 litteris
2380 2535 2638 2591 mandare
2661 2535 2803 2591 haud
2831 2538 3124 2593 absurdum
3153 2539 3326 2594 visum
3354 2548 3461 2604 est,
3508 2547 3567 2593 ut
3591 2538 3721 2595 hinc

2134 2621 2312 2693 quivis
2357 2606 2545 2681 ﬁdeles
2596 2624 2894 2697 intelligere
2936 2627 3167 2696 possint,
3206 2637 3266 2681 ιιι
3292 2627 3380 2682 ait
3407 2625 3718 2697 Apostolus,

2133 2727 2344 2779 omnes,
2388 2715 2480 2783 qui
2510 2714 2597 2784 pie
2621 2714 2809 2770 volunt
2836 2716 3019 2771 vivere
3055 2717 3107 2771 in
3140 2716 3355 2772 Christo
3397 2716 3548 2783 Iesu,
3594 2730 3719 2786 per—

2134 2806 2442 2861 secutiones
2483 2806 2615 2877 pati,
2657 2815 2713 2862 et
2756 2807 2857 2862 hos
2883 2807 3054 2864 solum
3085 2808 3438 2864 tentationum
3468 2814 3716 2877 expertes

2134 2909 2278 2961 csse,
2334 2896 2426 2965 qui
2483 2910 2611 2952 suas
2664 2896 2972 2968 voluptates
3021 2899 3238 2969 explere
3292 2907 3564 2968 satagunt.
3616 2896 3715 2951 llic

2134 2985 2357 3056 itaque,
2406 3002 2529 3041 cum
2572 2987 2739 3043 vitam
2785 3004 2939 3044 suam
2982 2989 3279 3045 secundum
3332 2989 3502 3045 Deum
3551 2994 3607 3042 et
3652 2985 3711 3041 S.

2133 3076 2408 3132 Benedicti
2440 3077 2680 3149 regulam
2725 3080 2894 3138 multo
2920 3080 3128 3147 labore,
3156 3079 3325 3135 multa
3352 3094 3502 3149 cura,
3532 3077 3716 3133 mode-

443 3175 553 3214 non
603 3174 853 3230 parvus;
907 3172 961 3217 et
1006 3164 1278 3218 communi
1331 3166 1561 3222 consilio
1622 3167 1690 3223 ad
1747 3143 2103 3225 DominumC
2133 3167 2370 3247 stissime
2424 3169 2773 3238 parendo,et
2826 3185 2969 3242 saepe
3015 3168 3331 3239 jejunando,
3370 3169 3493 3225 aliis
3548 3168 3710 3224 etiam

404 3251 628 3317 ‘Jesum
654 3295 668 3317 ,
720 3254 1101 3326 Virginemque
1146 3256 1445 3327 piissimam
1490 3258 1715 3316 Mariam
1765 3263 2033 3333 supplica-

443 3343 621 3400 tiones
660 3353 924 3401 statuunt.
970 3347 1095 3402 Inde
1123 3349 1351 3405 humiles
1397 3352 1675 3409 orationes
1716 3353 2029 3422 fundentes,

441 3443 496 3488 et
520 3449 591 3490 es
616 3436 810 3505 oppido
840 3436 1034 3494 devote
1060 3438 1319 3496 abeuntes
1346 3458 1471 3496 cum
1507 3443 1725 3514 hymnis
1774 3455 1830 3502 et
1857 3447 2032 3502 cauti-

440 3530 521 3584 cis
549 3530 920 3599 spiritualibus
971 3533 1242 3602 tugurium
1292 3551 1397 3589 una
1442 3550 1564 3591 cum
1594 3536 1801 3594 Joanna
1830 3539 2028 3598 femina

441 3621 789 3677 devotissima
843 3625 1216 3690 circumeunt;
1267 3641 1388 3681 cum
1441 3638 1664 3696 repente
1702 3644 1768 3684 eo
1814 3630 1867 3685 in
1912 3631 2030 3687 loco

440 3708 643 3764 lumina
671 3710 808 3776 visa,
844 3713 1210 3784 angelica:th
1245 3731 1403 3771 voces
1431 3717 1629 3772 auditae
1675 3717 2023 3793 [fuerunt]:

440 3800 522 3856 Ex
583 3801 687 3857 hoc
750 3802 895 3857 enim
969 3815 1167 3858 cuncto
1238 3807 1435 3876 papula
1504 3806 1761 3878 lacrymis
1832 3812 2026 3880 gaudio

439 3892 667 3955 obortis,
720 3890 981 3960 virginem
1040 3892 1296 3960 Mariam,
1364 3894 1521 3968 [ut]
1587 3912 1668 3963 se,
1730 3887 2028 3969 Omnesque

440 3982 627 4037 ﬁdeles
697 3982 948 4038 defendat
1013 3992 1070 4040 et
1143 3994 1359 4042 tueatur
1393 4026 1409 4051 ,
1482 3989 1818 4057 implorant;
1900 3992 2026 4049 inde

440 4072 566 4138 laeti,
603 4075 731 4144 quia
773 4072 977 4145 Virgini
1020 4075 1204 4132 Mariae
1254 4093 1401 4134 cura:
1426 4089 1632 4147 essent,
1681 4081 1903 4137 domum
1940 4098 2027 4139 re-

439 4166 624 4221 deunt.
1446 4170 1449 4173 “

506 4256 632 4311 501.
701 4256 925 4312 Demum
979 4258 1216 4328 Virginis
1261 4258 1445 4316 Mariie
1492 4260 1788 4332 precibus,
1841 4262 2018 4328 bello,

436 4356 608 4417 peste,
648 4347 821 4403 imbre
862 4348 1081 4411 sedatis,
1132 4364 1294 4406 causa
1322 4352 1455 4407 tanti
1497 4352 1655 4418 boni,
1688 4354 1830 4409 unde
1856 4366 2019 4420 esset.

437 4437 544 4493 late
572 4439 807 4507 cognita,
841 4454 948 4494 non
978 4438 1190 4494 ﬁnitimi
1232 4449 1441 4499 tantum
1472 4443 1722 4499 monachi
1752 4453 1807 4499 et
1835 4444 2018 4499 clerici

436 4545 557 4583 cuin
579 4529 735 4598 plebe
759 4546 876 4595 sua,
906 4546 1090 4586 verum
1122 4548 1190 4586 ex
1213 4534 1465 4588 omnibus
1495 4534 1724 4590 Etruria:
1752 4534 2013 4604 partibus,

435 4620 703 4690 praecipue
743 4637 811 4675 ex
841 4621 972 4676 urbe
1001 4621 1310 4678 Florentina
1355 4625 1628 4678 turmatim
1676 4633 1732 4680 et
1770 4626 2016 4679 certatim

435 4713 575 4768 votis
605 4713 1028 4784 muneribusque
1057 4714 1338 4783 cumulati,
1385 4716 1529 4772 illico
1575 4716 1847 4771 advolant.
1890 4714 2018 4770 Inde

432 4805 635 4875 egregii
693 4804 872 4875 templi
924 4806 1098 4877 origo,
1150 4815 1208 4862 et
1249 4807 1303 4863 in
1360 4816 1521 4862 tantae
1568 4808 1646 4862 rei
1700 4807 2016 4862 memoriam

434 4894 608 4965 majus
635 4897 807 4953 altare
829 4914 1036 4961 saxum,
1064 4900 1116 4954 in
1143 4915 1252 4971 quo
1274 4898 1439 4968 Virgo
1464 4901 1629 4954 Maria
1660 4900 1787 4956 olim
1827 4901 2018 4957 sedere

433 4984 649 5057 dignata
700 4997 805 5051 est,
860 4998 945 5044 est
988 4990 1314 5045 dedicatum.
1346 4990 1483 5057 Quid
1509 4990 1532 5043 ?
1564 4991 1707 5059 quod
1734 4992 2012 5046 annuatim

432 5091 565 5132 xvnr
625 5077 744 5132 Kal.
798 5078 919 5135 Oct.
991 5080 1045 5135 in
1106 5081 1193 5135 die
1242 5080 1601 5134 Exaltationis
1657 5079 2013 5134 sanctissima:

430 5166 619 5247 Crucis
645 5168 843 5225 Christi
869 5171 1014 5237 Jesn,
1038 5172 1251 5240 quando
1275 5169 1528 5239 templum
1555 5169 1682 5224 illud
1708 5171 2010 5225 dedicatum

430 5264 512 5296 ou!
563 5269 779 5296 manuni
815 5270 921 5296 lnln
959 5261 1170 5296 Ιοόιιηιιῖαι
1198 5275 1261 5296 av
1310 5258 1572 5296 Qun-arun-
1599 5260 1816 5296 ρῖνῖισιιο
1844 5274 2013 5296 "annm

2049 4487 2098 4546 Ι)

2128 3253 2313 3328 ﬂagris
2332 3258 2726 3328 corpusculum
2755 3273 2913 3314 suum
2953 3259 3267 3326 castigando
3294 3268 3482 3314 sancte
3504 3255 3717 3327 sapien-

2130 3356 2320 3418 terque
2346 3348 2686 3415 instituisset,
2732 3350 2786 3404 in
2832 3358 3035 3405 tantam
3064 3350 3465 3422 simplicitatem
3491 3360 3546 3405 et
3568 3349 3714 3421 puri-

2132 3446 2293 3494 tatem
2323 3439 2470 3494 brevi
2494 3440 2757 3510 pervenit,
2799 3450 2858 3495 ut
2881 3439 3130 3495 omnibus
3164 3440 3517 3497 vehementer
3552 3452 3710 3493 carus

2126 3530 2424 3593 existeret:
2480 3547 2649 3598 nam,
2722 3541 2781 3587 ut
2830 3541 3023 3589 caetera
3072 3535 3342 3599 omittam,
3388 3532 3583 3603 quibus
3638 3529 3708 3584 ad

2126 3622 2493 3678 enervandum
2527 3637 2725 3693 corpus
2767 3624 3037 3691 utebatur,
3093 3638 3236 3696 saepe
3281 3632 3547 3678 nocturno
3574 3631 3707 3676 tem-

2126 3727 2274 3782 pore,
2330 3712 2506 3768 hieme
2551 3714 2713 3768 etiam
2745 3714 2967 3781 torrida,
3020 3714 3162 3769 inter
3215 3713 3366 3767 nives
3393 3721 3449 3767 et
3489 3722 3711 3780 asperas

2125 3804 2326 3874 glacies
2353 3813 2674 3874 conspectus
2699 3817 2784 3862 est
2810 3807 2983 3861 nudus
2994 3803 3211 3873 jacens:
3242 3803 3534 3903 vii-tutith
3556 3800 3708 3903 cujus

2126 3895 2377 3951 inimicus
2411 3895 2645 3951 nominis
2687 3895 2981 3951 Christiani
3012 3895 3254 3951 diabolus
3300 3891 3568 3958 invidebs,
3616 3891 3705 3947 cui

2124 3984 2269 4040 mille
2305 3985 2534 4041 nocendi
2563 3994 2734 4052 artes,
2767 3986 2952 4042 multis
2980 3986 3248 4055 variisque
3270 4001 3393 4040 eum
3420 3997 3705 4056 aggressus

2122 4082 2208 4131 est
2232 4075 2533 4141 fraudibus,
2566 4085 2800 4143 tentaus,
2825 4079 2870 4132 si
2900 4093 3008 4148 quo
3035 4077 3192 4133 modo
3225 4087 3408 4148 posset
3437 4077 3611 4146 ipsum
3635 4073 3706 4129 ab

2123 4168 2368 4223 instituto
2394 4168 2610 4223 tramite
2637 4169 2873 4225 deviare.
2899 4170 2991 4225 llle
3018 4186 3048 4226 e
3075 4180 3286 4235 contra,
3318 4167 3444 4251 Jesu
3468 4167 3700 4232 favente,

2123 4273 2220 4327 pro
2254 4259 2458 4313 viribus
2488 4260 2759 4314 resistere.

2191 4348 2316 4405 505.
2359 4350 2557 4404 Verum
2606 4365 2729 4405 cum
2770 4351 3013 4407 diabolus
3038 4352 3263 4413 videret,
3303 4366 3363 4406 se
3392 4363 3604 4418 semper
3633 4340 3699 4399 ab

2124 4455 2189 4494 eo
2234 4439 2440 4511 repelli,
2498 4440 2690 4495 statuit
2738 4440 2899 4494 aliam
2947 4441 3090 4494 viam
3147 4438 3362 4510 aggredi
3408 4438 3474 4493 ad
3525 4437 3697 4513 ipsum

2123 4529 2714 4599 perterrefaciendum:
2769 4546 2892 4583 nam
2923 4530 3191 4599 imprimis
3234 4528 3467 4599 speciem
3511 4524 3697 4597 Angeli

2124 4625 2259 4681 lucis
2297 4624 2396 4680 sibi
2447 4640 2748 4697 assumens,
2802 4624 3014 4679 blandis
3064 4638 3185 4678 cum
3244 4622 3424 4677 verbis
3477 4619 3698 4690 alloqui,

2123 4730 2412 4784 numquam
2443 4716 2674 4785 denique
2703 4715 2915 4785 quietus
2936 4729 3074 4780 csse,
3108 4714 3200 4768 sed
3230 4727 3443 4782 semper
3472 4712 3697 4774 instare,

2121 4806 2366 4871 suadere,
2397 4820 2577 4870 orare,
2626 4812 2684 4858 ut
2718 4820 2840 4859 eum
2870 4806 2938 4860 ad
2985 4820 3044 4860 se
3090 4803 3424 4859 adorandum
3454 4798 3696 4871 impelle-

2124 4906 2220 4951 ret.
2274 4896 2546 4951 lnterduin
2576 4895 2737 4950 etiam
2783 4896 3033 4950 formosae
3078 4893 3317 4949 mulieris
3358 4892 3550 4948 faciem
3591 4887 3697 4946 sibi

2120 4987 2426 5051 vindicans,
2480 5002 2540 5041 sc
2597 4986 2858 5057 virginem
2914 4986 3137 5042 Mariam
3195 4999 3315 5041 esse
3344 4982 3690 5056 praedicabat.

2118 5077 2227 5131 Nec
2248 5076 2465 5138 mirum,
2490 5091 2590 5132 nec
2615 5071 2931 5131 incredibile
2957 5076 3114 5130 alicui
3138 5076 3402 5141 videatur,
3426 5075 3693 5130 daemones

2117 5169 2295 5223 varias
2349 5169 2558 5237 species
2612 5179 2773 5237 atque
2819 5184 2913 5223 ora
2955 5179 3064 5222 tum
3094 5168 3371 5222 hominum
3399 5176 3510 5220 tum
3558 5163 3691 5219 fera-

2119 5274 2236 5296 rum
2275 5273 2521 5296 cii-narn-
2561 5273 2681 5296 nam
2729 5257 2783 5296 ﬁl
2815 5258 2994 5296 cuhitn
3023 5272 3114 5296 an:
3141 5256 3395 5296 [inm-illnc
3471 5262 3691 5296 ntnnnne
