4110 5362
347 249 452 304 929

1846 223 2049 279 ACTA.

3512 217 3618 272 950

350 369 658 420 sanctorum
709 355 930 410 Patrum
953 394 966 417 ,
1016 349 1320 422 prresertim
1354 347 1416 402 ι).
1440 344 1658 402 Antonii
1708 343 1935 415 legitur;
1971 346 2012 401 Λ
2045 349 2252 396 mature
2297 341 2515 397 adeunt.
2548 340 2659 396 lllic
2690 341 2877 396 devote
2907 337 3164 408 psalmos,
3209 334 3298 406 qui
3348 335 3625 406 pmniten-

349 457 599 524 dt-ulque,
625 465 786 520 quam
808 447 940 512 vult,
965 447 1067 502 sibi
1092 444 1256 500 sumit
1281 441 1538 513 speciem,
1566 448 1621 494 et
1645 453 1763 494 eam
1791 436 1935 491 illico

349 546 588 619 deponit.

419 618 543 692 304.
585 635 873 695 Casterum,
910 645 1033 685 cum
1081 643 1181 683 nec
1209 626 1460 696 precibus
1481 637 1582 678 nec
1608 619 1769 675 minis
1791 618 1936 672 inme

351 725 804 782 Bartholomzeum
837 721 903 775 ad
943 734 1098 774 suam
1133 716 1462 772 voluntatem
1489 712 1706 767 flectere
1731 713 1934 780 posset,

352 815 556 886 niajora
585 826 639 870 et
670 813 1142 868 atrociora.ausus
1167 818 1248 864 est
1277 804 1526 876 aggredi:
1561 818 1685 858 nam
1718 800 1938 854 umbras

353 907 612 979 quasdam
646 915 795 958 atras
825 900 1255 968 horrendasque,
1289 897 1474 951 oculos
1510 894 1706 964 ignitos
1734 904 1842 957 pra:
1880 902 1940 942 se

354 999 608 1061 ferentes,
637 995 986 1064 sulphureum
1013 990 1441 1061 pestiferumque
1473 986 1678 1040 fumum
1716 980 1938 1036 naribus

354 1091 549 1146 hiulcis
577 1089 800 1142 edentes
833 1093 1030 1154 prmsto
1060 1099 1244 1138 coram
1267 1081 1458 1136 adesse
1487 1075 1774 1147 conspicit,
1801 1087 1939 1144 qua-

351 1197 473 1236 rum
531 1179 729 1249 prima,
777 1176 984 1245 inquit:
1039 1173 1195 1228 Hunc
1245 1173 1402 1227 nobis
1447 1169 1738 1230 infensum,
1791 1165 1944 1220 vobis

355 1271 641 1327 tormentis
695 1267 1035 1323 afﬁciendum
1098 1264 1610 1332 devorandumque,
1677 1257 1781 1312 nisi
1841 1257 1941 1312 sibi

352 1362 618 1425 consulat,
638 1369 694 1415 et
714 1360 869 1414 nobis
880 1356 1102 1427 jamjam
1122 1355 1470 1415 assentiatur,
1493 1351 1726 1422 praebeo.
1745 1350 1944 1404 Verum

355 1473 479 1513 cum
496 1457 611 1528 ipse
635 1453 778 1509 haud
801 1451 1145 1523 perterritus,
1176 1464 1363 1504 eorum
1390 1453 1672 1516 sperneret
1694 1453 1747 1497 et
1769 1441 1946 1496 ﬂocci-

355 1547 560 1601 faceret
577 1545 772 1608 minas,
791 1542 986 1595 iterum
1012 1540 1134 1594 illa:
1160 1538 1457 1592 Monstrum
1482 1533 1738 1595 hominis,
1763 1529 1947 1584 taces?

353 1638 593 1693 Nobisne
620 1635 844 1690 ridendo
875 1631 1143 1687 insultas?
1173 1629 1282 1683 Nec
1313 1638 1365 1682 te
1393 1626 1588 1696 pudet,
1629 1639 1662 1679 ο
1701 1623 1942 1678 omnium

355 1729 636 1783 hominum
654 1725 925 1795 pessime?
963 1723 1092 1778 lude
1115 1721 1330 1776 caeteris
1357 1737 1369 1772 :
1399 1717 1666 1772 Efferatur
1696 1715 1859 1778 foras,
1889 1724 1944 1770 et

356 1822 704 1888 demergatur
764 1817 819 1870 in
876 1812 1252 1890 profluentem,
1310 1819 1389 1868 et.
1457 1817 1515 1862 ut
1562 1807 1790 1861 meritus
1837 1814 1939 1870 est,

355 1911 715 1967 absorbeatur
743 1921 882 1976 aqua
915 1903 1261 1960 intolerabili.
1292 1902 1391 1956 Vix
1415 1901 1528 1969 ipsa
1557 1900 1796 1961 dixerat,
1819 1912 1944 1951 cum

355 2004 540 2058 statim
580 2001 804 2071 spiritus
837 1997 910 2052 illi
943 1997 1148 2050 horridi
1185 2005 1240 2049 et
1274 1994 1378 2049 diri
1404 2007 1549 2053 eum,
1574 1991 1640 2044 ad
1675 1990 1858 2044 Jesum
1888 1996 1945 2043 et

357 2096 426 2150 ad
473 2094 750 2164 Virginem
796 2087 1017 2142 Mariam
1063 2098 1117 2140 et
1143 2085 1209 2139 ad
1243 2084 1301 2139 S.
1335 2082 1596 2138 Jonnnem
1629 2080 1944 2134 exclaman-

355 2193 493 2250 tem,
515 2182 713 2253 smpius
743 2179 973 2235 sublime
1009 2176 1226 2239 tollunt;
1261 2189 1420 2245 quam
1457 2187 1642 2227 vocem
1671 2181 1796 2224 tunc
1823 2168 1944 2223 titil-

353 2276 444 2331 lus
487 2289 550 2329 ex
605 2271 928 2332 monachis.
982 2267 1122 2324 forte
1170 2267 1292 2336 quia
1339 2265 1459 2319 aliis
1501 2261 1945 2334 negotiisintenli

357 2366 378 2437 [
409 2373 568 2420 erant
595 2363 637 2435 ],
695 2361 986 2431 persensit,
1047 2358 1065 2430 [
1093 2367 1145 2413 et
1171 2358 1297 2427 quia
1325 2355 1344 2428 ]
1399 2356 1562 2409 etiam
1601 2355 1714 2422 ipse
1745 2349 1946 2421 aliquid

352 2453 685 2526 operabatur
715 2451 868 2516 foris,
902 2458 956 2505 et
982 2465 1086 2503 nox
1112 2447 1225 2517 jam
1259 2449 1664 2503 adventaverat.

424 2546 552 2602 505.
592 2543 873 2600 Daemones
910 2543 1093 2612 itaque
1123 2541 1295 2611 ipsum
1342 2540 1408 2594 ad
1456 2539 1630 2594 laeum
1660 2539 1948 2606 quemdam

353 2638 410 2692 in
470 2635 730 2691 inferiore
779 2642 936 2703 parte
963 2632 1112 2702 rupis
1159 2640 1520 2702 stagnantem,
1561 2646 1590 2684 a
1616 2618 1947 2684 monasterio

354 2727 662 2784 Passiniani
715 2727 883 2781 ferme
930 2741 1026 2796 per
1075 2734 1350 2780 trecentos
1393 2738 1586 2795 passus
1633 2723 1945 2789 distantem,

353 2836 482 2876 cum
514 2820 616 2874 hac
656 2817 1076 2887 exprobratione
1103 2817 1276 2872 tulere
1308 2835 1320 2870 :
1348 2816 1505 2870 Modo
1535 2815 1694 2869 modo
1723 2814 1945 2883 peribis,

352 2910 619 2982 pessime:
651 2910 869 2965 tc'enim
901 2911 1176 2974 deorsum,
1206 2918 1264 2963 ut
1290 2909 1514 2962 meritus
1535 2923 1617 2971 es,
1644 2908 1944 2971 trudemus,

2038 433 2194 488 tiales
2253 433 2612 498 intitulantur,
2680 448 2802 486 cum
2860 431 3064 485 litaniis
3121 430 3445 493 decantant,
3503 442 3622 498 spe-

2036 533 2257 583 rantes.
2319 521 2603 575 Dominum
2660 521 2844 577 Jesum
2911 522 2998 583 ei,
3057 520 3170 574 sive
3227 529 3471 573 extrema
3528 534 3631 591 pa-

2038 615 2212 678 tienti,
2253 613 2366 668 sive
2405 613 2718 679 innocenti,
2782 628 2934 684 opem
2975 628 3126 667 suam
3197 611 3353 667 solita
3423 611 3627 681 pietate

2037 705 2292 759 laturum.

2107 796 2231 850 307.
2272 793 2514 866 Denique
2559 812 2681 851 eum
2719 796 2830 866 jam
2873 796 2938 850 ad
2976 795 3205 850 mediam
3254 804 3464 850 noctem
3506 809 3629 866 per—

2040 896 2375 950 noctassent,
2425 887 2552 941 fessi
2607 903 2816 952 somno,
2848 887 3053 942 Prioris
3094 886 3372 951 mandato,
3400 888 3628 956 quisque

2041 995 2196 1034 suum
2240 978 2434 1048 repetit
2461 977 2655 1033 cubile.
2712 979 2810 1032 Vix
2857 978 3022 1032 cellas
3069 977 3297 1046 ingressi
3345 977 3546 1048 [erant
3574 976 3625 1047 ].

2041 1083 2166 1124 eum
2193 1078 2414 1138 repente
2447 1069 2650 1123 trinum
2673 1069 2909 1122 sonitum
2941 1067 3160 1136 majoris
3189 1085 3464 1137 campana:
3487 1069 3630 1124 acci-

2043 1161 2214 1230 piunt.
2255 1160 2348 1214 llis
2377 1161 2431 1214 in
2461 1160 2872 1214 admirationem
2904 1161 3075 1229 prius,
3126 1163 3250 1215 inde
3282 1162 3333 1215 iu
3383 1162 3628 1215 laetitiam

2044 1256 2186 1310 versi
2219 1271 2322 1308 una
2350 1255 2546 1310 iterum
2572 1254 2859 1309 ecclesiam
2893 1254 3292 1326 ingrediuntur,
3324 1265 3379 1309 et
3406 1255 3628 1309 fratrem

2046 1347 2206 1401 istum
2249 1345 2632 1410 madefactum,
2683 1348 2906 1400 humore
2953 1356 3008 1400 et
3059 1347 3185 1400 limo
3233 1347 3529 1414 oppletum,
3579 1347 3631 1400 in

2047 1436 2281 1491 scabello
2299 1435 2507 1501 altaris,
2532 1436 2619 1489 ubi
2643 1437 2968 1491 sanctissimi
2991 1436 3216 1491 Joannis
3235 1453 3432 1506 corpus
3453 1453 3634 1493 sacra-

2049 1529 2318 1582 tissimum
2375 1529 2636 1597 quiescit,
2701 1527 3067 1581 exanimatum
3119 1528 3481 1596 conspiciunt.
3539 1527 3637 1584 His

2050 1622 2216 1691 igitur
2260 1621 2519 1676 fratribus
2558 1636 2681 1675 eum
2731 1621 3194 1690 interrogantibus
3245 1621 3460 1674 ubinam
3505 1634 3637 1690 gen-

1974 1685 2020 1744 B
2051 1717 2181 1768 tium
2225 1729 2287 1767 ea
2318 1724 2474 1768 nocte
2511 1713 2693 1778 fuerit,
2732 1714 2874 1768 unde
2908 1713 3068 1767 limus
3098 1713 3204 1776 ille,
3255 1714 3394 1767 unde
3443 1714 3640 1769 humor

2044 1803 2065 1876 [
2091 1803 2299 1875 esset],
2332 1803 2535 1857 nullum
2561 1811 2688 1857 tunc
2716 1804 2860 1858 dedit
2895 1819 3246 1872 reSponsum;
3280 1819 3380 1858 nec
3406 1791 3637 1873 poterat,

2045 1899 2089 1952 si
2115 1897 2410 1952 voluisset:
2439 1913 2586 1961 nam,
2611 1907 2670 1951 ut
2690 1897 2947 1963 diximus,
2971 1897 3195 1966 jamjam
3222 1908 3460 1954 extrema
3491 1910 3638 1954 tene-

2047 1988 2160 2042 bat.
2189 1988 2345 2043 Tunc
2375 2004 2438 2044 ex
2479 1990 2760 2044 monachis
2799 1991 3016 2059 quidam
3054 1992 3120 2044 de
3150 1991 3406 2044 mandato
3435 1991 3641 2044 Prioris

2047 2079 2112 2132 ad
2158 2079 2449 2148 hospitium
2502 2080 2788 2132 subnixum
2842 2081 3106 2141 detulere.
3156 2097 3382 2150 eamque
3435 2097 3534 2151 pro
3583 2097 3642 2135 se

2047 2172 2301 2242 quisque,
2334 2183 2392 2226 ut
2417 2172 2470 2225 in
2502 2172 2593 2226 tali
2623 2187 2680 2226 re
2706 2171 2820 2226 fieri
2852 2173 3010 2236 solet,
3043 2190 3205 2242 quam
3233 2184 3484 2244 poterant
3508 2174 3636 2229 Jesn

2047 2263 2249 2320 Christi
2285 2278 2489 2328 amore,
2535 2264 2856 2318 rbaritatem
2897 2265 3216 2319 exhibentes
3250 2274 3304 2319 et
3333 2265 3643 2320 misericor-

2049 2357 2223 2422 diam;
2269 2357 2529 2426 postridie
2572 2370 2721 2420 vero,
2762 2356 2876 2425 jam
2921 2358 3212 2426 resumptis
3258 2357 3487 2424 viribus,
3532 2373 3640 2412 non

2049 2456 2257 2503 tantum
2291 2449 2559 2514 monachi,
2607 2462 2793 2502 verum
2823 2449 2986 2502 etiam
3037 2458 3090 2503 tt
3126 2449 3392 2510 conversi,
3443 2456 3500 2503 et
3548 2445 3643 2519 qui

2050 2541 2297 2604 aderant,
2330 2540 2579 2595 ruricola:
2630 2550 2685 2595 et
2716 2541 2937 2610 opifices
2984 2556 3174 2596 omnes
3217 2541 3466 2613 (aderant
3495 2537 3640 2596 enim

2048 2631 2201 2686 multi
2229 2640 2451 2702 propter
2483 2648 2679 2688 novum
2710 2633 3098 2688 monasterium
3124 2631 3527 2704 aediﬁcandum)
3571 2632 3640 2686 ad

2049 2736 2174 2777 eum
2224 2723 2578 2779 tumultuario
2626 2740 2890 2779 concursu
2946 2726 3331 2795 irrumpentcs,
3387 2726 3645 2795 quidnam

2049 2815 2324 2885 prtelerita
2356 2816 2459 2871 sibi
2490 2817 2752 2872 acciderit
2793 2826 2974 2882 nocte,
3022 2816 3107 2871 vel
3146 2818 3366 2873 ubinam
3408 2818 3645 2872 locorum

2051 2906 2234 2973 fuerit,
2270 2907 2637 2979 inquirebant.
3499 2911 3504 2916 ’

353 3017 616 3072 nequam.
678 2999 770 3055 Ille
802 3014 952 3065 vero,
983 2998 1206 3053 exitium
1247 3006 1359 3051 tum
1395 2997 1588 3050 animae
1619 3004 1729 3049 tum
1761 3009 1947 3064 ϐοτρυ-
1975 3027 2020 3090 C
2121 2999 2246 3055 508.
2290 2999 2424 3054 Tum
2457 2999 2545 3055 ille
2575 3014 2706 3054 voce
2750 2999 2938 3054 humili
2973 3007 3025 3054 et
3071 2997 3302 3053 demissa
3335 2998 3518 3052 omnia
3549 3013 3645 3050 or-

350 3094 432 3150 :is
463 3109 532 3150 eo
572 3093 624 3147 in
656 3092 970 3147 discrimine
1019 3092 1236 3154 timens,
1272 3089 1521 3144 fortiter:
1557 3088 1722 3160 Virgo
1757 3088 1944 3155 Maria,

351 3185 439 3240 fer
465 3198 624 3253 opem
651 3184 665 3237 l
701 3182 760 3236 S.
789 3181 1045 3246 Joannes,
1083 3196 1239 3235 serva
1269 3195 1373 3246 me,
1404 3180 1730 3250 geminando
1756 3180 1950 3249 saepius

354 3272 684 3328 exclamare.
739 3272 1020 3344 Da'mones
1080 3287 1111 3325 e
1167 3278 1358 3325 contra
1417 3269 1672 3323 tartareis
1729 3269 1951 3324 vocibus

356 3365 645 3420 intonare:
685 3363 840 3418 Modo
867 3363 1094 3433 peribis,
1123 3361 1415 3432 flagitiose;
1469 3375 1576 3415 una
1628 3374 1734 3413 una
1776 3367 1948 3414 tarta-

355 3470 482 3509 reas
530 3462 779 3524 petemus
815 3453 1084 3522 regiones.
1136 3451 1278 3522 Ergo
1309 3461 1464 3506 tace:
1522 3465 1646 3505 nam
1675 3451 1948 3505 incassum

358 3546 542 3600 fundis
582 3559 794 3616 preces.
823 3542 1023 3599 Verum
1068 3545 1195 3598 huic
1226 3543 1426 3608 duello,
1482 3552 1541 3598 ut
1587 3544 1702 3612 ipse
1748 3541 1952 3597 referre

354 3638 550 3694 solitus
597 3645 733 3701 erat,
782 3637 841 3691 S.
891 3636 1124 3691 Joannes
1169 3651 1444 3706 nunquam
1476 3635 1688 3701 defuit;
1743 3636 1858 3702 sed,
1895 3645 1954 3690 ut

353 3724 516 3784 Iesus
541 3728 800 3782 Dominus
828 3737 1014 3782 noster
1043 3736 1320 3782 certamen
1349 3727 1569 3782 Antonii
1598 3727 1950 3794 sanctissimi,

355 3821 432 3877 ita
456 3830 515 3876 et
540 3819 776 3875 Joannes
806 3821 946 3875 servi
975 3821 1056 3875 sui
1083 3829 1348 3889 spectare.
1381 3819 1621 3873 Tandem
1659 3821 1950 3884 daemones,

358 3911 422 3966 Ι).
465 3911 692 3967 Joannis
737 3911 910 3980 gratia
957 3920 1242 3980 operante,
1269 3910 1418 3971 victi,
1449 3908 1681 3975 confusi,
1715 3910 1953 3978 despecti

359 4002 624 4056 miserum
657 4001 830 4064 illum,
874 4009 986 4052 tum
1015 3999 1218 4069 rigore,
1252 4009 1364 4053 tum
1397 3999 1606 4066 labore,
1637 3999 1954 4054 verberibus

358 4093 664 4163 pugnisque
712 4091 1012 4154 concisum,
1054 4089 1167 4157 jam
1207 4089 1320 4158 jam
1359 4098 1603 4144 extrema
1653 4098 1948 4160 petentem,

359 4182 690 4238 aliovorsum
716 4178 997 4235 tendentes
1019 4180 1310 4249 reliquere.

431 4272 557 4326 306.
613 4271 754 4338 Quid
795 4270 1010 4324 interim
1061 4271 1336 4334 monachi,
1380 4271 1470 4340 qui
1527 4271 1580 4324 in
1626 4270 1954 4324 monasterio

2052 3090 2176 3144 dine
2212 3104 2311 3143 suo
2333 3089 2578 3160 aperire;
2609 3099 2666 3142 ut
2698 3090 2894 3158 saapius
2922 3104 2949 3142 a
2975 3089 3191 3142 diabolo
3214 3088 3380 3142 variis
3406 3087 3652 3157 imagini-

2052 3180 2154 3234 bus
2203 3180 2424 3234 delusus
2463 3181 2557 3245 sit,
2609 3188 2669 3233 ut
2718 3195 3014 3249 nunquam,
3072 3177 3198 3234 Jcsu
3253 3179 3468 3233 favente
3519 3178 3648 3241 sibi,

2054 3270 2534 3344 llconsenserit]:
2583 3273 2800 3336 asserit,
2853 3283 2911 3326 ut
2961 3273 3170 3326 daemon
3196 3288 3318 3327 eum
3360 3271 3652 3332 suffocare.

2053 3365 2107 3420 ni
2139 3364 2196 3419 S.
2226 3363 2464 3419 Joannes
2493 3378 2646 3432 opem
2673 3364 2910 3426 tulisset,
2939 3364 3194 3426 voluerit,
3229 3373 3287 3416 ut
3317 3379 3459 3417 nunc
3484 3365 3648 3417 etiam

2053 3470 2161 3508 non
2189 3454 2290 3509 sibi
2321 3452 2475 3523 quies
2504 3453 2619 3508 dari
2648 3454 2905 3522 potuerit,
2957 3462 3012 3507 et
3058 3452 3222 3507 multa
3253 3453 3379 3516 alia,
3409 3468 3548 3520 quzc,
3585 3468 3652 3506 ne

2054 3547 2240 3604 lectori
2271 3547 2485 3602 fastidio
2515 3549 2640 3614 sim,
2674 3549 3111 3616 prmtermiltam.
3160 3547 3284 3601 Haec
3315 3548 3497 3615 itaque
3549 3563 3648 3599 no-

2057 3646 2170 3693 stra
2205 3647 2523 3708 tempestate
2547 3637 2782 3691 inaudita
2817 3653 2921 3691 non
2956 3637 3369 3691 admirationem
3421 3645 3647 3697 tantmn,

2053 3744 2241 3783 verum
2272 3738 2326 3783 et
2350 3739 2552 3784 metum
2579 3729 2938 3799 prmsentibus
2963 3729 3227 3792 incutere,
3262 3745 3385 3782 nam
3419 3729 3652 3798 quisque

2056 3820 2156 3875 sibi
2188 3819 2368 3889 pejora
2396 3820 2571 3874 vereri
2600 3836 2614 3885 ;
2655 3829 2854 3882 tamen,
2896 3829 2956 3874 ut
2980 3819 3209 3874 fratrum
3243 3835 3362 3873 mos
3389 3828 3498 3883 est,
3527 3835 3650 3874 eum

2055 3912 2272 3968 blandis
2301 3913 2482 3968 verbis
2514 3912 2711 3980 lenire;
2765 3913 2899 3966 nihil
2924 3927 3067 3979 esse,
3100 3913 3243 3983 quod
3271 3913 3444 3967 vereri
3491 3912 3653 3966 debe-

2056 4013 2172 4069 ret;
2215 4012 2326 4057 tum
2373 4004 2500 4074 quia
2534 4004 2735 4058 imitari
2783 4002 2966 4059 Jcsum
3018 4019 3116 4074 pro
3147 4004 3352 4057 viribus
3379 4003 3650 4060 studebat.

2059 4103 2192 4160 tum,
2227 4095 2371 4164 quod
2419 4095 2653 4164 primum
2684 4096 2982 4164 putandum
3010 4104 3111 4158 est,
3166 4095 3292 4164 quia
3342 4094 3402 4148 S.
3456 4093 3650 4150 Joanni

2057 4199 2202 4239 cura:
2224 4184 2383 4239 foret.
2408 4185 2490 4237 Ad
2519 4185 2632 4238 hmc
2655 4186 2884 4239 addere:
2911 4184 3021 4238 Nec
3048 4184 3295 4238 diabolus
3319 4184 3463 4238 valet
3506 4187 3649 4256 quod

2058 4275 2211 4328 vult:
2260 4274 2527 4344 frangitur
2573 4275 2716 4328 enim
2768 4275 2860 4330 Dei
2907 4275 3171 4344 potentia,
3222 4275 3656 4346 Sanctorumque

361 4361 667 4418 Passiniani
696 4360 980 4430 degebant,
1016 4363 1248 4431 egerint,
1277 4377 1379 4416 nec
1425 4362 1601 4416 sentio
1631 4361 1957 4432 prmtermit-
1986 4367 2034 4424 1)
2062 4368 2260 4420 virium
2295 4367 2631 4421 debilitatur.

361 4452 588 4508 tendum
619 4467 632 4506 :
668 4467 791 4507 cum
817 4451 962 4506 enim
994 4449 1278 4520 przefatum
1303 4449 1756 4505 Bartholomzenm
1807 4450 1952 4504 haud

362 4541 418 4596 in
471 4542 704 4613 hospitio
756 4556 905 4597 more
961 4539 1120 4595 solito
1167 4541 1513 4610 reperissent,
1561 4541 1720 4594 veriti
1770 4538 1952 4609 pejora

361 4629 714 4703 (acceperant
744 4632 910 4696 enim,
934 4630 1205 4685 diabolum
1236 4645 1359 4684 eum
1387 4631 1584 4701 saepius
1617 4639 1672 4684 et
1692 4629 1954 4685 delusisse

363 4733 419 4779 et
450 4725 756 4778 minitatum
785 4723 926 4792 esse)
962 4723 1137 4777 maesti
1169 4723 1349 4779 abbati
1378 4721 1637 4778 referunt.
1673 4722 1807 4776 Tum
1846 4723 1955 4787 ille,

363 4812 654 4884 diligenter
694 4828 817 4868 eum
881 4812 1163 4882 explorent
1213 4814 1355 4868 intus
1411 4813 1671 4883 forisque,
1720 4814 1770 4868 si
1817 4813 1955 4869 l'orte

363 4904 706 4974 reperiatur,
767 4903 1018 4970 imperat.
1078 4903 1154 4958 Eo
1216 4905 1464 4958 monachi
1529 4905 1765 4974 expediti
1821 4919 1950 4975 cum

363 4993 597 5061 lumine,
622 4992 770 5059 Jesu,
808 4992 1016 5063 Virgini
1044 4993 1243 5059 Marize,
1273 5003 1323 5048 et
1356 4993 1414 5047 S.
1446 4993 1639 5049 Joanni
1687 4994 1953 5066 imprimis

363 5102 426 5144 se
450 5087 915 5149 commendantes,
966 5085 1052 5139 alii
1101 5088 1229 5151 alio,
1276 5085 1366 5140 ubi
1412 5085 1517 5143 sibi
1562 5088 1953 5156 persuaderent

362 5196 490 5235 eum
515 5195 654 5244 esse,
683 5181 749 5235 ad
787 5177 1012 5232 multum
1043 5181 1216 5236 noctis
1237 5189 1503 5242 errantes,
1545 5187 1714 5232 totum
1759 5194 1948 5235 mcua-

363 5273 595 5326 sterium
629 5270 774 5326 intus
822 5268 1022 5324 forisve
1070 5270 1392 5327 lustravere.
1440 5271 1665 5324 Demum
1726 5273 1953 5328 consilio

2129 4458 2251 4512 509.
2293 4459 2386 4512 llis
2436 4458 2603 4527 igitur
2648 4467 2702 4512 et
2753 4457 2873 4510 aliis
2907 4458 3087 4512 verbis
3137 4458 3189 4511 in
3229 4473 3380 4527 spem
3412 4458 3651 4512 animum

2057 4560 2318 4614 arrectus,
2375 4565 2434 4604 se
2479 4551 2721 4603 omnium
2776 4550 3115 4605 orationibus
3161 4550 3553 4605 commendans
3587 4549 3654 4602 ad

2058 4642 2116 4698 S.
2152 4643 2319 4697 Salvii
2352 4643 2764 4706 monasterium,
2799 4653 2855 4696 ut
2894 4643 3140 4698 securius
3182 4643 3411 4705 viveret,
3459 4657 3658 4696 consu-

2055 4733 2294 4789 lentibus
2339 4732 2623 4796 fratribus,
2681 4734 2972 4802 perrexit;
3027 4749 3186 4803 quem
3235 4743 3289 4785 et
3332 4732 3440 4786 illic
3490 4731 3654 4784 etiam

2059 4822 2307 4878 diabolus
2340 4823 2593 4877 insectari
2626 4841 2638 4876 :
2668 4839 2794 4877 nam
2831 4822 3032 4890 multis,
3065 4840 3185 4896 qua:
3227 4821 3334 4876 illic
3364 4820 3658 4878 crudeliter

2061 4913 2351 4985 iuiqueque
2382 4914 2572 4983 egerit,
2605 4915 3010 4982 praetermissis,
3046 4929 3152 4969 uno
3180 4920 3385 4966 tantum
3415 4909 3656 4965 conterui

2061 5007 2283 5072 erimus,
2319 5007 2464 5077 quod
2491 5007 2706 5074 quidem
2732 5020 2762 5058 a
2795 5006 3090 5060 venerabili
3121 5004 3237 5058 viro
3265 5001 3327 5056 D.
3360 4999 3660 5056 Franciseo

2063 5097 2237 5169 (215),
2257 5100 2348 5168 qui
2369 5098 2632 5153 universae
2658 5098 3072 5167 Congregationi
3090 5099 3306 5165 pra‘est,
3325 5093 3658 5162 accepimus.

2065 5191 2259 5244 Verum
2286 5200 2341 5245 et
2371 5189 2652 5244 cicatrices
2688 5189 2740 5242 in
2777 5188 2914 5242 facie
2936 5188 3026 5241 diu
3061 5180 3453 5253 aspicientibus
3510 5198 3662 5237 mou-

2061 5291 2244 5338 stratae
2277 5294 2424 5338 sunt.
2456 5281 2610 5349 Quod
2638 5281 2856 5351 quidem
2881 5279 2960 5331 sic
2985 5279 3084 5331 sibi
3115 5271 3331 5327 accidit.
3362 5271 3499 5326 Cum
3532 5273 3668 5327 Bar-
