4110 5362
482 292 579 350 931

1539 290 1600 349 S.
1637 289 1924 352 JOANNIS
1959 292 2354 354 GUALBERTI
2394 293 2685 354 ABBATIS

3651 302 3766 360 ξω

479 404 764 466 vitandum
781 404 1079 464 claustrum
1100 404 1309 463 orando
1331 404 1617 474 lustraret,
1638 407 1770 463 etin
1791 407 1896 464 hoc
1916 424 2086 480 opere
2111 417 2160 475 Α
2258 409 2384 468 511.
2421 411 2486 468 Ei
2535 413 2720 482 itaque
2766 413 3030 471 accersito
3078 414 3167 473 vix
3215 417 3544 489 persuadere
3568 429 3765 492 potue-

483 497 761 565 laudabili,
785 498 900 568 jam
927 497 1151 554 multum
1179 498 1356 556 noctis
1385 499 1834 569 consumpsisset,
1861 500 2075 557 daemon

481 591 712 647 bonitati
771 589 915 646 illius
965 587 1229 650 invidens,
1277 597 1492 658 sumpta
1543 585 1684 644 facie
1737 589 1948 645 hircina
1977 605 2074 646 seu

481 683 724 754 caprina,
759 682 992 735 frontem
1021 680 1278 735 cornibus
1324 688 1704 748 exasperatam
1736 681 2073 738 ostendendo

480 772 714 834 elevans,
740 769 1196 840 sulphureumque
1213 768 1419 822 fumum
1439 783 1533 823 ore
1553 768 1767 838 putrido
1789 783 2071 836 evomens,

480 868 656 939 ipsum
685 867 942 922 miserum
971 866 1024 921 in
1055 865 1247 920 faciem
1275 865 1500 936 pedibus
1547 864 1729 936 ignitis
1758 865 1907 935 prius
1945 880 2071 935 per-

481 959 712 1024 cutiens,
732 971 964 1027 eumque
984 958 1037 1012 in
1063 966 1282 1028 puteum
1310 972 1598 1025 aquarum,
1622 955 1715 1025 qui
1748 956 1888 1010 haud
1915 955 2074 1027 longe

480 1053 548 1108 ab
582 1039 820 1108 claustro
849 1050 1060 1115 aberat,
1093 1049 1363 1120 conjicere
1395 1048 1581 1112 voluit,
1614 1049 1708 1104 sed
1732 1064 1838 1104 non
1861 1049 2068 1104 valuit:

478 1159 604 1200 nam
635 1143 693 1199 S.
723 1142 948 1198 Joannis
969 1143 1171 1197 virtute
1192 1141 1502 1196 debilitatus
1524 1151 1579 1196 et
1602 1140 1810 1196 fractus
1838 1143 2070 1208 daemon,

477 1235 585 1290 alio
617 1235 811 1289 iurem
857 1250 1026 1302 suam
1058 1232 1255 1287 malam
1300 1231 1640 1288 teterrimum
1695 1241 1750 1288 et
1796 1233 2070 1288 hircinum

479 1326 728 1399 fragrans
749 1325 1025 1392 faetorem,
1057 1325 1346 1380 concessit.

549 1503 674 1561 310.
715 1503 899 1558 Abbas
933 1517 1060 1558 vero
1087 1505 1403 1560 monasterii
1435 1519 1532 1576 per
1557 1506 1804 1561 nuntium
1832 1521 2069 1575 servum,

475 1596 570 1668 qui
599 1611 726 1654 eum
777 1603 888 1651 toto
923 1611 1150 1666 corpore
1202 1597 1352 1653 humi
1399 1598 1713 1670 prolapsum
1765 1601 2068 1668 invenerat,

477 1686 612 1758 quid
658 1685 763 1741 sibi
810 1695 1088 1751 evenerat,
1142 1695 1198 1742 et
1242 1687 1373 1757 quid
1401 1688 1630 1758 periculi
1681 1689 1940 1760 deinceps
1967 1691 2070 1746 sibi

2176 513 2304 560 runt
2347 515 2408 561 ut
2451 506 2720 562 interdum
2768 507 2972 579 aliquid
3025 510 3166 566 cocti
3207 526 3304 568 seu
3353 513 3764 571 sorbitiunculz

2174 613 2298 654 cum
2347 600 2638 671 pauxillulo
2685 601 2794 657 vini
2845 603 3176 674 degustaret,
3225 620 3498 674 asserens,
3551 623 3612 664 se
3657 625 3762 667 nec

2175 680 2332 746 secus
2368 707 2528 762 posse
2553 701 2608 748 et
2636 693 2819 750 carnis
2849 694 3186 752 titillationes
3212 705 3267 753 et
3293 698 3552 754 daamonis
3575 701 3762 755 varios

2174 781 2398 850 laqueos
2428 783 2697 838 evadere:
2731 799 2856 838 nam
2881 794 3038 840 antea
3077 795 3287 841 tantum
3318 787 3503 845 herbis
3529 790 3768 861 agresti-

2173 871 2276 926 bus
2305 881 2358 926 et
2385 871 2704 941 quibusdam
2735 873 3100 944 leguminibus
3135 885 3185 930 et
3209 877 3384 947 pomis
3413 880 3757 934 vescebatur.

2176 959 2279 1016 Ubi
2309 961 2472 1031 igitur
2498 962 2564 1016 de
2604 964 2858 1018 mandato
2893 964 3066 1032 patris
3101 965 3183 1019 sui
3231 966 3443 1022 abbatis
3491 976 3762 1025 monaste-

2175 1050 2314 1105 rium
2347 1049 2404 1105 S.
2437 1049 2680 1106 Cassiani
2711 1053 2896 1118 adivit,
2934 1054 3134 1119 omnia,
3180 1070 3298 1124 quae
3331 1055 3760 1124 imperabantur,

2175 1141 2298 1196 vilia
2330 1143 2837 1215 etcontemptibilia
2879 1160 3059 1214 agere,
3113 1161 3285 1216 neque
3338 1147 3394 1201 in
3450 1148 3759 1215 hujusmodi

2173 1233 2338 1288 rebus
2377 1233 2616 1303 priorem
2647 1236 2754 1303 pati
2787 1235 2976 1298 alium,
3018 1236 3126 1290 imo
3154 1252 3370 1306 semper
3399 1239 3709 1294 antevenire
3739 1255 3757 1303 ;

2172 1325 2368 1396 quibus
2394 1327 2556 1381 rebus
2587 1337 2641 1382 et
2672 1328 2880 1383 artibus
2905 1329 2978 1383 ita
3004 1327 3130 1384 Jesu
3160 1328 3380 1384 Christo
3403 1330 3761 1386 charissimus

2171 1415 2402 1480 exstitit,
2455 1424 2538 1482 ut,
2595 1415 2710 1485 ipso
2736 1415 2866 1472 Jesu
2914 1417 3148 1483 volente,
3178 1433 3299 1488 quae
3339 1418 3761 1491 Congregatioui

2171 1519 2404 1560 evenere
2424 1506 2586 1572 bona,
2609 1523 2729 1578 qua:
2749 1508 2914 1562 etiam
2936 1508 3215 1579 contigere
3250 1507 3414 1574 mala,
3455 1508 3610 1580 longe
3631 1519 3763 1565 ante

2172 1611 2280 1651 non
2328 1597 2502 1654 solum
2551 1597 2914 1668 przesagierit,
2976 1614 3162 1654 verum
3207 1599 3372 1654 etiam
3422 1598 3758 1670 prtedixerit.

2173 1690 2313 1758 Quid
2359 1692 2504 1761 quod
2532 1691 2792 1748 hactenus
2821 1693 3030 1749 daemon
3080 1693 3134 1748 in
3183 1709 3308 1750 eum
3349 1693 3581 1765 amplius
3614 1694 3764 1750 haud

477 1779 816 1850 impenderet
842 1779 1169 1850 intelligens,
1200 1782 1484 1851 postridie,
1515 1784 1826 1840 convocatis
1850 1759 2072 1854 quibus-
2099 1759 2147 1818 Β
2174 1798 2340 1838 ausus
2369 1759 2455 1838 est
2484 1783 2833 1848 debacchari,
2883 1784 2985 1839 etsi
3031 1783 3381 1854 asperitatem
3409 1759 3586 1840 adhuc
3638 1783 3760 1855 pri-

475 1870 602 1924 dam
629 1882 698 1926 ex
729 1869 995 1940 patribus,
1027 1871 1311 1927 consilium
1360 1872 1525 1928 habet
1571 1873 1830 1943 quidnam
1861 1875 1928 1930 de
1970 1875 2073 1932 hoc

477 1962 647 2018 fratre
675 1961 1087 2030 Bartholomaeo,
1138 1979 1299 2036 quem
1357 1966 1605 2023 diabolus
1658 1977 1767 2024 tam
1815 1972 2073 2024 atrociter

477 2052 887 2118 insectabatur,
935 2054 1202 2123 agendum
1247 2063 1411 2112 esset.
1475 2057 1676 2112 Verum
1731 2059 1865 2115 varii
1919 2060 2071 2116 varia

477 2143 710 2202 sentire:
740 2145 830 2199 alii
861 2145 1103 2201 clausum
1143 2162 1266 2202 eum
1295 2147 1516 2214 habere,
1540 2158 1596 2204 et
1623 2151 1846 2221 Opipare
1888 2161 1943 2206 et
1972 2153 2070 2208 de-

429 2249 432 2256 ·
477 2233 637 2288 licate
657 2233 821 2300 alere,
853 2235 896 2288 si
931 2233 1072 2291 forte
1098 2236 1357 2294 deficeret
1389 2239 1442 2292 in
1486 2253 1688 2305 sensu;
1736 2241 1827 2296 alii
1877 2241 2070 2296 necubi

477 2333 620 2380 esset
652 2325 783 2380 foris
809 2341 908 2380 neu
938 2328 1323 2394 contenderet;
1350 2329 1441 2383 alii
1465 2328 1591 2384 alia.
1621 2329 1844 2385 Demum
1865 2331 2067 2396 Abbas,

479 2417 552 2470 ita
577 2413 599 2490 [
625 2417 759 2472 dixit
786 2415 836 2490 ]:
866 2417 1098 2484 Censeo,
1129 2435 1250 2474 eum
1285 2436 1383 2492 pro
1413 2429 1654 2491 tempore
1680 2422 1893 2488 abesse,
1921 2431 1975 2478 et
2003 2423 2070 2478 ad

479 2507 536 2564 S.
567 2508 814 2567 Cassiani
864 2513 1250 2568 monasterium
1304 2515 1356 2568 in
1405 2514 1650 2571 Scalario
1691 2528 1874 2574 monte
1922 2518 2068 2585 duci,

478 2599 689 2673 sibique
733 2603 833 2658 sub
885 2603 1086 2658 virtute
1135 2604 1388 2661 salutaris
1439 2607 1761 2664 obedientiae
1813 2609 2069 2680 imperari

479 2693 731 2750 utvitarn
761 2705 884 2765 agat
911 2694 1193 2763 laxiorem,
1244 2713 1312 2754 ne
1360 2699 1488 2754 velit
1517 2700 1808 2757 indiscrete
1849 2714 1904 2758 et
1945 2711 2071 2758 ante

481 2791 691 2853 tempus
716 2782 897 2853 aliquo
923 2800 1050 2840 casu
1080 2785 1277 2855 perire,
1304 2797 1359 2843 et
1385 2789 1573 2856 etiam,
1601 2791 1644 2845 si
1677 2794 2069 2848 monasterium

479 2884 632 2930 extra
662 2876 906 2931 hortulos
934 2877 1020 2932 vel
1046 2878 1189 2934 aliud
1217 2895 1352 2950 Opus
1396 2892 1603 2952 ageret,
1645 2885 1826 2940 socios
1857 2885 2068 2952 adesse,

481 2979 550 3016 ne
579 2964 718 3020 forte
751 2965 949 3021 diaboli
976 2976 1094 3022 arte
1121 2968 1321 3039 aliquid
1348 2971 1550 3026 sinistri
1574 2973 1623 3027 ei
1645 2974 1908 3028 eveniret.
1935 2974 2071 3028 Pro-

480 3055 641 3110 batur
668 3057 735 3113 ab
759 3059 1008 3114 omnibus
1037 3069 1090 3114 et
1118 3061 1358 3117 salutare
1380 3062 1612 3130 ducitur,
1640 3064 1782 3134 quod
1807 3063 1866 3118 P.
1892 3065 2071 3120 Abbas

480 3159 792 3202 censuerat.

2175 1873 2370 1930 stinam
2406 1882 2608 1940 servet,
2663 1884 2718 1930 et
2770 1890 2877 1930 non
2930 1874 3032 1930 nisi
3065 1889 3230 1945 super
3279 1875 3424 1929 nudo
3457 1874 3625 1944 ligno,
3663 1888 3765 1929 seu

2175 1964 2456 2022 frondibus
2481 1966 2767 2035 quiescens
2785 1967 2964 2036 jacet;
2999 1966 3064 2021 de
3091 1981 3199 2035 quo
3239 1980 3339 2036 pro
3365 1974 3607 2034 tempore
3625 1967 3765 2023 satis

2172 2058 2376 2115 dictum
2429 2058 2685 2114 arbitror.
2755 2058 2856 2113 llic
2910 2051 3090 2128 aliqua
3138 2069 3427 2128 sequuntur
3472 2058 3646 2126 capita
3688 2057 3765 2113 ad

2175 2149 2429 2204 Sanctum
2457 2161 2690 2203 nostrum
2715 2166 2818 2203 non
2839 2148 3149 2218 spectantia,
3171 2164 3392 2218 quorum
3417 2146 3618 2213 titulos,
3644 2157 3702 2202 tst
3725 2165 3764 2202 ts

2177 2239 2531 2312 Papebrochio
2559 2240 2803 2309 descripti
2822 2249 2964 2306 sunt,
2991 2240 3269 2293 tradimus.

2242 2374 2372 2443 Cap.
2404 2390 2495 2428 xx.
2535 2373 2673 2441 Quid
2704 2373 2756 2427 in
2805 2372 2891 2427 die
2941 2371 3251 2427 festivitatis
3308 2369 3366 2424 S.
3413 2368 3592 2424 Mariae
3646 2367 3763 2422 Ma-

2173 2468 2413 2537 gdaleme
2474 2476 2530 2522 et
2593 2465 2650 2521 S.
2680 2463 2865 2521 Jacobi
2928 2463 3169 2535 Apostoli
3227 2464 3278 2518 in
3331 2470 3515 2519 monte
3561 2460 3757 2516 Millia-

2176 2561 2241 2616 rii
2290 2560 2572 2626 acciderit,
2639 2574 2828 2615 eorum
2888 2557 3023 2614 festa
3083 2556 3269 2613 servili
3330 2569 3494 2626 opere
3550 2554 3765 2610 violan-

2176 2652 2339 2708 tibus.

2244 2763 2374 2834 Cap.
2408 2779 2521 2819 ιιι.
2551 2763 2623 2820 Ut
2649 2763 2868 2835 quidam
2900 2771 3077 2817 nautae
3105 2760 3313 2816 meritis
3336 2757 3583 2830 gloriosa:
3602 2757 3758 2831 Virg.

2173 2855 2356 2912 Mariae
2379 2871 2410 2912 e
2431 2856 2716 2928 naufragio
2741 2865 2794 2912 et
2820 2864 2970 2926 peste
3000 2867 3242 2910 evasere.

2242 2971 2377 3042 Cap.
2409 2985 2545 3025 xxii.
2577 2970 2653 3024 De
2679 2970 2912 3040 quodam
2941 2966 3205 3023 monacho
3228 2963 3389 3034 hujus
3419 2962 3760 3025 monasterii,

2173 3079 2334 3135 quem
2367 3063 2534 3132 Virgo
2553 3063 2744 3128 Maria,
2786 3062 3009 3132 jatnjatu
3047 3072 3290 3118 extrema
3316 3061 3630 3133 patientem,
3657 3075 3763 3114 sua

2178 3156 2334 3212 solita
2361 3156 2564 3226 pietate
2594 3156 2862 3211 liberavit.

1618 3503 1982 3592 LIBER
2052 3503 2611 3593 TERTIUS.

552 3685 681 3758 Cap.
711 3687 752 3743 ι.
794 3687 947 3746 Unde
969 3698 1023 3744 et
1053 3690 1323 3760 quomodo
1366 3691 1510 3747 mdes
1542 3690 1598 3747 S.
1632 3691 1816 3749 Maria:
1840 3693 1906 3750 de
1928 3693 2067 3748 Lau-

485 3790 602 3838 rclo
632 3781 843 3836 initium
870 3783 1183 3852 sumpserit.

553 3868 682 3940 Cap.
733 3869 793 3924 ll.
838 3869 992 3925 Unde
1041 3871 1298 3940 templum
1332 3871 1391 3927 S.
1427 3871 1608 3928 Mariae
1645 3872 1934 3931 Servorunt
1969 3877 2070 3930 ini-

487 3960 618 4015 tium
643 3959 912 4014 habuerit.

559 4050 690 4118 Cap.
725 4049 810 4102 ιιι.
854 4050 926 4104 De
954 4050 1159 4121 origine
1189 4049 1371 4122 templi
1419 4051 1566 4122 Virg.
1594 4051 1795 4118 Mariae,
1828 4055 1968 4124 quod
2011 4053 2067 4108 S.

487 4139 670 4194 Maria:
709 4141 773 4194 de
799 4137 986 4194 Gratia
1021 4140 1240 4194 dicitur.

558 4231 689 4300 Cap.
740 4231 825 4286 IV.
888 4231 1172 4304 Templum
1223 4234 1370 4305 Virg.
1427 4233 1610 4289 Maria:
1652 4233 1807 4304 juxta
1864 4251 2072 4306 portam

487 4325 830 4380 Flaminiam.

2177 3709 2368 3750 omnes
2395 3693 2555 3763 hujus
2581 3693 2638 3749 S.
2675 3693 2860 3748 Maria:
2881 3693 3199 3748 monasterii
3234 3690 3526 3747 monachos
3550 3699 3604 3746 et
3627 3705 3764 3748 con-

2177 3801 2366 3841 versos
2411 3795 2464 3839 et
2511 3785 2667 3850 alios,
2720 3793 2832 3840 tum
2863 3784 3034 3850 cives,
3075 3793 3186 3838 tum
3220 3783 3494 3852 religiosos
3523 3782 3665 3836 viros
3701 3781 3760 3834 in

2179 3876 2413 3931 medium
2444 3875 2638 3930 afferre
2668 3889 2904 3944 possem,
2959 3876 3003 3928 si
3060 3875 3160 3929 hoc
3184 3889 3318 3942 opus
3347 3873 3415 3928 ad
3443 3871 3757 3933 infidelium,

2177 3977 2233 4021 et
2255 3983 2362 4022 non
2393 3966 2629 4020 fidelium
2663 3981 2855 4020 manus
2884 3976 3128 4037 putarem
3164 3975 3472 4019 venturum.
3493 3965 3760 4020 Caeterum

2178 4059 2304 4130 quia
2350 4059 2491 4128 apud
2547 4057 2886 4113 Christianos
2937 4056 3069 4112 nihil
3128 4065 3212 4112 est
3261 4064 3370 4110 tam
3421 4053 3758 4114 incredibile,

2179 4153 2322 4222 quod
2352 4167 2458 4206 non
2490 4152 2742 4206 credatur
2788 4167 2819 4205 a
2867 4153 3072 4206 sanctis
3117 4151 3249 4204 viris
3293 4159 3348 4204 et
3375 4149 3465 4204 Dei
3496 4145 3763 4203 amicissi-

2180 4244 2282 4297 mis
2321 4243 2439 4296 fieri
2495 4257 2673 4312 posse,
2730 4257 2796 4296 eo
2823 4242 2933 4299 hoc
2990 4240 3309 4295 miraculum
3349 4239 3650 4308 aggrediar,
3703 4247 3763 4294 et

2180 4343 2410 4403 tempus,
2469 4348 2727 4402 personas
2771 4332 2933 4388 etiam
2971 4331 3258 4386 nonnullas
3305 4330 3612 4385 nominibus
3635 4345 3763 4400 pro-

557 4413 690 4486 Cap.
727 4412 792 4469 V.
836 4414 1115 4485 Templum
1156 4413 1393 4488 Virginis
1432 4415 1614 4471 Maria:
1649 4417 1702 4473 in
1738 4434 1868 4491 agro
1906 4419 2072 4476 Foro-
2106 4417 2150 4475 D
2178 4426 2311 4495 priis
2357 4433 2619 4480 annotare
2670 4425 2902 4488 curabo;
2934 4424 3076 4494 quod
3122 4421 3370 4492 superius
3415 4421 3517 4477 feci
3562 4422 3616 4476 in
3639 4420 3763 4492 qui-

487 4504 698 4559 liviensi
722 4506 932 4559 naviter
958 4505 1304 4560 aedificatum.

559 4595 692 4665 Cap.
726 4595 812 4650 Vl.
860 4595 1010 4652 Unde
1056 4597 1288 4652 ecclesia
1339 4596 1400 4652 S.
1429 4597 1638 4666 Mariae,
1684 4615 1806 4670 qua:
1837 4601 1902 4656 de
1933 4601 2076 4657 Saxo

489 4689 715 4752 dicitur,
747 4689 958 4744 initium
985 4691 1256 4746 habuerit.

561 4780 978 4853 (Papebrochius
1011 4794 1204 4850 noster,
1236 4787 1325 4856 qui
1359 4802 1550 4856 magna
1580 4802 1644 4840 ex
1665 4797 1813 4856 parte
1841 4787 1953 4842 Ita'c
1981 4791 2080 4842 mi-

491 4873 673 4927 racula
721 4875 1027 4938 exscripsit,
1069 4886 1318 4941 testatur,
1365 4889 1478 4954 post
1525 4879 1620 4932 hos
1665 4878 1844 4932 titulos
1890 4879 1959 4932 ad
2013 4879 2077 4933 S.

490 4964 750 5019 Joannem
799 4962 1138 5020 Gttalbertum
1185 4970 1392 5038 proprie
1443 4985 1545 5023 non
1601 4970 1910 5038 pertinentes
1939 5007 1955 5034 ,
2025 4970 2079 5022 in

490 5058 668 5112 adem
690 5058 866 5112 codice
891 5059 1122 5113 subnecti
1143 5061 1456 5129 sequentia.)

870 5147 874 5152 ’
1157 5151 1386 5188 ιηηςε

2178 4517 2422 4584 busdam,
2455 4517 2507 4572 iu
2535 4517 2656 4573 aliis
2679 4532 2806 4572 vero
2836 4518 3074 4580 minime,
3097 4531 3218 4571 cum
3246 4526 3453 4584 tempus
3473 4515 3759 4569 obscurum

2177 4616 2229 4663 et
2285 4607 2411 4661 anni
2475 4608 2770 4664 indistincti
2827 4615 3052 4670 essent;
3105 4615 3160 4661 et
3210 4604 3616 4673 conjecturare,
3667 4611 3762 4657 aut

2178 4694 2339 4750 dubia
2396 4695 2621 4767 fingere,
2668 4697 2969 4766 praesertim
3021 4695 3308 4751 historiam
3353 4709 3452 4750 seu
3501 4692 3763 4750 miracula

2179 4787 2462 4852 scribenti,
2487 4803 2592 4841 non
2624 4787 2802 4842 liceat.

2249 4877 2372 4931 5l3.
2410 4877 2568 4932 Anno
2588 4878 2657 4930 ab
2677 4876 3056 4933 lncarnatioue
3082 4876 3143 4932 D.
3170 4875 3296 4930 Iesu
3320 4871 3760 4938 MCCCCLXXV,

2184 4975 2424 5034 tempore
2452 4964 2590 5020 Xisti
2614 4965 2890 5022 Pontiﬁcis
2916 4967 2956 5021 ll
2978 4967 3146 5037 (2l6),
3172 4967 3329 5035 hujus
3357 4965 3415 5022 S.
3439 4965 3621 5022 Maria!
3645 4980 3762 5021 mo-

2181 5055 2403 5111 nasterii
2446 5056 2656 5112 Abbate
2701 5057 2762 5111 D.
2814 5059 3106 5114 Francisco
3160 5058 3417 5122 Altovita,
3468 5056 3764 5138 venerabili

2203 5162 2286 5186 mn
2339 5155 2607 5186 nrnvnl-tm
2654 5147 2830 5186 astutia
2872 5148 2988 5186 virn
3057 5163 3120 5186 av
3169 5149 3368 5186 nnnialn
3411 5146 3452 5186 ς
3505 5145 3736 5186 Πίηἰσιιίε
