4110 5362
392 345 500 402 935

1912 342 2117 398 ACTA.

3540 338 3645 397 9'34

392 457 545 513 Pisas
572 456 866 524 conditum,
896 455 1115 527 quidam
1137 454 1200 511 1).
1223 453 1460 514 Joannes
1488 456 1555 514 de
1576 454 1971 520 Bon-Romwis,
2004 464 2050 518 Α
2146 438 2283 507 516.¹
2310 449 2443 507 Dum
2476 444 2591 508 haec
2629 452 2757 508 hinc
2784 449 2908 507 inde
2934 461 3240 523 agerentur,
3286 452 3482 510 cohors
3517 470 3658 528 prac-

392 546 699 603 causidicus
726 545 870 604 baud
897 546 1343 612 contemnendus,
1374 560 1495 602 cum
1524 546 1656 614 ﬁlia,
1684 557 1893 602 sextum
1918 552 1973 599 et

393 637 663 692 decimum
713 645 906 709 agente
949 652 1169 701 annum,
1225 646 1279 691 et
1326 651 1448 691 cum
1499 637 1817 707 quibusdam
1854 634 1974 689 aliis

390 728 685 783 comitibus
734 737 786 782 et
849 728 1145 798 religiosis,
1203 728 1379 782 hieme
1433 728 1657 781 deformi
1716 727 1975 783 stridente

393 817 535 888 gelu,
580 827 636 872 et
657 819 927 872 concretis
958 819 1190 880 nivibus,
1216 817 1284 870 ad
1311 818 1412 872 hoc
1442 817 1499 872 S.
1560 817 1739 872 Maria:
1782 831 1970 871 mona-

391 908 619 964 sterium
652 909 940 977 exsanguis
974 918 1030 963 et
1056 908 1407 962 moribundus
1435 908 1679 963 accessit.
1707 908 1971 961 Cmterum

392 998 564 1069 prius,
587 999 716 1068 quid
746 999 889 1053 domi
923 1014 1052 1059 suae,
1084 997 1208 1068 quid
1234 996 1522 1053 Florentiae
1554 997 1797 1052 diabolus
1819 999 1972 1051 disc-

394 1090 466 1145 rit
496 1087 817 1159 feceritque,
844 1088 1132 1145 dicendum
1157 1098 1308 1160 puto,
1351 1104 1512 1159 quam
1546 1090 1613 1144 ad
1642 1090 1809 1159 ipsius
1838 1089 1969 1145 libe-

392 1179 657 1235 rationem
685 1189 738 1234 et
762 1181 827 1233 ad
859 1179 919 1236 S.
944 1177 1167 1234 Joannis
1196 1178 1512 1235 miraculum
1541 1180 1839 1235 veniamus.

434 1292 435 1295 η
463 1270 587 1325 514.
629 1271 813 1341 Itaque
843 1272 951 1338 hic,
980 1286 1138 1341 quem
1166 1272 1421 1337 diximus,
1452 1271 1707 1338 Joannes,
1740 1288 1972 1343 prmscn-

393 1361 538 1417 tibus
567 1362 681 1416 fere
708 1362 957 1417 omnibus
994 1361 1151 1428 hujus
1179 1363 1493 1417 monasterii
1520 1364 1818 1429 monachis,
1858 1364 1972 1420 ha‘c

394 1449 646 1524 lacrymis
674 1452 860 1506 retulit
885 1451 1123 1508 obortis:
1150 1452 1502 1509 Venerabiles
1521 1452 1731 1517 Patres,
1763 1470 1969 1523 quaeso,

393 1555 550 1611 aquo
577 1542 759 1597 animo
785 1544 985 1598 audite.
1014 1544 1057 1596 A
1089 1544 1325 1614 quinque
1351 1545 1642 1613 praeteritis
1673 1545 1968 1612 mensibus,

394 1632 482 1686 die
494 1633 723 1702 quadam
747 1634 987 1702 quaedam
1006 1633 1218 1687 nevitia:
1230 1634 1417 1702 puella:
1430 1633 1597 1707 (2l8),
1620 1651 1723 1690 ttou
1742 1637 1971 1692 obscuro

394 1724 513 1781 loco
540 1735 701 1792 natat,
724 1726 939 1781 domum
974 1740 1146 1780 meam
1163 1723 1333 1794 juxta,
1360 1723 1433 1780 ita
1466 1734 1526 1781 ut
1558 1730 1637 1793 tit,
1665 1744 1768 1782 una
1796 1728 1969 1783 lanam

396 1819 669 1874 trahentes
704 1817 1080 1885 consederant,
1125 1816 1227 1873 hac
1256 1832 1374 1873 mea
1413 1816 1521 1873 ﬁlia
1547 1832 1646 1888 per
1677 1817 1971 1875 fenestram

395 1906 645 1962 deorsum
677 1906 1027 1977 respiciente:
1078 1921 1201 1961 cum
1236 1906 1480 1963 diabolus
1520 1909 1708 1963 horam
1755 1908 1973 1966 fallendi

395 2006 606 2061 nactus,
628 2006 820 2069 optans
846 1998 986 2053 inter
1004 1996 1298 2053 concordes
1319 1996 1494 2069 jurgia
1516 2011 1719 2065 serere,
1742 2000 1972 2069 lapidem

392 2104 503 2145 non
530 2088 757 2160 parvum
787 2102 949 2159 supra
977 2086 1203 2159 puellas,
1247 2101 1310 2142 ea
1360 2096 1515 2159 parte
1553 2103 1658 2158 qua
1708 2087 1815 2143 lilia
1856 2104 1974 2145 mea

394 2183 738 2254 respiciebat,
791 2182 1042 2237 deorsum
1073 2179 1233 2250 jecit;
1278 2194 1386 2250 qua
1426 2180 1492 2235 de
1522 2194 1580 2235 re
1618 2180 1747 2251 ipsae
1785 2181 1975 2253 puellae

395 2275 585 2340 irasci,
616 2285 668 2328 et
694 2273 936 2329 convicia
962 2274 1014 2328 in
1045 2274 1207 2327 tiliam
1228 2287 1405 2328 meam
1428 2272 1632 2340 dicere,
1654 2273 1813 2344 eique
1836 2274 1975 2330 mala

395 2365 626 2429 minari;
660 2363 803 2433 quod
832 2363 923 2418 ubi
954 2362 1021 2417 ad
1047 2369 1330 2433 parentum
1354 2376 1514 2417 aures
1543 2362 1780 2429 devenit,
1810 2378 1973 2434 quam
2068 2360 2073 2365 ’

397 2455 591 2526 raptim
631 2469 695 2508 ex
736 2454 823 2509 his
866 2454 1106 2525 quidam,
1154 2455 1351 2525 quibus
1400 2470 1467 2508 ne
1498 2454 1695 2526 injuste
1728 2464 1971 2526 agerent,

396 2546 738 2609 obstiterant,
755 2542 1106 2598 convolavere
1128 2542 1194 2596 ad
1218 2558 1302 2596 me
1317 2543 1675 2607 clamitantes,
1697 2546 1973 2616 indignum

395 2634 626 2700 facinus,
668 2632 829 2688 tiliam
878 2646 1053 2688 meam
1097 2632 1360 2702 lapidibus
1398 2649 1523 2690 suas
1549 2636 1684 2691 velle
1719 2636 1973 2704 obruere,

398 2741 497 2782 nec
545 2739 704 2796 posse
741 2725 945 2780 vicinas
982 2724 1123 2796 pati;
1173 2723 1287 2778 hzec
1346 2723 1709 2799 [inquiunt],
1769 2728 1869 2784 nisi
1923 2736 1974 2782 te

396 2816 626 2880 volente,
668 2816 810 2871 haud
850 2816 1060 2870 flerent.
1098 2815 1304 2882 Quibus
1332 2830 1471 2887 ego:
1514 2815 1593 2871 Vc
1634 2817 1811 2872 velitis
1853 2833 1972 2884 oro,

397 2916 506 2961 tam
555 2906 663 2961 cito
701 2905 995 2976 puellarum
1048 2907 1223 2960 verbis
1270 2904 1427 2959 fidem
1479 2907 1754 2962 adhibere.
1798 2906 1975 2965 Nostis

397 2994 604 3053 morem
632 3011 843 3061 earum,
873 2996 1142 3066 quomodo
1181 2997 1233 3049 in
1285 2996 1655 3053 malediceudo
1683 3000 1749 3053 de
1791 3002 1974 3071 parvis

2077 539 2210 597 toria
2235 551 2442 597 armata
2462 543 2586 598 illuc
2607 559 2728 598 cum
2754 543 2933 614 equite
2956 557 3274 613 properans,
3304 560 3416 601 rem
3436 563 3652 606 omnem

2072 632 2309 698 diremit,
2373 642 2429 688 et
2483 634 2584 689 viri
2636 635 2758 689 boni
2818 633 3106 704 p0pu|arcs
3150 650 3312 691 causa
3366 637 3650 709 diligenter

2073 725 2282 794 cognita
2320 722 2495 778 fwdus
2524 734 2577 779 et
2611 740 2798 794 pacem
2832 725 2973 779 inter
2996 739 3094 781 nos
3126 725 3311 782 iniere.
3336 727 3450 796 Ego
3470 730 3654 801 itaque

2073 814 2293 884 ancipiti
2327 815 2469 869 malo
2495 825 2787 884 permotus,
2812 815 2976 885 quod,
2999 831 3171 886 neque
3187 819 3328 873 unde
3356 819 3494 874 istud
3518 822 3648 877 mihi

2072 904 2358 967 evenisset,
2404 906 2537 959 satis
2564 904 2934 973 conjecturare
2959 921 3191 977 possem,
3223 923 3396 978 neque
3433 909 3477 962 si
3500 909 3650 982 pejus

2073 995 2196 1050 inde
2218 1004 2554 1065 sequeretur,
2585 996 2711 1065 quid
2744 996 2795 1050 in
2816 1011 2878 1051 ca
2902 1011 2959 1051 re
2978 998 3240 1064 agendum
3267 995 3427 1063 foret,
3456 998 3650 1056 scirent

2072 1086 2305 1154 penitus,
2357 1084 2596 1140 divinum
2641 1086 2828 1149 statui,
2893 1086 2960 1138 ab
3008 1086 3092 1140 his
3144 1086 3236 1155 qni
3279 1087 3425 1142 domi
3472 1098 3651 1155 erait,

2072 1178 2327 1232 auxilium
2382 1178 2781 1249 inquirendum.
2828 1179 2962 1233 Cum
3022 1179 3185 1250 igitur
3240 1195 3340 1251 pro
3392 1179 3652 1254 cujusque

2073 1268 2288 1338 ingenio
2338 1280 2392 1325 et
2419 1270 2597 1325 studio
2639 1270 2833 1324 crebro
2887 1270 2953 1323 ad
2983 1268 3164 1325 Jesum
3195 1280 3250 1327 et
3278 1274 3344 1328 ad
3373 1274 3647 1347 Virginem

2072 1359 2294 1414 Mariam
2331 1362 2519 1431 preces
2553 1361 2833 1425 darentur,
2864 1359 2967 1414 lilia
3000 1378 3116 1417 mea
3151 1363 3263 1419 haec
3299 1364 3434 1420 forte
3460 1376 3570 1421 tum
3600 1369 3651 1422 in

2074 1449 2388 1514 thalamum,
2440 1459 2495 1505 ttt
2540 1451 2803 1505 secretius
2838 1460 3040 1514 oraret.
3081 1467 3139 1508 se
3174 1454 3421 1510 conferre
3447 1456 3651 1525 volsus,

2073 1554 2233 1594 anum
2282 1542 2569 1610 quatndant
2618 1542 2814 1597 lectulo
2862 1545 3289 1613 accumbentem,
3331 1565 3655 1622 manumque

2072 1631 2314 1687 dextram
2344 1633 2486 1688 inter
2514 1633 2764 1705 pulvinar
2811 1644 2866 1689 et
2917 1650 3079 1704 genas
3125 1647 3391 1694 tenentem
3423 1645 3651 1711 aspexit.

2072 1723 2255 1780 Primo
2309 1724 2491 1793 dubia,
2542 1725 2798 1798 quidnam
2851 1725 3063 1782 insolita
3106 1726 3274 1785 facies
3323 1734 3654 1795 ostenderet.

2005 1795 2046 1853 Β
2076 1818 2278 1881 vereri;
2342 1818 2486 1884 inde,
2540 1818 2693 1889 pulso
2740 1818 2949 1882 timore,
3004 1814 3197 1889 putans
3236 1837 3394 1876 unam
3441 1837 3561 1879 esse
3588 1841 3657 1883 ex

2066 1904 2447 1987 familiaribus.
2472 1907 2700 1963 ulterius
2723 1908 3006 1979 processit.
3031 1909 3164 1965 Cum
3184 1913 3365 1968 statim
3389 1912 3654 1982 diabolus,

2073 2001 2163 2069 qui
2217 2000 2270 2054 in
2326 2001 2524 2055 anilem
2575 2000 2805 2057 formam
2862 2017 2980 2057 sese
3019 2002 3451 2072 transformarat,
3498 2014 3658 2078 caput

2073 2086 2337 2153 eﬂ‘erens,
2389 2099 2443 2145 et
2495 2105 2614 2146 eam
2673 2091 2914 2146 trucibus
2970 2092 3237 2162 aspiciens
3287 2095 3478 2162 oculis,
3540 2105 3652 2153 tar-

2077 2186 2223 2231 tat'ea
2273 2193 2404 2233 voce
2456 2178 2670 2251 inquit:
2746 2180 2876 2236 Vide
2929 2183 3061 2254 quid
3125 2198 3289 2254 agas,
3356 2201 3533 2256 quove
3595 2196 3648 2245 te

2074 2268 2340 2326 conferas.

2070 2442 2077 2447 ⁸
2144 2366 2265 2420 517.
2306 2365 2401 2421 His
2428 2367 2590 2439 igitur
2632 2368 2833 2439 verbis,
2864 2369 3062 2440 talique
3094 2379 3313 2441 aspectu
3338 2373 3655 2443 perterrita,

2078 2457 2350 2531 Virginem
2373 2459 2598 2516 Mariam
2631 2462 2960 2529 exclamans,
2989 2462 3057 2517 ad
3082 2479 3180 2519 nos
3208 2464 3391 2519 timida
3418 2466 3655 2532 rediens,

2077 2565 2214 2615 rem,
2245 2551 2436 2607 timore
2464 2551 2638 2629 gelida
2670 2563 2832 2623 atque
2862 2553 3058 2624 rigida,
3084 2557 3171 2609 vix
3220 2555 3390 2610 valuit
3420 2558 3652 2626 aperire.

2075 2642 2188 2713 Ego
2237 2642 2468 2709 falsam,
2518 2644 2713 2714 quibus
2777 2659 2925 2715 smpe
2967 2645 3307 2709 deludimur,
3364 2647 3655 2719 imaginem

2074 2744 2296 2805 putans,
2338 2751 2404 2791 ne
2436 2735 2548 2789 haec
2569 2744 2803 2801 curaret,
2836 2736 3030 2791 blande
3056 2737 3258 2791 monui.
3288 2736 3406 2808 Ipsa
3435 2746 3658 2793 econtra

2075 2842 2260 2881 verum
2309 2840 2449 2892 esse,
2493 2824 2784 2881 affirmare.
2836 2827 3003 2881 Deum
3051 2829 3150 2882 sibi
3194 2828 3552 2896 satisfaciens,
3605 2838 3661 2884 et

2077 2915 2203 2970 illuc
2252 2929 2338 2970 me
2390 2915 2696 2981 conferens,
2738 2924 2792 2971 et
2837 2915 3102 2985 imprimis
3146 2915 3342 2973 lectum
3389 2918 3658 2989 simulque

2074 3005 2256 3060 omnia
2311 3005 2790 3076 circnmsliicicns,
2857 3018 3019 3059 anum
3072 3003 3219 3059 illam
3270 3006 3414 3061 haud
3476 3006 3662 3061 videre

398 3103 591 3160 magna
636 3088 929 3158 loquuntur
962 3103 975 3140 :
1041 3087 1262 3155 insuper
1305 3087 1436 3142 mihi
1492 3089 1606 3145 haec
1652 3090 1971 3156 conviciari,
2002 3135 2044 3194 C
2077 3097 2245 3167 quivi.
2281 3097 2465 3168 Itaque
2507 3108 2686 3152 mente
2729 3112 3041 3168 suspensus,
3074 3096 3214 3153 filias
3239 3112 3408 3167 meas,
3440 3114 3507 3155 ne
3530 3100 3660 3170 quid

396 3180 736 3250 prudentium
766 3179 1044 3234 hominum
1075 3194 1179 3233 non
1213 3189 1298 3233 est
1330 3195 1345 3244 ;
1390 3195 1510 3234 cum
1537 3186 1834 3252 peroptime
1858 3188 1972 3239 cat-

399 3271 553 3327 leatis
606 3286 693 3327 me
742 3286 849 3327 non
878 3286 972 3326 eos
998 3271 1191 3335 solum,
1237 3271 1325 3341 qui
1356 3284 1482 3327 sunt
1506 3275 1572 3327 de
1599 3273 1800 3330 familia
1832 3294 1974 3344 mea,

398 3373 461 3418 ut
488 3370 633 3418 recte
664 3363 871 3428 vivant,
902 3373 1161 3431 quantum
1191 3361 1244 3415 in
1277 3377 1360 3416 me
1384 3370 1488 3428 est,
1514 3379 1738 3432 curare;
1787 3381 1974 3421 verum

399 3462 455 3508 et
477 3453 629 3519 alios,
672 3452 828 3508 modo
859 3452 1069 3508 facilem
1098 3451 1376 3523 praebeant
1403 3470 1612 3519 aurem,
1640 3458 1881 3513 monere.
1912 3458 1979 3512 Et

399 3543 508 3600 illi:
558 3543 705 3599 Satis
732 3545 935 3599 dictum
976 3552 1133 3613 puta,
1186 3544 1305 3600 vide
1334 3560 1403 3600 ne
1442 3548 1669 3617 posthac
1711 3551 1778 3603 ad
1827 3566 1975 3604 arma

400 3635 584 3691 venire
611 3639 890 3708 cogamur.
916 3636 982 3690 Et
1017 3636 1090 3690 ita
1120 3636 1400 3692 discedunt
1424 3653 1454 3691 a
1485 3653 1572 3695 me
1598 3654 1661 3694 ac
1690 3640 1737 3695 si
1765 3657 1974 3697 mecum

400 3725 594 3783 bellum
623 3726 911 3781 ineundum
935 3726 1024 3781 sit.
1094 3746 1103 3755 -
1510 3744 1513 3747 λ

470 3816 592 3873 515.
662 3817 772 3889 Ego
820 3816 961 3873 illico
1012 3819 1230 3874 domum
1277 3828 1465 3890 petens
1504 3837 1716 3891 meam,
1765 3827 1977 3884 caeteris

402 3910 645 3974 semOtis,
669 3908 832 3964 filiam
853 3909 938 3964 his
967 3910 1145 3966 verbis
1171 3912 1492 3982 aggredior:
1516 3913 1645 3981 Cur,
1678 3915 1809 3984 filia,
1840 3918 1980 3973 inter

400 4001 557 4056 nobis
594 4001 833 4057 infensos
870 4001 1018 4056 litem
1046 4010 1100 4057 et
1126 4002 1326 4058 bellum
1367 4009 1745 4065 recrudt'scere
1785 4010 1980 4081 cupis?

402 4087 470 4145 Mi
501 4100 673 4162 pater,
700 4091 876 4162 inquit
908 4091 1019 4157 illa,
1051 4108 1148 4147 oro
1172 4108 1427 4163 quorsum
1458 4096 1595 4153 haec.
1622 4098 1977 4175 [Respondi]:

401 4183 562 4253 Quia,
593 4194 650 4239 ut
675 4183 866 4251 fertur,
893 4184 1123 4255 lapidem
1145 4185 1199 4239 in
1226 4184 1358 4241 tales
1384 4187 1541 4244 hodie
1568 4190 1797 4261 injecisti
1827 4194 1977 4264 puel-

401 4274 500 4334 las.
554 4274 657 4342 Ha,
706 4276 778 4331 mi
823 4289 1000 4347 pater,
1036 4292 1134 4332 nec
1162 4277 1263 4332 feci
1296 4293 1393 4334 nec
1435 4282 1607 4336 ausim
1639 4282 1852 4349 facere;
1883 4286 1981 4342 has

402 4368 663 4441 profecto,
706 4377 767 4423 ut
810 4384 1023 4425 sorores
1069 4368 1252 4441 diligo.
1284 4368 1487 4427 Tamen
1526 4371 1724 4428 factum
1755 4383 1861 4440 est,
1900 4376 1985 4430 in-

2076 3197 2418 3253 verereutur,
2465 3203 2710 3251 monens,
2743 3188 2864 3243 aliis
2894 3190 3074 3253 rebus,
3105 3189 3237 3244 mihi
3266 3190 3440 3262 magis
3472 3205 3662 3246 neces-

2076 3278 2257 3343 sariis,
2287 3278 2633 3344 incumbens,
2682 3266 2737 3333 in
2778 3277 2953 3332 forum
2984 3294 3069 3335 me
3103 3280 3330 3347 contuli,
3356 3296 3478 3337 cum
3502 3280 3662 3353 paulo

2076 3379 2195 3439 post
2224 3384 2288 3423 ex
2323 3369 2534 3425 filiabus
2581 3369 2715 3425 meis
2758 3369 2885 3434 alia,
2916 3369 3194 3440 aliquanto
3226 3368 3430 3439 junior,
3479 3373 3663 3429 nescio

2076 3475 2181 3529 qua
2210 3475 2396 3524 causa,
2421 3460 2472 3515 in
2500 3459 2791 3514 thalammn
2818 3459 2921 3514 iter
2942 3460 3170 3525 habens,
3191 3458 3470 3530 praefatam
3498 3476 3661 3516 anum

2076 3551 2193 3621 pari
2246 3551 2408 3607 modo
2451 3552 2743 3619 jacentem,
2798 3558 2856 3604 ut
2900 3552 3013 3606 haec
3065 3551 3298 3619 viderat,
3343 3552 3660 3623 respiciens,

2076 3657 2182 3698 non
2242 3657 2407 3714 parvo
2472 3642 2665 3698 timore
2720 3649 2965 3711 correpta
2993 3682 3008 3707 ,
3073 3642 3142 3696 ad
3200 3626 3659 3713 alias'prosilivit

2077 3734 2503 3805 quamprimum.

2147 3826 2269 3880 518.
2312 3825 2437 3880 Haec
2472 3825 2634 3897 igitur
2662 3824 2791 3879 mihi
2827 3824 2894 3879 de
2946 3822 3064 3879 foro
3106 3823 3341 3881 venienti
3395 3824 3659 3888 dicentes,

2078 3919 2207 3988 quid
2235 3918 2337 3974 hoc
2364 3902 2526 3984 esset,
2554 3917 2811 3971 mirabar.
2848 3914 3117 3987 Cugitanti
3147 3915 3351 3986 itaque,
3378 3926 3433 3972 et
3462 3916 3517 3971 in
3544 3916 3664 3971 ani-

2081 4025 2168 4063 mo
2195 4010 2392 4081 saepius
2423 4008 2680 4072 volventi,
2712 4006 2911 4062 diaboli
2950 4022 3088 4077 Opus
3110 4007 3363 4070 existere,
3410 4007 3562 4062 venit
3608 4007 3662 4062 in

2078 4110 2311 4155 mentem
2337 4117 2351 4154 :
2380 4114 2445 4155 eo
2474 4115 2636 4170 quam
2662 4099 2918 4169 primum,
2953 4098 3237 4153 sacerdote
3266 4098 3532 4154 monacho
3573 4113 3667 4165 ac-

2079 4194 2300 4257 cersito,
2343 4193 2435 4264 qui
2480 4191 2763 4248 ecclesiam
2820 4204 2984 4260 prope
3032 4189 3247 4243 domum
3302 4189 3660 4259 gubernabat,

2080 4301 2193 4341 rem
2229 4299 2446 4340 omnem
2477 4285 2617 4338 clam
2648 4282 2750 4337 sibi
2780 4280 2987 4351 aperui.
3018 4277 3111 4334 Ille
3136 4277 3321 4333 statim
3355 4276 3554 4332 clerico
3579 4293 3662 4335 sc-

2081 4376 2164 4428 rio
2195 4376 2444 4443 imperat,
2498 4388 2691 4443 aquam
2742 4370 3079 4425 benedictam
3126 4378 3181 4424 et
3230 4366 3660 4435 conjurationum

402 4474 566 4533 quam
608 4476 726 4532 ego.
766 4458 1013 4524 Posthac,
1048 4476 1166 4514 mea
1209 4461 1339 4527 tilia,
1395 4464 1460 4516 da
1509 4477 1751 4532 operam,
1782 4472 1863 4531 ut,
1894 4465 1982 4521 ubi
2014 4469 2060 4526 D
2086 4462 2298 4520 deferre
2326 4463 2544 4519 librum.
2581 4462 2788 4530 Quibus
2814 4460 3030 4526 delatis,
3064 4461 3358 4516 thalamum
3386 4462 3660 4532 intrepidi,

402 4545 461 4607 in
492 4551 577 4606 via
602 4549 791 4621 puella:
818 4549 921 4617 illa:
948 4549 1274 4617 consistunt,
1314 4566 1384 4606 ne
1431 4551 1679 4607 fenestris
1712 4553 1765 4607 in
1802 4564 1984 4625 partes

406 4643 525 4699 illas
579 4642 925 4714 vergentibus
970 4642 1198 4697 btereas.
1252 4640 1343 4696 llla
1385 4641 1602 4711 inquit:
1644 4642 1883 4710 Faciam,
1911 4646 1984 4700 mi

406 4747 579 4807 pater.
602 4734 869 4790 Postridie
894 4747 1046 4799 vero,
1074 4733 1199 4804 quia
1230 4748 1293 4789 ea
1326 4733 1409 4787 via
1444 4749 1631 4805 parum
1659 4734 1981 4805 profecerat,

407 4829 638 4894 daemon,
668 4827 860 4881 iterum
905 4824 1079 4896 lapide
1126 4825 1324 4880 acriter
1350 4825 1637 4896 quamdam
1681 4841 1748 4882 ex
1795 4828 1985 4897 puellis

404 4917 517 4988 jam
562 4918 718 4973 dictis
770 4915 1096 4979 vulneravit,
1140 4915 1212 4969 ita
1255 4923 1313 4969 ut
1344 4922 1562 4972 tonsore
1588 4916 1880 4988 indiguerit
1917 4918 1985 4976 ad

406 5007 601 5062 vulnus
628 5007 1043 5078 prmcidendum.
1074 5004 1163 5061 Fit
1187 5006 1256 5061 ob
1279 5006 1381 5060 hoc
1409 5021 1702 5063 concursus
1723 5008 1983 5075 virorum,

404 5099 643 5169 undique
694 5100 900 5155 strictis
947 5098 1136 5170 gladiis
1185 5097 1606 5162 decurrentium,
1660 5107 1844 5168 atque,
1895 5099 1984 5155 ubi

404 5193 539 5230 Inclic

618 5193 879 5230 norit-ni?
930 5191 1365 5230 dnnlnmnnlitnn-
1434 5187 1530 5230 "ni
1593 5191 1775 5230 21:13::
1810 5192 1983 5230 mndin

2084 4555 2237 4626 signo
2267 4555 2447 4610 crucis
2472 4554 2622 4624 prius
2655 4554 2823 4619 edito,
2854 4552 3226 4623 ingredimur:
3253 4554 3525 4624 spargitur
3552 4563 3663 4608 sta-

2085 4647 2180 4701 tim
2207 4662 2236 4700 a
2263 4644 2545 4700 sacerdote
2573 4658 2739 4713 aqua,
2766 4643 2878 4699 sale
2897 4655 2954 4698 et
2977 4643 3312 4700 orationibus
3331 4655 3659 4716 expurgala;

2086 4736 2208 4791 inde
2231 4736 2423 4791 ordine
2451 4735 2682 4805 quodam
2718 4735 2785 4789 ad
2813 4734 3012 4797 lectum
3038 4734 3358 4791 accedentes
3382 4752 3395 4789 :
3425 4734 3663 4805 Conjuro

2086 4836 2159 4891 te,
2192 4826 2362 4897 inquit
2389 4826 2666 4890 sacerdos,
2693 4824 2747 4879 in
2778 4826 3000 4881 nomine
3025 4825 3203 4881 Patris
3228 4835 3283 4882 et
3309 4826 3430 4882 Filii
3461 4836 3517 4882 et
3537 4826 3661 4896 Spi-

2087 4917 2225 4971 ritus
2252 4915 2424 4971 sancti
2448 4930 2462 4981 ;
2490 4915 2535 4971 si
2568 4915 2743 4971 malus
2772 4916 2914 4971 hanc
2940 4916 3154 4972 habitas
3178 4929 3451 4971 cameram
3502 4916 3661 4986 spiri-

2087 5016 2192 5071 tus,
2221 5006 2350 5061 mihi
2383 4998 2512 5077 quid
2547 5004 2700 5072 velis,
2737 5004 2934 5076 quidve
2960 5006 3223 5076 inquiras,
3271 5005 3504 5073 aperias.
3564 5005 3668 5060 Vix

2086 5099 2203 5154 haec
2242 5098 2497 5153 sacerdos
2528 5099 2860 5170 expleverat,
2909 5111 3032 5152 cum
3084 5094 3264 5151 statim
3317 5094 3669 5163 querulosam

2089 5188 2389 5230 mulivimn:
2409 5204 2598 5230 vanam
2629 5208 2642 5223 ι
2668 5188 2764 5230 "ai
2790 5188 2926 5230 fama
2945 5203 3100 5230 nnnm
3132 5185 3367 5230 miserm!
3395 5188 3674 5230 cruciatum
