4110 5362
491 198 597 269 9'55

1537 196 1595 250 S.
1632 193 1912 252 JOANNIS
1947 193 2338 251 GUALBERTI
2375 192 2663 249 ABBATIS

3624 195 3736 253 936

490 319 662 376 tuam,
709 321 777 365 ne
810 307 938 364 .tuis
976 306 1357 364 detrimentum
1410 315 1651 362 metusve
1699 308 1770 362 sit
1812 324 1826 359 :
1878 306 2055 361 aiebat
2081 315 2127 373 Α
2156 315 2460 362 commovet
2484 305 2771 375 oppidum;
2801 302 3020 373 quibus,
3052 304 3125 361 ita
3171 314 3230 361 ut.
3266 305 3408 362 litin
3457 321 3518 364 re
3566 322 3732 373 nova,

485 404 657 467 enim,
704 416 765 456 se
805 400 973 472 patris
1020 400 1124 453 mei
1173 410 1399 453 matrem
1422 397 1535 467 jam
1580 398 1887 455 defunctam
1912 411 2052 451 esse.

486 494 718 564 imperat
744 507 873 563 ergo
904 490 1155 545 sacerdos
1181 490 1372 545 devote
1392 491 1573 543 omnia
1602 490 1654 543 in
1681 487 1882 544 Christi
1926 484 2055 543 Jesu

486 584 706 657 nomine
734 583 840 652 agi.

554 674 675 729 5i9.
717 672 812 728 His
841 673 1023 742 itaque
1050 670 1175 736 rite,
1225 679 1285 726 ut
1312 671 1416 727 sibi
1464 669 2054 741 placuerat,'peractis,

485 765 647 821 nocte
671 766 903 834 quadam
938 779 1038 819 nos
1064 763 1247 834 sopori
1289 763 1499 820 deditos
1538 764 1640 817 hoc
1674 762 1832 817 modo
1879 769 2058 816 exter-

485 855 596 909 ruit
623 856 827 909 dannon
859 873 871 907 :
909 853 1175 924 imprimis
1203 853 1346 907 enim
1375 852 1535 906 filiam
1566 868 1763 917 meam,
1813 866 1933 920 qua:
1968 850 2057 905 hic

485 956 588 1013 est,
620 948 884 1010 excitans,
917 960 1144 1015 eamque
1167 960 1226 1000 se
1255 943 1463 1015 Virgini
1493 943 1674 998 Mariae
1701 944 1890 998 devote
1910 956 2055 996 com-

484 1039 828 1093 mendantem
866 1037 1069 1091 immite
1094 1037 1148 1091 in
1182 1035 1332 1106 genis
1366 1034 1692 1104 percutiens,
1732 1032 1942 1101 inquit:
1975 1029 2054 1084 Tu

486 1127 697 1191 tuatim,
747 1142 854 1181 non
901 1125 1118 1179 meatim
1164 1124 1328 1194 ages?
1369 1139 1648 1194 quousque
1682 1121 1921 1177 abuteris
1961 1136 2057 1191 pa—

487 1216 675 1272 tientia
704 1215 857 1269 mea?
884 1214 1055 1268 Hem!
1090 1213 1184 1267 tibi
1227 1213 1341 1267 haec
1383 1212 1585 1267 diutius
1625 1211 1788 1266 licere
1834 1209 2054 1280 speras?

485 1321 572 1362 me
600 1304 830 1368 volente,
856 1304 968 1359 haec
1017 1302 1246 1373 amplius
1294 1317 1401 1358 non
1450 1303 1635 1357 facies.
1687 1301 1804 1369 Quo
1850 1300 2054 1364 sonitu,

485 1396 681 1467 quibus
706 1396 881 1450 verbis
902 1408 1160 1449 excussus
1179 1407 1386 1457 somno,
1411 1392 1553 1447 illico
1573 1407 1603 1447 e
1624 1391 1764 1447 lecto
1780 1389 2053 1453 desiliens,

484 1487 689 1542 lumine
716 1500 965 1549 accenso,
988 1483 1232 1539 concessi
1261 1483 1327 1537 ad
1356 1498 1475 1537 eam
1500 1492 1707 1553 partem
1735 1479 1940 1544 lectuli,
1965 1479 2054 1533 ubi

484 1578 591 1632 ﬁlia
620 1576 1001 1632 accumbebat:
1027 1574 1140 1628 Mea
1166 1573 1295 1638 lilia,
1314 1572 1693 1644 inquam,quid
1716 1570 1859 1640 agis?
1885 1568 2053 1633 Unde,

2154 397 2306 452 brevi
2353 399 2529 467 spatio
2566 398 2712 461 dato,
2765 396 2948 452 clerici
2997 397 3383 468 cujuscumque
3429 402 3637 457 ordinis
3673 412 3734 459 ot

2155 484 2361 541 nobiles
2385 494 2438 539 et
2465 486 2597 540 clari
2628 485 2729 539 viri
2758 493 2814 540 et
2842 484 2932 539 alii
2968 473 3330 558 quamplures,
3358 487 3600 563 [prater]
3650 492 3729 562 ig-

2155 576 2336 632 nobile
2367 578 2554 648 vulgus
2603 592 2702 647 pro
2753 576 2895 633 vallo
2921 577 3113 634 domus
3161 596 3295 637 mea
3348 582 3627 654 quingenti
3675 592 3735 640 et

2155 666 2385 734 amplius
2413 680 2735 722 convenere.
3690 692 3699 697 '

2225 754 2350 810 3‘22.
2391 756 2675 827 Extemplo
2701 757 2882 827 itaque
2903 759 3235 828 sacerdotes,
3263 769 3337 826 et,
3368 761 3459 832 qul
3483 762 3715 819 aderant

2157 845 2390 917 religiosi
2422 846 2549 911 viri,
2582 846 2710 900 mihi
2744 848 2944 902 misero
2970 849 3202 904 ubertim
3248 850 3519 922 lacrymas
3569 852 3737 910 emit-

2158 937 2314 1001 tenti,
2345 937 2755 1007 compatientes,
2776 936 2928 992 ﬂexis
2949 938 3174 1010 genibus
3200 941 3428 997 subnixe
3454 941 3735 1013 Virginem

2157 1026 2405 1091 Mariam,
2434 1040 2700 1095 suumque
2722 1026 2976 1081 dilectum
3012 1027 3181 1083 filium
3212 1028 3399 1085 Jesum
3429 1030 3647 1111 hymnis
3673 1040 3735 1085 et

2155 1116 2379 1188 psalmis
2409 1116 2638 1185 aliisque
2666 1117 3004 1171 orationibus
3032 1116 3315 1184 immixtis,
3361 1120 3479 1173 mei
3502 1120 3732 1175 misere-

2158 1215 2364 1271 rentur,
2406 1220 2566 1261 orare
2601 1214 2911 1274 coeperunt;
2968 1204 3109 1261 idem
3138 1216 3194 1263 et
3237 1216 3494 1262 caeterum
3540 1207 3736 1279 volgus

2154 1313 2253 1368 pro
2282 1295 2540 1367 cujusque
2567 1296 2781 1368 ingenio
2808 1310 2969 1368 agere
2994 1314 3011 1353 :
3057 1305 3113 1353 et
3144 1298 3217 1353 ita
3248 1298 3301 1352 in
3350 1299 3595 1354 oratione
3634 1299 3739 1357 diu

2163 1409 2268 1449 una
2302 1408 2514 1448 mecum
2543 1399 2951 1463 pernoctantcs,
2982 1405 3181 1461 eosque
3225 1404 3433 1446 sommo
3478 1391 3735 1463 fatigatos

2155 1485 2514 1556 conspiciens,
2541 1485 2621 1540 sic
2648 1483 2898 1538 ﬂebiliter
2923 1483 3201 1555 alloquor:
3229 1483 3370 1539 Deus
3412 1484 3602 1549 bonus,
3640 1485 3743 1555 ju-

2157 1587 2293 1643 stus,
2321 1587 2376 1633 et
2404 1578 2547 1647 pius,
2578 1577 2800 1643 fratres,
2830 1577 2983 1632 vobis
3010 1577 3229 1646 praemia
3259 1576 3417 1648 digna
3446 1576 3605 1641 ferat,
3634 1576 3737 1648 qui

487 1684 605 1734 oro,
629 1668 716 1723 hic
744 1664 1009 1736 gemitus?
1034 1664 1433 1736 lacrymabatur
1457 1665 1601 1717 enim
1620 1679 1633 1716 :
1655 1660 1890 1716 nondum
1911 1660 2054 1714 enim

2168 1684 2278 1735 me,
2308 1683 2565 1739 meosque
2594 1668 2854 1731 miserati,
2883 1676 3087 1723 tantum
3116 1682 3256 1723 onus
3284 1667 3600 1736 pertulistis.
3650 1670 3736 1724 ite

484 1760 616 1815 mihi
643 1759 862 1814 dederat
910 1772 1247 1827 responsum,
1284 1771 1407 1810 cum
1449 1752 1797 1809 subito'idem
1850 1752 2054 1805 dmmon

484 1850 792 1907 inferiorem
823 1858 1029 1920 partem
1057 1856 1266 1918 petens,
1298 1846 1463 1900 lilium
1501 1844 1804 1914 parvulum,
1833 1842 1925 1912 qui
1960 1856 2055 1896 eo-

483 1945 606 1999 dem
652 1944 708 1998 in
749 1943 866 1998 loco
914 1939 1248 2011 quiescebat,
1302 1937 1562 1993 suﬂ'ocare
1605 1937 1898 1991 nitebatur.
1946 1934 2057 2004 Ego

484 2035 665 2089 statim
690 2048 845 2104 opem
882 2032 974 2086 tuli
1002 2044 1169 2101 puero
1200 2027 1434 2099 vagienti
1461 2041 1476 2080 :
1507 2027 1660 2097 signo
1707 2023 1852 2080 enim
1880 2024 2059 2078 crucis

484 2140 570 2179 me
602 2122 881 2194 imprimis,
913 2131 969 2177 et
994 2122 1165 2191 ipsum
1222 2119 1488 2181 muniens,
1542 2118 1664 2172 inde
1710 2115 1877 2171 libera
1922 2128 2057 2170 voce

484 2214 712 2268 daeiiloni
741 2212 950 2267 aiebam
981 2224 996 2263 :
1027 2208 1137 2265 Cur
1163 2208 1247 2264 his
1278 2205 1760 2272 iunocentissimis,
1800 2204 2056 2275 pessime,

483 2299 788 2375 bujusmodi
817 2320 1010 2360 cruces
1035 2313 1091 2359 et
1119 2312 1384 2358 tormenta
1409 2299 1614 2356 infers?
1642 2298 1662 2353 ι
1702 2313 1808 2369 quo
1835 2298 2057 2353 meritus

482 2411 563 2462 es,
602 2397 657 2450 in
707 2395 1023 2451 barathrum
1073 2392 1290 2459 inferni,
1341 2388 1568 2463 perfide,
1628 2390 1829 2460 inique,
1888 2388 2055 2444 male-

483 2486 646 2543 dicte.

551 2578 677 2633 520.
720 2577 957 2634 Necdum
983 2576 1146 2633 verba
1166 2575 1431 2641 finieram,
1453 2582 1509 2630 et
1530 2575 1670 2629 hanc
1690 2573 1852 2628 filiam
1882 2588 2055 2628 meam

482 2679 796 2738 querentem
826 2668 1022 2723 audio:
1053 2666 1120 2721 Mi
1150 2666 1405 2739 pater.rsi
1432 2681 1539 2735 qua
1585 2666 1640 2719 in
1684 2673 1737 2721 te
1785 2662 1907 2718 lilia:
1957 2672 2059 2718 tuas

486 2769 655 2829 pzetas
680 2769 785 2825 est,
814 2758 897 2813 fer
927 2772 1104 2829 opem,
1132 2755 1216 2812 fer
1243 2757 1501 2810 auxilium
1525 2756 1539 2808 l
1583 2770 1669 2809 me
1718 2753 1917 2809 etenim
1946 2753 2055 2806 da:-

486 2867 610 2907 mon
638 2854 830 2907 iterum
862 2850 1126 2907 suffocare
1151 2856 1396 2903 conatur.
1436 2846 1666 2900 Parvulo
1705 2845 1885 2915 itaque
1932 2843 2061 2898 reli-

483 2952 593 3009 cto,
626 2957 852 2999 accurro
878 2942 944 2997 ad
973 2956 1109 3004 eam,
1142 2939 1439 3009 eodemque
1482 2938 1664 3000 modo.
1697 2947 1757 2992 ut
1809 2952 2055 3008 puerum,

487 3034 698 3089 crebris
717 3033 917 3088 Christi
940 3030 1067 3087 Jesu
1096 3032 1267 3103 signis
1293 3032 1563 3097 muniens,
1590 3031 1818 3086 daamoni
1842 3029 2056 3096 minari,

486 3125 532 3179 si
564 3123 703 3179 forte
727 3122 909 3178 Jesum
940 3124 1333 3194 Virginemque
1362 3122 1590 3177 Mariam
1620 3133 1921 3189 vereretur,
1952 3136 2059 3177 non

488 3214 709 3268 desisto.
742 3212 830 3267 Ille
854 3212 938 3267 his
969 3213 1238 3267 crudelior
1266 3211 1509 3279 effectus,
1541 3228 1789 3283 puerum,
1843 3222 1904 3266 ut
1951 3222 2062 3267 tor-

490 3314 671 3373 queat,
705 3306 902 3360 iterum
935 3305 1168 3375 repetiit.
1208 3304 1321 3374 Ego
1374 3304 1500 3359 illuc
1546 3319 1807 3374 propero;
1857 3303 1945 3358 ille
1992 3302 2061 3357 ad

490 3395 650 3451 liliam
676 3413 691 3462 ;
718 3412 818 3467 ego
841 3397 909 3452 ad
945 3412 1104 3451 eam:
1140 3396 1228 3449 ille
1275 3394 1342 3450 ad
1388 3411 1643 3466 puerum;
1677 3394 1809 3467 [ego
1851 3408 2063 3464 quoque

488 3489 712 3542 ad‘eum
730 3487 772 3561 ].
804 3487 942 3555 Quid
970 3502 1063 3540 vos
1079 3485 1263 3540 multis
1287 3487 1500 3540 moror?
1525 3486 1657 3540 Cum
1685 3486 1736 3539 in
1767 3494 1913 3538 tanto
1942 3483 2060 3537 tali-

496 3592 601 3648 que
629 3576 941 3633 discrimine
973 3578 1102 3648 quid
1127 3590 1365 3648 agerem,
1395 3591 1503 3645 quo
1533 3592 1619 3631 me
1644 3582 1931 3638 verterem,
1978 3574 2061 3644 ig-

486 3683 739 3723 norarem
770 3669 983 3738 penitus
1006 3667 1173 3737 (quia,
1207 3666 1341 3719 meis
1362 3666 1600 3734 peccatis
1627 3665 1679 3718 id
1706 3663 2060 3734 exigentibus,

488 3774 663 3828 neque
690 3758 1070 3826 Jesus,.neque
1100 3757 1341 3825 piissima
1372 3755 1538 3809 Maria
1579 3756 1631 3810 in
1680 3763 1922 3825 tempore
1969 3769 2065 3823 op-

488 3858 719 3919 portuno
754 3847 1008 3900 auxilium
1041 3846 1305 3911 ferebant,
1339 3855 1394 3899 et
1438 3860 1626 3899 eorum
1677 3854 1852 3898 mater
1900 3845 2067 3899 etiam

494 3950 619 3993 tunc
646 3939 805 3992 domo
831 3938 1052 4007 aberat)
1082 3937 1215 3989 mira
1253 3951 1406 4000 voce,
1457 3935 1694 3999 finitimi,
1719 3933 1880 3988 vicini
1936 3934 2065 3988 mihi

493 4029 847 4096 suecurratis,
904 4029 1032 4084 oro!
1069 4036 1149 4082 ter
1196 4038 1495 4098 quaterque
1537 4027 1844 4082 exclamare
1887 4027 2062 4097 coepi:

496 4138 616 4176 cum
652 4121 885 4177 velocius
911 4121 1069 4177 dictis
1093 4120 1252 4174 vicini
1283 4121 1553 4186 advolant,
1595 4120 1895 4191 praesertim
1948 4134 2067 4175 meo

498 4213 703 4268 nachus
732 4213 853 4278 iste,
884 4213 974 4282 qui
1003 4223 1237 4281 prmsens
1271 4220 1389 4264 est:
1424 4225 1535 4263 rem
1585 4211 1730 4265 enim
1776 4209 1970 4265 malam
1999 4210 2067 4266 ob

495 4303 794 4376 prteteritas
820 4303 1218 4373 conjurationes
1249 4301 1626 4371 praesagiebat.

565 4396 693 4450 32!.
737 4395 838 4451 Ubi
877 4397 1167 4457 advenere,
1197 4392 1401 4447 foribus
1429 4392 1626 4448 clausis
1672 4391 1904 4447 inventis
1934 4392 2068 4465 (ego

496 4485 638 4540 enim
663 4499 694 4537 a
727 4485 905 4554 pueris
934 4483 1066 4537 meis
1094 4483 1264 4547 abire,
1298 4496 1366 4536 ne
1396 4478 1567 4549 majus
1588 4480 1822 4535 oriretur
1848 4481 2064 4546 malum,

501 4576 645 4631 haud
673 4575 967 4644 audebam)
1001 4589 1130 4644 pars
1154 4573 1387 4626 claustra
1416 4581 1693 4643 portarum
1741 4572 1961 4628 sudibus
2013 4581 2069 4627 et
2122 4620 2136 4632 ,

499 4673 704 4737 cuneis,
732 4680 787 4726 et
820 4671 868 4724 vi
897 4668 1255 4723 multitudinis
1284 4668 1337 4721 in
1371 4668 1422 4721 id
1448 4669 1761 4731 obniteutis,
1789 4670 1832 4722 si
1862 4667 2000 4722 forte
2037 4682 2069 4721 a

499 4766 809 4819 cardinibus
836 4763 1063 4817 evellere
1092 4771 1327 4830 possent,
1362 4770 1595 4827 tentare;
1648 4776 1775 4830 pars
1816 4775 1912 4830 per
1954 4776 2072 4814 sca—

504 4855 606 4921 las,
636 4865 690 4910 et
714 4868 819 4926 qua
851 4870 969 4909 sors
997 4853 1249 4921 dabatur,
1282 4854 1347 4908 ad
1377 4852 1640 4907 fenestras
1669 4852 1949 4908 scandere.
1992 4851 2070 4906 lta

492 4945 653 5002 'brevi
677 4946 869 5001 domus
891 4944 1274 5015 cbjuscmnque
1301 4942 1628 4998 conditionis
1651 4942 1778 4996 viris
1805 4952 1861 4996 et
1889 4941 2074 4995 mulie-

500 5037 650 5092 ribus
672 5022 927 5106 repletur,
959 5044 1014 5090 et
1040 5050 1200 5089 causa
1234 5033 1471 5103 cognita,
1522 5047 1729 5095 omnes,
1781 5032 1922 5085 unde
1974 5032 2072 5086 hoc

501 5125 634 5181 mibi
680 5126 877 5180 malum
932 5134 1106 5191 esset,
1162 5125 1442 5193 rogabant.
1494 5121 1697 5187 Quibus
1748 5136 1885 5191 ego:
1936 5120 2066 5175 llei!

502 5219 645 5273 unde
673 5219 896 5288 putatis,
926 5217 1028 5272 nisi
1059 5216 1130 5270 ob
1167 5215 1371 5269 scelera
1399 5228 1516 5266 mea
1545 5212 1704 5266 ﬁeri?
1745 5211 2073 5265 Miseremini

505 5308 608 5362 mei
631 5295 837 5362 omnes.
861 5306 1191 5362 miseremini
1222 5306 1349 5362 mei.
1376 5303 1497 5362 quia
1527 5316 1716 5355 manus
1746 5301 1955 5355 Domini
1987 5315 2074 5354 su-

2156 1748 2345 1815 omnes
2371 1757 2425 1813 in
2459 1772 2574 1814 rem
2607 1758 2832 1823 bonam;
2868 1757 2955 1812 isti
2984 1757 3218 1828 religiosi
3246 1773 3345 1828 pro
3370 1757 3445 1813 rei
3489 1759 3736 1814 necessi-

2157 1858 2272 1905 tate
2298 1850 2459 1905 modo
2486 1858 2571 1903 sat
2595 1856 2785 1912 erunt,
2812 1848 2937 1902 dum
2966 1845 3242 1916 paululum
3268 1855 3432 1917 caput
3456 1861 3688 1916 posuero
3708 1863 3733 1904 :

2157 1958 2282 1998 nam
2312 1942 2471 1998 datur
2496 1941 2629 1996 hora
2655 1940 2860 2010 quieti:
2899 1939 2954 1994 bi
3000 1940 3143 1995 enim
3197 1938 3504 1995 alternatim
3545 1938 3736 1996 lauta

2151 2032 2353 2103 jugiter
2379 2042 2623 2088 exorent.
2651 2032 2778 2086 Inde
2803 2030 3098 2086 discessere
3129 2043 3339 2084 omnes.
3383 2029 3518 2083 Dum
3552 2030 3736 2098 itaque

2157 2123 2330 2180 fessos
2364 2123 2551 2179 oculos
2576 2121 2836 2178 subtraho
2861 2121 3053 2187 labori,
3099 2119 3336 2191 religiosi
3384 2120 3476 2188 qui
3504 2119 3767 2183 aderant,

2155 2215 2336 2270 Jesum
2358 2223 2414 2270 et
2438 2212 2711 2284 Virginem
2740 2208 2856 2277 ejus
2883 2220 3111 2267 matrem
3134 2210 3355 2265 Mariam
3390 2211 3690 2266 exorabant
3711 2228 3729 2263 :

2152 2306 2263 2376 jam
2288 2307 2433 2361 enim
2459 2318 2654 2359 aurora
2681 2303 2820 2358 diem
2853 2303 3183 2372 produxerat
3207 2302 3433 2365 almum,
3469 2317 3599 2357 cum
3634 2302 3734 2355 ad-

2156 2398 2260 2454 huc
2303 2399 2530 2462 dmmon,
2569 2411 2743 2466 neque
2771 2396 3109 2451 orationibus
3152 2396 3345 2461 victus,
3374 2409 3547 2465 neque
3600 2394 3731 2448 reli-

2157 2493 2429 2564 giosorum
2463 2489 2716 2561 precibus
2752 2488 3029 2559 fatigatus,
3059 2487 3379 2543 aliovorsum
3410 2485 3562 2560 [non]
3596 2501 3729 2541 cono

2158 2589 2415 2637 cesserat.

2226 2671 2350 2726 523.
2392 2671 2505 2742 Ego
2529 2670 2712 2740 itaque
2736 2683 2823 2723 me
2849 2669 3031 2725 divino
3050 2668 3252 2724 auxilio
3272 2668 3485 2738 penitus
3508 2667 3737 2722 destitu-

2161 2771 2271 2818 tum
2294 2773 2512 2832 putans,
2541 2761 2713 2831 magis
2742 2774 3000 2814 curarum
3045 2758 3311 2815 ﬂuctuans
3357 2766 3514 2824 testu,
3566 2767 3735 2828 atque

2158 2853 2420 2918 animum,
2451 2866 2591 2907 nunc
2618 2852 2725 2906 huc
2754 2850 2983 2905 celerem
3019 2865 3164 2905 nunc
3188 2849 3436 2905 dividens
3478 2847 3623 2912 illuc,
3673 2847 3735 2901 in

2159 2953 2341 3015 partes
2374 2943 2553 2999 varias
2600 2942 2903 3006 trahebam,
2954 2955 3157 3013 perque
3201 2941 3382 2997 omnia
3425 2939 3732 3005 versabam,

2161 3051 2283 3091 cum
2314 3035 2455 3091 Deus
2480 3050 2545 3090 ex
2569 3034 2679 3090 alto
2708 3044 3081 3106 prospectans,
3118 3035 3270 3100 mihi,
3302 3033 3499 3089 misera
3533 3042 3589 3089 et
3629 3030 3738 3085 ini—

2159 3141 2267 3196 qua
2292 3126 2480 3181 "animo
2510 3126 2766 3192 volventi,
2803 3140 3122 3181 succurrere
3146 3139 3244 3195 per
3296 3124 3517 3179 Mariam
3554 3119 3739 3193 piissi-

2162 3233 2306 3272 mam
2335 3226 2564 3273 matrem
2595 3232 2746 3273 suam
2783 3217 2864 3272 sic
2895 3216 3101 3272 voluit:
3131 3232 3254 3272 nam
3285 3216 3447 3271 filiam
3472 3217 3616 3272 hanc
3664 3215 3736 3271 ad

2162 3325 2249 3365 me
2275 3326 2483 3365 summa
2512 3309 2676 3363 animi
2705 3310 3142 3365 consternatione
3189 3295 3586 3374 moribundam,
3626 3306 3732 3364 ﬂa-

2163 3410 2382 3469 granter
2412 3399 2666 3471 lacrymis
2691 3399 2961 3469 perfusam
2990 3415 3156 3471 genas
3182 3400 3400 3464 direxit,
3443 3410 3607 3472 atque
3648 3399 3738 3456 his

2165 3507 2251 3546 me
2281 3492 2575 3562 alloquitur
2602 3492 2780 3547 verbis
2808 3507 2820 3545 :
2854 3492 2921 3546 Mi
2953 3502 3124 3562 pater,
3156 3507 3254 3563 per
3288 3493 3389 3547 bas
3421 3508 3520 3564 ego
3561 3500 3614 3548 te
3658 3492 3738 3546 la-

2160 3601 2399 3656 crymas,
2430 3598 2546 3654 per,
2581 3585 2626 3638 si
2651 3584 2772 3653 quis
2799 3584 2919 3638 lilia:
2940 3594 3044 3639 tua;
3073 3587 3243 3656 tangit
3273 3586 3442 3640 bonos
3472 3584 3733 3650 animum,

2165 3691 2328 3729 unum
2359 3691 2478 3739 oro,
2509 3675 2634 3744 quia
2671 3662 2828 3729 unica
2853 3689 2975 3743 spes
3006 3684 3217 3730 tuarum
3250 3676 3507 3741 filiarum,
3535 3676 3658 3744 quia
3679 3676 3732 3729 in

2168 3773 2221 3820 te
2250 3765 2427 3820 omnis
2451 3766 2649 3819 domus
2684 3766 2940 3820 inclinata
2985 3766 3270 3832 recumbit,
3305 3781 3373 3821 ne
3422 3774 3476 3821 te
3508 3766 3733 3831 crucies,

2165 3871 2234 3912 ne
2265 3866 2319 3912 te
2343 3871 2607 3921 maceres,
2633 3872 2809 3926 neque
2836 3865 2981 3911 tuam
3004 3868 3223 3928 propter
3249 3874 3333 3914 me
3354 3858 3613 3916 sollicites
3651 3874 3736 3914 se.

2167 3956 2378 4002 nectam
2426 3963 2441 4002 :
2485 3949 2615 4012 imo,
2666 3949 2810 4018 quod
2854 3949 2956 4003 viri
3004 3948 3132 4003 forti
3196 3958 3253 4004 et
3292 3951 3587 4006 constantis
3628 3958 3730 4014 est,

2168 4037 2405 4092 animum
2431 4053 2645 4103 revoca,
2672 4048 3032 4108 maestumque
3078 4040 3233 4095 mitte
3266 4040 3528 4107 dolorem,
3576 4049 3735 4111 atque

2166 4128 2291 4184 olim
2318 4129 2435 4185 haec
2460 4129 2767 4185 meminisse
2789 4129 3033 4198 juvabit;
3062 4144 3160 4199 per
3189 4131 3369 4184 varios
3414 4145 3593 4192 casus,
3640 4143 3736 4199 per

2170 4226 2251 4273 tot
2278 4218 2593 4273 discrimina
2648 4234 2832 4274 rerum
2885 4220 2950 4274 ad
2974 4219 3139 4272 vitam
3187 4218 3452 4275 tendimus
3500 4219 3734 4284 beatam,

2092 4318 2144 4377 ι)
2168 4308 2324 4364 sedes
2347 4302 2445 4365 ubi
2481 4307 2659 4373 Jesus,
2690 4309 2788 4373 uti,
2828 4318 2879 4365 te
2904 4310 3252 4378 prredicante,
3297 4310 3502 4379 accepi,
3528 4309 3736 4381 quietas

2168 4416 2266 4471 per
2292 4401 2660 4470 Evangelistas
2681 4416 2809 4457 suos
2834 4402 3101 4466 ostendit;
3135 4402 3244 4458 illic
3265 4400 3349 4458 fas
3375 4412 3458 4458 est
3479 4407 3737 4474 perpetuo

2169 4505 2290 4545 cum
2319 4489 2446 4545 Iesu
2473 4490 2750 4560 Matreque
2776 4490 2893 4557 ejus
2922 4492 3157 4561 gaudere
3178 4508 3316 4548 aevo.
3480 4489 3490 4497 ’

2239 4581 2366 4637 524.
2408 4581 2503 4637 His
2531 4581 2862 4651 itaqueﬂliae
2888 4597 3020 4637 mea:
3045 4583 3248 4648 verbis,
3278 4583 3522 4653 corporis
3550 4581 3739 4637 animi-

2170 4688 2274 4743 que
2289 4673 2490 4727 viribus
2501 4671 2773 4743 paululum
2795 4673 3146 4742 recuperatis,
3166 4674 3375 4743 quievi:
3401 4675 3737 4738 existimans,

2171 4779 2258 4819 me
2286 4780 2392 4819 non
2420 4766 2632 4833 penitus
2656 4763 2971 4818 destitutum
3001 4779 3142 4829 esse,
3186 4780 3310 4819 cum
3357 4764 3545 4829 filiam,
3593 4763 3739 4835 puel-

2172 4851 2277 4905 lam
2308 4852 2503 4917 adbuc,
2550 4853 2621 4905 ita
2670 4867 2756 4907 me
2787 4854 3164 4907 exhortantem
3214 4853 3479 4913 audirem.
3516 4852 3737 4911 Domum

2172 4940 2437 5010 religiosis
2463 4940 2712 4996 omnibus
2740 4942 2944 5012 gratias
2972 4956 3167 5013 agens,
3217 4951 3273 4996 et
3302 4943 3626 5015 quandoque
3657 4956 3745 4994 re-

2172 5033 2288 5100 ipsa
2323 5040 2688 5097 ostensurum,
2732 5032 2892 5087 modo
2929 5033 3039 5087 vita
3085 5042 3416 5103 superesset,
3462 5033 3738 5103 pollicens,

2173 5136 2266 5177 eos
2296 5121 2488 5177 missos
2511 5122 2637 5187 feci,
2665 5138 2770 5176 uno
2797 5125 2898 5179 hoc
2923 5132 3128 5178 tantum
3154 5125 3437 5190 monacho,
3471 5126 3563 5194 qui
3603 5138 3739 5179 num:

2174 5211 2383 5275 aderat,
2410 5219 2730 5267 contentus:
2765 5211 2853 5268 bic
2899 5212 3044 5267 enim
3074 5228 3285 5283 semper
3326 5227 3566 5282 przesens
3613 5212 3742 5266 meis

2174 5300 2227 5353 in
2260 5303 2673 5356 necessitatibus
2722 5313 2776 5356 et
2825 5304 3223 5358 discriminibus
3279 5304 3469 5357 adfuit.
3502 5303 3603 5359 Ubi
3636 5305 3743 5358 dis-
