4110 5362
303 183 408 240 937

1836 176 2027 235 λατιι.

3458 177 3562 237 ρει

304 285 633 370 ραι-ιιιςξιιιε
665 295 787 361 tibi,
818 306 1093 365 tetamque
1138 308 1312 349 meam
1367 290 1686 348 commendo
1732 290 1886 346 fami-
1915 300 1960 359 Α
1992 292 2246 361 vicosque
2270 305 2460 346 omnes
2494 288 2769 362 implebat,
2801 299 2999 348 matres
3018 302 3074 348 et
3098 292 3239 350 ﬁlias
3265 294 3334 350 ad
3379 293 3563 354 fletum

306 390 431 445 liam
457 403 477 453 ;
500 386 691 442 saltem
718 386 803 441 his
828 386 881 440 in
911 383 1189 454 periculis,
1226 397 1495 452 nusquam
1528 382 1767 452 gentium
1794 398 1891 436 au-

308 476 461 541 ditis,
493 476 688 531 anima:
719 491 785 530 ne
814 483 1040 545 pereant
1082 483 1302 537 nostrae,
1356 481 1444 525 tua
1485 464 1652 527 solita
1688 471 1891 541 pietate

302 568 545 623 concede
571 584 585 621 :
616 582 740 621 nam
768 566 924 621 nobis
954 580 1060 621 non
1102 580 1225 620 eum
1259 562 1600 628 mortalibus,
1628 563 1722 618 sed
1764 578 1889 619 eum

302 654 523 710 diabolo
546 671 635 712 res
656 664 762 721 est,
793 657 878 709 cui
912 654 1130 709 nomina
1160 654 1324 719 mille,
1347 653 1496 707 mille
1525 653 1750 708 nocendi
1800 668 1891 729 ar;

305 756 418 823 tes,
444 756 500 819 et
528 762 759 819 quocum
780 747 921 801 nulla
946 761 1070 816 spes
1098 744 1259 801 datur
1282 760 1393 801 non
1419 744 1596 800 soluat
1619 744 1892 818 vincendi,

308 854 497 893 verum
526 854 625 894 nec
654 840 910 894 evadendi
951 838 1188 907 quidem.

383 930 511 984 525.
549 928 648 984 His
674 930 855 996 dictis,
884 945 1044 1000 quem
1071 929 1275 984 exitum
1317 942 1405 983 res
1439 927 1691 983 habitura
1728 937 1893 993 esset,

313 1021 489 1076 tristis
515 1023 916 1092 exspectabam,
947 1037 1074 1076 cum
1107 1031 1329 1089 repente
1358 1021 1499 1075 hanc
1525 1035 1699 1075 meam
1730 1019 1895 1074 tiliam

314 1117 400 1164 ter
425 1109 714 1181 geminatis
742 1110 935 1165 ictibus
963 1109 1208 1163 diabolus
1233 1109 1493 1163 atrociter
1521 1110 1573 1163 in
1603 1109 1755 1180 genis
1782 1124 1898 1177 per-

312 1200 547 1264 cutiens,
598 1200 729 1255 mihi
766 1198 1035 1269 matrique
1085 1214 1195 1253 sua:
1226 1198 1380 1270 (nam
1410 1198 1553 1252 domi
1586 1207 1714 1253 tunc
1747 1197 1897 1268 erat)

316 1290 456 1344 ultra
487 1306 647 1362 quam
672 1291 816 1346 credi
846 1293 1035 1362 possit,
1068 1278 1329 1343 adauctus
1356 1286 1503 1361 [est]
1528 1287 1700 1354 dolor,
1728 1302 1900 1358 eoque

316 1383 655 1437 consternati
687 1381 833 1436 humi
876 1382 1365 1453 procumbebamus
1391 1397 1405 1446 ;
1433 1381 1564 1436 lilia
1605 1395 1733 1435 vero
1780 1395 1899 1435 mea

322 1472 455 1541 tales
484 1476 755 1528 cruciatus
776 1488 885 1537 nec
912 1473 1143 1544 amplius
1168 1475 1310 1529 ferre
1331 1475 1539 1541 Valens,
1566 1475 1632 1528 ad
1662 1472 1901 1544 Virginis

320 1562 501 1616 Mari-.e
534 1563 823 1633 picturam,
860 1580 980 1634 qua:
1004 1564 1149 1619 domi
1187 1566 1241 1619 in
1269 1567 1505 1636 quadam
1559 1566 1739 1621 tabula
1769 1580 1903 1622 con-

1989 380 2356 452 gemitumque
2391 381 2671 437 invitabat.
2717 380 2916 437 Verum
2967 384 3069 439 hoc
3118 385 3404 443 tacendum
3453 402 3564 446 non

1991 472 2150 536 duco,
2177 472 2277 538 uti,
2311 472 2437 526 dum
2463 474 2670 528 daemon
2715 488 2859 537 eam,
2891 474 3167 546 Virginem
3214 476 3436 534 Mariam
3487 479 3571 537 in-

1989 572 2295 630 vocantem,
2327 578 2425 632 per
2454 564 2722 619 scalarum
2754 566 2954 635 gradus
2981 567 3087 621 ulla
3138 568 3188 623 vi
3244 571 3572 629 contrudere

1994 670 2100 708 non
2128 653 2348 720 valeret,
2378 655 2546 709 iratus
2566 663 2622 710 et
2647 670 2907 712 accensus
2928 673 3046 712 eam
3072 660 3304 717 mediam
3336 659 3573 734 complc-

1993 752 2170 811 cteus,
2187 743 2373 812 sicque
2392 758 2490 813 per
2516 759 2697 801 aerem
2724 746 3034 816 deportans,
3060 748 3274 803 aiebat:
3298 749 3565 817 Pessima.

1996 847 2138 886 nunc
2171 832 2397 901 peribis,
2423 832 2642 903 jamque
2679 834 2983 906 exemplum
3020 845 3071 891 te
3111 838 3364 894 omnibus
3408 839 3572 896 dabo.

1996 925 2135 994 Quid
2165 926 2342 997 puella
2372 927 2538 997 virgo,
2572 936 2748 982 tamen
2785 928 3172 996 itaaccrrime,
3200 944 3264 984 ac
3290 929 3338 985 si
3367 930 3453 986 vir
3479 943 3572 988 es-

1996 1034 2104 1083 ses,
2138 1018 2382 1073 resistis?
2424 1017 2550 1073 Mihi
2581 1021 2763 1085 crede,
2812 1034 2916 1074 non
2964 1028 3019 1075 te
3074 1029 3181 1077 tua:
3226 1035 3434 1093 preces,
3486 1021 3576 1078 vel

2000 1118 2213 1164 tuorum
2241 1110 2516 1165 orationes
2563 1120 2800 1165 tuentur.
2841 1111 2940 1166 Cui
2987 1111 3076 1167 illa
3110 1130 3125 1167 :
3168 1114 3287 1169 Non
3329 1129 3418 1171 me
3471 1123 3580 1171 tute

1999 1202 2273 1257 deterrent
2296 1202 2473 1267 mium,
2495 1216 2528 1256 ο
2547 1202 2785 1256 omnium
2808 1203 3110 1259 daemonum
3128 1206 3363 1274 pessime
3383 1221 3400 1272 ;
3425 1215 3580 1262 verte

2000 1302 2055 1347 te
2081 1307 2275 1348 omnes
2305 1294 2357 1347 in
2387 1292 2575 1357 facies,
2613 1302 2668 1348 et
2702 1294 3247 1364 contrahe.quidquid
3293 1295 3409 1351 sive
3460 1295 3581 1350 ani.

2001 1382 2103 1453 mis
2114 1382 2230 1437 sive
2241 1391 2359 1437 arte
2374 1392 2609 1438 tartarea
2623 1382 2787 1447 vales,
2805 1392 2853 1438 te
2876 1393 3120 1454 tuasque,
3147 1391 3207 1438 ut
3222 1383 3352 1450 dixi,
3378 1385 3579 1451 minas,

1998 1472 2129 1529 Jesu
2168 1472 2497 1544 Virgineque
2527 1474 2694 1530 Maria
2721 1490 2877 1545 opem
2905 1474 3226 1541 ferentibus,
3261 1473 3577 1545 parvifacio.

2070 1565 2196 1619 328.
2240 1566 2317 1620 lta
2346 1580 2531 1621 secum
2555 1566 2733 1632 verbis
2763 1566 3166 1631 dissidentibus,
3191 1565 3401 1621 daemon
3450 1579 3509 1622 se
3552 1581 3585 1622 a

320 1644 671 1721 spiciebatur,
716 1653 1052 1725 confugiens,
1110 1655 1427 1726 suppliciter
1482 1666 1639 1710 tunso
1682 1666 1903 1726 pectore
1931 1636 1977 1698 Β
2006 1656 2180 1727 puella
2206 1656 2450 1725 separari
2470 1658 2751 1728 aegerrime
2780 1655 2980 1724 ferens,
3008 1672 3131 1712 eam
3180 1671 3344 1727 super
3391 1670 3583 1726 quem-

318 1742 671 1819 crinibusquc
720 1746 896 1814 passis
943 1747 1104 1800 talem
1149 1748 1217 1801 ad
1278 1763 1398 1803 eam
1442 1750 1744 1803 orationem
1794 1750 1904 1804 imo

322 1840 541 1902 pectore
567 1830 749 1887 ell‘udit
778 1852 790 1887 :
819 1833 936 1902 Quo
970 1851 1054 1889 me
1077 1846 1282 1891 vertam
1315 1837 1523 1904 nescio,
1560 1838 1605 1892 si
1641 1853 1726 1893 tne
1752 1838 1906 1895 dese-

322 1923 522 1987 rueris,
556 1922 720 1994 Virgo
751 1924 928 1992 beata,
961 1940 1026 1981 eo
1058 1942 1156 1995 per
1199 1925 1384 1982 Jesum
1437 1927 1603 1982 lilium
1656 1937 1806 1983 tuum
1837 1942 1906 1983 ne

325 2028 413 2068 ine
461 2015 679 2085 penitus
722 2015 948 2085 abjicias
992 2018 1289 2094 deprecor;
1336 2020 1482 2090 quod
1522 2020 1566 2075 si
1610 2020 1828 2085 ieceris,
1873 2035 1907 2075 ο

323 2106 570 2159 omnium
596 2107 861 2175 piisshna,
895 2122 980 2162 me
1008 2115 1175 2162 totam
1214 2108 1307 2163 tibi
1339 2123 1506 2165 voveo
1535 2112 1641 2165 tuis
1677 2111 1908 2166 inservi-

326 2203 509 2250 turam
535 2197 827 2268 obsequiis.
856 2198 990 2254 Mira
1026 2201 1137 2255 res!
1171 2216 1238 2255 ex
1269 2216 1334 2257 eo
1359 2202 1504 2257 enim
1525 2203 1763 2275 Virginis
1794 2202 1911 2257 Ma-

326 2289 425 2343 riae
448 2291 701 2360 precibus
731 2289 930 2346 factum
958 2303 1044 2348 est
1089 2302 1146 2347 ut
1178 2294 1310 2348 nihil
1348 2305 1632 2362 metueret,
1674 2296 1807 2351 nihil
1844 2305 1909 2350 tt-

328 2391 527 2446 meret,
560 2395 679 2435 sese
705 2382 958 2437 omnibus
987 2383 1040 2437 in
1075 2386 1299 2440 torturis
1322 2386 1683 2443 invincibilem
1715 2388 1914 2457 impas-

330 2470 651 2541 sibilcmque
678 2474 944 2529 redderet.
972 2475 1076 2542 Mc,
1104 2486 1287 2547 patres
1314 2478 1669 2544 dilectissuni,
1704 2490 1913 2550 tempus

332 2578 493 2631 quam
524 2563 685 2617 verba
716 2566 981 2621 maturius
1004 2567 1302 2629 desereret,
1353 2570 1399 2623 si
1433 2569 1485 2623 in
1514 2571 1765 2625 omnibus
1793 2584 1914 2639 qua:

332 2654 581 2709 diabolus
639 2658 689 2709 in
732 2658 872 2711 hanc
936 2674 1112 2713 meam
1162 2658 1326 2715 tiliam
1383 2661 1438 2716 in
1490 2676 1655 2716 nosve
1700 2660 1911 2732 fecerit,

332 2752 609 2802 narrando
634 2749 911 2805 immorari
964 2753 1177 2807 vellem.
1231 2754 1598 2821 Quamobrem
1653 2755 1913 2809 nonnulla

336 2826 783 2906 magismemoria
809 2841 989 2908 digna,
1007 2840 1131 2912 quia
1155 2843 1346 2897 intenti
1372 2842 1637 2912 accipitis,
1663 2842 1915 2897 referam.

408 2922 531 2979 526.
575 2927 796 2981 Instanti
831 2928 996 2999 igitur
1024 2939 1201 2997 nocte,
1229 2944 1359 2985 ecce
1386 2931 1581 2984 iterum
1609 2931 1817 2985 daemon
1850 2946 1915 2985 ex

336 3015 631 3084 improviso
661 3032 746 3072 me
773 3017 1056 3090 fatigatum
1103 3034 1313 3087 somno,
1346 3030 1507 3101 atque
1547 3020 1600 3075 id
1651 3036 1749 3075 nec
1798 3021 1935 3089 opi-'

336 3117 559 3160 nantem
590 3110 825 3177 reperire
853 3126 1101 3177 sperans,
1149 3122 1206 3165 ut
1239 3127 1415 3165 meam
1461 3110 1628 3165 ﬁliam
1672 3118 1919 3176 vexaret,

337 3211 493 3253 more
515 3213 612 3253 suo
639 3199 804 3253 venit.
843 3202 1037 3254 Verum
1069 3217 1192 3274 ego,
1221 3202 1313 3270 qui
1345 3218 1594 3256 somnum
1624 3201 1919 3271 fingebam,

337 3284 649 3346 venientem
699 3291 1029 3362 intelligens,
1080 3294 1233 3365 signo
1285 3293 1463 3348 crucis
1520 3293 1688 3347 filiam
1744 3308 1920 3347 meam

340 3389 472 3436 tunc
501 3396 748 3437 securam
777 3385 1010 3438 reddidi.
1042 3385 1095 3438 ld
1126 3385 1213 3438 ille
1260 3386 1541 3454 zegerrime
1590 3384 1791 3450 ferens,
1824 3384 1924 3438 ful-

336 3486 493 3527 crum
528 3470 650 3528 lecti
681 3474 744 3526 ad
768 3488 826 3527 se
854 3474 1080 3527 summis
1104 3473 1305 3528 viribus
1334 3474 1610 3539 trahebat;
1640 3487 1740 3545 ego
1764 3489 1922 3529 econ-

341 3572 424 3616 tra
462 3562 528 3617 a'd
580 3579 665 3618 me
710 3565 1008 3629 retrahere,
1063 3564 1339 3635 Virginem
1387 3564 1635 3630 Mariam,
1671 3575 1729 3618 ut
1768 3579 1924 3634 opem

341 3648 532 3718 ferret,
598 3653 813 3709 assidue
855 3654 1136 3710 invocans.
1191 3654 1269 3708 lla
1315 3655 1367 3709 in
1413 3655 1708 3711 miserabili
1745 3655 1926 3711 duello

343 3743 581 3797 maxima
615 3745 788 3797 noctis
816 3753 970 3814 parte
1010 3753 1342 3814 consumpta,
1395 3744 1641 3799 diabolus
1688 3744 1926 3814 Virginis

345 3830 528 3887 Maria:
552 3834 805 3903 precibus
834 3834 1008 3887 victus
1048 3832 1479 3903 furibundusque
1520 3835 1573 3887 in
1617 3831 1925 3889 inferiorem

343 3924 538 3981 domus
559 3934 768 3997 partem
794 3922 913 3980 sese
942 3926 1236 3995 preripuit;
1267 3925 1337 3979 ibi
1366 3940 1493 3979 vasa
1530 3924 1697 3978 multa
1746 3925 1932 3980 eﬂ'rin-

343 4032 496 4089 gere,
527 4019 668 4072 Ostia
717 4016 998 4072 arculasve
1041 4017 1273 4088 aperire,
1323 4017 1548 4087 strepitu
1596 4023 1652 4071 et
1700 4016 1927 4071 tumultu

346 4108 530 4165 omnia
560 4122 807 4164 miscere.
833 4108 1017 4163 Noctis
1049 4110 1210 4179 igitur
1231 4109 1373 4178 quod
1402 4106 1763 4179 superfuerat.
1824 4118 1934 4163 tre-

346 4200 458 4271 pidi
487 4216 675 4255 omnes
705 4200 979 4255 duximus.
1018 4199 1159 4254 Proh
1201 4194 1529 4256 bone‘Jesu!
1563 4201 1707 4256 hanc
1757 4216 1930 4255 meam

2006 1746 2129 1801 datu
2166 1755 2413 1817 puteum,
2436 1747 2529 1817 qui
2561 1746 2781 1802 domum
2808 1756 2963 1801 extra
2991 1754 3134 1812 erat,
3176 1744 3306 1821 [ut]
3353 1746 3424 1801 ad
3469 1754 3585 1802 ter-

2008 1852 2123 1890 ram
2172 1852 2386 1891 summa
2428 1839 2483 1892 vi
2528 1838 2808 1909 dejiceret,
2843 1837 3166 1907 deportavit.
3225 1839 3418 1894 Verum
3446 1839 3586 1909 ipsa,

2008 1926 2188 1983 divino
2221 1926 2360 1983 freta
2390 1928 2612 1993 auxilio,
2664 1945 2787 1982 cum
2834 1929 2967 1984 nihil
3021 1938 3323 1995 vereretur,
3372 1939 3589 1985 mutare

2008 2018 2336 2073 sententiam
2367 2019 2575 2073 d1emon
2612 2022 2822 2085 statuit,
2853 2029 2906 2075 et
2929 2035 3091 2090 quam
3142 2020 3307 2077 minis
3350 2021 3592 2076 acribus-

2011 2125 2116 2181 que
2144 2112 2462 2168 verberibus
2490 2128 2597 2166 non
2631 2113 2853 2177 vicerat,
2903 2112 3287 2167 calliditatibus
3313 2126 3408 2168 seu
3437 2111 3593 2168 blan-

2012 2199 2160 2254 ditiis
2186 2200 2409 2256 vincere
2434 2216 2722 2271 aggressus
2750 2210 2853 2256 est.
2885 2200 3053 2272 Igitur
3076 2216 3197 2256 eam
3245 2200 3441 2273 talibus
3465 2216 3592 2256 ver-

2012 2291 2097 2346 bis
2127 2291 2479 2347 hortabatur:
2513 2292 2665 2348 Jacta
2698 2304 2751 2348 te
2778 2293 3051 2359 deorsum,
3093 2294 3165 2348 mi
3216 2292 3546 2350 amicissima
3573 2335 3590 2361 ,

2013 2382 2150 2437 nihil
2178 2392 2261 2438 est
2305 2383 2448 2454 quod
2483 2398 2732 2452 vereare;
2780 2383 2921 2454 quod
2962 2383 3009 2438 si
3056 2383 3271 2451 feceris,
3323 2392 3446 2454 post
3487 2383 3592 2439 bac

2014 2482 2133 2530 esto
2162 2490 2372 2530 secura.
2402 2473 2482 2530 Ne
2513 2474 2733 2542 faciam,
2762 2476 2938 2546 inquit
2967 2475 3081 2541 illa,
3111 2491 3179 2531 ne
3203 2474 3418 2531 faciam.
3450 2473 3594 2543 Noli,

2014 2581 2048 2621 ο
2069 2564 2309 2620 omnium
2334 2567 2590 2637 pessime,
2617 2568 2905 2622 assentari.
2930 2566 3056 2622 lude
3079 2567 3349 2639 Virginem
3370 2566 3595 2623 Mariam

2016 2656 2071 2711 in
2109 2657 2191 2712 sui
2221 2657 2481 2712 auxilium
2506 2658 2700 2713 crebro
2727 2659 2998 2713 invocare.
3029 2658 3178 2724 Quis,
3212 2672 3246 2714 ο
3269 2656 3407 2714 bone
3430 2655 3595 2716 Jesu!

2018 2758 2131 2804 tam
2155 2750 2348 2804 obtuso
2374 2749 2608 2820 ingenio,
2632 2751 2754 2820 quis
2779 2760 2885 2804 tam
2911 2749 3075 2819 impio
3091 2759 3147 2805 et
3168 2734 3393 2805 ell‘erato
3417 2750 3600 2805 animo

2015 2847 2183 2903 esset,
2220 2838 2348 2909 quin
2376 2840 2746 2911 obrigescerct
2774 2850 2829 2895 et
2858 2849 3239 2896 concuteretur
3265 2840 3426 2897 simul
3453 2840 3603 2896 vide-

2022 2944 2080 2984 re
2108 2939 2313 2985 tantam
2345 2932 2605 2986 limmonis
2638 2932 2691 2985 in
2716 2930 2952 3002 puellam
2984 2930 3262 3003 Virginem
3309 2932 3605 2988 crudelita-

2020 3034 2152 3091 tem,
2180 3033 2236 3078 et
2261 3032 2483 3079 ec0ntra
2509 3022 2700 3095 puella:
2720 3026 2775 3078 in
2804 3039 2927 3079 eum
2958 3024 3241 3080 audaciam
3264 3025 3607 3079 animadver-

2023 3124 2157 3180 tere,
2177 3125 2233 3170 et
2257 3124 2335 3169 tot
2347 3114 2714 3186 cujuscunque
2753 3116 3078 3172 conditionis
3093 3117 3239 3173 viros
3250 3125 3308 3172 et
3323 3117 3602 3183 mulieres,

2021 3208 2114 3275 qui
2142 3206 2267 3261 illuc
2295 3207 2690 3273 conﬂuxerant,
2718 3218 2774 3261 et
2793 3206 2998 3279 jugiter
3020 3210 3388 3276 conﬂuebant,
3414 3224 3606 3265 omnes

2023 3306 2334 3369 suspensus,
2361 3307 2417 3353 et
2444 3300 2513 3353 ad
2539 3314 2654 3354 rem
2697 3316 2965 3370 nusquam
3015 3300 3282 3366 auditam,
3329 3315 3597 3369 nusquam

2023 3393 2222 3459 visain,
2271 3393 2487 3463 penitus
2533 3393 2772 3447 intentos
2819 3394 3100 3461 aSpieere;
3152 3391 3336 3447 videre
3384 3392 3610 3463 insuper

2024 3493 2257 3539 matrem
2284 3499 2390 3538 una
2417 3498 2539 3539 cum
2573 3483 2763 3554 puella:
2807 3484 3124 3550 sororibus,
3182 3483 3611 3539 multitudinem-

2026 3590 2131 3644 que
2144 3584 2515 3631 matronarum
2531 3584 2881 3648 cognatarum
2895 3585 2951 3631 ct
2972 3575 3209 3632 afﬁnium
3233 3591 3425 3634 omnes
3444 3576 3612 3632 crini-

2027 3664 2128 3718 bus
2138 3663 2327 3719 solutis
2340 3664 2606 3735 unguibus
2621 3679 2717 3719 ora
2737 3664 2968 3731 foedare,
2981 3673 3033 3721 et
3045 3675 3264 3736 pectora
3279 3666 3476 3737 pugnis
3488 3673 3609 3722 tun-

2029 3761 2180 3827 dere,
2193 3762 2266 3815 ita
2281 3770 2338 3816 ut
2349 3760 2395 3815 la
2403 3762 2665 3817 mentiset
2676 3762 2877 3833 gemitu
2890 3759 3232 3831 femiueoque
3245 3760 3455 3817 ulutatu
3471 3768 3611 3819 tecta

2029 3851 2348 3917 fremerent,
2398 3862 2679 3907 resonaret
2705 3861 2760 3907 et
2792 3853 3007 3923 magnis
3034 3852 3380 3922 plangoribus
3404 3852 3614 3908 aether?

2097 3942 2226 3997 329.
2264 3943 2536 4013 Imprimis
2561 3945 2756 3999 matris
2803 3942 3062 4013 querulze‘
3084 3958 3245 3999 voces
3294 3958 3485 3999 omnes
3518 3944 3614 4013 qui

2031 4034 2262 4089 aderant
2289 4033 2546 4089 mortales
2573 4034 2641 4090 ad
2666 4035 2926 4106 gemitum
2961 4033 3327 4105 compellere:
3358 4033 3465 4090 Per
3502 4049 3620 4090 me-

2032 4122 2151 4177 dios
2180 4122 2326 4177 enim
2357 4121 2524 4177 veluti
2552 4121 2699 4177 fatua
2727 4124 2972 4179 crinibus
3011 4124 3190 4194 passis
3235 4138 3421 4189 ruens,
3468 4124 3620 4178 voci-

2037 4211 2258 4266 ferando
2284 4211 2463 4266 aiebat
2489 4226 2504 4265 :
2536 4211 2690 4267 lianc
2713 4227 2812 4283 ego
2843 4221 2894 4267 te
2918 4212 3087 4267 tiliam
3117 4215 3346 4281 aspicio,
3376 4221 3429 4267 te
3450 4216 3612 4269 talem

347 4289 519 4346 tiliam
549 4291 743 4347 deinde
770 4292 979 4363 quoties
1005 4291 1094 4345 ille
1126 4293 1179 4344 in
1213 4292 1445 4346 maxillis
1473 4301 1526 4346 et
1546 4294 1601 4345 in
1630 4293 1782 4363 genis
1808 4307 1929 4345 vcr-
1960 4315 2012 4375 Ι)
2038 4302 2236 4357 misera
2267 4302 2513 4372 concepi,
2545 4311 2711 4372 atque
2747 4303 2814 4359 ad
2843 4304 2984 4358 hanc
3011 4304 3121 4359 alui
3144 4303 3311 4371 diem,
3342 4312 3401 4359 ut
3432 4319 3541 4359 non
3587 4320 3620 4359 ει
3657 4318 3664 4323 ·

347 4381 594 4437 berando
621 4381 990 4456 [percussit]!
1032 4391 1086 4437 et
1117 4397 1216 4453 ego
1245 4398 1350 4436 una
1389 4398 1513 4437 cum
1560 4382 1679 4453 ipsa
1726 4381 1933 4437 orando

352 4473 513 4528 ambo
551 4472 744 4527 defessi
773 4487 981 4527 sumus.

422 4562 548 4618 327.
591 4563 753 4618 Forte
777 4563 1082 4634 quinquies,
1112 4562 1266 4618 nobis
1291 4562 1670 4633 praesentibus,
1716 4562 1935 4617 domum

353 4664 506 4712 eXIra
535 4671 652 4710 eam
684 4655 886 4711 crudeli
937 4653 1150 4709 afﬁcere
1189 4664 1364 4711 morte
1397 4654 1634 4727 [voluit]
1665 4672 1680 4709 :
1725 4670 1822 4724 per
1846 4670 1937 4708 ac-

355 4758 468 4800 rem
486 4746 870 4817 ipsamjugiter
894 4744 1237 4811 clamantem,
1257 4744 1420 4816 Virgo
1433 4744 1624 4810 Maria,
1648 4744 1730 4800 fer
1753 4759 1936 4814 opem,

352 4849 509 4890 serva
544 4850 654 4902 me,
683 4837 910 4890 obsecro
935 4836 950 4888 l
980 4836 1303 4904 exportavit.
1336 4835 1382 4889 0
1425 4850 1588 4905 quam
1633 4834 1943 4890 miserabile

352 4923 639 4996 ﬂebileque
668 4925 1035 4996 spectaculum
1071 4926 1322 4981 omnibus
1348 4925 1631 4996 oppidanis
1652 4936 1786 4991 erat,
1820 4941 1942 4981 eam

355 5014 412 5072 in
447 5031 574 5072 aere
603 5031 918 5087 suspensam
949 5017 1241 5086 deportari,
1274 5031 1480 5084 nosque
1510 5017 1667 5088 longe
1711 5020 1944 5074 miseros

353 5118 479 5181 post
505 5125 624 5165 eam
659 5108 841 5164 Jcsum
875 5109 1255 5183 Virginemque
1282 5109 1507 5163 Mariam
1530 5110 1868 5177 invocantes,
1892 5123 1949 5166 et

356 5200 439 5257 uti
466 5202 688 5259 insanos
712 5210 1060 5273 preperantes
1087 5203 1371 5274 aSpiccre!
1405 5199 1581 5267 Mitto,
1611 5205 1740 5273 quid
1772 5215 1948 5259 mater

358 5290 415 5348 iu
438 5294 524 5349 his
552 5291 862 5350 infortuniis
888 5294 1107 5362 agebat,
1143 5300 1220 5352 nti
1247 5294 1369 5349 suis
1417 5296 1698 5362 questibus
1735 5298 1945 5362 plateas

2041 4393 2388 4459 mortalibus,
2429 4394 2582 4449 seda
2627 4394 2869 4449 daemone
2914 4394 3067 4449 hisce
3109 4393 3287 4449 oculis
3332 4393 3625 4451 crudeliter

2042 4485 2179 4542 allici
2210 4496 2373 4556 atque
2401 4485 2640 4555 torqueri
2667 4486 2965 4554 aspiciam?
2985 4485 3140 4542 Ome
3165 4485 3451 4541 miseram!
3485 4484 3625 4552 Quid

2042 4584 2251 4629 tantum
2278 4575 2769 4647 demerui,quidve
2819 4575 3070 4631 criminis
3115 4576 3335 4642 admisi,
3367 4585 3428 4631 ut
3453 4576 3624 4630 ﬁliam

2044 4680 2221 4720 meam
2251 4665 2486 4720 ludibrio
2512 4665 2741 4721 daemoni
2767 4680 2912 4733 esse,
2937 4674 3046 4722 tam
3072 4667 3326 4738 turpiter,
3346 4675 3456 4720 tam
3484 4662 3628 4720 foede
3658 4716 3661 4719 .

2042 4757 2296 4813 videam?
2330 4756 2484 4812 Heu!
2515 4759 2749 4826 daemon,
2785 4759 2878 4830 qui
2914 4760 3083 4815 tiliam
3127 4775 3307 4817 meam
3335 4757 3480 4813 nullo
3504 4758 3631 4827 jure

2044 4848 2301 4904 insectari
2330 4848 2596 4916 statuisti,
2621 4865 2709 4906 me
2743 4852 2928 4907 crucia
2974 4852 3182 4922 potius,
3216 4867 3305 4909 me
3353 4860 3626 4906 tormenta

2045 4939 2221 5011 (2t9)!
2249 4939 2296 4994 si
2318 4954 2424 5009 qua
2450 4939 2545 4994 tibi
2575 4951 2659 4996 est
2684 4940 2881 5011 pietas,
2927 4940 2982 4995 in
3009 4956 3097 4996 me
3119 4944 3302 4999 omnia
3336 4955 3457 5010 quae
3479 4948 3636 5008 potes

2046 5031 2252 5101 conjice
2285 5032 2462 5100 mala;
2484 5040 2580 5087 aut
2603 5043 2680 5099 tu,
2708 5033 2849 5088 bone
2872 5030 3026 5097 Jesu,
3071 5032 3237 5090 Pater
3266 5032 3481 5094 Divum,
3535 5031 3639 5087 mi-

2049 5138 2231 5180 serere
2252 5122 2421 5177 animi
2462 5138 2568 5177 non
2599 5123 2760 5194 digna
2781 5123 3011 5178 ferentis
3036 5123 3233 5193 (219'),
3264 5133 3466 5188 tuoque
3493 5117 3638 5188 invio
3672 5174 3677 5181 ,

2050 5231 2169 5272 sum
2194 5219 2298 5273 hoc
2311 5216 2537 5273 detrude
2557 5228 2721 5288 caput
2740 5219 2843 5275 sub
2868 5226 3071 5271 tartara
3090 5216 3222 5283 telo,
3244 5210 3461 5283 quando
3482 5208 3643 5266 aliter

2047 5327 2257 5362 neauen
2288 5312 2561 5362 crudelem
2586 5316 2913 5362 ahrumnere
2943 5311 3111 5362 vitam
3138 5309 3310 5362 (220).
