4110 5362
480 154 583 211 939

1555 147 1611 205 S.
1653 144 1933 205 JOANNIS
1970 143 2359 203 GU‘ALBERTI
2396 142 2678 199 ABBATIS

3618 142 3750 199 ὀίο

534 225 669 325 1550.
709 265 837 323 inde
874 262 1147 339 paululum
1195 261 1262 318 ad
1291 277 1480 318 sanam
1526 262 1739 317 rediens
1790 270 2049 323 mentem,
2081 265 2128 324 Λ
2157 260 2402 329 prorupi,
2453 258 2567 312 Ha!
2599 272 2697 313 cur
2743 271 2831 312 me
2876 257 2927 311 in
2957 255 3155 326 oppido
3184 254 3393 326 ingenti
3421 248 3598 311 solum
3649 257 3749 311 in'

475 360 544 415 ad
571 355 828 430 populum
862 368 922 410 se
944 362 1269 409 convertens
1294 352 1464 422 inquit
1495 369 1509 431 εγ
1538 350 1581 407 Ο
1608 366 1724 415 vos,
1751 349 2049 420 praesertim

475 440 703 514 matres,
732 444 932 509 audite,
977 444 1019 497 si
1048 457 1150 511 qua
1181 434 1287 510 piis.
1313 441 1511 496 animis
1545 440 1715 509 gratia
1745 440 1847 493 mei
1880 437 2052 491 infeli-

475 541 556 595 cis
583 545 786 600 manet,
840 549 932 590 seu
984 533 1105 586 filiae
1159 527 1310 594 mete,
1346 522 1395 584 in
1430 523 1582 585 tanto
1610 530 1811 599 talique
1855 527 2047 584 discri-

473 631 621 685 mine
667 620 874 699 positae,
912 622 1043 679 cura
1104 615 1398 689 remordet,
1455 620 1609 675 ﬂexis
1657 620 1892 705 genibus
1944 634 2048 671 una

473 729 682 775 rnecum
713 716 918 779 Jesum,
953 706 1359 784 piissimamque
1402 710 1627 765 Mariam
1678 718 1905 763 matrem
1936 706 2050 776 ejus

415 797 421 805 ’
471 808 754 873 in-vocetis,
783 806 829 862 si
857 804 994 860 forte
1016 819 1112 860 sua
1152 804 1308 859 solita
1345 803 1544 873 pietate
1567 816 1722 871 opem
1750 798 1905 863 ferat,
1932 815 2048 853 oro.
2090 874 2093 881 ‘

471 904 623 975 Quod
661 892 783 958 mOX
822 902 1000 957 fecere
1050 914 1261 955 omnes.
1290 896 1333 954 Ο
1359 896 1489 952 Jcsu
1531 897 1698 951 bone!
1743 892 1774 950 e
1822 892 2050 965 vestigio

470 999 579 1053 filia
619 998 684 1052 ad
716 984 955 1050 matrem
988 984 1192 1055 ruens,
1223 990 1378 1045 hilari
1422 978 1765 1059 iucundaque
1809 985 1945 1040 facie
1977 986 2047 1038 ita

469 1104 586 1142 eam
613 1084 924 1141 semivivam
969 1074 1177 1136 solatur
1204 1097 1217 1132 :
1250 1070 1364 1133 Mea
1402 1088 1578 1132 mater
1604 1077 1741 1147 pelle
1778 1077 2045 1138 timorem,

467 1180 597 1231 tierc
624 1176 835 1238 desine;
885 1172 975 1228 hic
1027 1173 1213 1227 adsum
1252 1179 1339 1226 tua
1399 1169 1537 1235 filia;
1570 1168 1644 1222 nil
1674 1167 1933 1222 daemonis
1965 1164 2048 1218 lu-

470 1268 644 1323 dibria
693 1275 922 1326 metuas,
963 1280 1080 1320 oro.
1128 1264 1331 1318 Forsan
1370 1278 1454 1316 me
1485 1258 1724 1330 torqueri
1752 1268 1806 1314 et
1838 1257 2052 1313 crucia-

475 1358 620 1414 tibus
642 1356 776 1412 allici
801 1357 990 1427 putas?
1019 1356 1255 1418 Minime,
1286 1369 1405 1408 mea
1434 1360 1610 1407 mater
1639 1369 1653 1419 ;
1692 1352 1799 1405 imo
1825 1348 1975 1405 suavi
1998 1355 2054 1400 et

467 1446 815 1504 inenarrabili
848 1444 1052 1500 allieior
1096 1444 1398 1500 dulcedine.
1448 1442 1675 1513 Semper
1700 1440 1869 1505 enim,
1898 1439 2051 1493 deso-

470 1538 708 1594 latorum
737 1535 1026 1608 refugium,
1059 1534 1226 1605 Virgo
1268 1533 1436 1588 Maria
1465 1522 1826 1603 praesens'cst,
1868 1520 2095 1608 honr;

2152 349 2353 403 sectari
2392 346 2662 401 statuisti?
2695 347 2736 400 A
2787 360 2873 401 me
2920 355 2974 400 et
3012 362 3041 399 a
3090 345 3198 399 lilia
3249 360 3389 411 mea,
3447 360 3566 410 oro,
3601 346 3745 417 quid

2152 438 2267 503 vis;
2302 438 2498 508 quidve
2547 437 2819 507 inquiris?
2855 436 2910 491 Si
2933 437 3135 508 justum
3183 438 3423 506 petieris,
3462 426 3531 493 et
3561 439 3616 493 in
3672 454 3744 493 re

2154 514 2528 600 potestateque
2581 538 2762 584 nostra
2816 529 3003 593 fuerit,
3035 528 3162 591 fiet;
3222 538 3425 583 tantum
3470 525 3559 587 dic
3599 529 3742 599 quid

2151 619 2253 685 vis,
2293 618 2601 674 Nihiialiud
2625 619 2767 681 volo,
2802 618 2902 673 nisi
2953 619 3092 673 hanc
3143 628 3287 672 tuam
3319 604 3511 683 liiiam,
3556 619 3745 689 inquit

2090 699 2097 711 "
2151 709 2258 763 ille.
2286 709 2385 764 Cui
2428 724 2564 779 ego:
2607 709 2870 771 Creatnra
2911 709 3004 765 Dei
3041 726 3162 764 cum
3196 710 3289 775 sit,
3337 724 3455 763 cam
3484 709 3581 764 tibi
3614 718 3740 765 tra-

3712 798 3739 811 Ὀ

2151 798 2280 854 dere
2311 814 2411 854 nec
2442 800 2563 854 volo
2615 815 2715 855 nec
2748 815 2988 868 possum.
3042 798 3157 864 Sat,
3205 800 3395 869 inquit,
3428 798 3625 859 habeo.
3684 798 3742 857 ei

2152 891 2402 946 monialis
2430 907 2535 946 non
2575 890 2821 947 eilicitur.
2914 902 2917 907 ‘
3784 876 3791 885 ’

2220 983 2345 1039 553.
2388 984 2499 1055 Ego
2552 984 2754 1054 itaque,
2807 985 3019 1055 cognita
3067 998 3143 1047 re,
3175 999 3284 1054 prae
3331 984 3497 1040 nimia
3546 985 3741 1042 cordis

2089 1070 2094 1076 ’
2152 1076 2373 1130 tristitia
2414 1084 2594 1130 mente
2622 1090 2799 1131 czeens
2837 1076 3001 1131 tiliam
3036 1077 3262 1132 seorsim
3303 1080 3576 1133 advocans
3605 1079 3734 1132 aio:

2151 1166 2283 1220 Filia
2312 1180 2429 1220 mea
2464 1166 2809 1231 dulcissima,
2858 1176 2914 1221 ut
2959 1168 3194 1239 propriis
3244 1168 3412 1223 oeulis
3444 1169 3740 1239 aspexisti,

2155 1256 2284 1312 nihil
2309 1258 2377 1311 ὸΙι
2424 1258 2654 1327 gratiam
2698 1258 2771 1311 tui
2808 1258 3054 1313 inausum
3109 1259 3298 1329 reliqui
3331 1259 3419 1331 [ex
3457 1259 3573 1331 iis,]
3608 1274 3739 1329 qum

2153 1349 2298 1418 potui
2328 1347 2533 1402 infelix.
2564 1347 2664 1415 Qui
2704 1358 2901 1404 memet
2954 1350 3005 1403 in
3054 1349 3234 1404 omnia
3272 1351 3430 1415 verti,
3475 1351 3670 1406 vincor
3702 1366 3736 1404 a

2156 1439 2392 1506 diabolo.
2419 1440 2572 1507 Quod
2608 1442 2652 1497 si
2685 1457 2818 1498 mete
2845 1458 3036 1513 preces
3055 1458 3158 1498 non
3189 1453 3314 1498 sunt
3342 1460 3549 1514 magna:
3570 1444 3737 1508 satis,

2157 1530 2396 1586 dubitem
2444 1532 2583 1587 haud
2637 1534 2884 1603 equidem
2931 1533 3242 1605 implorare,
3288 1536 3432 1604 quod
3496 1551 3740 1605 usquam

465 1630 577 1694 tu‘r,
612 1628 831 1697 adiuvat
929 1642 1271 1697 perseverem
1305 1637 1491 1681 monet
1518 1640 1533 1679 :
1576 1624 1687 1689 Sic,
1718 1613 1912 1693 inquit,
1942 1620 2050 1675 filia
2081 1599 2127 1657 Β
2153 1629 2256 1676 est.
2281 1620 2397 1676 Non
2422 1622 2531 1676 vult
2573 1632 2623 1679 te
2661 1624 2869 1679 dtemon
2919 1625 3206 1680 monialem
3231 1623 3388 1680 eﬂici.
3411 1625 3741 1682 Assentien-

466 1716 575 1775 'ttir
603 1722 670 1776 ad
710 1728 878 1775 astra.
912 1719 1055 1784 Ideo,
1112 1729 1166 1773 tu
1218 1733 1335 1773 mea
1364 1727 1559 1783 mater,
1604 1727 1824 1785 vosque,
1863 1727 2050 1768 omnes

463 1811 674 1880 parcite
732 1811 929 1876 metui,
988 1811 1171 1880 ponite
1226 1810 1441 1863 modum
1495 1807 1687 1869 dolori,
1747 1814 1802 1860 et
1846 1808 2048 1876 gratias

461 1902 684 1959 Christo
715 1902 864 1965 Jesu,
893 1902 1209 1973 Virginiqne
1246 1901 1427 1956 Mariae
1456 1900 1613 1955 matri
1641 1888 1777 1971 ejus,
1811 1899 1855 1953 si
1894 1897 2045 1967 plura
2080 1880 2087 1905 ’

460 2000 515 2046 et
540 1990 745 2068 majora
768 1992 1110 2054 nubisadlntc
1136 1992 1274 2054 mala
1296 2001 1609 2069 supersunt.
1641 1990 1783 2060 agile
1808 2003 2041 2058 εειηιιοικ

516 2084 653 2144 551.
694 2090 818 2147 llzec
841 2092 1022 2161 itaque
1054 2091 1174 2147 lilia:
1213 2107 1345 2147 mea!
1391 2093 1573 2156 verba,
1608 2102 1713 2144 non
1745 2081 1917 2145 solum
1956 2079 2043 2150 ,ἰυ-

460 2180 741 2249 cu'nditati,
765 2199 948 2239 verum
976 2194 1029 2239 et
1080 2185 1422 2240 admirationi
1464 2184 1714 2239 omnibus
1761 2182 2040 2238 exstitere.

458 2267 684 2330 Démum
708 2275 935 2346 quisque
962 2292 1221 2348 suspenso
1256 2277 1437 2330 animo
1462 2276 1677 2330 domum
1717 2288 1868 2328 suam
1912 2288 2041 2327 con-

456 2356 650 2433 cessit,
672 2383 773 2443 nos
806 2370 889 2423 vix
923 2368 1026 2424 iteti
1056 2371 1201 2425 intro
1244 2369 1495 2440 ingressi,
1536 2367 1749 2437 aliquod
1782 2381 1975 2421 novum
2007 2380 2036 2418 a

458 2457 701 2514 daemone
748 2474 964 2527 semper
983 2461 1396 2530 Opperiebamur
1428 2459 1648 2514 maimn.
1677 2456 1880 2527 Nempe
1909 2456 2035 2511 dum

454 2545 570 2600 haec
600 2545 850 2618 lacrymis
873 2546 1077 2603 obortis
1106 2548 1261 2603 nobis
1288 2552 1386 2604 suo
1411 2547 1619 2611 ordine,
1645 2554 1704 2599 ut
1725 2544 1857 2609 dixi,
1879 2558 2036 2598 enar-

456 2636 625 2702 raret,
647 2650 836 2691 omnes
857 2636 939 2691 sui
969 2636 1238 2700 misereri,
1269 2637 1404 2691 adeo
1427 2622 1485 2691 ut
1515 2634 1832 2704 quibusdam
1856 2633 2036 2703 iaery-

454 2739 574 2780 mas
601 2732 860 2779 moveret.
900 2723 1028 2778 lndc
1056 2724 1209 2789 illud,
1253 2723 1397 2794 quod
1448 2730 1696 2792 superest
1734 2722 1930 2786 adhuc,
1980 2720 2033 2774 ni

457 2810 743 2867 m‘olestum
773 2819 878 2877 cst,
905 2812 1093 2880 paucis
1136 2812 1418 2867 disseram.
1444 2811 1539 2867 Cui
1564 2826 1785 2866 omnes:
1818 2809 2027 2863 Dicite:

454 2918 581 2958 nam
617 2901 750 2957 nihil
781 2902 831 2956 in
878 2901 1096 2956 instanti
1130 2909 1372 2972 tempore
1413 2902 1619 2972 gratius
1669 2900 1783 2956 ileti
1831 2892 2083 2972 potestn'

452 2998 717 3050 et‘sumus
740 2989 917 3049 otiosi.
962 2992 1104 3047 Dum
1125 2994 1289 3060 enim,
1326 3002 1384 3047 ut
1405 2993 1565 3063 paulo
1593 3000 1718 3047 ante
1750 2991 1932 3058 retuli,
1979 2992 2032 3046 in

454 3092 515 3139 re’
566 3084 729 3159 dubia
774 3098 1066 3155 suspensos
1126 3086 1337 3140 animos
1400 3100 1732 3155 gereremus,
1784 3097 1910 3138 ecce
1966 3096 2033 3136 ex

454 3174 752 3245 improviso
806 3176 1014 3230 daemon
1051 3176 1288 3231 atrocius
1325 3175 1483 3229 solito
1537 3173 1700 3229 ﬁliam
1750 3188 1925 3228 meam
1978 3172 2032 3227 in

450 3266 662 3337 primis,
698 3266 894 3322 deinde
922 3281 1007 3321 me
1037 3267 1376 3339 aggrediens,
1406 3266 1570 3338 pedes
1595 3274 1876 3339 totumque
1908 3280 2033 3321 cor-

451 3370 553 3426 pus
583 3357 884 3412 mordicatu
907 3338 1209 3423 cruciabat,
1243 3374 1350 3413 non
1376 3373 1532 3414 secus
1555 3372 1619 3413 ac
1654 3338 1851 3412 famuli
1897 3372 2035 3429 prae-

450 3447 585 3503 toris
613 3447 798 3519 ignitis
826 3448 1121 3520 forcipibus
1145 3450 1345 3505 nudum
1378 3449 1617 3505 damnati
1646 3464 1842 3520 corpus
1868 3449 2035 3503 variis
2072 3440 2079 3447 ’

449 3542 507 3595 in
535 3541 799 3610 partibus,
825 3541 915 3597 illo
943 3542 1207 3598 clamores
1224 3543 1475 3599 horridos
1497 3543 1563 3599 ad
1590 3544 1767 3600 sidera
1791 3544 2029 3609 tollente,

448 3634 765 3687 excruciant
800 3651 813 3688 :
849 3649 973 3687 nam
999 3635 1156 3689 modo
1192 3651 1337 3699 crus,
1373 3636 1641 3689 interdum
1675 3650 1836 3706 genu,
1862 3649 2033 3705 quan-

449 3725 627 3794 doque
676 3733 894 3794 pectus,
939 3741 1327 3796 nonnunquam
1373 3742 1539 3797 genas
1568 3727 1699 3781 mibi
1741 3726 2034 3781 crudeliter

450 3832 549 3873 seu
593 3817 845 3871 dentibus
872 3832 965 3871 seu
1019 3818 1287 3887 unguibus
1333 3809 1488 3889 (nihil
1537 3819 1680 3873 enim
1721 3818 2033 3887 conspicere

450 3904 786 3975 poteramus)
819 3906 1112 3961 attrahere.
1706 3926 1711 3931 α
1769 3925 1775 3932 ι

517 3996 644 4053 552.
686 3997 786 4065 Qui
833 4013 957 4053 cum
982 3997 1036 4052 in
1069 3998 1153 4053 bis
1182 3997 1600 4067 difﬁcultatibus,
1632 4000 1759 4071 quid
1790 4014 2030 4073 agerem,

449 4088 760 4155 nescirem,
792 4088 938 4145 ‘Jesu
994 4089 1361 4161 reapi‘ciente,
1424 4092 1491 4146 ad
1542 4091 1759 4147 solitum
1811 4093 2030 4147 unicum

454 4177 685 4252 Virginis
728 4179 910 4235 Maria:
953 4181 1260 4251 praesidium
1313 4182 1552 4253 confugi,
1596 4182 1748 4254 cujus
1783 4182 2029 4239 Ollicium

2153 1712 2278 1767 dum
2311 1721 2417 1779 est,
2447 1714 2492 1768 si
2527 1714 2714 1769 saltem
2747 1714 2849 1768 hac
2878 1718 3061 1782 causa,
3120 1716 3224 1772 sibi
3276 1716 3578 1787 potisSima,
3629 1731 3742 1772 nos

2151 1802 2364 1872 insequi
2388 1804 2699 1873 desisteret,
2736 1805 2781 1860 si
2831 1803 2971 1860 forte
3009 1815 3278 1877 parceret,
3312 1807 3381 1875 psi
3438 1806 3600 1862 finem
3641 1807 3741 1864 bis

2149 1893 2309 1950 malis
2347 1895 2521 1951 daret.
2573 1896 2685 1952 lloc
2732 1899 2875 1953 enim
2910 1898 3005 1952 tibi
3050 1913 3155 1952 non
3185 1907 3387 1963 vatum,
3421 1914 3613 1954 verum
3641 1900 3740 1954 de-

2147 1987 2293 2041 votio
2317 1989 2562 2053 exstitit;
2599 2004 2702 2044 non
2746 1989 3002 2060 obligatio
3046 1991 3273 2063 integra,
3329 1993 3421 2047 sed
3473 1992 3734 2062 qnazdam

2144 2075 2282 2131 bena
2315 2078 2588 2145 voluntas;
2627 2081 2746 2135 ideo
2789 2080 2928 2135 hanc
2975 2097 3003 2135 a
3053 2090 3104 2136 te
3136 2081 3463 2137 voluntatem
3500 2083 3737 2152 penitus

2144 2168 2417 2231 amoveas,
2450 2184 2567 2229 oro,
2600 2179 2654 2223 et
2682 2170 2798 2233 tibi,
2829 2171 3088 2243 nobisque
3105 2172 3320 2233 deﬂuam
3344 2173 3577 2249 quietem
3604 2173 3731 2232 dari

2143 2265 2293 2319 velis.
2326 2259 2408 2321 Ad
2440 2260 2555 2323 [me
2587 2260 2692 2323 ﬁlia
2726 2278 2842 2324 mea
2876 2279 2889 2324 ζ
2923 2260 2981 2324 Si
3028 2270 3157 2324 mihi
3194 2285 3296 2325 non
3328 2271 3509 2324 animo
3553 2269 3735 2326 fixum

2140 2354 2531 2428 inimotumque
2603 2359 2834 2420 sederet,
2901 2375 2968 2414 ne
3019 2360 3105 2415 cui
3167 2375 3251 2415 me
3302 2359 3478 2415 vinclo
3524 2358 3728 2414 vellem

2139 2448 2348 2503 sociare
2367 2449 2535 2521 jugali
2563 2451 2759 2523 (220‘),
2792 2460 2846 2507 et
2873 2454 2917 2507 si
2942 2452 3102 2524 Virgo
3129 2452 3293 2507 Maria
3323 2468 3556 2523 pugnam
3589 2467 3724 2508 cum

2138 2537 2350 2591 diabolo
2363 2553 2461 2607 pro
2476 2554 2560 2594 me
2583 2554 2690 2594 non
2722 2540 2906 2606 iniret,
2927 2541 3052 2596 huic
3077 2541 3169 2595 uni
3201 2541 3381 2596 forsan
3412 2543 3561 2619 potui
3588 2556 3727 2597 suc—

2138 2629 2392 2686 cumbere
2423 2633 2595 2702 culpae
2621 2650 2633 2686 :
2664 2633 2757 2688 sed
2801 2634 2931 2688 mibi
2979 2633 3063 2689 vel
3110 2634 3288 2700 tellus,
3331 2643 3528 2704 optem,
3568 2635 3731 2704 prius

2138 2721 2242 2775 ima
2275 2722 2536 2789 dehiscat,
2564 2724 2647 2779 vel
2695 2736 2848 2796 pater
2888 2726 3231 2797 omnipotens
3260 2726 3440 2797 adigat
3492 2741 3577 2780 me
3618 2726 3730 2781 ful-

2134 2811 2280 2865 mine
2301 2813 2368 2867 ad
2397 2815 2639 2880 umbras,
2671 2815 2934 2884 pallentes
2950 2816 3167 2871 umbras
3192 2816 3364 2881 erebi,
3394 2826 3728 2885 noctemque
3774 2804 3779 2807 ’

2134 2901 2642 2974 profundam,ante,
2668 2906 2858 2975 pudor,
2883 2922 3041 2976 quam
3069 2915 3119 2962 te
3135 2905 3325 2961 violem
3355 2906 3524 2977 (29.1),
3542 2917 3635 2960 aut
3668 2917 3725 2962 te

2137 2993 2407 3069 deseram,
2439 2994 2654 3051 Christe
2679 2994 2846 3063 Jesu;
2902 3006 2954 3051 tu
2988 2997 3076 3068 qui
3106 2997 3312 3066 primus
3350 3013 3378 3052 a
3427 3012 3512 3050 née
3549 3013 3727 3052 vanos

2136 3078 2317 3141 saeculi
2349 3086 2620 3142 abstulisti
2670 3104 2903 3156 amores,
2936 3105 3020 3143 me
3053 3102 3365 3151 conserves,
3419 3103 3613 3158 meque
3646 3087 3720 3142 li-

2134 3174 2316 3241 beres,
2340 3192 2435 3231 oro
2458 3193 2778 3249 precorque.
3014 3180 3019 3189 '
3120 3170 3121 3173 “

2195 3264 2331 3319 554.
2372 3264 2467 3321 Sic
2496 3265 2677 3332 effata,
2705 3268 2772 3322 ad
2798 3266 3043 3338 Virginis
3077 3266 3259 3323 Marhe
3304 3268 3495 3324 matris
3526 3268 3723 3339 imagi-

2136 3370 2262 3412 nem
2311 3373 2495 3424 rucns,
2543 3360 2718 3414 sinunt
2776 3359 3030 3430 lacrymis
3078 3359 3319 3430 implevit
3360 3362 3590 3418 obortis.
3623 3361 3721 3417 llis

2137 3461 2420 3514 accensus,
2453 3459 2651 3519 praesto
2696 3450 2856 3504 alluit
2894 3451 3171 3505 hominum
3209 3451 3296 3507 ille
3336 3455 3608 3521 seductor,
3638 3464 3720 3523 et,
3768 3516 3773 3521 ,

2135 3533 2260 3608 quia
2283 3539 2589 3605 discordize,
2620 3540 2919 3597 simultates
2945 3550 3000 3596 et
3047 3543 3139 3596 ira:
3184 3558 3318 3612 quas
3346 3552 3721 3615 suggesserat,
3770 3614 3775 3615 γ

2135 3643 2325 3698 parum
2363 3641 2771 3699 processerant,
2805 3632 2940 3685 utin
2986 3630 3090 3686 Job
3116 3630 3247 3687 olim
3278 3632 3452 3687 virum
3475 3630 3719 3702 justissi-

2136 3734 2311 3785 mum,
2338 3721 2410 3774 ita
2446 3730 2502 3775 et
2544 3722 2596 3776 in
2630 3721 2796 3777 filiam
2827 3737 3005 3776 meam
3046 3723 3235 3779 saevire
3264 3723 3430 3794 carpit
3458 3741 3472 3777 :
3502 3713 3633 3779 nam
3659 3721 3720 3781 in

2135 3812 2327 3882 primis
2370 3812 2567 3868 lineam
2616 3822 2841 3880 vestem,
2884 3829 2993 3884 qua
3046 3828 3241 3869 carnes
3280 3822 3554 3885 teguntur,
3592 3813 3722 3869 inde

2135 3904 2375 3970 laneam;
2404 3908 2647 3971 demum,
2676 3911 2795 3976 quae
2816 3906 3006 3961 sericis
3037 3905 3271 3976 desuper
3294 3915 3550 3963 contexta
3575 3915 3719 3971 erat,

2134 3983 2195 4050 ut
2225 3996 2433 4052 nubiies
2481 3997 2659 4054 solent
2707 3999 2850 4053 ferre
2905 3997 3115 4068 puellae,
3172 3998 3501 4054 frustulatim
3533 3997 3721 4069 fregit,

2134 4085 2415 4153 laceravit,
2453 4088 2756 4160 dissipavit,
2806 4088 3172 4158 consumpsit;
3204 4103 3432 4159 eamque
3469 4088 3585 4144 fere
3618 4105 3725 4144 nu-

2135 4168 2258 4232 dam
2282 4176 2558 4245 deserens,
2585 4182 2778 4250 capitis
2801 4195 3009 4236 comam
3041 4181 3090 4234 vi
3114 4180 3344 4236 evellere
3370 4182 3561 4251 coepit.
3610 4181 3724 4236 Ex-

444 4283 571 4323 cum
594 4269 787 4324 devote
825 4284 1008 4324 coram
1057 4270 1291 4343 imagine
1338 4288 1434 4327 sua
1480 4286 1817 4344 peragerem,
1866 4273 1917 4327 id
1960 4288 2032 4327 ω-
2059 4284 2109 4345 ι)
2137 4269 2337 4325 clamat
2368 4271 2476 4325 ﬁlia
2508 4290 2520 4326 :
2555 4271 2624 4326 Mi
2657 4281 2828 4342 pater,
2861 4271 3226 4337 fertunicam,
3273 4286 3364 4329 me
3401 4273 3603 4327 nudam
3625 4288 3720 4327 co-

446 4357 679 4428 gerrime
729 4360 938 4438 daemon
988 4358 1188 4426 ferens,
1241 4359 1436 4416 librum
1465 4362 1573 4416 vie
1603 4362 1853 4417 manibus
1896 4362 2029 4418 meis

447 4448 690 4515 abstulit,
745 4449 1024 4520 lampades
1079 4467 1376 4523 cereusque
1427 4469 1686 4511 accensos
1741 4457 2025 4523 exstinxit,

447 4538 662 4594 arculas
688 4554 896 4605 omnes,
924 4542 1308 4611 supellectilem
1336 4543 1520 4609 etiam,
1550 4559 1785 4614 vasaque
1805 4547 2029 4601 subver-

450 4629 535 4695 tit,
575 4628 855 4694 laceravit,
888 4629 1086 4702 fregit;
1138 4640 1215 4698 et,
1256 4649 1324 4688 ne
1354 4634 1581 4697 'multis,
1608 4636 2028 4705 paternitatibus

448 4719 648 4775 vestris
686 4718 847 4773 taedio
875 4720 998 4784 sim,
1035 4729 1241 4777 tantum
1275 4724 1588 4779 detrimenti
1622 4726 1753 4779 mihi
1781 4726 1833 4779 in
1865 4727 2028 4781 rebus

446 4810 737 4868 mobilibus
761 4811 972 4878 attulit,
1003 4823 1062 4867 ut
1089 4814 1229 4869 ultra
1258 4825 1478 4870 centum
1495 4831 1689 4873 aureos
1719 4817 1773 4871 in
1825 4818 1910 4872 his
1942 4833 2028 4872 rc-

445 4900 763 4958 staurandis
782 4904 1274 4976 recuperandisque
1299 4908 1667 4977 exposuerim.
1697 4905 1830 4962 Cum
1864 4908 2030 4978 igitur

446 4991 650 5048 diaboli
705 4995 884 5064 gravis
940 4994 1042 5059 ira,
1103 5011 1206 5051 nec
1261 4996 1626 5051 exsaturabile
1685 5006 1894 5066 pectus,
1943 5013 2029 5052 me

447 5091 704 5152 cogerent
724 5097 915 5152 preces
940 5085 1270 5141 descendere
1296 5087 1348 5140 in
1373 5100 1584 5152 omnes,
1607 5080 1733 5155 quia
1754 5101 1876 5140 eum
1927 5101 2028 5142 nec

2133 4363 2307 4431 operi,
2326 4363 2689 4433 tuque,Vi,rgo
2713 4361 2880 4416 Maria
2902 4361 3237 4431 dulcissima,
3253 4360 3335 4417 fer
3353 4376 3532 4433 opem,
3556 4377 3720 4419 serva

2130 4452 2480 4518 me,obsecro
2500 4454 2527 4506 ε’
2544 4453 2652 4522 Ego
2677 4453 2730 4506 in
2761 4460 2912 4506 tanto
2937 4452 3250 4508 discrimine
3271 4468 3396 4508 cum
3423 4453 3515 4509 vix
3537 4467 3722 4509 essem
3750 4502 3755 4503 γ

2131 4542 2274 4611 apud
2306 4558 2412 4605 me,
2446 4551 2503 4597 et
2531 4551 2759 4596 mortem
2787 4540 3014 4613 [potius]
3053 4533 3213 4611 quam
3239 4541 3406 4596 vitam
3446 4551 3719 4613 optarem,

2134 4641 2309 4685 tamen
2347 4631 2490 4686 illico
2517 4632 2751 4685 tunicam
2776 4630 2978 4698 afferri,
3021 4631 3144 4687 inde
3168 4642 3440 4687 tonsorem
3474 4633 3719 4688 vicinum

2130 4723 2328 4777 cursim
2384 4724 2636 4776 advocari
2688 4724 2847 4794 jussi.
2906 4722 3008 4779 Ubi
3049 4725 3220 4790 venit,
3283 4725 3480 4793 capitis
3531 4726 3721 4782 crines

2128 4811 2326 4878 flavos,
2353 4814 2429 4868 uti
2454 4830 2597 4869 nunc
2625 4815 2790 4869 etiam
2818 4815 3173 4885 conspicitur,
3214 4818 3447 4871 totondit
3473 4828 3528 4873 et
3554 4819 3716 4875 rasit.
3756 4796 3765 4807 I

2199 4907 2324 4964 535.
2367 4907 2460 4962 liis
2488 4908 2777 4976 diligenter
2799 4895 3052 4976 expletis,
3093 4926 3179 4965 me
3208 4910 3612 4982 cumlacryutis
3656 4912 3717 4967 in

2127 4999 2429 5054 orationem
2462 4999 2583 5052 dedi
2626 4997 2831 5075 adeso,
2881 4998 3122 5067 inquam,
3153 4999 3509 5077 omnipotens
3528 5001 3716 5071 aspice

2130 5104 2229 5145 nos
2250 5089 2352 5144 hoc
2392 5086 2469 5158 [in
2498 5088 2763 5158 periculo]
2790 5078 3022 5157 tantum,
3045 5092 3181 5157 et,si
3198 5092 3396 5158 pietate
3414 5106 3710 5158 meremur,
