4110 5362
292 166 392 223 θιι

1790 158 1988 212 ACTA.

3432 148 3537 209 9‘2

295 289 501 352 patres,
530 275 671 347 quod
713 273 996 331 consilium
1029 271 1190 338 mihi,
1217 279 1310 326 aut
1354 283 1473 340 quae
1507 267 1618 338 jam
1651 269 1861 324 fortuna
1891 275 1936 332 Λ
1965 268 2106 340 plius
2149 267 2388 340 perferre
2436 268 2704 336 dolorem,
2754 269 2805 322 in
2834 268 2947 322 haec
2974 267 3215 340 prorupit
3237 266 3422 324 'vcrba
3451 287 3464 324 :
3491 270 3538 327 0

295 371 564 429 dabatur?
588 384 694 439 quo
723 367 865 422 enim
909 365 1101 420 melius
1128 379 1223 435 per
1252 378 1338 418 me
1382 363 1464 417 vel
1491 379 1586 432 per
1613 362 1748 416 alios
1771 361 1868 416 ﬁe-

295 466 411 529 bat,
443 457 779 517 eodiaholus
821 455 1090 512 crudelior
1123 454 1175 508 in
1229 468 1328 508 nos
1376 453 1602 507 miseros
1655 451 1869 506 saevire.

296 541 530 610 Econtra
581 550 684 605 ﬁlia
738 565 855 603 mea
886 547 1071 610 solari,
1103 546 1327 611 hortari,
1359 560 1548 608 orare,
1582 561 1647 599 ne
1697 553 1870 598 tanto-

296 660 426 716 pere
478 644 761 698 irascerer.
805 641 941 695 llinc
967 637 1232 708 profecto,
1285 634 1617 690 venerabiles
1667 644 1867 704 patres,

298 735 528 790 Domino
555 733 700 795 Jesu,
731 729 1049 801 Virgiuique
1071 729 1252 782 Mariae
1277 729 1433 781 matri
1467 727 1582 796 ejus
1610 742 1715 780 non
1745 740 1871 796 par-

296 842 395 881 vas
421 825 625 894 gratias
663 824 908 892 agebam,
953 821 1040 889 qui
1095 820 1225 874 mihi
1275 819 1326 872 in
1379 829 1456 872 tot
1485 817 1755 886 tantisque
1793 816 1873 871 di-

297 915 645 972 scriminibus
681 914 856 983 posito
911 912 1069 966 talem
1103 911 1378 966 dedissent
1405 910 1597 969 ﬁliam.
1630 906 1707 980 [in
1741 907 1870 980 qua]

296 1008 576 1071 haberem,
609 1021 715 1075 quo
747 1004 1112 1074 confugerem,
1163 1003 1252 1057 ubi
1283 1001 1745 1071 conquiescerem,
1775 1015 1872 1054 cu-

290 1101 382 1172 jus
411 1100 464 1155 in
485 1113 736 1154 sermone
756 1106 810 1151 et
839 1097 1105 1151 suavitate
1127 1109 1316 1149 omnes
1337 1110 1498 1149 curas
1529 1094 1873 1162 doloremque

295 1189 641 1258 deponerem.
687 1184 920 1241 Mirabar
948 1195 1209 1255 praeterea
1251 1201 1592 1253 summopere
1635 1184 1870 1239 incredi-

295 1281 460 1336 bilem
537 1279 654 1350 ejus
715 1279 971 1332 virtutem
1028 1285 1084 1331 et
1151 1275 1572 1340 fortitudinem,
1647 1290 1873 1344 eamque

297 1387 474 1441 neque
523 1369 688 1424 animi
738 1383 912 1436 neque
965 1366 1208 1435 corporis
1256 1364 1532 1418 laboribus
1572 1363 1870 1435 defatigari.

297 1463 382 1518 Me
411 1463 695 1519 miserum!
736 1460 902 1515 etiam
932 1459 1210 1529 aegerrime
1241 1457 1332 1511 tuli
1361 1457 1583 1526 feroque
1633 1471 1750 1511 eam
1783 1454 1872 1509 tali

296 1553 514 1616 virtute,
583 1551 705 1613 fide,
757 1547 1111 1609 humanitate,
1168 1545 1437 1616 probitate
1482 1545 1788 1614 praeditam,
1820 1543 1873 1598 in

300 1647 477 1693 tantos
502 1637 772 1693 cruciatus
793 1643 1012 1704 propter
1040 1649 1157 1688 mea
1183 1632 1384 1687 scelera
1419 1633 1690 1687 incidisse.

371 1728 496 1784 556.
537 1727 778 1797 Denique
811 1725 962 1791 mihi,
996 1725 1087 1794 qui
1115 1739 1256 1777 nunc
1299 1724 1403 1777 huc
1451 1723 1692 1792 ingentes
1735 1737 1876 1778 nunc

301 1819 430 1874 illuc
452 1827 666 1888 pectore
687 1830 846 1872 curas
882 1814 1178 1878 mutabam,
1212 1812 1395 1878 amici,
1431 1811 1534 1884 {ut}
1569 1811 1730 1866 ﬁliam
1762 1829 1877 1868 mo-

298 1891 540 1966 nasterio
571 1907 889 1964 monialium
937 1906 1230 1969 traderem,
1273 1904 1678 1959 consuluerunt.
1728 1903 1876 1969 Feci,

298 1977 500 2071 putans
545 1997 727 2053 Jesum
751 1997 820 2051 ob
873 1996 977 2050 hoc
1029 1995 1113 2048 his
1161 1994 1318 2049 malis
1353 1994 1671 2064 quandoque
1718 1993 1876 2048 ﬁnem

298 2091 577 2146 daturum.
607 2088 808 2142 Verum
865 2086 1024 2156 longe
1063 2085 1225 2139 aliter
1276 2100 1339 2139 ac
1393 2092 1541 2138 ratus
1577 2099 1726 2137 eram
1792 2097 1879 2137 res

298 2183 499 2238 evenit.
536 2179 793 2234 Diabolus
833 2179 994 2240 enim,
1033 2177 1160 2245 quia
1209 2175 1470 2246 promissa
1499 2190 1603 2229 non
1634 2188 1880 2229 servave-

253 2255 442 2339 ,ram,
494 2271 649 2326 valde
707 2271 950 2333 saeviens,
1011 2270 1228 2323 crebros
1255 2277 1309 2322 et
1366 2267 1590 2322 infestos
1628 2267 1877 2337 impetus,

300 2362 404 2416 etsi
428 2359 728 2422 invisibilis,
764 2359 817 2412 in
849 2357 1107 2412 moniales
1131 2356 1389 2421 faciebat,
1417 2366 1525 2410 tum
1559 2356 1719 2410 minis
1738 2364 1880 2410 atro-

302 2438 458 2506 cibus
483 2449 770 2520 flagrisque
797 2449 1081 2503 hostilibus
1110 2448 1426 2517 impetebal,
1459 2456 1590 2510 tum,
1619 2443 1880 2516 quidquid

305 2541 359 2595 in
385 2556 538 2596 usum
587 2539 761 2610 in0pis
789 2540 908 2594 vitae
937 2538 1184 2602 dabatur,
1236 2554 1497 2607 perquam
1557 2538 1720 2607 impie
1751 2537 1881 2592 diri-

304 2633 509 2702 piebat,
563 2632 852 2702 omniaque
895 2646 1050 2686 saera
1082 2632 1278 2685 violata
1328 2632 1687 2699 relinquebat,
1725 2647 1884 2686 voces

306 2733 598 2802 tartareas,
624 2723 749 2778 dum
782 2724 959 2778 divina
1005 2724 1130 2794 ipsae
1164 2725 1489 2795 peragebant
1517 2723 1725 2789 Ofﬁcia,
1755 2723 1884 2778 cde-

304 2815 428 2892 bat;
462 2815 640 2871 omnia
669 2813 807 2868 mala
839 2817 1073 2881 tandem,
1102 2829 1221 2885 quae.
1245 2817 1352 2871 diei
1373 2825 1465 2872 aut
1495 2817 1619 2888 ﬁngi
1644 2825 1884 2886 possent,

307 2907 540 2976 agebat;
575 2907 769 2976 quibus
811 2905 1069 2961 moniales
1121 2907 1324 2962 territae
1378 2908 1669 2977 trepidare,
1710 2923 1887 2978 neque

306 2987 426 3053 loco
456 3013 626 3067 neque
649 2997 750 3052 sibi
779 2997 1030 3062 invicem,
1061 2997 1360 3066 praesertim
1393 3007 1570 3061 noctu,
1617 2999 1747 3054 satis
1769 3013 1888 3053 cre-

309 3088 466 3154 (fere;
497 3095 553 3143 et
581 3087 846 3142 interdum
898 3088 1034 3142 adeo
1080 3097 1258 3142 mente
1288 3090 1797 3155 consternabantur,
1829 3097 1888 3143 ut

305 3180 398 3234 vix
425 3193 494 3235 ex
541 3188 690 3233 tanto
739 3195 937 3248 pavore
971 3179 1274 3248 reciperent
1305 3179 1513 3235 animos
1547 3195 1561 3232 :
1593 3197 1714 3235 nam
1748 3181 1889 3235 inter

307 3280 528 3335 caetera,
561 3279 618 3324 ut
648 3271 818 3326 solitae
854 3281 1012 3326 erant
1066 3261 1287 3338 referre,
1317 3273 1509 3342 saepius
1547 3274 1739 3344 pugnis
1779 3273 1890 3326 ala-

307 3363 460 3436 pisve
507 3364 870 3420 caedebantur.
948 3363 1042 3417 llis
1099 3364 1279 3434 itaque
1324 3373 1554 3428 coactae,
1619 3363 1887 3433 Virginem

310 3455 556 3520 Mariam,
609 3470 676 3508 ne
725 3471 818 3509 eas
874 3456 1185 3519 desereret,
1239 3455 1442 3524 pariter
1492 3454 1886 3509 exclamabant.

309 3547 536 3600 Demum
559 3561 626 3599 ex
655 3545 981 3600 monialibus
1005 3549 1274 3616 quaedam,
1308 3548 1502 3618 quibus
1531 3563 1680 3601 mens
1711 3549 1892 3601 sanior

309 3622 474 3716 esset,
513 3655 579 3693 ne
611 3640 662 3693 in
714 3639 866 3709 pejus
894 3641 1185 3696 discrimen
1233 3642 1558 3706 inciderent,
1605 3641 1730 3710 quia
1770 3656 1893 3695 ora-

313 3729 485 3810 tiones
506 3733 775 3787 incassum
798 3734 863 3788 ad
876 3732 1058 3787 Jesum
1086 3748 1182 3803 pro
1205 3749 1265 3788 ea
1291 3733 1512 3797 fiebant,
1538 3733 1700 3786 ﬁliam
1716 3749 1889 3788 meam

313 3823 383 3902 ad
432 3837 517 3877 me
565 3823 966 3893 quamprimum
998 3824 1375 3879 remittendam
1407 3839 1693 3889 censuere;
1727 3826 1890 3893 quod,

314 3907 606 3992 luctamen
645 3929 787 3984 aegre
828 3914 1054 3978 ferente,
1094 3914 1294 3970 factum
1324 3924 1425 3970 est.

369 4004 511 4060 557.
569 4005 703 4059 Tum
755 4005 896 4059 idem
947 4007 1175 4069 daemon,
1225 4007 1312 4076 qui
1367 4006 1478 4061 fere
1531 4021 1628 4076 per
1682 4021 1895 4061 menses

315 4082 556 4169 quinque
593 4114 690 4152 nos
720 4099 786 4152 ad
823 4107 1067 4152 extrema
1101 4099 1413 4161 deduxerat,
1449 4100 1499 4153 in
1544 4115 1662 4152 eam
1693 4100 1895 4168 ingres-

315 4180 428 4273 sus,
478 4189 824 4254 debacchari,
871 4203 1114 4253 currere,
1166 4190 1417 4252 insanire,
1467 4191 1686 4243 domum
1729 4198 1892 4243 totam

1969 363 2094 419 Jesu
2121 364 2478 434 omnipotens,
2508 371 2727 418 tantone
2764 375 2849 417 me
2873 362 3100 418 crimine
3142 362 3357 433 dignam
3379 363 3540 418 duxi-

1971 453 2063 515 sti,
2087 462 2140 507 et
2165 453 2298 508 tales
2319 467 2402 507 me
2414 451 2624 508 voluisti
2653 452 2884 523 pendere
2905 453 3138 521 paruas?
3183 450 3538 521 Nunquamne

1971 546 2286 616 quiescam?
2313 545 2608 616 Semperne
2637 545 2691 600 in
2713 545 2798 599 his
2825 545 3084 600 versabor
3105 545 3297 599 malis?
3328 543 3430 598 Sed
3457 551 3542 612 tu,

1971 655 2004 694 ο
2033 639 2211 702 Pater,
2243 652 2456 708 precor,
2501 651 2587 690 me
2619 645 2708 689 tuo
2735 635 2956 690 fulmine
3004 635 3268 698 interfice,
3300 635 3380 689 vel
3412 648 3540 704 per-

1973 732 2145 795 mitte,
2166 744 2234 784 ne
2259 744 2393 800 quas
2429 727 2586 797 genui
2615 727 2770 791 ﬁlias,
2820 737 2927 780 tam
2977 727 3191 789 acriter,
3220 735 3324 780 tam
3359 725 3542 796 iniquo

1972 839 2002 878 a
2036 825 2275 879 daemone
2297 821 2530 891 torqueri
2564 820 2793 874 videam.
2834 819 2960 872 lude
2988 819 3038 873 in
3065 819 3226 872 filiam
3252 819 3392 872 hanc
3413 833 3545 874 ocu-

1974 917 2053 971 los
2073 924 2414 980 convertens,
2467 915 2578 969 haec
2624 912 2788 968 multo
2831 928 2953 968 cum
2989 913 3186 982 gemitu
3233 911 3544 982 proferebat

1973 1009 2166 1063 verba:
2200 1009 2292 1063 Dei
2325 1008 2429 1062 ﬁlia
2472 1008 2619 1062 mea!
2652 1008 2751 1060 heu
2783 1021 2898 1060 mea
2945 1006 3058 1070 lux,
3087 1021 3372 1076 meumque
3402 1007 3540 1062 desi-

1975 1100 2211 1155 derium!
2239 1100 2378 1155 unde
2395 1101 2534 1154 enim
2561 1114 2749 1154 omnes
2770 1098 3018 1168 gaudium
3035 1097 3340 1155 etlaztitiam
3366 1114 3548 1154 sumc-

1976 1208 2034 1246 re
2063 1192 2205 1248 soliti
2236 1207 2470 1255 eramus,
2505 1201 2556 1246 te
2584 1207 2748 1256 nune,
2781 1205 2897 1244 mea
2943 1189 3073 1255 ﬁlia,
3130 1190 3207 1246 sic
3229 1191 3434 1255 vexari,
3465 1190 3545 1246 sic

1969 1282 2152 1352 jacere
2177 1283 2229 1337 in
2261 1282 2513 1354 lacrymis
2540 1291 2596 1336 et
2624 1281 2870 1337 sordibus
2897 1281 3214 1350 aspicimus!
3245 1282 3404 1350 idque
3427 1280 3543 1336 ﬁeri

1977 1382 2161 1428 nostra
2198 1373 2377 1442 culpa.
2416 1373 2497 1453 Me
2530 1373 2816 1428 miseram!
2846 1373 3008 1427 talem
3041 1380 3092 1427 te
3122 1373 3207 1427 his
3238 1372 3392 1426 video
3417 1387 3552 1427 ocu-

1977 1464 2060 1525 lis,
2095 1480 2214 1520 mea
2263 1465 2402 1520 ﬁlia!
2435 1480 2468 1519 ο
2516 1479 2601 1519 me
2635 1465 2933 1534 perditam!
2989 1479 3023 1519 ο
3062 1464 3342 1518 afllietam!
3375 1463 3548 1530 Quem

1978 1573 2119 1613 nunc
2150 1574 2248 1628 pro
2279 1567 2330 1612 te
2361 1573 2567 1630 rogem,
2609 1572 2729 1612 mea
2775 1556 2903 1623 ﬁlia,
2949 1573 3070 1613 cum
3101 1557 3280 1627 superi
3308 1565 3362 1610 et
3391 1552 3550 1612 inferi

1980 1648 2135 1702 nobis
2161 1649 2537 1704 adversentur.
2641 1658 2644 1662 '

2045 1738 2172 1794 559.
2215 1738 2308 1794 llis
2333 1740 2508 1803 dit-tis,
2549 1740 2784 1794 medium
2815 1754 3116 1794 sermonem
3169 1738 3464 1808 abrumpit,
3493 1746 3552 1793 et

1978 1844 2138 1884 auras
2181 1845 2320 1898 aegra
2363 1830 2590 1900 fugiens,
2622 1845 2786 1899 seque
2819 1831 2870 1885 in
2897 1831 3265 1900 pavimentum
3303 1839 3550 1888 conster-

1977 1933 2135 1986 nens,
2167 1925 2367 1973 terram
2393 1919 2569 1988 capite
2618 1919 2849 1974 tundere
2873 1919 3065 1988 coepit;
3099 1934 3285 1988 quam,
3335 1927 3388 1974 et
3431 1934 3552 1973 cor-

1977 2026 2108 2080 pore
2135 2020 2189 2066 et
2221 2011 2400 2066 animo
2424 2010 2748 2077 confectam,
2780 2020 3130 2080 susceperunt
3175 2011 3406 2076 famulae,
3443 2011 3555 2065 col-

1980 2101 2240 2172 lapsaque
2263 2100 2502 2155 membra
2534 2116 2840 2156 marmoreo
2871 2100 3115 2157 referunt
3141 2100 3376 2155 thalamo
3415 2108 3556 2154 stra-

1982 2193 2158 2262 tisque
2187 2199 2474 2262 reponunt.
2523 2191 2649 2245 lude
2686 2192 2827 2255 filiae,
2860 2191 2998 2258 aliae,
3034 2201 3108 2256 el,
3137 2207 3258 2260 quae
3305 2191 3554 2252 aderant;

1981 2285 2260 2349 mulieres,
2293 2283 2417 2354 quia
2444 2284 2682 2338 atrocior
2711 2283 2920 2340 daemon
2955 2293 3121 2348 esset,
3148 2293 3202 2338 et
3229 2282 3338 2337 ﬁlia
3381 2282 3556 2352 magis

1983 2377 2265 2441 insaniret,
2326 2386 2573 2432 moestam
2643 2377 2866 2446 implere
2916 2375 3244 2432 clamoribus
3313 2375 3554 2430 domum.

1981 2469 2188 2524 Passim
2223 2469 2404 2538 itaque
2447 2484 2546 2538 per
2577 2483 2764 2524 omnes
2791 2469 2906 2523 vias
2943 2468 3009 2522 ad
3059 2466 3166 2522 tale
3193 2464 3556 2537 spectaculum

1983 2559 2350 2621 concurritur,
2379 2574 2609 2629 quorum
2639 2560 2878 2614 omnium
2908 2559 3136 2614 crimina
3169 2557 3416 2613 diabolus
3460 2571 3562 2628 per

1985 2667 2046 2708 os
2085 2650 2277 2721 puellae
2299 2652 2502 2717 dicere,
2548 2651 2910 2720 exprobrare;
2938 2649 3177 2714 demum,
3206 2663 3326 2703 cum
3369 2661 3562 2718 parce-

1984 2751 2070 2798 ret
2134 2743 2356 2806 nemini,
2428 2743 2803 2812 neminemque
2875 2741 3207 2812 relinqueret
3277 2740 3559 2800 intactum,

1986 2850 2178 2891 omnes
2219 2834 2386 2898 illico,
2416 2845 2595 2890 mente
2631 2835 2899 2905 suspensi,
2932 2843 2986 2889 et
3017 2833 3222 2904 pallore
3250 2831 3562 2902 pudoreque

1913 2927 2498 3016 C‘confusi,abibant;
2556 2928 2906 2996 protinusque
2953 2927 3019 2979 ad
3067 2924 3245 2996 oppidi
3276 2933 3561 2994 praetorem

1988 3025 2131 3077 fama
2167 3021 2327 3090 hujus
2371 3020 2448 3075 rei
2490 3019 2775 3074 convolat:
2811 3018 3050 3072 inaudita
3078 3032 3137 3072 re
3185 3017 3236 3070 in
3286 3026 3564 3085 s'uporem

1989 3125 2176 3165 versus
2201 3110 2390 3164 horam
2427 3109 2616 3162 statuit
2636 3123 2765 3176 qua,
2798 3117 3009 3162 summo
3035 3121 3156 3162 cum
3181 3105 3406 3172 honore,
3430 3104 3566 3159 mul-

1991 3203 2062 3258 tis
2099 3199 2504 3266 comitantibus,
2537 3200 2700 3255 ﬁliam
2747 3200 2948 3255 viseret
2995 3213 3193 3254 meam.
3240 3197 3402 3252 Venit
3449 3207 3568 3252 tan-

1991 3293 2152 3349 dem:
2185 3291 2447 3346 noluisset
2496 3290 2710 3345 venisse
2764 3308 2777 3343 :
2821 3289 2985 3343 multa
3030 3288 3172 3342 enim
3219 3286 3460 3342 convicia
3512 3287 3564 3341 in

1990 3393 2277 3456 praetorem
2309 3392 2363 3440 et
2389 3383 2440 3437 in
2474 3383 2699 3457 comites
2725 3381 2971 3438 diabolus
2993 3380 3240 3452 protulit,
3283 3394 3403 3450 quae
3425 3395 3568 3434 nunc

1990 3474 2449 3546 praetermittenda
2480 3473 2752 3528 existimo.

2060 3567 2187 3621 540.
2226 3566 2560 3622 Consulnerc
2612 3566 2804 3622 deinde
2847 3566 2972 3621 boni
3020 3565 3121 3620 viri
3177 3565 3420 3635 quidam,
3448 3579 3566 3620 eam

1991 3657 2322 3712 Florentiam
2353 3657 2420 3711 ad
2453 3656 2774 3711 Sanctorum
2803 3656 3059 3726 reliquias
3084 3657 3401 3712 ducendam.
3454 3655 3571 3711 Pla-

1993 3752 2124 3807 cuit.
2148 3749 2412 3806 Omnibus
2447 3749 2628 3819 itaque
2668 3749 3068 3819 provoluntale
3106 3748 3334 3816 paratis,
3387 3747 3490 3802 iter
3517 3748 3569 3802 in

1993 3842 2193 3898 Christi
2224 3840 2347 3896 Jesn
2384 3841 2602 3895 nomine
2648 3840 3013 3910 aggredimur,
3048 3837 3366 3908 quibusdam
3399 3838 3570 3892 comi-

1999 3930 2251 3992 tantibus,
2285 3931 2482 4000 quibus
2523 3927 2830 4000 profueram
2869 3938 2924 3983 et
2956 3943 3173 3998 prosum
3201 3942 3363 3995 saepe.
3411 3926 3574 3981 Veni-

1995 4036 2115 4074 mus
2142 4018 2686 4082 Florentiam,omnia
2699 4018 2904 4085 experti
2925 4031 3129 4078 sumus,
3152 4025 3226 4079 et,
3250 4014 3570 4068 Sanctorum

1997 4108 2236 4177 ejusdem
2259 4107 2502 4162 civitatis
2546 4105 2822 4173 Reliquias
2851 4106 3041 4158 devote
3091 4104 3390 4164 visitantes,
3436 4101 3570 4156 nihil

1999 4195 2344 4268 profecimus.
2375 4194 2502 4247 Mihi
2536 4193 2714 4261 itaque
2739 4194 2898 4247 anxio
2920 4201 2974 4246 et
3005 4193 3185 4246 animo
3207 4200 3572 4256 consternato,

315 4281 626 4350 pervoiare.
696 4295 794 4334 nos
860 4295 1048 4335 omnes
1095 4281 1363 4335 hostiliter
1417 4282 1704 4351 impetere;
1771 4295 1895 4347 ego,
1928 4285 2440 4354 Dexistimantique
2491 4283 2673 4338 Jesum
2731 4285 2951 4366 omnino
3005 4284 3145 4338 nolle
3213 4284 3367 4340 nobis
3414 4299 3570 4353 opem

316 4363 560 4442 uiorque
598 4385 736 4434 mea,
771 4369 891 4422 ﬁliae
935 4384 1145 4432 omnes,
1178 4385 1299 4423 cum
1340 4379 1532 4423 caetera
1562 4369 1716 4424 nobis
1745 4368 1895 4421 dees-

315 4455 440 4514 se'nt
465 4459 685 4524 auxilia,
725 4458 1052 4514 exclamare.
1108 4459 1313 4525 Quibus
1350 4459 1675 4514 clamoribus
1732 4457 1894 4512 vicini

317 4543 616 4628 perterriti,
648 4553 842 4608 iterum
867 4552 933 4606 ad
976 4567 1075 4605 nos
1110 4552 1484 4615 ,convolantes,
1533 4551 1722 4605 fraude
1750 4559 1803 4604 et
1847 4550 1896 4602 vi

318 4635 485 4697 filiam
520 4659 694 4698 meam
722 4646 1015 4714 capientes,
1037 4653 1093 4699 et
1122 4660 1154 4697 a
1183 4652 1330 4714 tergo
1361 4659 1551 4699 manus
1577 4643 1896 4705 vincientes,

319 4731 619 4806 ipsamque,
653 4752 764 4807 pra:
808 4737 956 4792 rabie
1005 4751 1226 4805 spumas
1270 4737 1626 4796 emittentem,
1673 4735 1897 4788 invitam

323 4815 565 4890 tenuere.
612 4829 1088 4892 Animadvertatis,
1123 4843 1325 4897 quaeso,
1373 4835 1573 4898 patres,
1600 4825 1742 4896 quod
1784 4841 1898 4890 cor,

321 4909 444 4988 quis
473 4920 709 4985 animus,
748 4936 867 4990 qua:
894 4935 1046 4974 mens
1076 4920 1204 4974 mihi
1253 4931 1377 4974 tunc
1404 4927 1568 4973 esset.
1599 4919 1734 4972 Tum
1775 4934 1901 4990 pro-

321 4999 466 5070 fecto
493 5012 623 5066 mihi
679 5023 904 5067 mortem
935 5011 1338 5075 conscivissem,
1374 5008 1428 5063 ni
1478 5008 1898 5076 prohibuissent,

322 5107 415 5176 qui
450 5107 698 5169 aderant,
744 5106 918 5163 amici.
947 5104 1083 5172 Quid
1133 5101 1368 5160 facerem
1427 5100 1616 5164 miser,
1663 5118 1768 5172 quo
1815 5119 1902 5157 me

323 5177 612 5260 verterem,
644 5213 751 5267 quo
802 5199 1166 5265 confugerem,
1223 5208 1382 5264 quem
1431 5190 1816 5258 implorarem?
1857 5191 1902 5248 Ο

322 5309 483 5362 quam
516 5295 792 5358 miserum,
834 5309 992 5362 quam
1034 5289 1416 5356 lacrymosum,
1455 5299 1609 5339 suam
1661 5288 1903 5354 aspicere

2002 4376 2166 4440 ferre,
2198 4375 2415 4445 quidam
2483 4389 2551 4428 ex
2607 4373 2856 4437 afﬁnibus
2897 4382 2951 4430 et
3003 4375 3191 4429 amicis
3245 4373 3572 4430 Florentinis

2001 4465 2246 4534 inquiunt
2283 4482 2294 4515 :
2327 4463 2420 4517 Vis
2454 4461 2558 4516 ﬁlia
2585 4471 2642 4516 ut
2670 4463 2906 4526 salvetur
2937 4464 3070 4519 tua?
3099 4463 3247 4524 Volo,
3282 4461 3570 4536 [inquam,]

2000 4564 2126 4624 opto
2173 4541 2226 4609 et
2248 4554 2522 4623 percupio.
2550 4553 2682 4607 Eam
2706 4555 3300 4625 igiturquamprimum,
3331 4553 3351 4627 [
3375 4553 3571 4627 aiunt,]

2003 4645 2070 4699 ad
2094 4643 2150 4699 S.
2181 4644 2361 4698 Mariae
2383 4644 2449 4699 de
2473 4644 2622 4698 Valle
2652 4645 2916 4701 Umbrosa
2961 4646 3347 4701 monasterium
3375 4647 3574 4700 ducere

2003 4754 2069 4794 ne
2092 4739 2381 4804 cuncteris,
2405 4740 2505 4795 etsi
2523 4741 2714 4796 stridet
2735 4742 2992 4796 deformis
3014 4742 3209 4797 hiems.
3233 4742 3574 4812 Accepimus,

2005 4829 2260 4892 vidimus,
2313 4831 2519 4898 experti
2563 4846 2751 4884 sumus
2779 4831 3045 4887 incassum
3077 4831 3133 4884 S.
3172 4829 3392 4885 Joannis
3418 4843 3576 4898 opem

2001 4923 2222 4992 petiisse
2254 4921 2547 4986 neminem,
2579 4923 2736 4977 modo
2763 4930 2876 4976 toto
2911 4920 3074 4975 corde
3117 4921 3363 4988 bonaque
3397 4925 3580 4972 mente

2003 5022 2262 5082 exposcat
2291 5011 2485 5082 quivis.
2515 5011 2646 5080 Ego,
2687 5012 2776 5084 qui
2841 5009 3022 5066 omnia
3073 5022 3262 5076 aspera
3287 5017 3342 5061 et
3385 5005 3581 5071 ardua,

2005 5103 2140 5172 levia
2184 5101 2472 5173 dulciaque
2519 5103 2700 5175 (modo
2753 5101 2862 5156 ﬁlia
2914 5095 3252 5166 liberaretur)
3291 5096 3583 5166 ducebam,

2005 5195 2262 5264 quidquid
2297 5193 2547 5247 dixerant
2567 5207 2821 5262 peragere
2847 5187 3033 5246 statui.

2056 5287 2200 5342 541.
2241 5283 2507 5339 Ahbatem
2554 5283 2736 5351 itaque
2762 5289 3005 5335 vestrum
3035 5274 3280 5344 inprimis
3322 5275 3585 5329 adeuntes
