4110 5362
540 297 648 354 an

1619 295 1677 350 S.
1712 294 1994 352 JOANNIS
2031 295 2422 354 GUA’LBERTI
2462 300 2750 359 ABBATIS

3685 296 3797 370 sit

542 426 705 483 spero
734 410 877 469 enim
906 410 1189 467 Dominum
1229 408 1413 466 Jesu‘m
1445 406 1684 480 Virginis
1732 413 1917 466 Maria:
1960 421 2014 466 et
2054 413 2120 465 ὃ.
2152 418 2196 473 Α
2226 431 2281 471 tn
2311 430 2423 471 rem
2450 408 2729 473 ‘concessn
2766 422 2941 474 suam.
2968 406 3117 475 τηειρ
3147 421 3318 492 puella
3362 438 3487 478 vere
3508 423 3819 481 incolumis

542 500 766 560 Joannis
810 499 1059 570 precibus
1099 506 1311 555 tantum
1365 498 1519 554 vobis
1563 496 1795 563 lanitiae,
1855 509 2117 569 quantum

545 590 796 647 mmroris
843 606 911 646 ex
965 605 1032 651 ea
1078 589 1408 660 sumpsistis,
1461 591 1734 646 daturum.
1778 591 1873 645 llis
1920 592 2117 647 arrecti

544 682 779 735 aninunn
805 680 1098 743 dictis,iter
1117 680 1170 735 in
1195 679 1323 736 Jesu
1350 680 1565 736 nomine
1595 682 1829 752 aggressi
1858 680 2116 754 [sumus]

540 772 656 841 Qua
680 773 784 827 iter
801 779 937 835 erat,
960 780 1014 828 et
1041 772 1338 843 praesertim
1364 788 1460 843 per
1485 782 1699 842 pontem
1719 774 1929 828 Saevum
1945 774 2116 844 (sar)

541 862 696 918 multi
730 862 1009 926 mortales,
1045 878 1103 917 re
1144 878 1280 918 nova
1308 874 1364 917 et
1393 861 1632 918 inaudita
1663 862 1900 932 impulsi,
1929 862 1995 932 ad
2020 878 2120 920 nos

540 956 707 1012 etiam
732 953 934 1025 frigore
961 954 1209 1023 rigentes
1238 954 1303 1011 de
1330 955 1561 1025 oppidis,
1595 955 1661 1009 de
1710 954 1852 1009 villis
1890 969 2117 1011 concur-

542 1069 682 1119 rerc.
713 1051 843 1107 Erat
866 1065 1045 1121 operat
1089 1051 1324 1123 pretium
1378 1049 1608 1123 [videre]
1664 1049 1977 1125 iumentum
2012 1064 2117 1105 non

542 1144 645 1201 nisi
668 1144 1005 1200 orationibus
1028 1152 1083 1199 et
1119 1141 1583 1211 coniurationibus
1633 1141 1793 1212 hujus
1822 1142 1913 1211 qui
1960 1130 2120 1197 adest

539 1234 857 1300 sacerdotis,
886 1233 1009 1299 iter,
1062 1232 1275 1289 diabolo
1323 1231 1377 1287 id
1425 1232 1728 1298 annitente,
1770 1245 1931 1303 agere
1959 1231 2114 1288 velle.

539 1322 788 1390 Demum,
814 1323 1135 1394 quibusdam
1161 1322 1350 1379 diebus
1368 1324 1719 1393 consumptis.
1756 1324 1860 1378 huc
1873 1323 2123 1381 venimus

540 1415 646 1471 hac
689 1430 785 1486 spe
812 1423 872 1470 ut
900 1414 1096 1471 vestris
1122 1415 1461 1470 orationibus
1506 1415 1596 1469 fiat
1620 1414 1745 1470 huic
1778 1415 1987 1471 miserae
2028 1429 2117 1469 sa-

538 1505 641 1560 lus.
666 1504 789 1560 llaec
816 1504 931 1574 ipso
958 1504 1024 1559 ad
1052 1504 1230 1575 ignem
1266 1514 1545 1571 narrante,
1576 1504 1805 1573 aliisque
1851 1504 1943 1574 qui
1992 1518 2117 1563 cum

540 1598 657 1669 ipso
679 1598 928 1665 aderant,
958 1598 1032 1654 ita
1062 1613 1183 1654 esse
1210 1599 1603 1664 asserentibus,
1631 1588 1963 1667 accepimus.

608 1689 734 1744 342.
775 1689 928 1746 Nunc
999 1700 1180 1746 autem
1234 1706 1296 1746 ea
1354 1706 1476 1761 qua:
1520 1691 1605 1746 his
1667 1691 1900 1762 prepriis
1948 1691 2119 1748 oculis

2219 507 2428 575 effecta,
2457 510 2732 565 decretum
2760 520 2839 566 est
2873 529 2991 577 sua,
3046 530 3115 568 ne
3140 515 3330 569 iterum
3362 515 3572 571 dromon
3596 516 3650 571 in
3675 530 3795 573 eam

2219 603 2326 656 vim
2362 604 2628 666 haberet.-
2657 605 3007 662 conliteretur
3048 616 3292 678 peccata.
3346 608 3480 663 Eam
3529 610 3710 682 itaque
3742 611 3799 667 in

2220 693 2560 749 confessione
2587 696 2655 750 de
2679 698 2850 766 patris
2879 698 3050 753 nostri
3102 699 3372 754 mandatis
3418 701 3638 770 audivi,
3685 705 3821 760 sint

2219 783 2478 853 gulosque
2505 795 2655 840 actus
2679 784 2794 855 eius
2822 786 3110 857 diligenter
3132 788 3337 859 inspexi
3364 808 3378 854 ;
3409 799 3463 846 et
3492 799 3552 846 ut
3577 802 3797 861 cetera,

2219 891 2337 945 quae
2359 878 2521 932 etiam
2554 889 2672 946 post
2716 876 3113 934 confessionem
3146 879 3291 935 licet,
3317 880 3418 935 fari
3445 923 3460 947 ,
3512 884 3797 951 omittam,

2218 984 2380 1037 quam
2408 970 2620 1034 devota,
2652 984 2812 1038 quam
2840 969 3062 1025 humilis
3089 1012 3103 1036 ,
3130 986 3292 1042 quam
3335 973 3564 1029 subnixa
3588 970 3824 1049 Virgini'

2222 1058 2404 1114 Maria:
2430 1074 2646 1128 semper
2668 1061 2923 1116 exstitit!
2947 1071 3080 1132 quot
3109 1064 3404 1131 orationes,
3435 1072 3567 1134 quot
3607 1079 3798 1137 preces

2219 1153 2273 1207 in
2302 1151 2499 1206 Christi
2530 1150 2659 1207 Jesu
2697 1152 2915 1208 nomine
2944 1153 3132 1208 effudit
3158 1156 3173 1207 l
3203 1156 3417 1223 quoties
3443 1166 3637 1225 praeter
3652 1153 3795 1227 ieiu-

2220 1244 2307 1297 nia
2335 1243 2533 1299 indicta
2563 1245 2632 1300 ab
2658 1244 2884 1301 ecclesia
2928 1244 3188 1315 jejunavit
3218 1248 3234 1300 ι
3267 1256 3329 1302 ιιι
3354 1248 3551 1303 mirum
3581 1249 3652 1305 sit
3685 1250 3796 1307 die-

2219 1346 2433 1389 monem
2458 1350 2576 1390 eam
2608 1335 2813 1405 ingredi
2844 1335 3152 1391 facultatem
3192 1338 3479 1405 habuisse,
3513 1340 3615 1397 nisi
3638 1338 3799 1399 Iesus

2220 1424 2479 1479 Dominus
2509 1432 2709 1486 noster,
2740 1440 2879 1495 quos
2915 1425 3113 1498 diligit,
3144 1428 3441 1498 castigaret
3467 1438 3523 1485 et
3554 1431 3800 1501 corripe-

2220 1525 2322 1570 ret.
2355 1515 2435 1569 Ad
2462 1516 2775 1585 sospitatem
2824 1518 3278 1588 comprobandum
3314 1519 3456 1575 dicat
3500 1521 3832 1590 integrum;

2219 1606 2411 1663 deinde
2431 1616 2485 1662 et
2504 1608 2803 1673 dimidium,
2827 1617 3109 1681 postquam
3134 1612 3428 1677 convaluit,
3454 1614 3597 1668 hunc
3618 1614 3794 1671 locum

2220 1703 2477 1757 habuere.
2539 1699 2667 1758 inde
2722 1701 2849 1758 Jesu
2898 1712 2956 1758 et
3003 1701 3209 1776 Virgini
3265 1702 3446 1760 Mariae
3502 1717 3800 1777 sanctoque

537 1780 868 1850 aspeximus,
889 1780 1222 1835 studebimus
1241 1796 1514 1835 enarrare.
1547 1780 1649 1837 Ubi
1673 1782 1856 1852 itaque
1874 1784 2109 1852 primum
2130 1779 2191 1837 ἦ
2214 1791 2408 1847 Joanni
2437 1793 2637 1864 gratias
2666 1804 2910 1863 agcnies,
2936 1793 3092 1850 nabis
3118 1796 3368 1850 omnibus
3394 1805 3544 1851 mmo
3585 1806 3801 1867 iamque

539 1872 637 1925 has
673 1880 888 1927 nostras
917 1872 1099 1927 adiere
1142 1872 1388 1943 regiones
1413 1914 1428 1939 ,
1469 1873 1778 1944 iumentum
1828 1873 1902 1929 ita
1932 1874 2048 1931 sisti
2083 1890 2117 1929 a

538 1966 781 2019 rizetnone
803 2003 820 2029 ,
857 1963 962 2037 [ιιι]
996 1980 1098 2021 nec
1133 1965 1360 2022 ulterius
1399 1981 1616 2036 passum
1667 1981 1833 2022 unum
1884 1966 2119 2024 fustibus

535 2056 851 2128 baculisque
877 2057 1181 2122 tundentes,
1209 2057 1301 2127 qui
1329 2058 1577 2124 aderant,
1608 2058 1689 2113 ire
1714 2073 1875 2128 posse
1898 2057 2118 2132 [crede-
2147 2108 2154 2115 .

540 2158 658 2205 rent
682 2162 696 2203 :
720 2146 740 2220 ]
767 2165 886 2204 eam
914 2150 1131 2219 insuper
1155 2148 1223 2204 de
1263 2147 1510 2216 iumento
1538 2166 1661 2206 cum
1715 2151 2113 2221 deposuissent,

537 2240 689 2296 multi
723 2239 790 2293 ab
823 2243 988 2295 humo
1013 2240 1210 2295 elatam
1239 2256 1305 2295 ex
1355 2241 1559 2296 nostris
1601 2241 1746 2297 ferre
1797 2240 2115 2312 nequibant.

534 2328 689 2401 Quod
717 2329 804 2384 ubi
836 2329 980 2384 intus
1001 2331 1273 2400 cognitum
1296 2339 1399 2393 est,
1428 2347 1494 2387 ex
1522 2333 1804 2388 monachis
1829 2348 1968 2387 unus
1993 2348 2115 2387 eum

537 2420 596 2475 ὃ.
634 2420 855 2475 Joannis
882 2436 1049 2478 cruce
1086 2421 1213 2475 illuc
1245 2437 1496 2491 pergens,
1529 2421 1745 2478 tlrmttm
1786 2438 1905 2477 cam
1931 2461 1948 2485 ,
2000 2422 2118 2491 ipso

530 2512 733 2587 iugiter
783 2513 1127 2583 cuniurante,
1160 2514 1226 2567 ad
1265 2512 1590 2569 Sanctorum
1643 2512 1839 2569 elatam
1877 2512 2151 2571 detulere.

536 2604 840 2676 sepulcrum
865 2621 881 2670 ;
910 2621 1018 2674 quo
1046 2604 1099 2659 in
1133 2603 1251 2660 loco
1282 2604 1463 2659 multis
1491 2603 1955 2675 coniurationibus
1980 2604 2118 2659 mul—
2146 2657 2155 2664 .

538 2700 716 2770 iisque
746 2698 994 2768 precibus
1040 2698 1311 2753 incassum
1339 2698 1678 2767 consumptis
1710 2696 1857 2767 (nam
1905 2696 2114 2751 daemon

536 2787 888 2859 interroganti
922 2786 1124 2841 nullum
1157 2788 1316 2841 dabat
1351 2786 1717 2855 responsum),
1748 2794 1883 2841 eunt
1932 2785 2116 2842 tristes

537 2878 786 2933 monachi
832 2878 1012 2941 intro;
1046 2877 1117 2930 illi
1150 2891 1275 2931 vero
1315 2876 1531 2929 duuunn
1565 2875 1841 2945 hosyitnnt
1884 2890 2114 2933 conces-

536 2986 678 3027 sere.
707 2969 974 3024 Postridie
1000 2983 1145 3029 νει-ο.
1177 2967 1356 3023 Missis
1385 2984 1452 3021 ex
1480 2982 1630 3022 more
1661 2966 2113 3032 celebratis,cum

538 3060 786 3117 monachi
822 3074 965 3116 cunr
997 3059 1055 3114 S.
1103 3058 1328 3114 Joannis
1375 3060 1598 3115 brachio
1643 3068 1795 3115 extra
1841 3070 2117 3116 ntonaste-
2156 3084 2179 3101 ι

540 3150 678 3203 rium
704 3149 893 3204 devote
917 3149 1080 3213 irent,
1109 3149 1341 3214 dromon,
1373 3149 1431 3203 S.
1470 3148 1692 3205 Joannis
1728 3149 1980 3206 virtutem
2008 3166 2114 3208 non
2138 3131 2185 3193 ο

540 3241 735 3305 ferens,
770 3241 1113 3297 cantantibus
1139 3241 1417 3296 tnonachis
1439 3249 1491 3296 et
1516 3239 1864 3310 psallentibus
1883 3281 1899 3307 ,
1928 3240 1984 3297 in
2014 3255 2115 3297 an-
2147 3272 2151 3277 υ

537 3338 719 3405 gnium
734 3338 900 3408 ipsius
911 3337 1148 3408 capella»,
1163 3338 1251 3392 ubi
1265 3344 1383 3392 erat
1394 3336 1569 3408 puella
1583 3351 1643 3395 se
1653 3336 1958 3403 conferens,
1974 3353 2118 3393 sem-

537 3447 635 3502 per
655 3432 931 3502 querulas,
966 3443 1022 3487 nt
1042 3432 1258 3502 quidam
1289 3431 1564 3497 audivere,
1596 3430 1904 3501 proferebat
1932 3446 2111 3488 voces.

608 3541 732 3596 M3.
787 3542 969 3597 Posito
1010 3542 1191 3612 itaque
1233 3540 1457 3596 brachio
1487 3555 1653 3611 super
1677 3548 1837 3611 caput
1879 3540 2072 3610 puella:
2097 3582 2113 3607 ,

539 3635 741 3691 nullum
774 3635 906 3705 ipsa,
928 3636 1052 3705 quia
1086 3636 1295 3690 daemon
1329 3635 1515 3690 aberat
1544 3674 1560 3699 ,
1599 3633 1704 3689 nisi
1735 3648 1881 3690 sanae
1916 3633 2113 3689 mentis

536 3726 669 3780 dare
710 3726 942 3795 signum.
995 3726 1070 3779 Eo
1107 3739 1296 3779 omnes
1338 3727 1574 3794 gaudere
1601 3764 1616 3787 ,
1640 3739 1748 3780 uno
1783 3739 1879 3778 ore
1926 3739 2115 3779 omnes

628 3818 889 3875 Joannem
925 3821 991 3871 ad
1020 3819 1195 3875 sidera
1240 3819 1506 3874 extollere
1550 3828 1605 3873 ct
1643 3818 1911 3889 praecipue
1958 3832 2114 3889 pater

536 3924 649 3978 pra:
678 3908 872 3977 gaudio
902 3906 1325 3977 Iacrymabatur.
1359 3906 1487 3961 lude
1529 3922 1627 3963 nos
1659 3908 1801 3963 intro
1826 3948 1841 3971 ,
1881 3907 1954 3961 illi
2005 3908 2111 3963 licti

538 3998 834 4067 hospitium
864 4006 1067 4067 petunt.
1108 3996 1162 4049 in
1191 3995 1418 4050 meridie
1442 3999 1570 4053 vero
1593 4011 1716 4051 cum
1746 3996 1944 4066 puella,
1986 3998 2111 4068 quia

536 4089 807 4163 praeterita
835 4099 993 4144 nocte
1040 4087 1179 4141 haud
1205 4088 1488 4158 quiescere
1536 4098 1789 4160 paterat,
1836 4088 2111 4158 paululum

538 4194 598 4237 se
625 4180 803 4251 sopori
828 4180 1080 4244 dedisset,
1112 4178 1254 4233 illico
1283 4177 1450 4233 adluit
1474 4178 1551 4232 illi
1589 4177 1844 4233 efferatus
1873 4178 2106 4233 diemon.

538 4270 819 4327 Exclamat
846 4269 1016 4339 puella
1051 4286 1064 4323 :
1100 4285 1222 4323 nam
1263 4283 1381 4323 eam
1426 4268 1691 4324 suffocare
1719 4267 1954 4322 volebat.
2009 4271 2114 4324 Ac-

542 4361 717 4417 currit
738 4360 919 4421 Pater,
943 4366 1232 4413 accurrunt
1255 4365 1310 4412 et
1337 4356 1542 4421 czeteri,
1584 4371 1813 4428 eamque
1843 4357 2026 4415 tristes
2048 4358 2119 4415 de’

540 4452 739 4506 lectulo
773 4449 842 4504 ad
880 4449 1058 4517 ignem
1088 4446 1353 4502 deferunt.
1384 4432 1537 4503 illico.
1564 4463 1676 4503 rem
1720 4464 1935 4503 omnem
1974 4451 2112 4506 intro

539 4539 777 4597 nuntiari
804 4547 1013 4593 curant.
1045 4536 1271 4591 Mittitur
1305 4553 1336 4591 a
1386 4540 1590 4593 decano
1634 4554 1700 4593 ex
1745 4539 2116 4595 sacerdotibus

540 4645 703 4695 unus,
752 4630 842 4699 qui
888 4629 999 4683 illic
1028 4627 1170 4683 domi
1200 4628 1496 4682 daemonem
1542 4627 1808 4697 coniuret.
1853 4626 2117 4698 Coniurat

540 4710 727 4793 itaque
752 4720 843 4777 ille
869 4721 1169 4776 dmmonem
1199 4736 1216 4785 ;
1249 4718 1302 4772 in
1337 4735 1449 4773 rem
1474 4735 1628 4774 suam
1658 4722 1815 4775 abeat
1834 4763 1847 4786 ,
1888 4722 2116 4793 imperat

542 4811 839 4871 in-nomine
880 4811 1027 4867 Jcsu.
1075 4808 1313 4864 Econtra
1358 4808 1446 4864 ille
1497 4809 1720 4865 instare.
1764 4809 1896 4866 Cum
1953 4811 2117 4880 igitur

543 4904 676 4960 nihil
707 4899 811 4975 [se]
840 4900 1101 4971 prolicere
1132 4898 1454 4970 intelligeret
1484 4900 1759 4961 sacerdos,
1789 4912 1859 4955 ne
1889 4910 2115 4955 verean-

542 5006 633 5049 tur
666 5003 830 5057 orat;
875 4990 1099 5046 credant
1141 4989 1265 5045 Jesu
1312 4990 1539 5060 gratiam
1588 4990 1839 5059 precibus
1889 4990 2113 5047 Joannis

540 5083 867 5141 sanctissimi
912 5082 1061 5137 brevi
1111 5080 1417 5134 affuturam.
1461 5080 1663 5135 lterum
1691 5083 1875 5136 caueri
1925 5098 2113 5137 omnes

539 5171 722 5230 Jesum
749 5173 1125 5243 Virginemque
1166 5168 1389 5223 Mariam
1436 5171 1600 5223 totius
1643 5170 1793 5225 orbis
1850 5172 2113 5241 refugium

581 5275 716 5332 rent,
756 5267 987 5336 imperat
1014 5266 1248 5319 deeanus
1272 5278 1287 5327 ;
1324 5264 1383 5316 iit
1408 5257 1722 5331 suppliciter
1749 5265 1814 5316 ah
1842 5265 2110 5317 omnibus.

2219 1883 2504 1954 repentino
2531 1880 2673 1940 bono
2702 1884 3080 1957 gaudentibus,
3099 1885 3208 1941 laeti
3242 1886 3540 1955 inpatriam
3565 1886 3795 1942 rediere.

2218 1978 2487 2035 Caeterum
2519 1988 2673 2046 pater
2700 1988 2837 2034 tanti
2869 1970 3113 2036 beneﬁcii
3141 1983 3280 2035 haud
3315 1976 3588 2053 ingratus,
3615 1996 3801 2037 sacra-

2220 2069 2359 2124 rium
2390 2068 2551 2140 huius
2578 2071 2886 2127 monasterii
2927 2072 3312 2143 pulcherrimis
3362 2073 3538 2129 cereis
3564 2072 3801 2127 adorna-
3830 2056 3837 2065 ’

2216 2164 2315 2229 vit,
2353 2180 2489 2235 quos
2515 2162 2806 2221 Florentiae
2832 2169 2897 2222 de
2926 2166 3192 2222 industria
3234 2164 3475 2238 iusserat
3512 2167 3649 2223 ποτε.

2259 2266 2265 2274 “
2866 2252 3050 2311 PARS
3084 2256 3146 2310 ll.

2291 2348 2397 2403 5i5
2432 2348 2748 2418 Quanquam
2776 2346 3075 2402 incredibili
3094 2347 3232 2402 fama
3256 2344 3319 2401 de
3342 2336 3802 2427 sattctitaleinan-
3830 2344 3841 2356 ³

2218 2439 2325 2505 nis,
2344 2456 2461 2510 qum
2481 2456 2583 2494 non
2615 2439 2787 2495 solum
2813 2439 2864 2494 in
2882 2438 3145 2493 lietrurite
3163 2440 3421 2508 partibus,
3440 2434 3532 2497 scil
3559 2439 3609 2494 iu
3627 2438 3801 2495 Gallia
3828 2446 3835 2449 ‘

2216 2533 2381 2587 etiam
2424 2532 2694 2596 citeriore,
2729 2541 2783 2585 et
2822 2529 2934 2585 fere
2979 2546 3076 2600 per
3120 2541 3286 2588 totum
3336 2532 3542 2588 italiam
3579 2547 3805 2605 percre-

2216 2622 2366 2686 buit,
2400 2622 2638 2692 undique
2668 2664 2682 2689 ,
2741 2623 2902 2676 etiam
2943 2621 3008 2677 de
3041 2619 3210 2677 Gallia
3262 2624 3516 2677 ulteriore
3541 2666 3555 2689 ,
3588 2623 3655 2678 ad
3692 2623 3803 2678 hoc

2218 2713 2276 2767 S.
2302 2710 2481 2767 Maria:
2512 2711 2896 2767 monasterium
2926 2712 3133 2767 nobiles
3158 2723 3320 2784 atque
3339 2713 3804 2785 ignobileshonti-

2218 2817 2312 2856 nes
2350 2800 2550 2857 aliatim
2580 2816 2677 2871 pro
2708 2800 2969 2871 sospitate
3013 2801 3260 2856 habenda
3290 2843 3303 2864 ,
3342 2812 3395 2857 et
3441 2802 3743 2872 prmsertim
3769 2818 3801 2858 a

2218 2894 2457 2947 daemone
2481 2892 2620 2959 capti
2655 2889 2891 2953 afﬂuant,
2920 2903 2974 2944 ct
3015 2888 3300 2962 [miracula
3326 2891 3464 2963 eius]
3496 2893 3606 2945 sint
3654 2891 3801 2946 relc—

2215 2986 2474 3050 b“l'i'lili3,
2508 2994 2684 3041 tamen
2713 2986 3045 3056 perscribam
3072 2986 3313 3053 qumdam
3345 2987 3599 3043 memoria
3633 2986 3798 3059 digna

2217 3077 2410 3147 magis,
2442 3076 2495 3130 in
2525 3077 2744 3146 quibus,
2776 3078 2918 3147 quod
2965 3079 3128 3132 modo
3158 3079 3459 3148 scripturus
3486 3095 3603 3134 sum
3634 3121 3648 3146 ,
3677 3080 3797 3135 cla-

2219 3186 2335 3223 rum
2397 3178 2451 3224 et
2497 3170 2771 3238 vulgatum
2820 3184 2922 3224 non
2965 3170 3136 3224 solum
3179 3170 3230 3225 in
3278 3170 3587 3226 Florentino
3628 3188 3758 3244 agro
3778 3168 3837 3240 ,ξ

2217 3275 2404 3315 verum
2430 3270 2484 3316 et
2510 3261 2563 3315 in
2586 3261 2721 3315 urbe
2750 3260 2998 3315 habetur.
3046 3261 3120 3316 De
3164 3260 3220 3315 S.
3273 3260 3559 3317 Gaudentii
3596 3260 3797 3333 Oppido

2215 3350 2390 3422 puclla
2417 3350 2662 3416 exstitit,
2704 3366 2825 3422 quze
2874 3354 3110 3406 nondum
3159 3351 3320 3407 alicui
3362 3362 3657 3423 nupserat,
3704 3355 3796 3409 cui

2217 3461 2412 3500 nomen
2464 3443 2740 3508 Antonia,
2798 3445 2970 3515 neptis
3042 3444 3104 3498 D.
3162 3444 3532 3500 Bartholontaci
3583 3445 3798 3500 abbatis

2215 3538 2519 3594 Florenti-.13.
2553 3537 2703 3593 lianc
2731 3537 2910 3607 itaque
2936 3532 3163 3607 puellam
3190 3537 3309 3591 talis
3350 3538 3577 3592 adortus
3607 3535 3787 3591 fuerat
3830 3552 3833 3555 λ

2214 3630 2445 3693 ἀωιιιοιι,
2482 3638 2542 3684 ιιι
2578 3644 2636 3684 se
2668 3644 2765 3683 nec
2799 3627 2864 3682 ad
2912 3629 3014 3682 hoc
3057 3629 3112 3683 S.
3164 3627 3348 3684 Maria:
3399 3628 3789 3685 monasterium

2215 3716 2360 3784 duci,
2390 3716 2488 3772 nec
2520 3717 2625 3772 alio
2654 3714 3003 3788 [pateretur,]
3030 3717 3117 3770 ubi
3167 3715 3247 3772 sui
3279 3732 3531 3789 egressus
3574 3717 3792 3786 pericu-

2214 3813 2325 3867 lum
2349 3811 2685 3867 immineret:
2717 3825 2837 3864 nam
2858 3811 3068 3878 quoties
3095 3809 3221 3865 Jesu
3248 3809 3330 3865 vel
3357 3808 3592 3882 Virginis
3612 3808 3795 3862 Maria:

2214 3918 2308 3959 seu
2340 3898 2399 3957 S.
2436 3900 2659 3957 Joannis
2687 3900 2799 3955 sive
2829 3901 3051 3955 alterius
3080 3899 3286 3963 Sancti,
3321 3900 3393 3955 ita
3431 3909 3487 3954 ut
3530 3899 3582 3954 in
3611 3898 3793 3966 conju-

2215 3993 2383 4049 rando
2415 3993 2474 4047 lit.
2501 4033 2516 4057 ,
2545 3991 2746 4047 mentio
2783 4002 3035 4061 ageretur
3060 4034 3074 4055 ,
3116 3994 3276 4047 toties
3318 3992 3527 4047 daemon
3574 3990 3625 4046 in
3668 4007 3790 4046 eam

2213 4085 2552 4141 debacchari.
2582 4082 2781 4149 furere,
2813 4100 2908 4138 cru
2935 4085 3085 4139 lelior
3120 4083 3234 4138 fieri
3263 4086 3462 4150 solito;
3497 4085 3598 4141 hoc
3625 4100 3787 4156 agere

2214 4189 2425 4245 semper
2450 4174 2559 4236 ille.
2593 4175 2718 4245 quia
2753 4176 3016 4229 bonorum
3059 4160 3400 4231 invocatione
3424 4217 3437 4240 ,
3481 4176 3564 4233 vel
3609 4190 3791 4232 acces-

2213 4265 2364 4324 sione
2377 4274 2685 4327 samlawnt
2708 4265 2960 4323 iocorum.
2972 4265 3403 4323 et'udclioressoli
3413 4276 3463 4321 to
3476 4268 3565 4323 dat
3579 4280 3788 4346 pinnas.

2282 4357 2406 4413 546.
2436 4356 2599 4411 Forte
2643 4355 2863 4412 fortuna
2900 4356 2999 4412 fuit
3033 4366 3090 4413 ut
3120 4374 3409 4426 germanus
3460 4373 3591 4412 suus
3633 4355 3790 4411 Nico-

2147 4474 2190 4531 ο
2216 4447 2351 4513 laus,
2400 4449 2580 4504 Abbas
2625 4448 2685 4504 S.
2717 4448 2896 4503 Maria:
2933 4448 2999 4502 de
3040 4447 3283 4504 Fontana
3314 4489 3329 4515 ,
3376 4447 3789 4520 superveniens,

2220 4542 2599 4596 cunctantibus
2647 4542 2761 4596 suis
2801 4552 2855 4596 et
2910 4557 3059 4611 spem
3108 4550 3162 4596 et
3206 4539 3489 4596 consilium
3540 4537 3787 4595 dederit:

2220 4631 2363 4686 illico
2424 4632 2566 4687 enim
2622 4647 2773 4686 suam
2821 4631 3207 4701 lacrymantem
3276 4630 3464 4683 adiens
3508 4642 3790 4708 sororem,

2220 4724 2372 4793 signo
2408 4724 2589 4779 crucis
2622 4723 2674 4776 in
2726 4722 2995 4777 diabolum
3040 4723 3191 4794 prius
3230 4721 3410 4784 edito,
3453 4719 3677 4789 inquit:
3713 4715 3792 4773 Ne

2221 4812 2555 4884 lacrymeris,
2607 4814 2872 4879 obsecro,
2921 4829 3041 4869 mea
3087 4828 3282 4877 soror;
3318 4811 3453 4866 nihil
3506 4821 3590 4867 est
3650 4810 3790 4880 quod

2221 4916 2479 4963 vereare;
2519 4903 2690 4957 solum
2739 4912 2847 4956 tota
2900 4913 3077 4958 mente
3122 4902 3328 4972 Virgilii
3381 4901 3594 4965 Marim,
3632 4910 3686 4956 et
3728 4897 3788 4955 S.

2219 4992 2409 5048 Joanni
2450 4991 2534 5047 fac
2566 4991 2665 5064 [te]
2714 4992 3061 5048 commendes
3092 4990 3311 5063 iugiter.
3346 4990 3463 5047 Non
3514 4991 3639 5046 tulit
3693 4989 3789 5045 has

2218 5098 2380 5138 voces
2408 5083 2615 5138 dromon
2642 5101 2654 5135 :
2686 5098 2810 5138 mox
2839 5085 2981 5138 enim
3013 5098 3130 5139 eam
3174 5084 3523 5138 vehementer
3559 5081 3787 5153 agitare,

2221 5182 2535 5237 concutere,
2566 5173 2632 5226 ad
2664 5181 2862 5227 terram
2893 5174 3156 5244 dejicere,
3200 5183 3484 5239 sternere;
3514 5171 3602 5226 ille
3633 5169 3788 5225 Nico-

2221 5265 2336 5318 laus
2364 5267 2676 5320 exorcizare
2709 5267 3005 5320 (immunem
3031 5306 3045 5330 ,
3091 5267 3373 5335 coniurare
3402 5281 3418 5330 ;
3451 5262 3617 5325 nihil,
3646 5262 3787 5336 quod
