  <div class='ocr_page' id='page_1' title='image "/cluster/home/n/w/nwhite01/storage/ocr_20150623/146/hvd.32044015471832/488.png"; bbox 0 0 4110 5362; ppageno 0'>
   <div class='ocr_carea' id='block_1_1' title="bbox 300 208 435 291">
    <p class='ocr_par' dir='ltr' id='par_1_1' title="bbox 300 208 435 291">
     <span class='ocr_line' id='line_1_1' title="bbox 300 208 435 291; baseline -0.03 -23"><span class='ocrx_word' id='word_1_1' title='bbox 300 208 435 291; x_wconf 38' lang='grc' dir='ltr'><strong>,εδδ</strong></span> 
     </span>
    </p>
   </div>
   <div class='ocr_carea' id='block_1_2' title="bbox 1852 228 2053 284">
    <p class='ocr_par' dir='ltr' id='par_1_2' title="bbox 1852 228 2053 284">
     <span class='ocr_line' id='line_1_2' title="bbox 1852 228 2053 284; baseline 0.005 -1"><span class='ocrx_word' id='word_1_2' title='bbox 1852 228 2053 284; x_wconf 62' lang='lat' dir='ltr'><strong>ACTA.</strong></span> 
     </span>
    </p>
   </div>
   <div class='ocr_carea' id='block_1_3' title="bbox 3471 231 3575 289">
    <p class='ocr_par' dir='ltr' id='par_1_3' title="bbox 3471 231 3575 289">
     <span class='ocr_line' id='line_1_3' title="bbox 3471 231 3575 289; baseline 0.019 -3"><span class='ocrx_word' id='word_1_3' title='bbox 3471 231 3575 289; x_wconf 74' lang='grc' dir='ltr'><strong>οιθ</strong></span> 
     </span>
    </p>
   </div>
   <div class='ocr_carea' id='block_1_4' title="bbox 326 325 3575 411">
    <p class='ocr_par' dir='ltr' id='par_1_4' title="bbox 326 325 3575 411">
     <span class='ocr_line' id='line_1_4' title="bbox 326 325 3575 411; baseline 0.006 -30"><span class='ocrx_word' id='word_1_4' title='bbox 326 325 652 395; x_wconf 70' lang='lat' dir='ltr'><strong>accelerant,</strong></span> <span class='ocrx_word' id='word_1_5' title='bbox 684 330 814 387; x_wconf 85' lang='lat' dir='ltr'><strong>totis</strong></span> <span class='ocrx_word' id='word_1_6' title='bbox 837 333 1042 389; x_wconf 80' lang='lat' dir='ltr'><strong>viribus</strong></span> <span class='ocrx_word' id='word_1_7' title='bbox 1062 342 1264 402; x_wconf 86' lang='lat' dir='ltr'><strong>tamen,</strong></span> <span class='ocrx_word' id='word_1_8' title='bbox 1288 352 1360 393; x_wconf 75' lang='lat' dir='ltr'><strong>ne</strong></span> <span class='ocrx_word' id='word_1_9' title='bbox 1381 337 1434 392; x_wconf 99' lang='lat' dir='ltr'><strong>id</strong></span> <span class='ocrx_word' id='word_1_10' title='bbox 1461 335 1636 407; x_wconf 77' lang='lat' dir='ltr'><strong>fleret,</strong></span> <span class='ocrx_word' id='word_1_11' title='bbox 1662 339 1904 397; x_wconf 69' lang='lat' dir='ltr'><strong>dtemone</strong></span> <span class='ocrx_word' id='word_1_12' title='bbox 1932 346 1978 406; x_wconf 77' lang='grc' dir='ltr'>Α</span> <span class='ocrx_word' id='word_1_13' title='bbox 2009 342 2141 397; x_wconf 83' lang='lat' dir='ltr'><strong>foris</strong></span> <span class='ocrx_word' id='word_1_14' title='bbox 2174 343 2347 399; x_wconf 86' lang='lat' dir='ltr'><strong>locum</strong></span> <span class='ocrx_word' id='word_1_15' title='bbox 2377 358 2392 396; x_wconf 90' lang='lat'><strong>:</strong></span> <span class='ocrx_word' id='word_1_16' title='bbox 2432 343 2576 398; x_wconf 90' lang='lat' dir='ltr'><strong>intus</strong></span> <span class='ocrx_word' id='word_1_17' title='bbox 2607 358 2749 398; x_wconf 90' lang='lat' dir='ltr'><strong>emm</strong></span> <span class='ocrx_word' id='word_1_18' title='bbox 2776 339 3093 398; x_wconf 79' lang='lat' dir='ltr'><strong>mulieribus</strong></span> <span class='ocrx_word' id='word_1_19' title='bbox 3122 355 3293 411; x_wconf 90' lang='lat' dir='ltr'><strong>neque</strong></span> <span class='ocrx_word' id='word_1_20' title='bbox 3321 356 3575 409; x_wconf 80' lang='lat' dir='ltr'><strong>accessus</strong></span> 
     </span>
    </p>
   </div>
   <div class='ocr_carea' id='block_1_5' title="bbox 322 421 1904 488">
    <p class='ocr_par' dir='ltr' id='par_1_5' title="bbox 322 421 1904 488">
     <span class='ocr_line' id='line_1_5' title="bbox 322 421 1904 488; baseline 0.009 -14"><span class='ocrx_word' id='word_1_21' title='bbox 322 421 624 478; x_wconf 83' lang='lat' dir='ltr'><strong>annitente.</strong></span> <span class='ocrx_word' id='word_1_22' title='bbox 658 422 890 480; x_wconf 85' lang='lat' dir='ltr'><strong>Econtra</strong></span> <span class='ocrx_word' id='word_1_23' title='bbox 936 427 1119 483; x_wconf 83' lang='lat' dir='ltr'><strong>Abbas</strong></span> <span class='ocrx_word' id='word_1_24' title='bbox 1149 429 1240 485; x_wconf 89' lang='lat' dir='ltr'><strong>ille</strong></span> <span class='ocrx_word' id='word_1_25' title='bbox 1281 428 1533 487; x_wconf 77' lang='lat' dir='ltr'><strong>Nicolaus</strong></span> <span class='ocrx_word' id='word_1_26' title='bbox 1569 433 1904 488; x_wconf 90' lang='lat' dir='ltr'><strong>orationibus</strong></span> 
     </span>
    </p>
   </div>
   <div class='ocr_carea' id='block_1_6' title="bbox 326 513 1902 592">
    <p class='ocr_par' dir='ltr' id='par_1_6' title="bbox 326 513 1902 592">
     <span class='ocr_line' id='line_1_6' title="bbox 326 513 1902 592; baseline 0.005 -22"><span class='ocrx_word' id='word_1_27' title='bbox 326 515 596 583; x_wconf 70' lang='lat' dir='ltr'><strong>eoatinuis</strong></span> <span class='ocrx_word' id='word_1_28' title='bbox 619 513 752 571; x_wconf 89' lang='lat' dir='ltr'><strong>nihil</strong></span> <span class='ocrx_word' id='word_1_29' title='bbox 773 517 910 586; x_wconf 87' lang='lat' dir='ltr'><strong>apud</strong></span> <span class='ocrx_word' id='word_1_30' title='bbox 932 534 995 573; x_wconf 87' lang='lat' dir='ltr'><strong>se</strong></span> <span class='ocrx_word' id='word_1_31' title='bbox 1023 519 1327 587; x_wconf 85' lang='lat' dir='ltr'><strong>remissum,</strong></span> <span class='ocrx_word' id='word_1_32' title='bbox 1355 534 1528 591; x_wconf 88' lang='lat' dir='ltr'><strong>neque</strong></span> <span class='ocrx_word' id='word_1_33' title='bbox 1554 523 1692 592; x_wconf 84' lang='lat' dir='ltr'><strong>apud</strong></span> <span class='ocrx_word' id='word_1_34' title='bbox 1714 523 1902 578; x_wconf 89' lang='lat' dir='ltr'><strong>diabo-</strong></span> 
     </span>
    </p>
   </div>
   <div class='ocr_carea' id='block_1_7' title="bbox 325 602 799 676">
    <p class='ocr_par' dir='ltr' id='par_1_7' title="bbox 325 602 799 676">
     <span class='ocr_line' id='line_1_7' title="bbox 325 602 799 676; baseline 0.004 -17"><span class='ocrx_word' id='word_1_35' title='bbox 325 602 437 659; x_wconf 84' lang='lat' dir='ltr'><strong>ium</strong></span> <span class='ocrx_word' id='word_1_36' title='bbox 466 613 637 661; x_wconf 88' lang='lat' dir='ltr'><strong>tutum</strong></span> <span class='ocrx_word' id='word_1_37' title='bbox 666 607 799 676; x_wconf 87' lang='lat' dir='ltr'><strong>pati.</strong></span> 
     </span>
    </p>
   </div>
   <div class='ocr_carea' id='block_1_8' title="bbox 394 695 1904 770">
    <p class='ocr_par' dir='ltr' id='par_1_8' title="bbox 394 695 1904 770">
     <span class='ocr_line' id='line_1_8' title="bbox 394 695 1904 770; baseline 0.005 -19"><span class='ocrx_word' id='word_1_38' title='bbox 394 695 520 751; x_wconf 69' lang='lat'><strong>347.</strong></span> <span class='ocrx_word' id='word_1_39' title='bbox 554 695 653 752; x_wconf 89' lang='lat' dir='ltr'><strong>Ubi</strong></span> <span class='ocrx_word' id='word_1_40' title='bbox 682 712 811 753; x_wconf 85' lang='lat' dir='ltr'><strong>vero</strong></span> <span class='ocrx_word' id='word_1_41' title='bbox 833 699 900 754; x_wconf 88' lang='lat' dir='ltr'><strong>ad</strong></span> <span class='ocrx_word' id='word_1_42' title='bbox 926 700 1025 754; x_wconf 83' lang='lat' dir='ltr'><strong>has</strong></span> <span class='ocrx_word' id='word_1_43' title='bbox 1056 702 1306 770; x_wconf 74' lang='lat' dir='ltr'><strong>regiones</strong></span> <span class='ocrx_word' id='word_1_44' title='bbox 1331 711 1549 758; x_wconf 89' lang='lat' dir='ltr'><strong>ventum</strong></span> <span class='ocrx_word' id='word_1_45' title='bbox 1580 712 1683 767; x_wconf 89' lang='lat' dir='ltr'><strong>est,</strong></span> <span class='ocrx_word' id='word_1_46' title='bbox 1716 703 1904 760; x_wconf 64' lang='lat' dir='ltr'><strong>di.boo</strong></span> 
     </span>
    </p>
   </div>
   <div class='ocr_carea' id='block_1_9' title="bbox 325 788 1905 867">
    <p class='ocr_par' dir='ltr' id='par_1_9' title="bbox 325 788 1905 867">
     <span class='ocr_line' id='line_1_9' title="bbox 325 788 1905 867; baseline 0.005 -22"><span class='ocrx_word' id='word_1_47' title='bbox 325 788 410 845; x_wconf 86' lang='lat' dir='ltr'><strong>lus</strong></span> <span class='ocrx_word' id='word_1_48' title='bbox 456 788 510 847; x_wconf 86' lang='lat' dir='ltr'><strong>in</strong></span> <span class='ocrx_word' id='word_1_49' title='bbox 553 790 788 860; x_wconf 83' lang='lat' dir='ltr'><strong>puellam</strong></span> <span class='ocrx_word' id='word_1_50' title='bbox 838 794 1009 864; x_wconf 73' lang='lat' dir='ltr'><strong>magis</strong></span> <span class='ocrx_word' id='word_1_51' title='bbox 1058 794 1328 861; x_wconf 86' lang='lat' dir='ltr'><strong>insanire,</strong></span> <span class='ocrx_word' id='word_1_52' title='bbox 1378 809 1738 867; x_wconf 68' lang='lat' dir='ltr'><strong>praesentem,</strong></span> <span class='ocrx_word' id='word_1_53' title='bbox 1799 799 1905 854; x_wconf 85' lang='lat' dir='ltr'><strong>nisi</strong></span> 
     </span>
    </p>
   </div>
   <div class='ocr_carea' id='block_1_10' title="bbox 308 881 1902 961">
    <p class='ocr_par' dir='ltr' id='par_1_10' title="bbox 308 881 1902 961">
     <span class='ocr_line' id='line_1_10' title="bbox 308 881 1902 961; baseline 0.008 -27"><span class='ocrx_word' id='word_1_54' title='bbox 308 888 478 943; x_wconf 50' lang='lat' dir='ltr'><strong>,retro</strong></span> <span class='ocrx_word' id='word_1_55' title='bbox 528 881 691 949; x_wconf 88' lang='lat' dir='ltr'><strong>irent,</strong></span> <span class='ocrx_word' id='word_1_56' title='bbox 721 894 953 940; x_wconf 80' lang='lat' dir='ltr'><strong>mortem</strong></span> <span class='ocrx_word' id='word_1_57' title='bbox 981 887 1029 941; x_wconf 88' lang='lat' dir='ltr'><strong>ei</strong></span> <span class='ocrx_word' id='word_1_58' title='bbox 1060 887 1296 943; x_wconf 78' lang='lat' dir='ltr'><strong>minitari</strong></span> <span class='ocrx_word' id='word_1_59' title='bbox 1323 930 1337 954; x_wconf 96' lang='lat'><strong>,</strong></span> <span class='ocrx_word' id='word_1_60' title='bbox 1369 891 1602 961; x_wconf 87' lang='lat' dir='ltr'><strong>denique</strong></span> <span class='ocrx_word' id='word_1_61' title='bbox 1631 890 1765 946; x_wconf 86' lang='lat' dir='ltr'><strong>nihil</strong></span> <span class='ocrx_word' id='word_1_62' title='bbox 1794 907 1902 947; x_wconf 90' lang='lat' dir='ltr'><strong>mo-</strong></span> 
     </span>
    </p>
   </div>
   <div class='ocr_carea' id='block_1_11' title="bbox 312 972 1905 1053">
    <p class='ocr_par' dir='ltr' id='par_1_11' title="bbox 312 972 1905 1053">
     <span class='ocr_line' id='line_1_11' title="bbox 312 972 1905 1053; baseline 0.009 -27"><span class='ocrx_word' id='word_1_63' title='bbox 312 972 495 1028; x_wconf 87' lang='lat' dir='ltr'><strong>.derati</strong></span> <span class='ocrx_word' id='word_1_64' title='bbox 518 975 721 1032; x_wconf 84' lang='lat' dir='ltr'><strong>habere</strong></span> <span class='ocrx_word' id='word_1_65' title='bbox 747 992 764 1041; x_wconf 91' lang='lat'><strong>;</strong></span> <span class='ocrx_word' id='word_1_66' title='bbox 798 993 955 1033; x_wconf 83' lang='lat' dir='ltr'><strong>voces</strong></span> <span class='ocrx_word' id='word_1_67' title='bbox 974 979 1259 1035; x_wconf 83' lang='lat' dir='ltr'><strong>indecoras</strong></span> <span class='ocrx_word' id='word_1_68' title='bbox 1286 982 1336 1034; x_wconf 88' lang='lat' dir='ltr'><strong>in</strong></span> <span class='ocrx_word' id='word_1_69' title='bbox 1359 980 1543 1036; x_wconf 90' lang='lat' dir='ltr'><strong>Jesum</strong></span> <span class='ocrx_word' id='word_1_70' title='bbox 1568 983 1905 1053; x_wconf 87' lang='lat' dir='ltr'><strong>Sanctosque</strong></span> 
     </span>
    </p>
   </div>
   <div class='ocr_carea' id='block_1_12' title="bbox 325 1062 1907 1142">
    <p class='ocr_par' dir='ltr' id='par_1_12' title="bbox 325 1062 1907 1142">
     <span class='ocr_line' id='line_1_12' title="bbox 325 1062 1907 1142; baseline 0.007 -26"><span class='ocrx_word' id='word_1_71' title='bbox 325 1062 442 1133; x_wconf 82' lang='lat' dir='ltr'><strong>ejus</strong></span> <span class='ocrx_word' id='word_1_72' title='bbox 486 1066 682 1131; x_wconf 90' lang='lat' dir='ltr'><strong>edere,</strong></span> <span class='ocrx_word' id='word_1_73' title='bbox 729 1083 907 1138; x_wconf 91' lang='lat' dir='ltr'><strong>neque</strong></span> <span class='ocrx_word' id='word_1_74' title='bbox 954 1070 1187 1139; x_wconf 86' lang='lat' dir='ltr'><strong>puellam</strong></span> <span class='ocrx_word' id='word_1_75' title='bbox 1218 1072 1537 1140; x_wconf 89' lang='lat' dir='ltr'><strong>quiescere,</strong></span> <span class='ocrx_word' id='word_1_76' title='bbox 1580 1087 1754 1142; x_wconf 66' lang='lat' dir='ltr'><strong>neque</strong></span> <span class='ocrx_word' id='word_1_77' title='bbox 1801 1072 1907 1127; x_wconf 86' lang='lat' dir='ltr'><strong>iter</strong></span> 
     </span>
    </p>
   </div>
   <div class='ocr_carea' id='block_1_13' title="bbox 315 1161 1901 1237">
    <p class='ocr_par' dir='ltr' id='par_1_13' title="bbox 315 1161 1901 1237">
     <span class='ocr_line' id='line_1_13' title="bbox 315 1161 1901 1237; baseline 0.008 -26"><span class='ocrx_word' id='word_1_78' title='bbox 315 1161 597 1231; x_wconf 70' lang='lat' dir='ltr'><strong>inceptum</strong></span> <span class='ocrx_word' id='word_1_79' title='bbox 631 1179 794 1234; x_wconf 79' lang='lat' dir='ltr'><strong>agere</strong></span> <span class='ocrx_word' id='word_1_80' title='bbox 836 1165 987 1235; x_wconf 84' lang='lat' dir='ltr'><strong>pati:</strong></span> <span class='ocrx_word' id='word_1_81' title='bbox 1026 1165 1224 1221; x_wconf 91' lang='lat' dir='ltr'><strong>Oratur</strong></span> <span class='ocrx_word' id='word_1_82' title='bbox 1267 1167 1448 1237; x_wconf 83' lang='lat' dir='ltr'><strong>itaque</strong></span> <span class='ocrx_word' id='word_1_83' title='bbox 1491 1167 1559 1222; x_wconf 90' lang='lat' dir='ltr'><strong>ab</strong></span> <span class='ocrx_word' id='word_1_84' title='bbox 1604 1169 1901 1234; x_wconf 89' lang='lat' dir='ltr'><strong>omnibus;</strong></span> 
     </span>
    </p>
   </div>
   <div class='ocr_carea' id='block_1_14' title="bbox 332 1252 1901 1328">
    <p class='ocr_par' dir='ltr' id='par_1_14' title="bbox 332 1252 1901 1328">
     <span class='ocr_line' id='line_1_14' title="bbox 332 1252 1901 1328; baseline 0.004 -22"><span class='ocrx_word' id='word_1_85' title='bbox 332 1252 559 1325; x_wconf 74' lang='lat' dir='ltr'><strong>Virginis</strong></span> <span class='ocrx_word' id='word_1_86' title='bbox 586 1255 791 1321; x_wconf 67' lang='lat' dir='ltr'><strong>Marias,</strong></span> <span class='ocrx_word' id='word_1_87' title='bbox 822 1273 921 1312; x_wconf 87' lang='lat' dir='ltr'><strong>nec</strong></span> <span class='ocrx_word' id='word_1_88' title='bbox 948 1258 1241 1323; x_wconf 83' lang='lat' dir='ltr'><strong>incassum,</strong></span> <span class='ocrx_word' id='word_1_89' title='bbox 1272 1258 1571 1328; x_wconf 85' lang='lat' dir='ltr'><strong>requiritur</strong></span> <span class='ocrx_word' id='word_1_90' title='bbox 1618 1259 1901 1313; x_wconf 75' lang='lat' dir='ltr'><strong>auxilium.</strong></span> 
     </span>
    </p>
   </div>
   <div class='ocr_carea' id='block_1_15' title="bbox 316 1340 1903 1405">
    <p class='ocr_par' dir='ltr' id='par_1_15' title="bbox 316 1340 1903 1405">
     <span class='ocr_line' id='line_1_15' title="bbox 316 1340 1903 1405; baseline 0.005 -9"><span class='ocrx_word' id='word_1_91' title='bbox 316 1340 475 1401; x_wconf 75' lang='lat' dir='ltr'><strong>illico</strong></span> <span class='ocrx_word' id='word_1_92' title='bbox 499 1346 644 1399; x_wconf 88' lang='lat' dir='ltr'><strong>enim</strong></span> <span class='ocrx_word' id='word_1_93' title='bbox 675 1348 904 1402; x_wconf 60' lang='grc' dir='ltr'><strong>ἀπηωηί</strong></span> <span class='ocrx_word' id='word_1_94' title='bbox 937 1349 1031 1402; x_wconf 82' lang='lat' dir='ltr'><strong>ir:e</strong></span> <span class='ocrx_word' id='word_1_95' title='bbox 1057 1356 1111 1403; x_wconf 88' lang='lat' dir='ltr'><strong>et</strong></span> <span class='ocrx_word' id='word_1_96' title='bbox 1138 1350 1300 1403; x_wconf 66' lang='lat' dir='ltr'><strong>minae</strong></span> <span class='ocrx_word' id='word_1_97' title='bbox 1342 1350 1607 1405; x_wconf 88' lang='lat' dir='ltr'><strong>cecidere.</strong></span> <span class='ocrx_word' id='word_1_98' title='bbox 1632 1350 1903 1405; x_wconf 66' lang='lat' dir='ltr'><strong>Cancrum</strong></span> 
     </span>
    </p>
   </div>
   <div class='ocr_carea' id='block_1_16' title="bbox 318 1436 1905 1511">
    <p class='ocr_par' dir='ltr' id='par_1_16' title="bbox 318 1436 1905 1511">
     <span class='ocr_line' id='line_1_16' title="bbox 318 1436 1905 1511; baseline 0.003 -18"><span class='ocrx_word' id='word_1_99' title='bbox 318 1449 453 1493; x_wconf 74' lang='lat' dir='ltr'><strong>.cum</strong></span> <span class='ocrx_word' id='word_1_100' title='bbox 496 1436 638 1492; x_wconf 87' lang='lat' dir='ltr'><strong>haud</strong></span> <span class='ocrx_word' id='word_1_101' title='bbox 688 1439 875 1507; x_wconf 88' lang='lat' dir='ltr'><strong>procul</strong></span> <span class='ocrx_word' id='word_1_102' title='bbox 913 1454 942 1492; x_wconf 92' lang='lat' dir='ltr'><strong>a</strong></span> <span class='ocrx_word' id='word_1_103' title='bbox 985 1441 1315 1495; x_wconf 88' lang='lat' dir='ltr'><strong>monasterio</strong></span> <span class='ocrx_word' id='word_1_104' title='bbox 1351 1439 1465 1496; x_wconf 85' lang='lat' dir='ltr'><strong>fere</strong></span> <span class='ocrx_word' id='word_1_105' title='bbox 1508 1456 1604 1511; x_wconf 87' lang='lat' dir='ltr'><strong>per</strong></span> <span class='ocrx_word' id='word_1_106' title='bbox 1642 1442 1905 1497; x_wconf 88' lang='lat' dir='ltr'><strong>ducentos</strong></span> 
     </span>
    </p>
   </div>
   <div class='ocr_carea' id='block_1_17' title="bbox 324 1530 1904 1598">
    <p class='ocr_par' dir='ltr' id='par_1_17' title="bbox 324 1530 1904 1598">
     <span class='ocr_line' id='line_1_17' title="bbox 324 1530 1904 1598; baseline 0.004 -18"><span class='ocrx_word' id='word_1_107' title='bbox 324 1540 518 1595; x_wconf 78' lang='lat' dir='ltr'><strong>passus</strong></span> <span class='ocrx_word' id='word_1_108' title='bbox 543 1536 758 1594; x_wconf 82' lang='lat' dir='ltr'><strong>essent,</strong></span> <span class='ocrx_word' id='word_1_109' title='bbox 805 1538 933 1585; x_wconf 87' lang='lat' dir='ltr'><strong>tunc</strong></span> <span class='ocrx_word' id='word_1_110' title='bbox 972 1530 1186 1585; x_wconf 65' lang='lat' dir='ltr'><strong>daemon</strong></span> <span class='ocrx_word' id='word_1_111' title='bbox 1239 1531 1365 1586; x_wconf 89' lang='lat' dir='ltr'><strong>totis</strong></span> <span class='ocrx_word' id='word_1_112' title='bbox 1399 1532 1608 1587; x_wconf 88' lang='lat' dir='ltr'><strong>viribus</strong></span> <span class='ocrx_word' id='word_1_113' title='bbox 1651 1531 1791 1598; x_wconf 91' lang='lat' dir='ltr'><strong>niti,</strong></span> <span class='ocrx_word' id='word_1_114' title='bbox 1834 1544 1904 1587; x_wconf 89' lang='lat' dir='ltr'><strong>ne</strong></span> 
     </span>
    </p>
   </div>
   <div class='ocr_carea' id='block_1_18' title="bbox 324 1616 1943 1694">
    <p class='ocr_par' dir='ltr' id='par_1_18' title="bbox 324 1616 1943 1694">
     <span class='ocr_line' id='line_1_18' title="bbox 324 1616 1943 1694; baseline 0.006 -22"><span class='ocrx_word' id='word_1_115' title='bbox 324 1616 553 1674; x_wconf 86' lang='lat' dir='ltr'><strong>ulterius</strong></span> <span class='ocrx_word' id='word_1_116' title='bbox 581 1619 872 1676; x_wconf 83' lang='lat' dir='ltr'><strong>duceretur</strong></span> <span class='ocrx_word' id='word_1_117' title='bbox 894 1622 1067 1690; x_wconf 83' lang='lat' dir='ltr'><strong>puella</strong></span> <span class='ocrx_word' id='word_1_118' title='bbox 1094 1639 1108 1689; x_wconf 95' lang='lat'><strong>;</strong></span> <span class='ocrx_word' id='word_1_119' title='bbox 1146 1624 1233 1677; x_wconf 92' lang='lat' dir='ltr'><strong>cui</strong></span> <span class='ocrx_word' id='word_1_120' title='bbox 1260 1639 1469 1678; x_wconf 88' lang='lat' dir='ltr'><strong>summa</strong></span> <span class='ocrx_word' id='word_1_121' title='bbox 1496 1639 1598 1694; x_wconf 90' lang='lat' dir='ltr'><strong>ope</strong></span> <span class='ocrx_word' id='word_1_122' title='bbox 1632 1640 1690 1679; x_wconf 91' lang='lat' dir='ltr'><strong>se</strong></span> <span class='ocrx_word' id='word_1_123' title='bbox 1718 1642 1904 1680; x_wconf 85' lang='lat' dir='ltr'><strong>moua-</strong></span> <span class='ocrx_word' id='word_1_124' title='bbox 1934 1640 1943 1694; x_wconf 59' lang='grc' dir='ltr'><strong><em>ς</em></strong></span> 
     </span>
    </p>
   </div>
   <div class='ocr_carea' id='block_1_19' title="bbox 322 1685 1978 1781">
    <p class='ocr_par' dir='ltr' id='par_1_19' title="bbox 322 1685 1978 1781">
     <span class='ocr_line' id='line_1_19' title="bbox 322 1685 1978 1781; baseline 0.007 -18"><span class='ocrx_word' id='word_1_125' title='bbox 322 1708 460 1763; x_wconf 87' lang='lat' dir='ltr'><strong>chus</strong></span> <span class='ocrx_word' id='word_1_126' title='bbox 485 1723 780 1780; x_wconf 80' lang='lat' dir='ltr'><strong>apponere,</strong></span> <span class='ocrx_word' id='word_1_127' title='bbox 803 1714 1145 1769; x_wconf 79' lang='lat' dir='ltr'><strong>orationibus</strong></span> <span class='ocrx_word' id='word_1_128' title='bbox 1172 1715 1394 1781; x_wconf 84' lang='lat' dir='ltr'><strong>instare,</strong></span> <span class='ocrx_word' id='word_1_129' title='bbox 1411 1730 1478 1770; x_wconf 90' lang='lat' dir='ltr'><strong>ne</strong></span> <span class='ocrx_word' id='word_1_130' title='bbox 1505 1716 1703 1772; x_wconf 89' lang='lat' dir='ltr'><strong>diaboli</strong></span> <span class='ocrx_word' id='word_1_131' title='bbox 1732 1718 1904 1773; x_wconf 87' lang='lat' dir='ltr'><strong>malus</strong></span> <span class='ocrx_word' id='word_1_132' title='bbox 1934 1685 1978 1745; x_wconf 74' lang='grc' dir='ltr'><strong>Β</strong></span> 
     </span>
    </p>
   </div>
   <div class='ocr_carea' id='block_1_20' title="bbox 326 1800 1907 1876">
    <p class='ocr_par' dir='ltr' id='par_1_20' title="bbox 326 1800 1907 1876">
     <span class='ocr_line' id='line_1_20' title="bbox 326 1800 1907 1876; baseline 0.005 -22"><span class='ocrx_word' id='word_1_133' title='bbox 326 1800 540 1855; x_wconf 79' lang='lat' dir='ltr'><strong>animus</strong></span> <span class='ocrx_word' id='word_1_134' title='bbox 568 1802 925 1873; x_wconf 87' lang='lat' dir='ltr'><strong>compleretur</strong></span> <span class='ocrx_word' id='word_1_135' title='bbox 955 1805 1005 1858; x_wconf 91' lang='lat' dir='ltr'><strong>in</strong></span> <span class='ocrx_word' id='word_1_136' title='bbox 1037 1820 1264 1871; x_wconf 82' lang='lat' dir='ltr'><strong>sorore;</strong></span> <span class='ocrx_word' id='word_1_137' title='bbox 1299 1814 1350 1861; x_wconf 89' lang='lat' dir='ltr'><strong>et</strong></span> <span class='ocrx_word' id='word_1_138' title='bbox 1374 1821 1482 1876; x_wconf 90' lang='lat' dir='ltr'><strong>quo</strong></span> <span class='ocrx_word' id='word_1_139' title='bbox 1521 1805 1757 1861; x_wconf 87' lang='lat' dir='ltr'><strong>ferocius</strong></span> <span class='ocrx_word' id='word_1_140' title='bbox 1796 1808 1907 1862; x_wconf 77' lang='lat' dir='ltr'><strong>cla—</strong></span> 
     </span>
    </p>
   </div>
   <div class='ocr_carea' id='block_1_21' title="bbox 326 1891 1906 1958">
    <p class='ocr_par' dir='ltr' id='par_1_21' title="bbox 326 1891 1906 1958">
     <span class='ocr_line' id='line_1_21' title="bbox 326 1891 1906 1958; baseline 0.005 -13"><span class='ocrx_word' id='word_1_141' title='bbox 326 1891 552 1946; x_wconf 87' lang='lat' dir='ltr'><strong>mitabat</strong></span> <span class='ocrx_word' id='word_1_142' title='bbox 580 1894 807 1958; x_wconf 68' lang='lat' dir='ltr'><strong>daemon,</strong></span> <span class='ocrx_word' id='word_1_143' title='bbox 837 1909 903 1949; x_wconf 91' lang='lat' dir='ltr'><strong>eo</strong></span> <span class='ocrx_word' id='word_1_144' title='bbox 943 1894 1190 1951; x_wconf 85' lang='lat' dir='ltr'><strong>infestius</strong></span> <span class='ocrx_word' id='word_1_145' title='bbox 1221 1898 1517 1952; x_wconf 72' lang='lat' dir='ltr'><strong>monachus</strong></span> <span class='ocrx_word' id='word_1_146' title='bbox 1544 1906 1601 1952; x_wconf 90' lang='lat' dir='ltr'><strong>et</strong></span> <span class='ocrx_word' id='word_1_147' title='bbox 1638 1898 1820 1952; x_wconf 69' lang='lat' dir='ltr'><strong>cancri</strong></span> <span class='ocrx_word' id='word_1_148' title='bbox 1854 1899 1906 1953; x_wconf 91' lang='lat' dir='ltr'><strong>in</strong></span> 
     </span>
    </p>
   </div>
   <div class='ocr_carea' id='block_1_22' title="bbox 325 1981 1909 2055">
    <p class='ocr_par' dir='ltr' id='par_1_22' title="bbox 325 1981 1909 2055">
     <span class='ocr_line' id='line_1_22' title="bbox 325 1981 1909 2055; baseline 0.004 -19"><span class='ocrx_word' id='word_1_149' title='bbox 325 1995 451 2037; x_wconf 81' lang='lat' dir='ltr'><strong>eum</strong></span> <span class='ocrx_word' id='word_1_150' title='bbox 504 1981 727 2050; x_wconf 87' lang='lat' dir='ltr'><strong>invehi;</strong></span> <span class='ocrx_word' id='word_1_151' title='bbox 782 1993 991 2039; x_wconf 84' lang='lat' dir='ltr'><strong>tentare</strong></span> <span class='ocrx_word' id='word_1_152' title='bbox 1040 1987 1083 2040; x_wconf 87' lang='lat' dir='ltr'><strong>si</strong></span> <span class='ocrx_word' id='word_1_153' title='bbox 1125 2002 1230 2055; x_wconf 88' lang='lat' dir='ltr'><strong>qua</strong></span> <span class='ocrx_word' id='word_1_154' title='bbox 1269 1988 1354 2041; x_wconf 87' lang='lat' dir='ltr'><strong>via</strong></span> <span class='ocrx_word' id='word_1_155' title='bbox 1400 1986 1483 2042; x_wconf 85' lang='lat' dir='ltr'><strong>vel</strong></span> <span class='ocrx_word' id='word_1_156' title='bbox 1525 1987 1740 2043; x_wconf 88' lang='lat' dir='ltr'><strong>trahere</strong></span> <span class='ocrx_word' id='word_1_157' title='bbox 1766 2029 1781 2053; x_wconf 93' lang='lat'><strong>,</strong></span> <span class='ocrx_word' id='word_1_158' title='bbox 1823 1988 1909 2043; x_wconf 85' lang='lat' dir='ltr'><strong>vel</strong></span> 
     </span>
    </p>
   </div>
   <div class='ocr_carea' id='block_1_23' title="bbox 325 2074 1909 2147">
    <p class='ocr_par' dir='ltr' id='par_1_23' title="bbox 325 2074 1909 2147">
     <span class='ocr_line' id='line_1_23' title="bbox 325 2074 1909 2147; baseline 0.008 -16"><span class='ocrx_word' id='word_1_159' title='bbox 325 2074 593 2131; x_wconf 79' lang='lat' dir='ltr'><strong>elevatam</strong></span> <span class='ocrx_word' id='word_1_160' title='bbox 619 2077 764 2133; x_wconf 88' lang='lat' dir='ltr'><strong>ferre</strong></span> <span class='ocrx_word' id='word_1_161' title='bbox 795 2080 1057 2135; x_wconf 78' lang='lat' dir='ltr'><strong>valerent.</strong></span> <span class='ocrx_word' id='word_1_162' title='bbox 1104 2081 1257 2147; x_wconf 82' lang='lat' dir='ltr'><strong>Quod</strong></span> <span class='ocrx_word' id='word_1_163' title='bbox 1285 2083 1374 2138; x_wconf 91' lang='lat' dir='ltr'><strong>ubi</strong></span> <span class='ocrx_word' id='word_1_164' title='bbox 1406 2099 1562 2140; x_wconf 89' lang='lat' dir='ltr'><strong>secus</strong></span> <span class='ocrx_word' id='word_1_165' title='bbox 1614 2101 1679 2140; x_wconf 90' lang='lat' dir='ltr'><strong>ac</strong></span> <span class='ocrx_word' id='word_1_166' title='bbox 1709 2085 1909 2143; x_wconf 82' lang='lat' dir='ltr'><strong>voluis-</strong></span> 
     </span>
    </p>
   </div>
   <div class='ocr_carea' id='block_1_24' title="bbox 324 2168 1910 2242">
    <p class='ocr_par' dir='ltr' id='par_1_24' title="bbox 324 2168 1910 2242">
     <span class='ocr_line' id='line_1_24' title="bbox 324 2168 1910 2242; baseline 0.01 -25"><span class='ocrx_word' id='word_1_167' title='bbox 324 2174 452 2218; x_wconf 80' lang='lat' dir='ltr'><strong>sent</strong></span> <span class='ocrx_word' id='word_1_168' title='bbox 511 2168 794 2235; x_wconf 81' lang='lat' dir='ltr'><strong>procedit,</strong></span> <span class='ocrx_word' id='word_1_169' title='bbox 846 2184 1021 2238; x_wconf 85' lang='lat' dir='ltr'><strong>neque</strong></span> <span class='ocrx_word' id='word_1_170' title='bbox 1068 2173 1210 2239; x_wconf 89' lang='lat' dir='ltr'><strong>quod</strong></span> <span class='ocrx_word' id='word_1_171' title='bbox 1266 2173 1647 2242; x_wconf 88' lang='lat' dir='ltr'><strong>intenderant,</strong></span> <span class='ocrx_word' id='word_1_172' title='bbox 1700 2176 1910 2233; x_wconf 85' lang='lat' dir='ltr'><strong>clllcere</strong></span> 
     </span>
    </p>
   </div>
   <div class='ocr_carea' id='block_1_25' title="bbox 326 2262 1908 2331">
    <p class='ocr_par' dir='ltr' id='par_1_25' title="bbox 326 2262 1908 2331">
     <span class='ocr_line' id='line_1_25' title="bbox 326 2262 1908 2331; baseline 0.008 -18"><span class='ocrx_word' id='word_1_173' title='bbox 326 2268 566 2328; x_wconf 88' lang='lat' dir='ltr'><strong>possent,</strong></span> <span class='ocrx_word' id='word_1_174' title='bbox 598 2262 994 2331; x_wconf 81' lang='lat' dir='ltr'><strong>quamprimum</strong></span> <span class='ocrx_word' id='word_1_175' title='bbox 1036 2279 1095 2318; x_wconf 91' lang='lat' dir='ltr'><strong>se</strong></span> <span class='ocrx_word' id='word_1_176' title='bbox 1126 2265 1177 2319; x_wconf 90' lang='lat' dir='ltr'><strong>in</strong></span> <span class='ocrx_word' id='word_1_177' title='bbox 1208 2264 1420 2321; x_wconf 85' lang='lat' dir='ltr'><strong>turbam</strong></span> <span class='ocrx_word' id='word_1_178' title='bbox 1449 2268 1908 2325; x_wconf 77' lang='lat' dir='ltr'><strong>confertissimam</strong></span> 
     </span>
    </p>
   </div>
   <div class='ocr_carea' id='block_1_26' title="bbox 327 2352 1908 2422">
    <p class='ocr_par' dir='ltr' id='par_1_26' title="bbox 327 2352 1908 2422">
     <span class='ocr_line' id='line_1_26' title="bbox 327 2352 1908 2422; baseline 0.008 -19"><span class='ocrx_word' id='word_1_179' title='bbox 327 2362 717 2403; x_wconf 83' lang='lat' dir='ltr'><strong>conversurum</strong></span> <span class='ocrx_word' id='word_1_180' title='bbox 746 2359 800 2405; x_wconf 87' lang='lat' dir='ltr'><strong>et</strong></span> <span class='ocrx_word' id='word_1_181' title='bbox 824 2352 1080 2418; x_wconf 88' lang='lat' dir='ltr'><strong>aliorum,</strong></span> <span class='ocrx_word' id='word_1_182' title='bbox 1112 2354 1202 2422; x_wconf 89' lang='lat' dir='ltr'><strong>qui</strong></span> <span class='ocrx_word' id='word_1_183' title='bbox 1246 2356 1332 2411; x_wconf 90' lang='lat' dir='ltr'><strong>his</strong></span> <span class='ocrx_word' id='word_1_184' title='bbox 1366 2356 1697 2414; x_wconf 86' lang='lat' dir='ltr'><strong>clamoribus</strong></span> <span class='ocrx_word' id='word_1_185' title='bbox 1745 2361 1908 2416; x_wconf 82' lang='lat' dir='ltr'><strong>exciti</strong></span> 
     </span>
    </p>
   </div>
   <div class='ocr_carea' id='block_1_27' title="bbox 328 2435 1907 2515">
    <p class='ocr_par' dir='ltr' id='par_1_27' title="bbox 328 2435 1907 2515">
     <span class='ocr_line' id='line_1_27' title="bbox 328 2435 1907 2515; baseline 0.011 -28"><span class='ocrx_word' id='word_1_186' title='bbox 328 2435 547 2506; x_wconf 66' lang='lat' dir='ltr'><strong>globum</strong></span> <span class='ocrx_word' id='word_1_187' title='bbox 574 2437 838 2503; x_wconf 79' lang='lat' dir='ltr'><strong>fecerant,</strong></span> <span class='ocrx_word' id='word_1_188' title='bbox 858 2442 1061 2510; x_wconf 80' lang='lat' dir='ltr'><strong>recepit</strong></span> <span class='ocrx_word' id='word_1_189' title='bbox 1093 2441 1195 2508; x_wconf 82' lang='lat' dir='ltr'><strong>Qui</strong></span> <span class='ocrx_word' id='word_1_190' title='bbox 1222 2443 1485 2501; x_wconf 84' lang='lat' dir='ltr'><strong>clamores</strong></span> <span class='ocrx_word' id='word_1_191' title='bbox 1502 2447 1620 2501; x_wconf 85' lang='lat' dir='ltr'><strong>illi?</strong></span> <span class='ocrx_word' id='word_1_192' title='bbox 1646 2447 1907 2515; x_wconf 87' lang='lat' dir='ltr'><strong>Quisnam</strong></span> 
     </span>
    </p>
   </div>
   <div class='ocr_carea' id='block_1_28' title="bbox 330 2526 1905 2605">
    <p class='ocr_par' dir='ltr' id='par_1_28' title="bbox 330 2526 1905 2605">
     <span class='ocr_line' id='line_1_28' title="bbox 330 2526 1905 2605; baseline 0.008 -25"><span class='ocrx_word' id='word_1_193' title='bbox 330 2526 647 2595; x_wconf 84' lang='lat' dir='ltr'><strong>repentinus</strong></span> <span class='ocrx_word' id='word_1_194' title='bbox 667 2527 759 2582; x_wconf 88' lang='lat' dir='ltr'><strong>ille</strong></span> <span class='ocrx_word' id='word_1_195' title='bbox 783 2543 978 2584; x_wconf 91' lang='lat' dir='ltr'><strong>cursus</strong></span> <span class='ocrx_word' id='word_1_196' title='bbox 1002 2534 1027 2583; x_wconf 71' lang='grc' dir='ltr'><em>ἲ</em></span> <span class='ocrx_word' id='word_1_197' title='bbox 1051 2532 1228 2601; x_wconf 84' lang='lat' dir='ltr'><strong>inquit</strong></span> <span class='ocrx_word' id='word_1_198' title='bbox 1254 2532 1436 2588; x_wconf 81' lang='lat' dir='ltr'><strong>Abbas</strong></span> <span class='ocrx_word' id='word_1_199' title='bbox 1467 2555 1481 2588; x_wconf 91' lang='lat'>:</span> <span class='ocrx_word' id='word_1_200' title='bbox 1522 2536 1713 2591; x_wconf 87' lang='lat' dir='ltr'><strong>aderat</strong></span> <span class='ocrx_word' id='word_1_201' title='bbox 1742 2539 1905 2605; x_wconf 89' lang='lat' dir='ltr'><strong>enim,</strong></span> 
     </span>
    </p>
   </div>
   <div class='ocr_carea' id='block_1_29' title="bbox 332 2615 1909 2698">
    <p class='ocr_par' dir='ltr' id='par_1_29' title="bbox 332 2615 1909 2698">
     <span class='ocr_line' id='line_1_29' title="bbox 332 2615 1909 2698; baseline 0.009 -29"><span class='ocrx_word' id='word_1_202' title='bbox 332 2615 619 2673; x_wconf 81' lang='lat' dir='ltr'><strong>aderamus</strong></span> <span class='ocrx_word' id='word_1_203' title='bbox 638 2627 693 2671; x_wconf 90' lang='lat' dir='ltr'><strong>et</strong></span> <span class='ocrx_word' id='word_1_204' title='bbox 718 2618 953 2688; x_wconf 79' lang='lat' dir='ltr'><strong>religiosi</strong></span> <span class='ocrx_word' id='word_1_205' title='bbox 980 2621 1305 2690; x_wconf 87' lang='lat' dir='ltr'><strong>complures.</strong></span> <span class='ocrx_word' id='word_1_206' title='bbox 1327 2624 1423 2679; x_wconf 89' lang='lat' dir='ltr'><strong>llei</strong></span> <span class='ocrx_word' id='word_1_207' title='bbox 1441 2626 1453 2678; x_wconf 91' lang='lat'><strong>!</strong></span> <span class='ocrx_word' id='word_1_208' title='bbox 1474 2624 1596 2698; x_wconf 84' lang='lat' dir='ltr'><strong>[ait]</strong></span> <span class='ocrx_word' id='word_1_209' title='bbox 1612 2627 1909 2684; x_wconf 82' lang='lat' dir='ltr'><strong>monachus</strong></span> 
     </span>
    </p>
   </div>
   <div class='ocr_carea' id='block_1_30' title="bbox 333 2705 1909 2789">
    <p class='ocr_par' dir='ltr' id='par_1_30' title="bbox 333 2705 1909 2789">
     <span class='ocr_line' id='line_1_30' title="bbox 333 2705 1909 2789; baseline 0.011 -30"><span class='ocrx_word' id='word_1_210' title='bbox 333 2705 444 2772; x_wconf 86' lang='lat' dir='ltr'><strong>ille,</strong></span> <span class='ocrx_word' id='word_1_211' title='bbox 472 2723 629 2764; x_wconf 85' lang='lat' dir='ltr'><strong>soror</strong></span> <span class='ocrx_word' id='word_1_212' title='bbox 654 2725 795 2775; x_wconf 86' lang='lat' dir='ltr'><strong>mea,</strong></span> <span class='ocrx_word' id='word_1_213' title='bbox 823 2710 897 2765; x_wconf 88' lang='lat' dir='ltr'><strong>mi</strong></span> <span class='ocrx_word' id='word_1_214' title='bbox 923 2710 1082 2766; x_wconf 78' lang='lat' dir='ltr'><strong>Pater</strong></span> <span class='ocrx_word' id='word_1_215' title='bbox 1110 2753 1125 2778; x_wconf 96' lang='lat'><strong>,</strong></span> <span class='ocrx_word' id='word_1_216' title='bbox 1153 2713 1224 2768; x_wconf 90' lang='lat' dir='ltr'><strong>ita</strong></span> <span class='ocrx_word' id='word_1_217' title='bbox 1258 2713 1377 2785; x_wconf 77' lang='lat'><strong>(9.5)</strong></span> <span class='ocrx_word' id='word_1_218' title='bbox 1409 2716 1654 2773; x_wconf 57' lang='lat' dir='ltr'><strong>daemone</strong></span> <span class='ocrx_word' id='word_1_219' title='bbox 1678 2721 1909 2789; x_wconf 84' lang='lat' dir='ltr'><strong>pessime</strong></span> 
     </span>
    </p>
   </div>
   <div class='ocr_carea' id='block_1_31' title="bbox 333 2799 1906 2881">
    <p class='ocr_par' dir='ltr' id='par_1_31' title="bbox 333 2799 1906 2881">
     <span class='ocr_line' id='line_1_31' title="bbox 333 2799 1906 2881; baseline 0.01 -29"><span class='ocrx_word' id='word_1_220' title='bbox 333 2805 640 2868; x_wconf 81' lang='lat' dir='ltr'><strong>torquetur,</strong></span> <span class='ocrx_word' id='word_1_221' title='bbox 662 2810 724 2855; x_wconf 83' lang='lat' dir='ltr'><strong>ut</strong></span> <span class='ocrx_word' id='word_1_222' title='bbox 745 2799 969 2872; x_wconf 83' lang='lat' dir='ltr'><strong>jamjain</strong></span> <span class='ocrx_word' id='word_1_223' title='bbox 1002 2803 1211 2861; x_wconf 88' lang='lat' dir='ltr'><strong>laboret</strong></span> <span class='ocrx_word' id='word_1_224' title='bbox 1239 2806 1293 2860; x_wconf 87' lang='lat' dir='ltr'><strong>in</strong></span> <span class='ocrx_word' id='word_1_225' title='bbox 1321 2809 1583 2864; x_wconf 77' lang='lat' dir='ltr'><strong>extremis</strong></span> <span class='ocrx_word' id='word_1_226' title='bbox 1609 2826 1623 2876; x_wconf 93' lang='lat'><strong>;</strong></span> <span class='ocrx_word' id='word_1_227' title='bbox 1656 2802 1730 2876; x_wconf 87' lang='lat' dir='ltr'><strong>et,</strong></span> <span class='ocrx_word' id='word_1_228' title='bbox 1760 2814 1906 2881; x_wconf 90' lang='lat' dir='ltr'><strong>quod</strong></span> 
     </span>
    </p>
   </div>
   <div class='ocr_carea' id='block_1_32' title="bbox 339 2893 1906 2975">
    <p class='ocr_par' dir='ltr' id='par_1_32' title="bbox 339 2893 1906 2975">
     <span class='ocr_line' id='line_1_32' title="bbox 339 2893 1906 2975; baseline 0.01 -28"><span class='ocrx_word' id='word_1_229' title='bbox 339 2893 579 2948; x_wconf 73' lang='lat' dir='ltr'><strong>atrocius</strong></span> <span class='ocrx_word' id='word_1_230' title='bbox 606 2904 713 2959; x_wconf 87' lang='lat' dir='ltr'><strong>est,</strong></span> <span class='ocrx_word' id='word_1_231' title='bbox 765 2897 971 2950; x_wconf 69' lang='lat' dir='ltr'><strong>dwmon</strong></span> <span class='ocrx_word' id='word_1_232' title='bbox 1004 2898 1115 2966; x_wconf 82' lang='lat' dir='ltr'><strong>ipse</strong></span> <span class='ocrx_word' id='word_1_233' title='bbox 1142 2914 1317 2970; x_wconf 89' lang='lat' dir='ltr'><strong>neque</strong></span> <span class='ocrx_word' id='word_1_234' title='bbox 1350 2902 1604 2969; x_wconf 88' lang='lat' dir='ltr'><strong>precibus</strong></span> <span class='ocrx_word' id='word_1_235' title='bbox 1653 2918 1831 2975; x_wconf 86' lang='lat' dir='ltr'><strong>neque</strong></span> <span class='ocrx_word' id='word_1_236' title='bbox 1855 2906 1906 2962; x_wconf 86' lang='lat' dir='ltr'><strong>vi</strong></span> 
     </span>
    </p>
   </div>
   <div class='ocr_carea' id='block_1_33' title="bbox 2004 434 3570 508">
    <p class='ocr_par' dir='ltr' id='par_1_33' title="bbox 2004 434 3570 508">
     <span class='ocr_line' id='line_1_33' title="bbox 2004 434 3570 508; baseline 0.001 -19"><span class='ocrx_word' id='word_1_237' title='bbox 2004 444 2087 491; x_wconf 88' lang='lat' dir='ltr'><strong>est</strong></span> <span class='ocrx_word' id='word_1_238' title='bbox 2138 450 2312 506; x_wconf 89' lang='lat' dir='ltr'><strong>neque</strong></span> <span class='ocrx_word' id='word_1_239' title='bbox 2340 434 2489 491; x_wconf 88' lang='lat' dir='ltr'><strong>locus</strong></span> <span class='ocrx_word' id='word_1_240' title='bbox 2517 478 2532 502; x_wconf 96' lang='lat'><strong>,</strong></span> <span class='ocrx_word' id='word_1_241' title='bbox 2568 446 2639 499; x_wconf 92' lang='lat' dir='ltr'><strong>et,</strong></span> <span class='ocrx_word' id='word_1_242' title='bbox 2675 445 2731 490; x_wconf 90' lang='lat' dir='ltr'><strong>ut</strong></span> <span class='ocrx_word' id='word_1_243' title='bbox 2769 452 2800 492; x_wconf 91' lang='lat' dir='ltr'><strong>a</strong></span> <span class='ocrx_word' id='word_1_244' title='bbox 2851 435 3143 508; x_wconf 88' lang='lat' dir='ltr'><strong>majoribus</strong></span> <span class='ocrx_word' id='word_1_245' title='bbox 3182 436 3385 491; x_wconf 90' lang='lat' dir='ltr'><strong>nostris</strong></span> <span class='ocrx_word' id='word_1_246' title='bbox 3417 452 3570 497; x_wconf 81' lang='lat' dir='ltr'><strong>acce-</strong></span> 
     </span>
    </p>
   </div>
   <div class='ocr_carea' id='block_1_34' title="bbox 2003 524 3578 608">
    <p class='ocr_par' dir='ltr' id='par_1_34' title="bbox 2003 524 3578 608">
     <span class='ocr_line' id='line_1_34' title="bbox 2003 524 3578 608; baseline 0 -28"><span class='ocrx_word' id='word_1_247' title='bbox 2003 527 2202 598; x_wconf 87' lang='lat' dir='ltr'><strong>pimus,</strong></span> <span class='ocrx_word' id='word_1_248' title='bbox 2232 541 2331 582; x_wconf 89' lang='lat' dir='ltr'><strong>nec</strong></span> <span class='ocrx_word' id='word_1_249' title='bbox 2355 527 2453 581; x_wconf 83' lang='lat' dir='ltr'><strong>fuit</strong></span> <span class='ocrx_word' id='word_1_250' title='bbox 2484 542 2739 597; x_wconf 90' lang='lat' dir='ltr'><strong>unquam.</strong></span> <span class='ocrx_word' id='word_1_251' title='bbox 2776 527 2904 593; x_wconf 79' lang='lat' dir='ltr'><strong>Sed,</strong></span> <span class='ocrx_word' id='word_1_252' title='bbox 2933 543 2966 580; x_wconf 87' lang='grc' dir='ltr'><strong>ο</strong></span> <span class='ocrx_word' id='word_1_253' title='bbox 2987 527 3124 582; x_wconf 89' lang='lat' dir='ltr'><strong>bone</strong></span> <span class='ocrx_word' id='word_1_254' title='bbox 3143 524 3385 608; x_wconf 39' lang='lat' dir='ltr'><strong>Jcsnnen</strong></span> <span class='ocrx_word' id='word_1_255' title='bbox 3415 526 3578 598; x_wconf 82' lang='lat' dir='ltr'><strong>inira-</strong></span> 
     </span>
    </p>
   </div>
   <div class='ocr_carea' id='block_1_35' title="bbox 2003 613 3576 687">
    <p class='ocr_par' dir='ltr' id='par_1_35' title="bbox 2003 613 3576 687">
     <span class='ocr_line' id='line_1_35' title="bbox 2003 613 3576 687; baseline -0.002 -16"><span class='ocrx_word' id='word_1_256' title='bbox 2003 616 2182 671; x_wconf 88' lang='lat' dir='ltr'><strong>culum</strong></span> <span class='ocrx_word' id='word_1_257' title='bbox 2210 617 2222 669; x_wconf 91' lang='lat'><strong>!</strong></span> <span class='ocrx_word' id='word_1_258' title='bbox 2258 617 2389 670; x_wconf 91' lang='lat' dir='ltr'><strong>Dum</strong></span> <span class='ocrx_word' id='word_1_259' title='bbox 2424 615 2570 671; x_wconf 90' lang='lat' dir='ltr'><strong>enim</strong></span> <span class='ocrx_word' id='word_1_260' title='bbox 2606 616 2672 670; x_wconf 89' lang='lat' dir='ltr'><strong>ad</strong></span> <span class='ocrx_word' id='word_1_261' title='bbox 2703 617 2991 687; x_wconf 87' lang='lat' dir='ltr'><strong>hospitium</strong></span> <span class='ocrx_word' id='word_1_262' title='bbox 3019 614 3252 685; x_wconf 87' lang='lat' dir='ltr'><strong>puellam</strong></span> <span class='ocrx_word' id='word_1_263' title='bbox 3281 613 3576 681; x_wconf 88' lang='lat' dir='ltr'><strong>deferrent,</strong></span> 
     </span>
    </p>
   </div>
   <div class='ocr_carea' id='block_1_36' title="bbox 2005 702 3581 777">
    <p class='ocr_par' dir='ltr' id='par_1_36' title="bbox 2005 702 3581 777">
     <span class='ocr_line' id='line_1_36' title="bbox 2005 702 3581 777; baseline -0.002 -16"><span class='ocrx_word' id='word_1_264' title='bbox 2005 714 2065 761; x_wconf 91' lang='lat' dir='ltr'><strong>ut</strong></span> <span class='ocrx_word' id='word_1_265' title='bbox 2090 707 2264 762; x_wconf 86' lang='lat' dir='ltr'><strong>ubivis</strong></span> <span class='ocrx_word' id='word_1_266' title='bbox 2291 708 2530 777; x_wconf 79' lang='lat' dir='ltr'><strong>gentium</strong></span> <span class='ocrx_word' id='word_1_267' title='bbox 2567 706 2622 762; x_wconf 90' lang='lat' dir='ltr'><strong>in</strong></span> <span class='ocrx_word' id='word_1_268' title='bbox 2651 707 2956 761; x_wconf 86' lang='lat' dir='ltr'><strong>Christiana</strong></span> <span class='ocrx_word' id='word_1_269' title='bbox 2985 705 3247 776; x_wconf 80' lang='lat' dir='ltr'><strong>religione</strong></span> <span class='ocrx_word' id='word_1_270' title='bbox 3278 703 3359 768; x_wconf 85' lang='lat' dir='ltr'><strong>lit,</strong></span> <span class='ocrx_word' id='word_1_271' title='bbox 3400 702 3581 775; x_wconf 78' lang='lat' dir='ltr'><strong>Virgi-</strong></span> 
     </span>
    </p>
   </div>
   <div class='ocr_carea' id='block_1_37' title="bbox 2004 795 3573 867">
    <p class='ocr_par' dir='ltr' id='par_1_37' title="bbox 2004 795 3573 867">
     <span class='ocr_line' id='line_1_37' title="bbox 2004 795 3573 867; baseline -0.003 -15"><span class='ocrx_word' id='word_1_272' title='bbox 2004 799 2090 853; x_wconf 88' lang='lat' dir='ltr'><strong>nis</strong></span> <span class='ocrx_word' id='word_1_273' title='bbox 2113 796 2293 851; x_wconf 75' lang='lat' dir='ltr'><strong>Maria:</strong></span> <span class='ocrx_word' id='word_1_274' title='bbox 2336 799 2695 867; x_wconf 86' lang='lat' dir='ltr'><strong>vespertinam</strong></span> <span class='ocrx_word' id='word_1_275' title='bbox 2728 797 3037 867; x_wconf 81' lang='lat' dir='ltr'><strong>Angelicam</strong></span> <span class='ocrx_word' id='word_1_276' title='bbox 3085 796 3471 851; x_wconf 82' lang='lat' dir='ltr'><strong>salutationem</strong></span> <span class='ocrx_word' id='word_1_277' title='bbox 3506 795 3573 848; x_wconf 89' lang='lat' dir='ltr'><strong>de</strong></span> 
     </span>
    </p>
   </div>
   <div class='ocr_carea' id='block_1_38' title="bbox 2005 887 3580 961">
    <p class='ocr_par' dir='ltr' id='par_1_38' title="bbox 2005 887 3580 961">
     <span class='ocr_line' id='line_1_38' title="bbox 2005 887 3580 961; baseline -0.003 -15"><span class='ocrx_word' id='word_1_278' title='bbox 2005 907 2156 948; x_wconf 88' lang='lat' dir='ltr'><strong>more</strong></span> <span class='ocrx_word' id='word_1_279' title='bbox 2182 893 2233 946; x_wconf 91' lang='lat' dir='ltr'><strong>in</strong></span> <span class='ocrx_word' id='word_1_280' title='bbox 2275 892 2606 948; x_wconf 89' lang='lat' dir='ltr'><strong>monasterio</strong></span> <span class='ocrx_word' id='word_1_281' title='bbox 2633 908 2893 961; x_wconf 83' lang='lat' dir='ltr'><strong>campana</strong></span> <span class='ocrx_word' id='word_1_282' title='bbox 2935 891 3187 961; x_wconf 74' lang='lat' dir='ltr'><strong>pulsavit.</strong></span> <span class='ocrx_word' id='word_1_283' title='bbox 3240 889 3357 955; x_wconf 84' lang='lat' dir='ltr'><strong>Quo</strong></span> <span class='ocrx_word' id='word_1_284' title='bbox 3400 887 3580 944; x_wconf 89' lang='lat' dir='ltr'><strong>sonitu</strong></span> 
     </span>
    </p>
   </div>
   <div class='ocr_carea' id='block_1_39' title="bbox 2007 980 3581 1055">
    <p class='ocr_par' dir='ltr' id='par_1_39' title="bbox 2007 980 3581 1055">
     <span class='ocr_line' id='line_1_39' title="bbox 2007 980 3581 1055; baseline -0.002 -19"><span class='ocrx_word' id='word_1_285' title='bbox 2007 980 2176 1055; x_wconf 85' lang='lat' dir='ltr'><strong>[cum]</strong></span> <span class='ocrx_word' id='word_1_286' title='bbox 2203 997 2323 1037; x_wconf 81' lang='lat' dir='ltr'><strong>mox</strong></span> <span class='ocrx_word' id='word_1_287' title='bbox 2351 981 2727 1054; x_wconf 86' lang='lat' dir='ltr'><strong>puellam,[ut]</strong></span> <span class='ocrx_word' id='word_1_288' title='bbox 2762 982 2952 1036; x_wconf 85' lang='lat' dir='ltr'><strong>leniter</strong></span> <span class='ocrx_word' id='word_1_289' title='bbox 2982 982 3127 1037; x_wconf 90' lang='lat' dir='ltr'><strong>lmmi</strong></span> <span class='ocrx_word' id='word_1_290' title='bbox 3155 981 3307 1038; x_wconf 82' lang='lat' dir='ltr'><strong>ﬂexis</strong></span> <span class='ocrx_word' id='word_1_291' title='bbox 3331 981 3581 1054; x_wconf 77' lang='lat' dir='ltr'><strong>genibus,</strong></span> 
     </span>
    </p>
   </div>
   <div class='ocr_carea' id='block_1_40' title="bbox 2005 1070 3580 1143">
    <p class='ocr_par' dir='ltr' id='par_1_40' title="bbox 2005 1070 3580 1143">
     <span class='ocr_line' id='line_1_40' title="bbox 2005 1070 3580 1143; baseline -0.004 -15"><span class='ocrx_word' id='word_1_292' title='bbox 2005 1070 2187 1141; x_wconf 80' lang='lat' dir='ltr'><strong>digitis</strong></span> <span class='ocrx_word' id='word_1_293' title='bbox 2243 1073 2460 1128; x_wconf 87' lang='lat' dir='ltr'><strong>insertis</strong></span> <span class='ocrx_word' id='word_1_294' title='bbox 2510 1072 2703 1127; x_wconf 90' lang='lat' dir='ltr'><strong>devote</strong></span> <span class='ocrx_word' id='word_1_295' title='bbox 2755 1072 3031 1143; x_wconf 79' lang='lat' dir='ltr'><strong>Virginem</strong></span> <span class='ocrx_word' id='word_1_296' title='bbox 3085 1071 3307 1126; x_wconf 75' lang='lat' dir='ltr'><strong>Mariam</strong></span> <span class='ocrx_word' id='word_1_297' title='bbox 3356 1080 3580 1137; x_wconf 86' lang='lat' dir='ltr'><strong>oraret,</strong></span> 
     </span>
    </p>
   </div>
   <div class='ocr_carea' id='block_1_41' title="bbox 2004 1160 3576 1233">
    <p class='ocr_par' dir='ltr' id='par_1_41' title="bbox 2004 1160 3576 1233">
     <span class='ocr_line' id='line_1_41' title="bbox 2004 1160 3576 1233; baseline -0.001 -15"><span class='ocrx_word' id='word_1_298' title='bbox 2004 1164 2354 1233; x_wconf 84' lang='lat' dir='ltr'><strong>deponerent,</strong></span> <span class='ocrx_word' id='word_1_299' title='bbox 2387 1160 2528 1218; x_wconf 91' lang='lat' dir='ltr'><strong>illico</strong></span> <span class='ocrx_word' id='word_1_300' title='bbox 2552 1161 2750 1218; x_wconf 88' lang='lat' dir='ltr'><strong>nullam</strong></span> <span class='ocrx_word' id='word_1_301' title='bbox 2791 1163 2980 1232; x_wconf 78' lang='lat' dir='ltr'><strong>puellae</strong></span> <span class='ocrx_word' id='word_1_302' title='bbox 3011 1162 3251 1219; x_wconf 87' lang='lat' dir='ltr'><strong>inferens</strong></span> <span class='ocrx_word' id='word_1_303' title='bbox 3273 1161 3576 1218; x_wconf 86' lang='lat' dir='ltr'><strong>molestiam</strong></span> 
     </span>
    </p>
   </div>
   <div class='ocr_carea' id='block_1_42' title="bbox 2005 1253 2872 1310">
    <p class='ocr_par' dir='ltr' id='par_1_42' title="bbox 2005 1253 2872 1310">
     <span class='ocr_line' id='line_1_42' title="bbox 2005 1253 2872 1310; baseline 0.001 -2"><span class='ocrx_word' id='word_1_304' title='bbox 2005 1253 2250 1310; x_wconf 84' lang='lat' dir='ltr'><strong>diabolus</strong></span> <span class='ocrx_word' id='word_1_305' title='bbox 2278 1255 2331 1309; x_wconf 89' lang='lat' dir='ltr'><strong>in</strong></span> <span class='ocrx_word' id='word_1_306' title='bbox 2360 1268 2473 1310; x_wconf 88' lang='lat' dir='ltr'><strong>rem</strong></span> <span class='ocrx_word' id='word_1_307' title='bbox 2498 1254 2691 1310; x_wconf 89' lang='lat' dir='ltr'><strong>malatn</strong></span> <span class='ocrx_word' id='word_1_308' title='bbox 2722 1254 2872 1310; x_wconf 90' lang='lat' dir='ltr'><strong>abiit.</strong></span> 
     </span>
    </p>
   </div>
   <div class='ocr_carea' id='block_1_43' title="bbox 2074 1342 3585 1418">
    <p class='ocr_par' dir='ltr' id='par_1_43' title="bbox 2074 1342 3585 1418">
     <span class='ocr_line' id='line_1_43' title="bbox 2074 1342 3585 1418; baseline 0.002 -20"><span class='ocrx_word' id='word_1_309' title='bbox 2074 1344 2198 1398; x_wconf 77' lang='lat'><strong>350.</strong></span> <span class='ocrx_word' id='word_1_310' title='bbox 2230 1342 2423 1400; x_wconf 82' lang='lat' dir='ltr'><strong>Verbis</strong></span> <span class='ocrx_word' id='word_1_311' title='bbox 2476 1345 2725 1415; x_wconf 89' lang='lat' dir='ltr'><strong>equidem</strong></span> <span class='ocrx_word' id='word_1_312' title='bbox 2783 1345 3061 1418; x_wconf 81' lang='lat' dir='ltr'><strong>cujusdam</strong></span> <span class='ocrx_word' id='word_1_313' title='bbox 3121 1345 3288 1401; x_wconf 92' lang='lat' dir='ltr'><strong>nostri</strong></span> <span class='ocrx_word' id='word_1_314' title='bbox 3334 1342 3585 1401; x_wconf 72' lang='lat' dir='ltr'><strong>conversi</strong></span> 
     </span>
    </p>
   </div>
   <div class='ocr_carea' id='block_1_44' title="bbox 2007 1435 3586 1511">
    <p class='ocr_par' dir='ltr' id='par_1_44' title="bbox 2007 1435 3586 1511">
     <span class='ocr_line' id='line_1_44' title="bbox 2007 1435 3586 1511; baseline -0.001 -18"><span class='ocrx_word' id='word_1_315' title='bbox 2007 1438 2188 1494; x_wconf 82' lang='lat' dir='ltr'><strong>addita</strong></span> <span class='ocrx_word' id='word_1_316' title='bbox 2215 1439 2477 1495; x_wconf 84' lang='lat' dir='ltr'><strong>miraculo</strong></span> <span class='ocrx_word' id='word_1_317' title='bbox 2510 1440 2662 1506; x_wconf 84' lang='lat' dir='ltr'><strong>fides,</strong></span> <span class='ocrx_word' id='word_1_318' title='bbox 2696 1439 2810 1511; x_wconf 89' lang='lat' dir='ltr'><strong>qui,</strong></span> <span class='ocrx_word' id='word_1_319' title='bbox 2840 1439 3056 1495; x_wconf 89' lang='lat' dir='ltr'><strong>domum</strong></span> <span class='ocrx_word' id='word_1_320' title='bbox 3084 1437 3320 1503; x_wconf 86' lang='lat' dir='ltr'><strong>rediens,</strong></span> <span class='ocrx_word' id='word_1_321' title='bbox 3355 1435 3467 1506; x_wconf 89' lang='lat' dir='ltr'><strong>jam</strong></span> <span class='ocrx_word' id='word_1_322' title='bbox 3498 1435 3586 1492; x_wconf 88' lang='lat' dir='ltr'><strong>die</strong></span> 
     </span>
    </p>
   </div>
   <div class='ocr_carea' id='block_1_45' title="bbox 2005 1527 3585 1603">
    <p class='ocr_par' dir='ltr' id='par_1_45' title="bbox 2005 1527 3585 1603">
     <span class='ocr_line' id='line_1_45' title="bbox 2005 1527 3585 1603; baseline -0.003 -19"><span class='ocrx_word' id='word_1_323' title='bbox 2005 1538 2223 1599; x_wconf 89' lang='lat' dir='ltr'><strong>peracta</strong></span> <span class='ocrx_word' id='word_1_324' title='bbox 2249 1540 2304 1586; x_wconf 90' lang='lat' dir='ltr'><strong>et</strong></span> <span class='ocrx_word' id='word_1_325' title='bbox 2335 1530 2575 1587; x_wconf 82' lang='lat' dir='ltr'><strong>tenebris</strong></span> <span class='ocrx_word' id='word_1_326' title='bbox 2597 1530 2820 1596; x_wconf 81' lang='lat' dir='ltr'><strong>exortis,</strong></span> <span class='ocrx_word' id='word_1_327' title='bbox 2854 1528 3101 1585; x_wconf 91' lang='lat' dir='ltr'><strong>insolitos</strong></span> <span class='ocrx_word' id='word_1_328' title='bbox 3128 1528 3357 1599; x_wconf 88' lang='lat' dir='ltr'><strong>ejulatus</strong></span> <span class='ocrx_word' id='word_1_329' title='bbox 3406 1527 3585 1603; x_wconf 85' lang='lat' dir='ltr'><strong>adhuc</strong></span> 
     </span>
    </p>
   </div>
   <div class='ocr_carea' id='block_1_46' title="bbox 2005 1610 3642 1695">
    <p class='ocr_par' dir='ltr' id='par_1_46' title="bbox 2005 1610 3642 1695">
     <span class='ocr_line' id='line_1_46' title="bbox 2005 1610 3642 1695; baseline -0.004 -19"><span class='ocrx_word' id='word_1_330' title='bbox 2005 1620 2254 1690; x_wconf 82' lang='lat' dir='ltr'><strong>perfusus</strong></span> <span class='ocrx_word' id='word_1_331' title='bbox 2279 1621 2506 1676; x_wconf 86' lang='lat' dir='ltr'><strong>horrore</strong></span> <span class='ocrx_word' id='word_1_332' title='bbox 2531 1630 2585 1676; x_wconf 90' lang='lat' dir='ltr'><strong>et</strong></span> <span class='ocrx_word' id='word_1_333' title='bbox 2613 1619 3000 1695; x_wconf 86' lang='lat' dir='ltr'><strong>tremebundus</strong></span> <span class='ocrx_word' id='word_1_334' title='bbox 3022 1619 3260 1681; x_wconf 90' lang='lat' dir='ltr'><strong>domi,se</strong></span> <span class='ocrx_word' id='word_1_335' title='bbox 3288 1617 3341 1671; x_wconf 92' lang='lat' dir='ltr'><strong>in</strong></span> <span class='ocrx_word' id='word_1_336' title='bbox 3366 1630 3586 1673; x_wconf 89' lang='lat' dir='ltr'><strong>nemore</strong></span> <span class='ocrx_word' id='word_1_337' title='bbox 3630 1610 3642 1623; x_wconf 84' lang='grc'><strong>’</strong></span> 
     </span>
    </p>
   </div>
   <div class='ocr_carea' id='block_1_47' title="bbox 2007 1707 3587 1781">
    <p class='ocr_par' dir='ltr' id='par_1_47' title="bbox 2007 1707 3587 1781">
     <span class='ocr_line' id='line_1_47' title="bbox 2007 1707 3587 1781; baseline -0.004 -13"><span class='ocrx_word' id='word_1_338' title='bbox 2007 1712 2295 1778; x_wconf 80' lang='lat' dir='ltr'><strong>audivisse,</strong></span> <span class='ocrx_word' id='word_1_339' title='bbox 2324 1712 2690 1781; x_wconf 87' lang='lat' dir='ltr'><strong>compluribus</strong></span> <span class='ocrx_word' id='word_1_340' title='bbox 2717 1711 3014 1767; x_wconf 85' lang='lat' dir='ltr'><strong>enarravit.</strong></span> <span class='ocrx_word' id='word_1_341' title='bbox 3054 1708 3246 1763; x_wconf 81' lang='lat' dir='ltr'><strong>Mirum</strong></span> <span class='ocrx_word' id='word_1_342' title='bbox 3276 1717 3478 1779; x_wconf 87' lang='lat' dir='ltr'><strong>quanta</strong></span> <span class='ocrx_word' id='word_1_343' title='bbox 3511 1707 3587 1761; x_wconf 89' lang='lat' dir='ltr'><strong>illi</strong></span> 
     </span>
    </p>
   </div>
   <div class='ocr_carea' id='block_1_48' title="bbox 2007 1796 3585 1875">
    <p class='ocr_par' dir='ltr' id='par_1_48' title="bbox 2007 1796 3585 1875">
     <span class='ocr_line' id='line_1_48' title="bbox 2007 1796 3585 1875; baseline -0.004 -15"><span class='ocrx_word' id='word_1_344' title='bbox 2007 1820 2271 1860; x_wconf 82' lang='lat' dir='ltr'><strong>converso</strong></span> <span class='ocrx_word' id='word_1_345' title='bbox 2294 1805 2564 1858; x_wconf 87' lang='lat' dir='ltr'><strong>nuntianti</strong></span> <span class='ocrx_word' id='word_1_346' title='bbox 2595 1806 2710 1859; x_wconf 83' lang='lat' dir='ltr'><strong>haec</strong></span> <span class='ocrx_word' id='word_1_347' title='bbox 2750 1805 2895 1875; x_wconf 88' lang='lat' dir='ltr'><strong>(quia</strong></span> <span class='ocrx_word' id='word_1_348' title='bbox 2929 1804 3102 1857; x_wconf 90' lang='lat' dir='ltr'><strong>bonus</strong></span> <span class='ocrx_word' id='word_1_349' title='bbox 3146 1799 3390 1869; x_wconf 89' lang='lat' dir='ltr'><strong>profecto</strong></span> <span class='ocrx_word' id='word_1_350' title='bbox 3417 1796 3585 1872; x_wconf 87' lang='lat' dir='ltr'><strong>[erat]</strong></span> 
     </span>
    </p>
   </div>
   <div class='ocr_carea' id='block_1_49' title="bbox 2010 1895 3587 1970">
    <p class='ocr_par' dir='ltr' id='par_1_49' title="bbox 2010 1895 3587 1970">
     <span class='ocr_line' id='line_1_49' title="bbox 2010 1895 3587 1970; baseline -0.001 -19"><span class='ocrx_word' id='word_1_351' title='bbox 2010 1899 2112 1968; x_wconf 90' lang='lat' dir='ltr'><strong>vir.)</strong></span> <span class='ocrx_word' id='word_1_352' title='bbox 2142 1898 2272 1954; x_wconf 82' lang='lat' dir='ltr'><strong>fides</strong></span> <span class='ocrx_word' id='word_1_353' title='bbox 2299 1897 2479 1952; x_wconf 85' lang='lat' dir='ltr'><strong>fuerit.</strong></span> <span class='ocrx_word' id='word_1_354' title='bbox 2514 1898 2716 1954; x_wconf 88' lang='lat' dir='ltr'><strong>Omnes</strong></span> <span class='ocrx_word' id='word_1_355' title='bbox 2755 1899 2918 1970; x_wconf 84' lang='lat' dir='ltr'><strong>igitur</strong></span> <span class='ocrx_word' id='word_1_356' title='bbox 2957 1897 3175 1964; x_wconf 90' lang='lat' dir='ltr'><strong>Jesunt,</strong></span> <span class='ocrx_word' id='word_1_357' title='bbox 3222 1907 3277 1951; x_wconf 91' lang='lat' dir='ltr'><strong>et</strong></span> <span class='ocrx_word' id='word_1_358' title='bbox 3316 1895 3587 1967; x_wconf 77' lang='lat' dir='ltr'><strong>Virginem</strong></span> 
     </span>
    </p>
   </div>
   <div class='ocr_carea' id='block_1_50' title="bbox 2009 1985 3588 2058">
    <p class='ocr_par' dir='ltr' id='par_1_50' title="bbox 2009 1985 3588 2058">
     <span class='ocr_line' id='line_1_50' title="bbox 2009 1985 3588 2058; baseline -0.001 -17"><span class='ocrx_word' id='word_1_359' title='bbox 2009 1987 2252 2053; x_wconf 85' lang='lat' dir='ltr'><strong>Mariam,</strong></span> <span class='ocrx_word' id='word_1_360' title='bbox 2281 1997 2338 2041; x_wconf 92' lang='lat' dir='ltr'><strong>et</strong></span> <span class='ocrx_word' id='word_1_361' title='bbox 2363 1987 2419 2041; x_wconf 88' lang='lat' dir='ltr'><strong>S.</strong></span> <span class='ocrx_word' id='word_1_362' title='bbox 2460 1987 2722 2043; x_wconf 85' lang='lat' dir='ltr'><strong>Joannem</strong></span> <span class='ocrx_word' id='word_1_363' title='bbox 2742 1987 3026 2042; x_wconf 88' lang='lat' dir='ltr'><strong>laudantes</strong></span> <span class='ocrx_word' id='word_1_364' title='bbox 3061 1989 3280 2042; x_wconf 87' lang='lat' dir='ltr'><strong>domum</strong></span> <span class='ocrx_word' id='word_1_365' title='bbox 3310 1985 3588 2058; x_wconf 78' lang='lat' dir='ltr'><strong>propriam</strong></span> 
     </span>
    </p>
   </div>
   <div class='ocr_carea' id='block_1_51' title="bbox 2004 2074 3585 2151">
    <p class='ocr_par' dir='ltr' id='par_1_51' title="bbox 2004 2074 3585 2151">
     <span class='ocr_line' id='line_1_51' title="bbox 2004 2074 3585 2151; baseline -0.004 -15"><span class='ocrx_word' id='word_1_366' title='bbox 2004 2080 2311 2136; x_wconf 75' lang='lat' dir='ltr'><strong>‘disccdunt.</strong></span> <span class='ocrx_word' id='word_1_367' title='bbox 2340 2078 2605 2135; x_wconf 62' lang='lat' dir='ltr'><strong>Ceterum</strong></span> <span class='ocrx_word' id='word_1_368' title='bbox 2638 2095 2741 2135; x_wconf 91' lang='lat' dir='ltr'><strong>non</strong></span> <span class='ocrx_word' id='word_1_369' title='bbox 2780 2078 2944 2133; x_wconf 89' lang='lat' dir='ltr'><strong>tuulto</strong></span> <span class='ocrx_word' id='word_1_370' title='bbox 2996 2087 3114 2150; x_wconf 89' lang='lat' dir='ltr'><strong>post</strong></span> <span class='ocrx_word' id='word_1_371' title='bbox 3139 2074 3257 2151; x_wconf 78' lang='lat' dir='ltr'><strong>[an]</strong></span> <span class='ocrx_word' id='word_1_372' title='bbox 3309 2076 3449 2131; x_wconf 88' lang='lat' dir='ltr'><strong>idem</strong></span> <span class='ocrx_word' id='word_1_373' title='bbox 3502 2076 3585 2130; x_wconf 89' lang='lat' dir='ltr'><strong>vel</strong></span> 
     </span>
    </p>
   </div>
   <div class='ocr_carea' id='block_1_52' title="bbox 2010 2167 3589 2240">
    <p class='ocr_par' dir='ltr' id='par_1_52' title="bbox 2010 2167 3589 2240">
     <span class='ocr_line' id='line_1_52' title="bbox 2010 2167 3589 2240; baseline -0.004 -14"><span class='ocrx_word' id='word_1_374' title='bbox 2010 2170 2148 2226; x_wconf 87' lang='lat' dir='ltr'><strong>alter</strong></span> <span class='ocrx_word' id='word_1_375' title='bbox 2176 2169 2420 2226; x_wconf 86' lang='lat' dir='ltr'><strong>diabolus</strong></span> <span class='ocrx_word' id='word_1_376' title='bbox 2467 2184 2587 2226; x_wconf 89' lang='lat' dir='ltr'><strong>eam</strong></span> <span class='ocrx_word' id='word_1_377' title='bbox 2623 2170 2696 2224; x_wconf 87' lang='lat' dir='ltr'><strong>sit</strong></span> <span class='ocrx_word' id='word_1_378' title='bbox 2743 2169 3015 2240; x_wconf 76' lang='lat' dir='ltr'><strong>ingressus</strong></span> <span class='ocrx_word' id='word_1_379' title='bbox 3044 2210 3059 2234; x_wconf 94' lang='lat'><strong>,</strong></span> <span class='ocrx_word' id='word_1_380' title='bbox 3112 2167 3265 2221; x_wconf 90' lang='lat' dir='ltr'><strong>nobis</strong></span> <span class='ocrx_word' id='word_1_381' title='bbox 3300 2181 3404 2221; x_wconf 85' lang='lat' dir='ltr'><strong>non</strong></span> <span class='ocrx_word' id='word_1_382' title='bbox 3455 2167 3589 2219; x_wconf 86' lang='lat' dir='ltr'><strong>satis</strong></span> 
     </span>
    </p>
   </div>
   <div class='ocr_carea' id='block_1_53' title="bbox 2010 2251 3579 2333">
    <p class='ocr_par' dir='ltr' id='par_1_53' title="bbox 2010 2251 3579 2333">
     <span class='ocr_line' id='line_1_53' title="bbox 2010 2251 3579 2333; baseline -0.006 -14"><span class='ocrx_word' id='word_1_383' title='bbox 2010 2263 2242 2333; x_wconf 85' lang='lat' dir='ltr'><strong>constat)</strong></span> <span class='ocrx_word' id='word_1_384' title='bbox 2279 2280 2292 2317; x_wconf 90' lang='lat'><strong>:</strong></span> <span class='ocrx_word' id='word_1_385' title='bbox 2330 2252 2526 2318; x_wconf 72' lang='lat' dir='ltr'><strong>saevior</strong></span> <span class='ocrx_word' id='word_1_386' title='bbox 2573 2251 2751 2317; x_wconf 84' lang='lat' dir='ltr'><strong>tamen</strong></span> <span class='ocrx_word' id='word_1_387' title='bbox 2797 2260 2977 2329; x_wconf 68' lang='lat' dir='ltr'><strong>longe,</strong></span> <span class='ocrx_word' id='word_1_388' title='bbox 3025 2260 3290 2330; x_wconf 76' lang='lat' dir='ltr'><strong>longeque</strong></span> <span class='ocrx_word' id='word_1_389' title='bbox 3319 2256 3579 2314; x_wconf 70' lang='lat' dir='ltr'><strong>crudelior</strong></span> 
     </span>
    </p>
   </div>
   <div class='ocr_carea' id='block_1_54' title="bbox 2010 2351 3587 2425">
    <p class='ocr_par' dir='ltr' id='par_1_54' title="bbox 2010 2351 3587 2425">
     <span class='ocr_line' id='line_1_54' title="bbox 2010 2351 3587 2425; baseline -0.002 -18"><span class='ocrx_word' id='word_1_390' title='bbox 2010 2353 2154 2425; x_wconf 84' lang='lat' dir='ltr'><strong>[eam</strong></span> <span class='ocrx_word' id='word_1_391' title='bbox 2185 2353 2426 2425; x_wconf 79' lang='lat' dir='ltr'><strong>invasit.]</strong></span> <span class='ocrx_word' id='word_1_392' title='bbox 2460 2353 2531 2408; x_wconf 81' lang='lat' dir='ltr'><strong>Eo</strong></span> <span class='ocrx_word' id='word_1_393' title='bbox 2557 2353 2733 2409; x_wconf 73' lang='lat' dir='ltr'><strong>pinnis</strong></span> <span class='ocrx_word' id='word_1_394' title='bbox 2770 2351 2975 2407; x_wconf 86' lang='lat' dir='ltr'><strong>familia</strong></span> <span class='ocrx_word' id='word_1_395' title='bbox 3006 2393 3022 2419; x_wconf 92' lang='lat'><strong>,</strong></span> <span class='ocrx_word' id='word_1_396' title='bbox 3068 2352 3120 2405; x_wconf 92' lang='lat' dir='ltr'><strong>in</strong></span> <span class='ocrx_word' id='word_1_397' title='bbox 3164 2351 3368 2405; x_wconf 88' lang='lat' dir='ltr'><strong>luctum</strong></span> <span class='ocrx_word' id='word_1_398' title='bbox 3408 2366 3587 2414; x_wconf 85' lang='lat' dir='ltr'><strong>versa,</strong></span> 
     </span>
    </p>
   </div>
   <div class='ocr_carea' id='block_1_55' title="bbox 2009 2444 3587 2516">
    <p class='ocr_par' dir='ltr' id='par_1_55' title="bbox 2009 2444 3587 2516">
     <span class='ocr_line' id='line_1_55' title="bbox 2009 2444 3587 2516; baseline -0.003 -16"><span class='ocrx_word' id='word_1_399' title='bbox 2009 2444 2292 2516; x_wconf 64' lang='lat' dir='ltr'><strong>aegerrime</strong></span> <span class='ocrx_word' id='word_1_400' title='bbox 2328 2461 2508 2500; x_wconf 90' lang='lat' dir='ltr'><strong>casum</strong></span> <span class='ocrx_word' id='word_1_401' title='bbox 2532 2444 2699 2511; x_wconf 88' lang='lat' dir='ltr'><strong>ferre,</strong></span> <span class='ocrx_word' id='word_1_402' title='bbox 2740 2462 2797 2501; x_wconf 88' lang='lat' dir='ltr'><strong>se</strong></span> <span class='ocrx_word' id='word_1_403' title='bbox 2829 2444 3059 2500; x_wconf 84' lang='lat' dir='ltr'><strong>miseros</strong></span> <span class='ocrx_word' id='word_1_404' title='bbox 3087 2444 3437 2514; x_wconf 83' lang='lat' dir='ltr'><strong>desertosque</strong></span> <span class='ocrx_word' id='word_1_405' title='bbox 3493 2458 3587 2514; x_wconf 85' lang='lat' dir='ltr'><strong>pe-</strong></span> 
     </span>
    </p>
   </div>
   <div class='ocr_carea' id='block_1_56' title="bbox 2010 2534 3589 2606">
    <p class='ocr_par' dir='ltr' id='par_1_56' title="bbox 2010 2534 3589 2606">
     <span class='ocr_line' id='line_1_56' title="bbox 2010 2534 3589 2606; baseline -0.001 -15"><span class='ocrx_word' id='word_1_406' title='bbox 2010 2535 2155 2592; x_wconf 90' lang='lat' dir='ltr'><strong>nitus</strong></span> <span class='ocrx_word' id='word_1_407' title='bbox 2186 2535 2442 2592; x_wconf 89' lang='lat' dir='ltr'><strong>clamare.</strong></span> <span class='ocrx_word' id='word_1_408' title='bbox 2476 2535 2569 2592; x_wconf 86' lang='lat' dir='ltr'><strong>His</strong></span> <span class='ocrx_word' id='word_1_409' title='bbox 2596 2545 2650 2593; x_wconf 90' lang='lat' dir='ltr'><strong>et</strong></span> <span class='ocrx_word' id='word_1_410' title='bbox 2695 2536 2881 2591; x_wconf 89' lang='lat' dir='ltr'><strong>matris</strong></span> <span class='ocrx_word' id='word_1_411' title='bbox 2918 2534 3030 2606; x_wconf 87' lang='lat' dir='ltr'><strong>jam</strong></span> <span class='ocrx_word' id='word_1_412' title='bbox 3063 2536 3348 2605; x_wconf 66' lang='lat' dir='ltr'><strong>decrepita:</strong></span> <span class='ocrx_word' id='word_1_413' title='bbox 3385 2534 3589 2590; x_wconf 88' lang='lat' dir='ltr'><strong>assidui</strong></span> 
     </span>
    </p>
   </div>
   <div class='ocr_carea' id='block_1_57' title="bbox 2010 2624 3591 2699">
    <p class='ocr_par' dir='ltr' id='par_1_57' title="bbox 2010 2624 3591 2699">
     <span class='ocr_line' id='line_1_57' title="bbox 2010 2624 3591 2699; baseline 0.002 -20"><span class='ocrx_word' id='word_1_414' title='bbox 2010 2636 2233 2697; x_wconf 84' lang='lat' dir='ltr'><strong>questus</strong></span> <span class='ocrx_word' id='word_1_415' title='bbox 2280 2637 2335 2683; x_wconf 90' lang='lat' dir='ltr'><strong>et</strong></span> <span class='ocrx_word' id='word_1_416' title='bbox 2362 2627 2593 2699; x_wconf 89' lang='lat' dir='ltr'><strong>cjulatus</strong></span> <span class='ocrx_word' id='word_1_417' title='bbox 2621 2628 2996 2694; x_wconf 81' lang='lat' dir='ltr'><strong>addebantur;</strong></span> <span class='ocrx_word' id='word_1_418' title='bbox 3050 2642 3173 2681; x_wconf 91' lang='lat' dir='ltr'><strong>nam</strong></span> <span class='ocrx_word' id='word_1_419' title='bbox 3203 2624 3435 2681; x_wconf 84' lang='lat' dir='ltr'><strong>interdiu</strong></span> <span class='ocrx_word' id='word_1_420' title='bbox 3491 2642 3591 2682; x_wconf 88' lang='lat' dir='ltr'><strong>nec</strong></span> 
     </span>
    </p>
   </div>
   <div class='ocr_carea' id='block_1_58' title="bbox 2010 2715 3590 2789">
    <p class='ocr_par' dir='ltr' id='par_1_58' title="bbox 2010 2715 3590 2789">
     <span class='ocr_line' id='line_1_58' title="bbox 2010 2715 3590 2789; baseline -0.003 -14"><span class='ocrx_word' id='word_1_421' title='bbox 2010 2727 2171 2775; x_wconf 89' lang='lat' dir='ltr'><strong>noctu</strong></span> <span class='ocrx_word' id='word_1_422' title='bbox 2225 2718 2506 2789; x_wconf 89' lang='lat' dir='ltr'><strong>quiescere</strong></span> <span class='ocrx_word' id='word_1_423' title='bbox 2534 2760 2550 2786; x_wconf 95' lang='lat'><strong>,</strong></span> <span class='ocrx_word' id='word_1_424' title='bbox 2584 2719 2676 2774; x_wconf 91' lang='lat' dir='ltr'><strong>sed</strong></span> <span class='ocrx_word' id='word_1_425' title='bbox 2716 2719 2830 2773; x_wconf 68' lang='lat' dir='ltr'><strong>hrcc</strong></span> <span class='ocrx_word' id='word_1_426' title='bbox 2881 2717 3023 2773; x_wconf 89' lang='lat' dir='ltr'><strong>inter</strong></span> <span class='ocrx_word' id='word_1_427' title='bbox 3061 2716 3165 2773; x_wconf 90' lang='lat' dir='ltr'><strong>alia</strong></span> <span class='ocrx_word' id='word_1_428' title='bbox 3195 2736 3208 2771; x_wconf 86' lang='lat'><strong>:</strong></span> <span class='ocrx_word' id='word_1_429' title='bbox 3240 2715 3357 2782; x_wconf 82' lang='lat' dir='ltr'><strong>Mea</strong></span> <span class='ocrx_word' id='word_1_430' title='bbox 3397 2716 3501 2772; x_wconf 85' lang='lat' dir='ltr'><strong>filia</strong></span> <span class='ocrx_word' id='word_1_431' title='bbox 3534 2717 3590 2771; x_wconf 92' lang='lat' dir='ltr'><strong>in</strong></span> 
     </span>
    </p>
   </div>
   <div class='ocr_carea' id='block_1_59' title="bbox 2009 2810 3591 2881">
    <p class='ocr_par' dir='ltr' id='par_1_59' title="bbox 2009 2810 3591 2881">
     <span class='ocr_line' id='line_1_59' title="bbox 2009 2810 3591 2881; baseline 0.001 -16"><span class='ocrx_word' id='word_1_432' title='bbox 2009 2812 2112 2867; x_wconf 87' lang='lat' dir='ltr'><strong>hoc</strong></span> <span class='ocrx_word' id='word_1_433' title='bbox 2150 2825 2237 2866; x_wconf 90' lang='lat' dir='ltr'><strong>me</strong></span> <span class='ocrx_word' id='word_1_434' title='bbox 2272 2810 2427 2881; x_wconf 81' lang='lat' dir='ltr'><strong>longa</strong></span> <span class='ocrx_word' id='word_1_435' title='bbox 2456 2810 2583 2877; x_wconf 84' lang='lat' dir='ltr'><strong>vita,</strong></span> <span class='ocrx_word' id='word_1_436' title='bbox 2613 2818 2667 2866; x_wconf 91' lang='lat' dir='ltr'><strong>et</strong></span> <span class='ocrx_word' id='word_1_437' title='bbox 2694 2820 2946 2867; x_wconf 89' lang='lat' dir='ltr'><strong>senectus</strong></span> <span class='ocrx_word' id='word_1_438' title='bbox 2976 2811 3159 2866; x_wconf 87' lang='lat' dir='ltr'><strong>infelix</strong></span> <span class='ocrx_word' id='word_1_439' title='bbox 3208 2810 3374 2867; x_wconf 61' lang='lat' dir='ltr'><strong>traxit</strong></span> <span class='ocrx_word' id='word_1_440' title='bbox 3402 2851 3417 2878; x_wconf 94' lang='lat'><strong>,</strong></span> <span class='ocrx_word' id='word_1_441' title='bbox 3448 2823 3507 2866; x_wconf 90' lang='lat' dir='ltr'><strong>ut</strong></span> <span class='ocrx_word' id='word_1_442' title='bbox 3538 2821 3591 2866; x_wconf 91' lang='lat' dir='ltr'><strong>te</strong></span> 
     </span>
    </p>
   </div>
   <div class='ocr_carea' id='block_1_60' title="bbox 2010 2902 3591 2969">
    <p class='ocr_par' dir='ltr' id='par_1_60' title="bbox 2010 2902 3591 2969">
     <span class='ocr_line' id='line_1_60' title="bbox 2010 2902 3591 2969; baseline -0.001 -12"><span class='ocrx_word' id='word_1_443' title='bbox 2010 2919 2116 2957; x_wconf 91' lang='lat' dir='ltr'><strong>nnn</strong></span> <span class='ocrx_word' id='word_1_444' title='bbox 2142 2902 2330 2959; x_wconf 91' lang='lat' dir='ltr'><strong>morbo</strong></span> <span class='ocrx_word' id='word_1_445' title='bbox 2368 2904 2625 2969; x_wconf 86' lang='lat' dir='ltr'><strong>humano,</strong></span> <span class='ocrx_word' id='word_1_446' title='bbox 2658 2916 2763 2957; x_wconf 92' lang='lat' dir='ltr'><strong>non</strong></span> <span class='ocrx_word' id='word_1_447' title='bbox 2794 2903 3051 2959; x_wconf 62' lang='lat' dir='ltr'><strong>(erumnis</strong></span> <span class='ocrx_word' id='word_1_448' title='bbox 3092 2905 3414 2961; x_wconf 89' lang='lat' dir='ltr'><strong>miserorum</strong></span> <span class='ocrx_word' id='word_1_449' title='bbox 3447 2917 3591 2958; x_wconf 88' lang='lat' dir='ltr'><strong>mor-</strong></span> 
     </span>
    </p>
   </div>
   <div class='ocr_carea' id='block_1_61' title="bbox 336 2978 3592 3088">
    <p class='ocr_par' dir='ltr' id='par_1_61' title="bbox 336 2978 3592 3088">
     <span class='ocr_line' id='line_1_61' title="bbox 336 2978 3592 3088; baseline 0.003 -50"><span class='ocrx_word' id='word_1_450' title='bbox 336 2978 477 3088; x_wconf 47' lang='grc' dir='ltr'><strong>αξξιί</strong></span> <span class='ocrx_word' id='word_1_451' title='bbox 498 2991 672 3051; x_wconf 86' lang='lat' dir='ltr'><strong>potest</strong></span> <span class='ocrx_word' id='word_1_452' title='bbox 716 2994 775 3039; x_wconf 82' lang='lat' dir='ltr'><strong>ut</strong></span> <span class='ocrx_word' id='word_1_453' title='bbox 797 2985 900 3041; x_wconf 89' lang='lat' dir='ltr'><strong>iter</strong></span> <span class='ocrx_word' id='word_1_454' title='bbox 923 2987 1230 3043; x_wconf 87' lang='lat' dir='ltr'><strong>institutum</strong></span> <span class='ocrx_word' id='word_1_455' title='bbox 1260 2991 1366 3046; x_wconf 90' lang='lat' dir='ltr'><strong>huc</strong></span> <span class='ocrx_word' id='word_1_456' title='bbox 1390 3007 1558 3062; x_wconf 86' lang='lat' dir='ltr'><strong>usque</strong></span> <span class='ocrx_word' id='word_1_457' title='bbox 1587 3009 1909 3067; x_wconf 80' lang='lat' dir='ltr'><strong>peragamus</strong></span> <span class='ocrx_word' id='word_1_458' title='bbox 1936 3024 1983 3088; x_wconf 65' lang='grc' dir='ltr'>α</span> <span class='ocrx_word' id='word_1_459' title='bbox 2015 2997 2224 3065; x_wconf 92' lang='lat' dir='ltr'><strong>talium,</strong></span> <span class='ocrx_word' id='word_1_460' title='bbox 2254 3014 2361 3053; x_wconf 89' lang='lat' dir='ltr'><strong>non</strong></span> <span class='ocrx_word' id='word_1_461' title='bbox 2395 2997 2626 3068; x_wconf 88' lang='lat' dir='ltr'><strong>denique</strong></span> <span class='ocrx_word' id='word_1_462' title='bbox 2648 3014 2775 3052; x_wconf 90' lang='lat' dir='ltr'><strong>casu</strong></span> <span class='ocrx_word' id='word_1_463' title='bbox 2804 2995 2984 3067; x_wconf 83' lang='lat' dir='ltr'><strong>aliquo</strong></span> <span class='ocrx_word' id='word_1_464' title='bbox 3022 2996 3210 3063; x_wconf 83' lang='lat' dir='ltr'><strong>fatali,</strong></span> <span class='ocrx_word' id='word_1_465' title='bbox 3260 3011 3444 3051; x_wconf 88' lang='lat' dir='ltr'><strong>verum</strong></span> <span class='ocrx_word' id='word_1_466' title='bbox 3475 2996 3592 3049; x_wconf 87' lang='lat' dir='ltr'><strong>dia-</strong></span> 
     </span>
    </p>
   </div>
   <div class='ocr_carea' id='block_1_62' title="bbox 336 3074 1907 3158">
    <p class='ocr_par' dir='ltr' id='par_1_62' title="bbox 336 3074 1907 3158">
     <span class='ocr_line' id='line_1_62' title="bbox 336 3074 1907 3158; baseline 0.01 -29"><span class='ocrx_word' id='word_1_467' title='bbox 336 3074 552 3139; x_wconf 84' lang='lat' dir='ltr'><strong>saltem,</strong></span> <span class='ocrx_word' id='word_1_468' title='bbox 607 3086 663 3131; x_wconf 89' lang='lat' dir='ltr'><strong>et</strong></span> <span class='ocrx_word' id='word_1_469' title='bbox 701 3079 961 3147; x_wconf 84' lang='lat' dir='ltr'><strong>deprecor</strong></span> <span class='ocrx_word' id='word_1_470' title='bbox 1008 3089 1068 3134; x_wconf 91' lang='lat' dir='ltr'><strong>ut</strong></span> <span class='ocrx_word' id='word_1_471' title='bbox 1108 3090 1371 3149; x_wconf 89' lang='lat' dir='ltr'><strong>nostrum,</strong></span> <span class='ocrx_word' id='word_1_472' title='bbox 1402 3084 1473 3138; x_wconf 87' lang='lat' dir='ltr'><strong>mi</strong></span> <span class='ocrx_word' id='word_1_473' title='bbox 1497 3084 1688 3152; x_wconf 87' lang='lat' dir='ltr'><strong>Pater,</strong></span> <span class='ocrx_word' id='word_1_474' title='bbox 1751 3103 1907 3158; x_wconf 87' lang='lat' dir='ltr'><strong>opem</strong></span> 
     </span>
    </p>
   </div>
   <div class='ocr_carea' id='block_1_63' title="bbox 337 3164 975 3225">
    <p class='ocr_par' dir='ltr' id='par_1_63' title="bbox 337 3164 975 3225">
     <span class='ocr_line' id='line_1_63' title="bbox 337 3164 975 3225; baseline 0.008 -5"><span class='ocrx_word' id='word_1_475' title='bbox 337 3164 561 3223; x_wconf 85' lang='lat' dir='ltr'><strong>ferendo</strong></span> <span class='ocrx_word' id='word_1_476' title='bbox 590 3169 975 3225; x_wconf 83' lang='lat' dir='ltr'><strong>misereatuiui.</strong></span> 
     </span>
    </p>
   </div>
   <div class='ocr_carea' id='block_1_64' title="bbox 409 3261 1911 3335">
    <p class='ocr_par' dir='ltr' id='par_1_64' title="bbox 409 3261 1911 3335">
     <span class='ocr_line' id='line_1_64' title="bbox 409 3261 1911 3335; baseline 0.011 -17"><span class='ocrx_word' id='word_1_477' title='bbox 409 3261 533 3318; x_wconf 77' lang='grc'><strong>548.</strong></span> <span class='ocrx_word' id='word_1_478' title='bbox 568 3261 688 3318; x_wconf 76' lang='lat' dir='ltr'><strong>Mox</strong></span> <span class='ocrx_word' id='word_1_479' title='bbox 711 3264 894 3321; x_wconf 69' lang='lat' dir='ltr'><strong>Abbas</strong></span> <span class='ocrx_word' id='word_1_480' title='bbox 925 3267 1222 3325; x_wconf 86' lang='lat' dir='ltr'><strong>monachos</strong></span> <span class='ocrx_word' id='word_1_481' title='bbox 1246 3286 1368 3325; x_wconf 93' lang='lat' dir='ltr'><strong>cum</strong></span> <span class='ocrx_word' id='word_1_482' title='bbox 1399 3270 1458 3329; x_wconf 92' lang='lat' dir='ltr'><strong>S.</strong></span> <span class='ocrx_word' id='word_1_483' title='bbox 1489 3272 1717 3333; x_wconf 85' lang='lat' dir='ltr'><strong>Joannis</strong></span> <span class='ocrx_word' id='word_1_484' title='bbox 1747 3293 1911 3335; x_wconf 91' lang='lat' dir='ltr'><strong>cruce</strong></span> 
     </span>
    </p>
   </div>
   <div class='ocr_carea' id='block_1_65' title="bbox 337 3356 1913 3435">
    <p class='ocr_par' dir='ltr' id='par_1_65' title="bbox 337 3356 1913 3435">
     <span class='ocr_line' id='line_1_65' title="bbox 337 3356 1913 3435; baseline 0.012 -26"><span class='ocrx_word' id='word_1_485' title='bbox 337 3364 535 3424; x_wconf 58' lang='lat' dir='ltr'><strong>prato</strong></span> <span class='ocrx_word' id='word_1_486' title='bbox 560 3356 749 3412; x_wconf 89' lang='lat' dir='ltr'><strong>adesse</strong></span> <span class='ocrx_word' id='word_1_487' title='bbox 768 3356 953 3428; x_wconf 85' lang='lat' dir='ltr'><strong>jubet;</strong></span> <span class='ocrx_word' id='word_1_488' title='bbox 984 3358 1179 3416; x_wconf 86' lang='lat' dir='ltr'><strong>deinde</strong></span> <span class='ocrx_word' id='word_1_489' title='bbox 1201 3362 1284 3418; x_wconf 92' lang='lat' dir='ltr'><strong>his</strong></span> <span class='ocrx_word' id='word_1_490' title='bbox 1323 3364 1416 3433; x_wconf 90' lang='lat' dir='ltr'><strong>qui</strong></span> <span class='ocrx_word' id='word_1_491' title='bbox 1439 3377 1734 3435; x_wconf 68' lang='lat' dir='ltr'><strong>prmsentes</strong></span> <span class='ocrx_word' id='word_1_492' title='bbox 1754 3378 1913 3427; x_wconf 86' lang='lat' dir='ltr'><strong>erant</strong></span> 
     </span>
    </p>
   </div>
   <div class='ocr_carea' id='block_1_66' title="bbox 340 3450 1913 3529">
    <p class='ocr_par' dir='ltr' id='par_1_66' title="bbox 340 3450 1913 3529">
     <span class='ocr_line' id='line_1_66' title="bbox 340 3450 1913 3529; baseline 0.009 -25"><span class='ocrx_word' id='word_1_493' title='bbox 340 3450 631 3506; x_wconf 59' lang='lat' dir='ltr'><strong>saeculares</strong></span> <span class='ocrx_word' id='word_1_494' title='bbox 655 3460 711 3507; x_wconf 90' lang='lat' dir='ltr'><strong>et</strong></span> <span class='ocrx_word' id='word_1_495' title='bbox 754 3453 1021 3519; x_wconf 89' lang='lat' dir='ltr'><strong>conversi,</strong></span> <span class='ocrx_word' id='word_1_496' title='bbox 1056 3453 1228 3529; x_wconf 75' lang='lat' dir='ltr'><strong>[aitz]</strong></span> <span class='ocrx_word' id='word_1_497' title='bbox 1274 3457 1473 3514; x_wconf 82' lang='lat' dir='ltr'><strong>Adeste</strong></span> <span class='ocrx_word' id='word_1_498' title='bbox 1519 3469 1573 3515; x_wconf 91' lang='lat' dir='ltr'><strong>et</strong></span> <span class='ocrx_word' id='word_1_499' title='bbox 1611 3475 1745 3528; x_wconf 86' lang='lat' dir='ltr'><strong>vos;</strong></span> <span class='ocrx_word' id='word_1_500' title='bbox 1779 3462 1913 3518; x_wconf 90' lang='lat' dir='ltr'><strong>nihil</strong></span> 
     </span>
    </p>
   </div>
   <div class='ocr_carea' id='block_1_67' title="bbox 337 3543 1912 3613">
    <p class='ocr_par' dir='ltr' id='par_1_67' title="bbox 337 3543 1912 3613">
     <span class='ocr_line' id='line_1_67' title="bbox 337 3543 1912 3613; baseline 0.008 -16"><span class='ocrx_word' id='word_1_501' title='bbox 337 3551 422 3597; x_wconf 88' lang='lat' dir='ltr'><strong>est</strong></span> <span class='ocrx_word' id='word_1_502' title='bbox 468 3543 611 3612; x_wconf 88' lang='lat' dir='ltr'><strong>quod</strong></span> <span class='ocrx_word' id='word_1_503' title='bbox 677 3544 1045 3613; x_wconf 83' lang='lat' dir='ltr'><strong>exspectetis;</strong></span> <span class='ocrx_word' id='word_1_504' title='bbox 1103 3547 1190 3603; x_wconf 89' lang='lat' dir='ltr'><strong>bis</strong></span> <span class='ocrx_word' id='word_1_505' title='bbox 1235 3546 1291 3603; x_wconf 91' lang='lat' dir='ltr'><strong>in</strong></span> <span class='ocrx_word' id='word_1_506' title='bbox 1341 3550 1751 3609; x_wconf 89' lang='lat' dir='ltr'><strong>discriminibus</strong></span> <span class='ocrx_word' id='word_1_507' title='bbox 1791 3555 1912 3610; x_wconf 89' lang='lat' dir='ltr'><strong>sine</strong></span> 
     </span>
    </p>
   </div>
   <div class='ocr_carea' id='block_1_68' title="bbox 336 3633 1912 3715">
    <p class='ocr_par' dir='ltr' id='par_1_68' title="bbox 336 3633 1912 3715">
     <span class='ocr_line' id='line_1_68' title="bbox 336 3633 1912 3715; baseline 0.01 -27"><span class='ocrx_word' id='word_1_508' title='bbox 336 3633 682 3688; x_wconf 78' lang='lat' dir='ltr'><strong>cunctatione</strong></span> <span class='ocrx_word' id='word_1_509' title='bbox 736 3636 1131 3703; x_wconf 88' lang='lat' dir='ltr'><strong>properandum</strong></span> <span class='ocrx_word' id='word_1_510' title='bbox 1191 3648 1295 3696; x_wconf 91' lang='lat' dir='ltr'><strong>est.</strong></span> <span class='ocrx_word' id='word_1_511' title='bbox 1348 3638 1483 3696; x_wconf 86' lang='lat' dir='ltr'><strong>Cum</strong></span> <span class='ocrx_word' id='word_1_512' title='bbox 1552 3643 1736 3715; x_wconf 86' lang='lat' dir='ltr'><strong>itaque</strong></span> <span class='ocrx_word' id='word_1_513' title='bbox 1788 3645 1912 3704; x_wconf 88' lang='lat' dir='ltr'><strong>inde</strong></span> 
     </span>
    </p>
   </div>
   <div class='ocr_carea' id='block_1_69' title="bbox 332 3721 1912 3803">
    <p class='ocr_par' dir='ltr' id='par_1_69' title="bbox 332 3721 1912 3803">
     <span class='ocr_line' id='line_1_69' title="bbox 332 3721 1912 3803; baseline 0.013 -29"><span class='ocrx_word' id='word_1_514' title='bbox 332 3721 562 3791; x_wconf 81' lang='lat' dir='ltr'><strong>juvenes</strong></span> <span class='ocrx_word' id='word_1_515' title='bbox 615 3721 940 3779; x_wconf 88' lang='lat' dir='ltr'><strong>ferocissimi</strong></span> <span class='ocrx_word' id='word_1_516' title='bbox 986 3740 1106 3782; x_wconf 88' lang='lat' dir='ltr'><strong>eam</strong></span> <span class='ocrx_word' id='word_1_517' title='bbox 1166 3744 1419 3786; x_wconf 88' lang='lat' dir='ltr'><strong>amovere</strong></span> <span class='ocrx_word' id='word_1_518' title='bbox 1466 3733 1701 3803; x_wconf 87' lang='lat' dir='ltr'><strong>vellent,</strong></span> <span class='ocrx_word' id='word_1_519' title='bbox 1744 3735 1912 3795; x_wconf 88' lang='lat' dir='ltr'><strong>facile</strong></span> 
     </span>
    </p>
   </div>
   <div class='ocr_carea' id='block_1_70' title="bbox 339 3813 1912 3886">
    <p class='ocr_par' dir='ltr' id='par_1_70' title="bbox 339 3813 1912 3886">
     <span class='ocr_line' id='line_1_70' title="bbox 339 3813 1912 3886; baseline 0.01 -17"><span class='ocrx_word' id='word_1_520' title='bbox 339 3814 582 3869; x_wconf 88' lang='lat' dir='ltr'><strong>diabolus</strong></span> <span class='ocrx_word' id='word_1_521' title='bbox 611 3813 810 3881; x_wconf 88' lang='lat' dir='ltr'><strong>docuit,</strong></span> <span class='ocrx_word' id='word_1_522' title='bbox 837 3816 981 3873; x_wconf 89' lang='lat' dir='ltr'><strong>vires</strong></span> <span class='ocrx_word' id='word_1_523' title='bbox 1011 3818 1275 3876; x_wconf 88' lang='lat' dir='ltr'><strong>humanas</strong></span> <span class='ocrx_word' id='word_1_524' title='bbox 1302 3823 1420 3879; x_wconf 92' lang='lat' dir='ltr'><strong>sine</strong></span> <span class='ocrx_word' id='word_1_525' title='bbox 1474 3824 1705 3884; x_wconf 80' lang='lat' dir='ltr'><strong>Numine</strong></span> <span class='ocrx_word' id='word_1_526' title='bbox 1730 3829 1912 3886; x_wconf 93' lang='lat' dir='ltr'><strong>divino</strong></span> 
     </span>
    </p>
   </div>
   <div class='ocr_carea' id='block_1_71' title="bbox 337 3904 1909 3984">
    <p class='ocr_par' dir='ltr' id='par_1_71' title="bbox 337 3904 1909 3984">
     <span class='ocr_line' id='line_1_71' title="bbox 337 3904 1909 3984; baseline 0.01 -26"><span class='ocrx_word' id='word_1_527' title='bbox 337 3904 392 3959; x_wconf 90' lang='lat' dir='ltr'><strong>in</strong></span> <span class='ocrx_word' id='word_1_528' title='bbox 414 3920 536 3960; x_wconf 90' lang='lat' dir='ltr'><strong>eum</strong></span> <span class='ocrx_word' id='word_1_529' title='bbox 562 3920 731 3961; x_wconf 88' lang='lat' dir='ltr'><strong>vanas</strong></span> <span class='ocrx_word' id='word_1_530' title='bbox 755 3921 876 3962; x_wconf 90' lang='lat' dir='ltr'><strong>esse</strong></span> <span class='ocrx_word' id='word_1_531' title='bbox 901 3925 914 3961; x_wconf 90' lang='lat'>:</span> <span class='ocrx_word' id='word_1_532' title='bbox 948 3908 1084 3963; x_wconf 84' lang='lat' dir='ltr'><strong>nihil</strong></span> <span class='ocrx_word' id='word_1_533' title='bbox 1114 3910 1257 3966; x_wconf 91' lang='lat' dir='ltr'><strong>enim</strong></span> <span class='ocrx_word' id='word_1_534' title='bbox 1300 3913 1405 3968; x_wconf 91' lang='lat' dir='ltr'><strong>nisi</strong></span> <span class='ocrx_word' id='word_1_535' title='bbox 1441 3916 1698 3984; x_wconf 87' lang='lat' dir='ltr'><strong>strepitus</strong></span> <span class='ocrx_word' id='word_1_536' title='bbox 1728 3926 1782 3973; x_wconf 90' lang='lat' dir='ltr'><strong>et</strong></span> <span class='ocrx_word' id='word_1_537' title='bbox 1814 3935 1909 3974; x_wconf 88' lang='lat' dir='ltr'><strong>vo-</strong></span> 
     </span>
    </p>
   </div>
   <div class='ocr_carea' id='block_1_72' title="bbox 336 3997 1910 4073">
    <p class='ocr_par' dir='ltr' id='par_1_72' title="bbox 336 3997 1910 4073">
     <span class='ocr_line' id='line_1_72' title="bbox 336 3997 1910 4073; baseline 0.009 -20"><span class='ocrx_word' id='word_1_538' title='bbox 336 3997 687 4054; x_wconf 85' lang='lat' dir='ltr'><strong>ciferationes</strong></span> <span class='ocrx_word' id='word_1_539' title='bbox 711 4015 862 4055; x_wconf 87' lang='lat' dir='ltr'><strong>more</strong></span> <span class='ocrx_word' id='word_1_540' title='bbox 884 4017 983 4056; x_wconf 86' lang='lat' dir='ltr'><strong>suo</strong></span> <span class='ocrx_word' id='word_1_541' title='bbox 1004 4004 1494 4073; x_wconf 59' lang='lat' dir='ltr'><strong>agereJlmterum,</strong></span> <span class='ocrx_word' id='word_1_542' title='bbox 1521 4007 1609 4064; x_wconf 90' lang='lat' dir='ltr'><strong>ubi</strong></span> <span class='ocrx_word' id='word_1_543' title='bbox 1634 4008 1759 4065; x_wconf 92' lang='lat' dir='ltr'><strong>illuc</strong></span> <span class='ocrx_word' id='word_1_544' title='bbox 1788 4027 1910 4067; x_wconf 87' lang='lat' dir='ltr'><strong>cum</strong></span> 
     </span>
    </p>
   </div>
   <div class='ocr_carea' id='block_1_73' title="bbox 338 4085 1911 4166">
    <p class='ocr_par' dir='ltr' id='par_1_73' title="bbox 338 4085 1911 4166">
     <span class='ocr_line' id='line_1_73' title="bbox 338 4085 1911 4166; baseline 0.01 -25"><span class='ocrx_word' id='word_1_545' title='bbox 338 4085 397 4141; x_wconf 82' lang='lat' dir='ltr'><strong>S.</strong></span> <span class='ocrx_word' id='word_1_546' title='bbox 426 4086 650 4144; x_wconf 86' lang='lat' dir='ltr'><strong>Joannis</strong></span> <span class='ocrx_word' id='word_1_547' title='bbox 680 4104 843 4146; x_wconf 89' lang='lat' dir='ltr'><strong>cruce</strong></span> <span class='ocrx_word' id='word_1_548' title='bbox 873 4101 1096 4147; x_wconf 85' lang='lat' dir='ltr'><strong>ventum</strong></span> <span class='ocrx_word' id='word_1_549' title='bbox 1129 4102 1237 4159; x_wconf 88' lang='lat' dir='ltr'><strong>est,</strong></span> <span class='ocrx_word' id='word_1_550' title='bbox 1268 4096 1527 4154; x_wconf 77' lang='lat' dir='ltr'><strong>dzemonis</strong></span> <span class='ocrx_word' id='word_1_551' title='bbox 1562 4099 1738 4166; x_wconf 89' lang='lat' dir='ltr'><strong>vires,</strong></span> <span class='ocrx_word' id='word_1_552' title='bbox 1763 4102 1911 4157; x_wconf 87' lang='lat' dir='ltr'><strong>nulla</strong></span> 
     </span>
    </p>
   </div>
   <div class='ocr_carea' id='block_1_74' title="bbox 336 4174 1910 4255">
    <p class='ocr_par' dir='ltr' id='par_1_74' title="bbox 336 4174 1910 4255">
     <span class='ocr_line' id='line_1_74' title="bbox 336 4174 1910 4255; baseline 0.011 -25"><span class='ocrx_word' id='word_1_553' title='bbox 336 4174 516 4232; x_wconf 83' lang='lat' dir='ltr'><strong>adhuc</strong></span> <span class='ocrx_word' id='word_1_554' title='bbox 536 4177 735 4234; x_wconf 87' lang='lat' dir='ltr'><strong>emissa</strong></span> <span class='ocrx_word' id='word_1_555' title='bbox 765 4180 1163 4250; x_wconf 88' lang='lat' dir='ltr'><strong>conjuratioue,</strong></span> <span class='ocrx_word' id='word_1_556' title='bbox 1195 4184 1267 4239; x_wconf 88' lang='lat' dir='ltr'><strong>ita</strong></span> <span class='ocrx_word' id='word_1_557' title='bbox 1296 4188 1547 4243; x_wconf 82' lang='lat' dir='ltr'><strong>cecidere.</strong></span> <span class='ocrx_word' id='word_1_558' title='bbox 1570 4230 1586 4255; x_wconf 95' lang='lat'><strong>,</strong></span> <span class='ocrx_word' id='word_1_559' title='bbox 1620 4200 1680 4244; x_wconf 92' lang='lat' dir='ltr'><strong>ut</strong></span> <span class='ocrx_word' id='word_1_560' title='bbox 1709 4192 1910 4247; x_wconf 88' lang='lat' dir='ltr'><strong>nullam</strong></span> 
     </span>
    </p>
   </div>
   <div class='ocr_carea' id='block_1_75' title="bbox 337 4267 1909 4348">
    <p class='ocr_par' dir='ltr' id='par_1_75' title="bbox 337 4267 1909 4348">
     <span class='ocr_line' id='line_1_75' title="bbox 337 4267 1909 4348; baseline 0.011 -30"><span class='ocrx_word' id='word_1_561' title='bbox 337 4267 566 4336; x_wconf 87' lang='lat' dir='ltr'><strong>amplius</strong></span> <span class='ocrx_word' id='word_1_562' title='bbox 614 4268 821 4325; x_wconf 69' lang='lat' dir='ltr'><strong>daemon</strong></span> <span class='ocrx_word' id='word_1_563' title='bbox 851 4313 866 4338; x_wconf 93' lang='lat'><strong>,</strong></span> <span class='ocrx_word' id='word_1_564' title='bbox 895 4273 997 4326; x_wconf 87' lang='lat' dir='ltr'><strong>nisi</strong></span> <span class='ocrx_word' id='word_1_565' title='bbox 1039 4274 1129 4329; x_wconf 92' lang='lat' dir='ltr'><strong>ubi</strong></span> <span class='ocrx_word' id='word_1_566' title='bbox 1166 4274 1218 4329; x_wconf 93' lang='lat' dir='ltr'><strong>in</strong></span> <span class='ocrx_word' id='word_1_567' title='bbox 1252 4291 1365 4331; x_wconf 90' lang='lat' dir='ltr'><strong>rem</strong></span> <span class='ocrx_word' id='word_1_568' title='bbox 1420 4293 1573 4333; x_wconf 90' lang='lat' dir='ltr'><strong>suam</strong></span> <span class='ocrx_word' id='word_1_569' title='bbox 1623 4282 1909 4348; x_wconf 79' lang='lat' dir='ltr'><strong>concessit,</strong></span> 
     </span>
    </p>
   </div>
   <div class='ocr_carea' id='block_1_76' title="bbox 2010 3086 3592 3160">
    <p class='ocr_par' dir='ltr' id='par_1_76' title="bbox 2010 3086 3592 3160">
     <span class='ocr_line' id='line_1_76' title="bbox 2010 3086 3592 3160; baseline -0.003 -14"><span class='ocrx_word' id='word_1_570' title='bbox 2010 3089 2136 3146; x_wconf 86' lang='lat' dir='ltr'><strong>bolo</strong></span> <span class='ocrx_word' id='word_1_571' title='bbox 2159 3091 2392 3160; x_wconf 89' lang='lat' dir='ltr'><strong>pessimo</strong></span> <span class='ocrx_word' id='word_1_572' title='bbox 2412 3098 2466 3144; x_wconf 91' lang='lat' dir='ltr'><strong>et</strong></span> <span class='ocrx_word' id='word_1_573' title='bbox 2493 3088 2798 3144; x_wconf 86' lang='lat' dir='ltr'><strong>inclementi</strong></span> <span class='ocrx_word' id='word_1_574' title='bbox 2814 3089 3026 3144; x_wconf 88' lang='lat' dir='ltr'><strong>videam</strong></span> <span class='ocrx_word' id='word_1_575' title='bbox 3048 3088 3304 3144; x_wconf 90' lang='lat' dir='ltr'><strong>atrociter</strong></span> <span class='ocrx_word' id='word_1_576' title='bbox 3326 3095 3381 3143; x_wconf 91' lang='lat' dir='ltr'><strong>et</strong></span> <span class='ocrx_word' id='word_1_577' title='bbox 3408 3086 3592 3155; x_wconf 91' lang='lat' dir='ltr'><strong>inique</strong></span> 
     </span>
    </p>
   </div>
   <div class='ocr_carea' id='block_1_77' title="bbox 2009 3179 3587 3258">
    <p class='ocr_par' dir='ltr' id='par_1_77' title="bbox 2009 3179 3587 3258">
     <span class='ocr_line' id='line_1_77' title="bbox 2009 3179 3587 3258; baseline -0.002 -22"><span class='ocrx_word' id='word_1_578' title='bbox 2009 3180 2290 3252; x_wconf 84' lang='lat' dir='ltr'><strong>torqueri!</strong></span> <span class='ocrx_word' id='word_1_579' title='bbox 2326 3180 2438 3235; x_wconf 81' lang='lat' dir='ltr'><strong>Mea</strong></span> <span class='ocrx_word' id='word_1_580' title='bbox 2464 3181 2570 3235; x_wconf 89' lang='lat' dir='ltr'><strong>tilia</strong></span> <span class='ocrx_word' id='word_1_581' title='bbox 2596 3196 2815 3258; x_wconf 82' lang='lat' dir='ltr'><strong>necego</strong></span> <span class='ocrx_word' id='word_1_582' title='bbox 2860 3181 3017 3249; x_wconf 91' lang='lat' dir='ltr'><strong>hujus</strong></span> <span class='ocrx_word' id='word_1_583' title='bbox 3051 3179 3176 3236; x_wconf 88' lang='lat' dir='ltr'><strong>mali</strong></span> <span class='ocrx_word' id='word_1_584' title='bbox 3199 3195 3395 3250; x_wconf 77' lang='lat' dir='ltr'><strong>expers</strong></span> <span class='ocrx_word' id='word_1_585' title='bbox 3421 3195 3539 3235; x_wconf 86' lang='lat' dir='ltr'><strong>sum</strong></span> <span class='ocrx_word' id='word_1_586' title='bbox 3567 3195 3587 3233; x_wconf 90' lang='lat'><em>:</em></span> 
     </span>
    </p>
   </div>
   <div class='ocr_carea' id='block_1_78' title="bbox 1996 3266 3591 3341">
    <p class='ocr_par' dir='ltr' id='par_1_78' title="bbox 1996 3266 3591 3341">
     <span class='ocr_line' id='line_1_78' title="bbox 1996 3266 3591 3341; baseline -0.002 -15"><span class='ocrx_word' id='word_1_587' title='bbox 1996 3266 2134 3326; x_wconf 74' lang='lat' dir='ltr'><strong>&#39;nam</strong></span> <span class='ocrx_word' id='word_1_588' title='bbox 2159 3271 2261 3326; x_wconf 88' lang='lat' dir='ltr'><strong>nisi</strong></span> <span class='ocrx_word' id='word_1_589' title='bbox 2287 3281 2338 3326; x_wconf 92' lang='lat' dir='ltr'><strong>tc</strong></span> <span class='ocrx_word' id='word_1_590' title='bbox 2360 3271 2689 3341; x_wconf 83' lang='lat' dir='ltr'><strong>genuissem,</strong></span> <span class='ocrx_word' id='word_1_591' title='bbox 2708 3270 2781 3324; x_wconf 90' lang='lat' dir='ltr'><strong>ita</strong></span> <span class='ocrx_word' id='word_1_592' title='bbox 2807 3269 3221 3325; x_wconf 88' lang='lat' dir='ltr'><strong>intolerabiliter</strong></span> <span class='ocrx_word' id='word_1_593' title='bbox 3248 3285 3353 3323; x_wconf 91' lang='lat' dir='ltr'><strong>non</strong></span> <span class='ocrx_word' id='word_1_594' title='bbox 3378 3271 3591 3325; x_wconf 51' lang='lat' dir='ltr'><strong>crucia-</strong></span> 
     </span>
    </p>
   </div>
   <div class='ocr_carea' id='block_1_79' title="bbox 2013 3360 3590 3431">
    <p class='ocr_par' dir='ltr' id='par_1_79' title="bbox 2013 3360 3590 3431">
     <span class='ocr_line' id='line_1_79' title="bbox 2013 3360 3590 3431; baseline -0.001 -14"><span class='ocrx_word' id='word_1_595' title='bbox 2013 3361 2170 3417; x_wconf 83' lang='lat' dir='ltr'><strong>reris.</strong></span> <span class='ocrx_word' id='word_1_596' title='bbox 2199 3362 2325 3417; x_wconf 88' lang='lat' dir='ltr'><strong>lude</strong></span> <span class='ocrx_word' id='word_1_597' title='bbox 2353 3377 2472 3416; x_wconf 90' lang='lat' dir='ltr'><strong>cum</strong></span> <span class='ocrx_word' id='word_1_598' title='bbox 2499 3362 2550 3414; x_wconf 91' lang='lat' dir='ltr'><strong>in</strong></span> <span class='ocrx_word' id='word_1_599' title='bbox 2583 3362 2889 3431; x_wconf 84' lang='lat' dir='ltr'><strong>amplexum</strong></span> <span class='ocrx_word' id='word_1_600' title='bbox 2913 3363 3035 3417; x_wconf 66' lang='lat' dir='ltr'><strong>filice</strong></span> <span class='ocrx_word' id='word_1_601' title='bbox 3066 3362 3274 3415; x_wconf 83' lang='lat' dir='ltr'><strong>irruere</strong></span> <span class='ocrx_word' id='word_1_602' title='bbox 3310 3360 3472 3416; x_wconf 84' lang='lat' dir='ltr'><strong>vellet</strong></span> <span class='ocrx_word' id='word_1_603' title='bbox 3492 3402 3507 3422; x_wconf 86' lang='lat'><strong>,</strong></span> <span class='ocrx_word' id='word_1_604' title='bbox 3537 3363 3590 3416; x_wconf 83' lang='lat' dir='ltr'><strong>vi</strong></span> 
     </span>
    </p>
   </div>
   <div class='ocr_carea' id='block_1_80' title="bbox 2011 3451 3592 3523">
    <p class='ocr_par' dir='ltr' id='par_1_80' title="bbox 2011 3451 3592 3523">
     <span class='ocr_line' id='line_1_80' title="bbox 2011 3451 3592 3523; baseline 0.001 -16"><span class='ocrx_word' id='word_1_605' title='bbox 2011 3452 2215 3507; x_wconf 89' lang='lat' dir='ltr'><strong>diaboli</strong></span> <span class='ocrx_word' id='word_1_606' title='bbox 2244 3453 2351 3508; x_wconf 84' lang='lat' dir='ltr'><strong>tilia</strong></span> <span class='ocrx_word' id='word_1_607' title='bbox 2382 3452 2495 3522; x_wconf 90' lang='lat' dir='ltr'><strong>ipsa</strong></span> <span class='ocrx_word' id='word_1_608' title='bbox 2527 3452 2755 3521; x_wconf 88' lang='lat' dir='ltr'><strong>turpiter</strong></span> <span class='ocrx_word' id='word_1_609' title='bbox 2786 3451 3301 3523; x_wconf 85' lang='lat' dir='ltr'><strong>miserabiliterque,</strong></span> <span class='ocrx_word' id='word_1_610' title='bbox 3342 3452 3592 3508; x_wconf 83' lang='lat' dir='ltr'><strong>manibus</strong></span> 
     </span>
    </p>
   </div>
   <div class='ocr_carea' id='block_1_81' title="bbox 2013 3540 3591 3605">
    <p class='ocr_par' dir='ltr' id='par_1_81' title="bbox 2013 3540 3591 3605">
     <span class='ocr_line' id='line_1_81' title="bbox 2013 3540 3591 3605; baseline 0.001 -9"><span class='ocrx_word' id='word_1_611' title='bbox 2013 3540 2265 3597; x_wconf 89' lang='lat' dir='ltr'><strong>celeriter</strong></span> <span class='ocrx_word' id='word_1_612' title='bbox 2316 3542 2369 3596; x_wconf 93' lang='lat' dir='ltr'><strong>in</strong></span> <span class='ocrx_word' id='word_1_613' title='bbox 2414 3554 2534 3596; x_wconf 90' lang='lat' dir='ltr'><strong>eam</strong></span> <span class='ocrx_word' id='word_1_614' title='bbox 2583 3541 2793 3605; x_wconf 84' lang='lat' dir='ltr'><strong>versis,</strong></span> <span class='ocrx_word' id='word_1_615' title='bbox 2843 3543 2894 3595; x_wconf 92' lang='lat' dir='ltr'><strong>in</strong></span> <span class='ocrx_word' id='word_1_616' title='bbox 2943 3551 3141 3597; x_wconf 82' lang='lat' dir='ltr'><strong>terram</strong></span> <span class='ocrx_word' id='word_1_617' title='bbox 3192 3552 3591 3599; x_wconf 87' lang='lat' dir='ltr'><strong>consternatam</strong></span> 
     </span>
    </p>
   </div>
   <div class='ocr_carea' id='block_1_82' title="bbox 2012 3630 3593 3702">
    <p class='ocr_par' dir='ltr' id='par_1_82' title="bbox 2012 3630 3593 3702">
     <span class='ocr_line' id='line_1_82' title="bbox 2012 3630 3593 3702; baseline 0 -17"><span class='ocrx_word' id='word_1_618' title='bbox 2012 3630 2227 3701; x_wconf 85' lang='lat' dir='ltr'><strong>dejecit,</strong></span> <span class='ocrx_word' id='word_1_619' title='bbox 2259 3630 2523 3702; x_wconf 81' lang='lat' dir='ltr'><strong>ﬂetusque</strong></span> <span class='ocrx_word' id='word_1_620' title='bbox 2560 3632 2627 3685; x_wconf 88' lang='lat' dir='ltr'><strong>ab</strong></span> <span class='ocrx_word' id='word_1_621' title='bbox 2654 3631 2801 3686; x_wconf 81' lang='grc' dir='ltr'><strong>οιηηί</strong></span> <span class='ocrx_word' id='word_1_622' title='bbox 2834 3632 2989 3686; x_wconf 88' lang='lat' dir='ltr'><strong>turba</strong></span> <span class='ocrx_word' id='word_1_623' title='bbox 3020 3630 3305 3686; x_wconf 88' lang='lat' dir='ltr'><strong>mulierum</strong></span> <span class='ocrx_word' id='word_1_624' title='bbox 3353 3640 3406 3687; x_wconf 91' lang='lat' dir='ltr'><strong>et</strong></span> <span class='ocrx_word' id='word_1_625' title='bbox 3446 3647 3593 3687; x_wconf 85' lang='lat' dir='ltr'><strong>com-</strong></span> 
     </span>
    </p>
   </div>
   <div class='ocr_carea' id='block_1_83' title="bbox 2012 3708 3587 3794">
    <p class='ocr_par' dir='ltr' id='par_1_83' title="bbox 2012 3708 3587 3794">
     <span class='ocr_line' id='line_1_83' title="bbox 2012 3708 3587 3794; baseline 0.003 -21"><span class='ocrx_word' id='word_1_626' title='bbox 2012 3708 2243 3790; x_wconf 88' lang='lat' dir='ltr'><strong>ploratio</strong></span> <span class='ocrx_word' id='word_1_627' title='bbox 2266 3721 2543 3777; x_wconf 89' lang='lat' dir='ltr'><strong>hominum</strong></span> <span class='ocrx_word' id='word_1_628' title='bbox 2570 3730 2689 3777; x_wconf 86' lang='lat' dir='ltr'><strong>orta</strong></span> <span class='ocrx_word' id='word_1_629' title='bbox 2720 3723 3049 3777; x_wconf 89' lang='lat' dir='ltr'><strong>horrendum</strong></span> <span class='ocrx_word' id='word_1_630' title='bbox 3098 3722 3355 3778; x_wconf 90' lang='lat' dir='ltr'><strong>omnibus</strong></span> <span class='ocrx_word' id='word_1_631' title='bbox 3381 3724 3587 3794; x_wconf 65' lang='lat' dir='ltr'><strong>praebe-</strong></span> 
     </span>
    </p>
   </div>
   <div class='ocr_carea' id='block_1_84' title="bbox 2012 3813 2526 3884">
    <p class='ocr_par' dir='ltr' id='par_1_84' title="bbox 2012 3813 2526 3884">
     <span class='ocr_line' id='line_1_84' title="bbox 2012 3813 2526 3884; baseline 0.006 -17"><span class='ocrx_word' id='word_1_632' title='bbox 2012 3813 2105 3867; x_wconf 87' lang='lat' dir='ltr'><strong>bat</strong></span> <span class='ocrx_word' id='word_1_633' title='bbox 2135 3813 2526 3884; x_wconf 85' lang='lat' dir='ltr'><strong>spectaculum.</strong></span> 
     </span>
    </p>
   </div>
   <div class='ocr_carea' id='block_1_85' title="bbox 2080 3902 3578 3977">
    <p class='ocr_par' dir='ltr' id='par_1_85' title="bbox 2080 3902 3578 3977">
     <span class='ocr_line' id='line_1_85' title="bbox 2080 3902 3578 3977; baseline 0.001 -19"><span class='ocrx_word' id='word_1_634' title='bbox 2080 3904 2205 3959; x_wconf 78' lang='lat'><strong>351.</strong></span> <span class='ocrx_word' id='word_1_635' title='bbox 2235 3904 2556 3961; x_wconf 89' lang='lat' dir='ltr'><strong>Consolatur</strong></span> <span class='ocrx_word' id='word_1_636' title='bbox 2583 3921 2755 3977; x_wconf 81' lang='lat' dir='ltr'><strong>:egros</strong></span> <span class='ocrx_word' id='word_1_637' title='bbox 2778 3906 2942 3962; x_wconf 90' lang='lat' dir='ltr'><strong>animi</strong></span> <span class='ocrx_word' id='word_1_638' title='bbox 2964 3905 3223 3962; x_wconf 82' lang='lat' dir='ltr'><strong>Nicolaus</strong></span> <span class='ocrx_word' id='word_1_639' title='bbox 3247 3902 3578 3971; x_wconf 89' lang='lat' dir='ltr'><strong>monachus;</strong></span> 
     </span>
    </p>
   </div>
   <div class='ocr_carea' id='block_1_86' title="bbox 2015 3995 3590 4065">
    <p class='ocr_par' dir='ltr' id='par_1_86' title="bbox 2015 3995 3590 4065">
     <span class='ocr_line' id='line_1_86' title="bbox 2015 3995 3590 4065; baseline 0 -17"><span class='ocrx_word' id='word_1_640' title='bbox 2015 3995 2139 4049; x_wconf 90' lang='lat' dir='ltr'><strong>inde</strong></span> <span class='ocrx_word' id='word_1_641' title='bbox 2166 4002 2383 4065; x_wconf 84' lang='lat' dir='ltr'><strong>postera</strong></span> <span class='ocrx_word' id='word_1_642' title='bbox 2414 3995 2502 4048; x_wconf 90' lang='lat' dir='ltr'><strong>die</strong></span> <span class='ocrx_word' id='word_1_643' title='bbox 2529 4010 2738 4048; x_wconf 87' lang='lat' dir='ltr'><strong>summa</strong></span> <span class='ocrx_word' id='word_1_644' title='bbox 2767 3995 2911 4061; x_wconf 87' lang='lat' dir='ltr'><strong>luce,</strong></span> <span class='ocrx_word' id='word_1_645' title='bbox 2955 3996 3210 4051; x_wconf 90' lang='lat' dir='ltr'><strong>omnibus</strong></span> <span class='ocrx_word' id='word_1_646' title='bbox 3257 3995 3416 4050; x_wconf 91' lang='lat' dir='ltr'><strong>rebus</strong></span> <span class='ocrx_word' id='word_1_647' title='bbox 3442 4009 3590 4049; x_wconf 86' lang='lat' dir='ltr'><strong>com-</strong></span> 
     </span>
    </p>
   </div>
   <div class='ocr_carea' id='block_1_87' title="bbox 2014 4085 3593 4157">
    <p class='ocr_par' dir='ltr' id='par_1_87' title="bbox 2014 4085 3593 4157">
     <span class='ocr_line' id='line_1_87' title="bbox 2014 4085 3593 4157; baseline -0.002 -14"><span class='ocrx_word' id='word_1_648' title='bbox 2014 4088 2225 4156; x_wconf 83' lang='lat' dir='ltr'><strong>positis,</strong></span> <span class='ocrx_word' id='word_1_649' title='bbox 2254 4090 2322 4143; x_wconf 88' lang='lat' dir='ltr'><strong>ad</strong></span> <span class='ocrx_word' id='word_1_650' title='bbox 2368 4087 2424 4141; x_wconf 89' lang='lat' dir='ltr'><strong>S.</strong></span> <span class='ocrx_word' id='word_1_651' title='bbox 2472 4086 2639 4142; x_wconf 84' lang='lat' dir='ltr'><strong>Salvii</strong></span> <span class='ocrx_word' id='word_1_652' title='bbox 2687 4089 3115 4155; x_wconf 90' lang='lat' dir='ltr'><strong>monasterium,</strong></span> <span class='ocrx_word' id='word_1_653' title='bbox 3161 4090 3303 4157; x_wconf 88' lang='lat' dir='ltr'><strong>quod</strong></span> <span class='ocrx_word' id='word_1_654' title='bbox 3346 4088 3413 4141; x_wconf 91' lang='lat' dir='ltr'><strong>ab</strong></span> <span class='ocrx_word' id='word_1_655' title='bbox 3457 4085 3593 4141; x_wconf 85' lang='lat' dir='ltr'><strong>urbe</strong></span> 
     </span>
    </p>
   </div>
   <div class='ocr_carea' id='block_1_88' title="bbox 2014 4176 3588 4249">
    <p class='ocr_par' dir='ltr' id='par_1_88' title="bbox 2014 4176 3588 4249">
     <span class='ocr_line' id='line_1_88' title="bbox 2014 4176 3588 4249; baseline -0.002 -15"><span class='ocrx_word' id='word_1_656' title='bbox 2014 4176 2320 4234; x_wconf 86' lang='lat' dir='ltr'><strong>Florentiua</strong></span> <span class='ocrx_word' id='word_1_657' title='bbox 2347 4193 2443 4247; x_wconf 82' lang='lat' dir='ltr'><strong>per</strong></span> <span class='ocrx_word' id='word_1_658' title='bbox 2464 4178 2608 4233; x_wconf 89' lang='lat' dir='ltr'><strong>mille</strong></span> <span class='ocrx_word' id='word_1_659' title='bbox 2619 4193 2810 4249; x_wconf 89' lang='lat' dir='ltr'><strong>passus</strong></span> <span class='ocrx_word' id='word_1_660' title='bbox 2836 4178 3352 4245; x_wconf 85' lang='lat' dir='ltr'><strong>abest,contendcre</strong></span> <span class='ocrx_word' id='word_1_661' title='bbox 3377 4178 3588 4244; x_wconf 89' lang='lat' dir='ltr'><strong>statuit,</strong></span> 
     </span>
    </p>
   </div>
   <div class='ocr_carea' id='block_1_89' title="bbox 2014 4249 3584 4340">
    <p class='ocr_par' dir='ltr' id='par_1_89' title="bbox 2014 4249 3584 4340">
     <span class='ocr_line' id='line_1_89' title="bbox 2014 4249 3584 4340; baseline 0 -18"><span class='ocrx_word' id='word_1_662' title='bbox 2014 4270 2139 4340; x_wconf 88' lang='lat' dir='ltr'><strong>quia</strong></span> <span class='ocrx_word' id='word_1_663' title='bbox 2170 4269 2309 4324; x_wconf 90' lang='lat' dir='ltr'><strong>istud</strong></span> <span class='ocrx_word' id='word_1_664' title='bbox 2336 4264 2392 4323; x_wconf 90' lang='lat' dir='ltr'><strong>S.</strong></span> <span class='ocrx_word' id='word_1_665' title='bbox 2424 4249 2605 4323; x_wconf 68' lang='lat' dir='ltr'><strong>Maria:</strong></span> <span class='ocrx_word' id='word_1_666' title='bbox 2636 4268 3020 4325; x_wconf 90' lang='lat' dir='ltr'><strong>monasterium</strong></span> <span class='ocrx_word' id='word_1_667' title='bbox 3046 4283 3111 4323; x_wconf 90' lang='lat' dir='ltr'><strong>ea</strong></span> <span class='ocrx_word' id='word_1_668' title='bbox 3161 4275 3485 4338; x_wconf 82' lang='lat' dir='ltr'><strong>tempestate</strong></span> <span class='ocrx_word' id='word_1_669' title='bbox 3514 4268 3584 4323; x_wconf 90' lang='lat' dir='ltr'><strong>ob</strong></span> 
     </span>
    </p>
   </div>
   <div class='ocr_carea' id='block_1_90' title="bbox 335 4358 3590 4445">
    <p class='ocr_par' dir='ltr' id='par_1_90' title="bbox 335 4358 3590 4445">
     <span class='ocr_line' id='line_1_90' title="bbox 335 4358 3590 4445; baseline 0 -31"><span class='ocrx_word' id='word_1_670' title='bbox 335 4358 545 4413; x_wconf 74' lang='lat' dir='ltr'><strong>dederit</strong></span> <span class='ocrx_word' id='word_1_671' title='bbox 573 4367 777 4421; x_wconf 83' lang='lat' dir='ltr'><strong>vocem.</strong></span> <span class='ocrx_word' id='word_1_672' title='bbox 803 4371 859 4416; x_wconf 80' lang='lat' dir='ltr'><strong>et</strong></span> <span class='ocrx_word' id='word_1_673' title='bbox 891 4363 1087 4420; x_wconf 76' lang='lat' dir='ltr'><strong>exinde</strong></span> <span class='ocrx_word' id='word_1_674' title='bbox 1128 4380 1353 4436; x_wconf 78' lang='lat' dir='ltr'><strong>prorsus</strong></span> <span class='ocrx_word' id='word_1_675' title='bbox 1383 4370 1435 4422; x_wconf 79' lang='lat' dir='ltr'><strong>in</strong></span> <span class='ocrx_word' id='word_1_676' title='bbox 1470 4367 1610 4427; x_wconf 74' lang='lat' dir='ltr'><strong>facie</strong></span> <span class='ocrx_word' id='word_1_677' title='bbox 1656 4372 1911 4445; x_wconf 57' lang='lat' dir='ltr'><strong>vultuque</strong></span> <span class='ocrx_word' id='word_1_678' title='bbox 1943 4363 1990 4423; x_wconf 89' lang='lat' dir='ltr'>D</span> <span class='ocrx_word' id='word_1_679' title='bbox 2016 4358 2170 4415; x_wconf 91' lang='lat' dir='ltr'><strong>nives</strong></span> <span class='ocrx_word' id='word_1_680' title='bbox 2198 4358 2337 4412; x_wconf 85' lang='lat' dir='ltr'><strong>altas</strong></span> <span class='ocrx_word' id='word_1_681' title='bbox 2364 4368 2418 4412; x_wconf 93' lang='lat' dir='ltr'><strong>et</strong></span> <span class='ocrx_word' id='word_1_682' title='bbox 2469 4367 2752 4414; x_wconf 88' lang='lat' dir='ltr'><strong>concretas</strong></span> <span class='ocrx_word' id='word_1_683' title='bbox 2799 4376 2903 4414; x_wconf 89' lang='lat' dir='ltr'><strong>non</strong></span> <span class='ocrx_word' id='word_1_684' title='bbox 2948 4360 3066 4414; x_wconf 90' lang='lat' dir='ltr'><strong>sine</strong></span> <span class='ocrx_word' id='word_1_685' title='bbox 3113 4360 3351 4414; x_wconf 79' lang='lat' dir='ltr'><strong>maximo</strong></span> <span class='ocrx_word' id='word_1_686' title='bbox 3384 4359 3590 4415; x_wconf 87' lang='lat' dir='ltr'><strong>sororis</strong></span> 
     </span>
    </p>
   </div>
   <div class='ocr_carea' id='block_1_91' title="bbox 335 4451 1911 4533">
    <p class='ocr_par' dir='ltr' id='par_1_91' title="bbox 335 4451 1911 4533">
     <span class='ocr_line' id='line_1_91' title="bbox 335 4451 1911 4533; baseline 0.012 -32"><span class='ocrx_word' id='word_1_687' title='bbox 335 4451 531 4519; x_wconf 73' lang='lat' dir='ltr'><strong>puellae</strong></span> <span class='ocrx_word' id='word_1_688' title='bbox 561 4452 773 4522; x_wconf 84' lang='lat' dir='ltr'><strong>pallor,</strong></span> <span class='ocrx_word' id='word_1_689' title='bbox 824 4454 974 4533; x_wconf 83' lang='lat' dir='ltr'><strong>calor</strong></span> <span class='ocrx_word' id='word_1_690' title='bbox 1013 4467 1193 4513; x_wconf 90' lang='lat' dir='ltr'><strong>autem</strong></span> <span class='ocrx_word' id='word_1_691' title='bbox 1250 4460 1428 4516; x_wconf 89' lang='lat' dir='ltr'><strong>vitalis</strong></span> <span class='ocrx_word' id='word_1_692' title='bbox 1480 4462 1692 4517; x_wconf 85' lang='lat' dir='ltr'><strong>abesset</strong></span> <span class='ocrx_word' id='word_1_693' title='bbox 1713 4465 1911 4519; x_wconf 89' lang='lat' dir='ltr'><strong>omnis.</strong></span> 
     </span>
    </p>
   </div>
   <div class='ocr_carea' id='block_1_92' title="bbox 334 4534 1912 4623">
    <p class='ocr_par' dir='ltr' id='par_1_92' title="bbox 334 4534 1912 4623">
     <span class='ocr_line' id='line_1_92' title="bbox 334 4534 1912 4623; baseline 0.01 -30"><span class='ocrx_word' id='word_1_694' title='bbox 334 4538 533 4596; x_wconf 82' lang='lat' dir='ltr'><strong>Fertur</strong></span> <span class='ocrx_word' id='word_1_695' title='bbox 564 4544 745 4614; x_wconf 88' lang='lat' dir='ltr'><strong>itaque</strong></span> <span class='ocrx_word' id='word_1_696' title='bbox 773 4534 1016 4601; x_wconf 81' lang='lat' dir='ltr'><strong>sublimis</strong></span> <span class='ocrx_word' id='word_1_697' title='bbox 1046 4548 1189 4603; x_wconf 79' lang='lat' dir='ltr'><strong>inter</strong></span> <span class='ocrx_word' id='word_1_698' title='bbox 1220 4566 1412 4606; x_wconf 87' lang='lat' dir='ltr'><strong>manus</strong></span> <span class='ocrx_word' id='word_1_699' title='bbox 1434 4560 1489 4607; x_wconf 89' lang='lat' dir='ltr'><strong>et</strong></span> <span class='ocrx_word' id='word_1_700' title='bbox 1511 4566 1604 4607; x_wconf 90' lang='lat' dir='ltr'><strong>ora</strong></span> <span class='ocrx_word' id='word_1_701' title='bbox 1628 4565 1912 4623; x_wconf 88' lang='lat' dir='ltr'><strong>parentum</strong></span> 
     </span>
    </p>
   </div>
   <div class='ocr_carea' id='block_1_93' title="bbox 336 4632 1913 4709">
    <p class='ocr_par' dir='ltr' id='par_1_93' title="bbox 336 4632 1913 4709">
     <span class='ocr_line' id='line_1_93' title="bbox 336 4632 1913 4709; baseline 0.009 -24"><span class='ocrx_word' id='word_1_702' title='bbox 336 4633 404 4685; x_wconf 75' lang='lat' dir='ltr'><strong>al</strong></span> <span class='ocrx_word' id='word_1_703' title='bbox 436 4632 759 4689; x_wconf 87' lang='lat' dir='ltr'><strong>Sanctorum</strong></span> <span class='ocrx_word' id='word_1_704' title='bbox 788 4637 1093 4707; x_wconf 88' lang='lat' dir='ltr'><strong>sepulcrum</strong></span> <span class='ocrx_word' id='word_1_705' title='bbox 1116 4654 1308 4709; x_wconf 89' lang='lat' dir='ltr'><strong>usque,</strong></span> <span class='ocrx_word' id='word_1_706' title='bbox 1329 4651 1383 4694; x_wconf 86' lang='lat' dir='ltr'><strong>et</strong></span> <span class='ocrx_word' id='word_1_707' title='bbox 1406 4640 1513 4697; x_wconf 89' lang='lat' dir='ltr'><strong>illic</strong></span> <span class='ocrx_word' id='word_1_708' title='bbox 1538 4642 1735 4698; x_wconf 89' lang='lat' dir='ltr'><strong>leniter</strong></span> <span class='ocrx_word' id='word_1_709' title='bbox 1764 4645 1913 4700; x_wconf 82' lang='lat' dir='ltr'><strong>lmiui</strong></span> 
     </span>
    </p>
   </div>
   <div class='ocr_carea' id='block_1_94' title="bbox 337 4722 1912 4801">
    <p class='ocr_par' dir='ltr' id='par_1_94' title="bbox 337 4722 1912 4801">
     <span class='ocr_line' id='line_1_94' title="bbox 337 4722 1912 4801; baseline 0.007 -25"><span class='ocrx_word' id='word_1_710' title='bbox 337 4722 588 4787; x_wconf 86' lang='lat' dir='ltr'><strong>elabitur,</strong></span> <span class='ocrx_word' id='word_1_711' title='bbox 620 4726 899 4780; x_wconf 85' lang='lat' dir='ltr'><strong>sternitur.</strong></span> <span class='ocrx_word' id='word_1_712' title='bbox 930 4727 1093 4782; x_wconf 87' lang='lat' dir='ltr'><strong>Fiunt</strong></span> <span class='ocrx_word' id='word_1_713' title='bbox 1120 4744 1267 4783; x_wconf 80' lang='lat' dir='ltr'><strong>more</strong></span> <span class='ocrx_word' id='word_1_714' title='bbox 1295 4729 1455 4785; x_wconf 83' lang='lat' dir='ltr'><strong>solito</strong></span> <span class='ocrx_word' id='word_1_715' title='bbox 1491 4731 1912 4801; x_wconf 88' lang='lat' dir='ltr'><strong>conjurationes,</strong></span> 
     </span>
    </p>
   </div>
   <div class='ocr_carea' id='block_1_95' title="bbox 336 4811 1915 4894">
    <p class='ocr_par' dir='ltr' id='par_1_95' title="bbox 336 4811 1915 4894">
     <span class='ocr_line' id='line_1_95' title="bbox 336 4811 1915 4894; baseline 0.008 -28"><span class='ocrx_word' id='word_1_716' title='bbox 336 4811 701 4887; x_wconf 72' lang='lat' dir='ltr'><strong>interrogatur</strong></span> <span class='ocrx_word' id='word_1_717' title='bbox 749 4817 956 4872; x_wconf 74' lang='lat' dir='ltr'><strong>daemon</strong></span> <span class='ocrx_word' id='word_1_718' title='bbox 985 4858 1000 4885; x_wconf 95' lang='lat'><strong>,</strong></span> <span class='ocrx_word' id='word_1_719' title='bbox 1044 4817 1408 4891; x_wconf 82' lang='lat' dir='ltr'><strong>interrogatur</strong></span> <span class='ocrx_word' id='word_1_720' title='bbox 1446 4829 1502 4877; x_wconf 90' lang='lat' dir='ltr'><strong>et</strong></span> <span class='ocrx_word' id='word_1_721' title='bbox 1560 4824 1722 4894; x_wconf 89' lang='lat' dir='ltr'><strong>ipsa;</strong></span> <span class='ocrx_word' id='word_1_722' title='bbox 1771 4832 1915 4881; x_wconf 89' lang='lat' dir='ltr'><strong>tacet</strong></span> 
     </span>
    </p>
   </div>
   <div class='ocr_carea' id='block_1_96' title="bbox 338 4915 584 4978">
    <p class='ocr_par' dir='ltr' id='par_1_96' title="bbox 338 4915 584 4978">
     <span class='ocr_line' id='line_1_96' title="bbox 338 4915 584 4978; baseline 0 -19"><span class='ocrx_word' id='word_1_723' title='bbox 338 4915 584 4978; x_wconf 79' lang='lat' dir='ltr'><strong>uterque.</strong></span> 
     </span>
    </p>
   </div>
   <div class='ocr_carea' id='block_1_97' title="bbox 407 4997 1918 5077">
    <p class='ocr_par' dir='ltr' id='par_1_97' title="bbox 407 4997 1918 5077">
     <span class='ocr_line' id='line_1_97' title="bbox 407 4997 1918 5077; baseline 0.004 -26"><span class='ocrx_word' id='word_1_724' title='bbox 407 4997 532 5053; x_wconf 61' lang='lat'><strong>559.</strong></span> <span class='ocrx_word' id='word_1_725' title='bbox 561 4999 802 5056; x_wconf 83' lang='lat' dir='ltr'><strong>Tandem</strong></span> <span class='ocrx_word' id='word_1_726' title='bbox 835 5001 1110 5067; x_wconf 83' lang='lat' dir='ltr'><strong>sacerdos,</strong></span> <span class='ocrx_word' id='word_1_727' title='bbox 1138 5003 1507 5057; x_wconf 87' lang='lat' dir='ltr'><strong>stomachatus</strong></span> <span class='ocrx_word' id='word_1_728' title='bbox 1535 5002 1918 5077; x_wconf 88' lang='lat' dir='ltr'><strong>fastiditusque</strong></span> 
     </span>
    </p>
   </div>
   <div class='ocr_carea' id='block_1_98' title="bbox 340 5083 1919 5165">
    <p class='ocr_par' dir='ltr' id='par_1_98' title="bbox 340 5083 1919 5165">
     <span class='ocr_line' id='line_1_98' title="bbox 340 5083 1919 5165; baseline 0.005 -23"><span class='ocrx_word' id='word_1_729' title='bbox 340 5083 595 5142; x_wconf 73' lang='lat' dir='ltr'><strong>diuturno</strong></span> <span class='ocrx_word' id='word_1_730' title='bbox 625 5090 859 5155; x_wconf 88' lang='lat' dir='ltr'><strong>silentio,</strong></span> <span class='ocrx_word' id='word_1_731' title='bbox 896 5091 1051 5161; x_wconf 87' lang='lat' dir='ltr'><strong>jubet</strong></span> <span class='ocrx_word' id='word_1_732' title='bbox 1096 5092 1220 5148; x_wconf 90' lang='lat' dir='ltr'><strong>inde</strong></span> <span class='ocrx_word' id='word_1_733' title='bbox 1270 5093 1508 5148; x_wconf 86' lang='lat' dir='ltr'><strong>amoveri</strong></span> <span class='ocrx_word' id='word_1_734' title='bbox 1556 5096 1786 5165; x_wconf 89' lang='lat' dir='ltr'><strong>puellam</strong></span> <span class='ocrx_word' id='word_1_735' title='bbox 1813 5139 1827 5162; x_wconf 90' lang='lat'><strong>,</strong></span> <span class='ocrx_word' id='word_1_736' title='bbox 1863 5109 1919 5151; x_wconf 89' lang='lat' dir='ltr'><strong>et</strong></span> 
     </span>
    </p>
   </div>
   <div class='ocr_carea' id='block_1_99' title="bbox 340 5176 1914 5253">
    <p class='ocr_par' dir='ltr' id='par_1_99' title="bbox 340 5176 1914 5253">
     <span class='ocr_line' id='line_1_99' title="bbox 340 5176 1914 5253; baseline 0.008 -23"><span class='ocrx_word' id='word_1_737' title='bbox 340 5176 646 5248; x_wconf 71' lang='lat' dir='ltr'><strong>indignatus</strong></span> <span class='ocrx_word' id='word_1_738' title='bbox 688 5182 743 5234; x_wconf 91' lang='lat' dir='ltr'><strong>in</strong></span> <span class='ocrx_word' id='word_1_739' title='bbox 786 5183 1056 5240; x_wconf 89' lang='lat' dir='ltr'><strong>diabolum</strong></span> <span class='ocrx_word' id='word_1_740' title='bbox 1106 5184 1219 5240; x_wconf 78' lang='lat' dir='ltr'><strong>inec</strong></span> <span class='ocrx_word' id='word_1_741' title='bbox 1248 5184 1510 5253; x_wconf 87' lang='lat' dir='ltr'><strong>protulit:</strong></span> <span class='ocrx_word' id='word_1_742' title='bbox 1543 5189 1690 5245; x_wconf 82' lang='lat' dir='ltr'><strong>Velis</strong></span> <span class='ocrx_word' id='word_1_743' title='bbox 1734 5188 1914 5253; x_wconf 90' lang='lat' dir='ltr'><strong>nolis,</strong></span> 
     </span>
    </p>
   </div>
   <div class='ocr_carea' id='block_1_100' title="bbox 340 5266 1914 5347">
    <p class='ocr_par' dir='ltr' id='par_1_100' title="bbox 340 5266 1914 5347">
     <span class='ocr_line' id='line_1_100' title="bbox 340 5266 1914 5347; baseline 0.007 -28"><span class='ocrx_word' id='word_1_744' title='bbox 340 5274 434 5320; x_wconf 82' lang='lat' dir='ltr'><strong>aut</strong></span> <span class='ocrx_word' id='word_1_745' title='bbox 460 5266 553 5321; x_wconf 88' lang='lat' dir='ltr'><strong>tibi</strong></span> <span class='ocrx_word' id='word_1_746' title='bbox 585 5267 839 5324; x_wconf 86' lang='lat' dir='ltr'><strong>aliorsum</strong></span> <span class='ocrx_word' id='word_1_747' title='bbox 879 5271 1285 5328; x_wconf 89' lang='lat' dir='ltr'><strong>concedendum</strong></span> <span class='ocrx_word' id='word_1_748' title='bbox 1315 5281 1420 5337; x_wconf 88' lang='lat' dir='ltr'><strong>est,</strong></span> <span class='ocrx_word' id='word_1_749' title='bbox 1445 5283 1536 5328; x_wconf 89' lang='lat' dir='ltr'><strong>aut</strong></span> <span class='ocrx_word' id='word_1_750' title='bbox 1565 5275 1914 5347; x_wconf 90' lang='lat' dir='ltr'><strong>loquendum.</strong></span> 
     </span>
    </p>
   </div>
   <div class='ocr_carea' id='block_1_101' title="bbox 2014 4453 3592 4526">
    <p class='ocr_par' dir='ltr' id='par_1_101' title="bbox 2014 4453 3592 4526">
     <span class='ocr_line' id='line_1_101' title="bbox 2014 4453 3592 4526; baseline 0.001 -17"><span class='ocrx_word' id='word_1_751' title='bbox 2014 4455 2330 4510; x_wconf 81' lang='lat' dir='ltr'><strong>discrimine</strong></span> <span class='ocrx_word' id='word_1_752' title='bbox 2360 4454 2510 4509; x_wconf 86' lang='lat' dir='ltr'><strong>adire</strong></span> <span class='ocrx_word' id='word_1_753' title='bbox 2554 4463 2785 4524; x_wconf 83' lang='lat' dir='ltr'><strong>poterat.</strong></span> <span class='ocrx_word' id='word_1_754' title='bbox 2816 4454 2915 4511; x_wconf 88' lang='lat' dir='ltr'><strong>Ubi</strong></span> <span class='ocrx_word' id='word_1_755' title='bbox 2964 4455 3146 4526; x_wconf 86' lang='lat' dir='ltr'><strong>itaque</strong></span> <span class='ocrx_word' id='word_1_756' title='bbox 3196 4457 3263 4511; x_wconf 85' lang='lat' dir='ltr'><strong>ad</strong></span> <span class='ocrx_word' id='word_1_757' title='bbox 3309 4454 3368 4510; x_wconf 87' lang='lat' dir='ltr'><strong>S.</strong></span> <span class='ocrx_word' id='word_1_758' title='bbox 3420 4453 3592 4510; x_wconf 85' lang='lat' dir='ltr'><strong>Salvii</strong></span> 
     </span>
    </p>
   </div>
   <div class='ocr_carea' id='block_1_102' title="bbox 2016 4543 3589 4617">
    <p class='ocr_par' dir='ltr' id='par_1_102' title="bbox 2016 4543 3589 4617">
     <span class='ocr_line' id='line_1_102' title="bbox 2016 4543 3589 4617; baseline 0.001 -17"><span class='ocrx_word' id='word_1_759' title='bbox 2016 4546 2423 4613; x_wconf 84' lang='lat' dir='ltr'><strong>monasterium,</strong></span> <span class='ocrx_word' id='word_1_760' title='bbox 2450 4544 2537 4599; x_wconf 91' lang='lat' dir='ltr'><strong>ubi</strong></span> <span class='ocrx_word' id='word_1_761' title='bbox 2567 4546 2624 4601; x_wconf 89' lang='lat' dir='ltr'><strong>S.</strong></span> <span class='ocrx_word' id='word_1_762' title='bbox 2653 4543 2874 4601; x_wconf 85' lang='lat' dir='ltr'><strong>Joannis</strong></span> <span class='ocrx_word' id='word_1_763' title='bbox 2903 4546 3211 4602; x_wconf 87' lang='lat' dir='ltr'><strong>venerabile</strong></span> <span class='ocrx_word' id='word_1_764' title='bbox 3251 4555 3411 4617; x_wconf 88' lang='lat' dir='ltr'><strong>caput</strong></span> <span class='ocrx_word' id='word_1_765' title='bbox 3438 4546 3589 4617; x_wconf 70' lang='grc'>(222)</span> 
     </span>
    </p>
   </div>
   <div class='ocr_carea' id='block_1_103' title="bbox 2015 4634 3593 4707">
    <p class='ocr_par' dir='ltr' id='par_1_103' title="bbox 2015 4634 3593 4707">
     <span class='ocr_line' id='line_1_103' title="bbox 2015 4634 3593 4707; baseline 0 -16"><span class='ocrx_word' id='word_1_766' title='bbox 2015 4634 2599 4707; x_wconf 78' lang='lat' dir='ltr'><strong>digue&#39;honoriliceque</strong></span> <span class='ocrx_word' id='word_1_767' title='bbox 2632 4635 2953 4704; x_wconf 90' lang='lat' dir='ltr'><strong>habebatur,</strong></span> <span class='ocrx_word' id='word_1_768' title='bbox 2980 4651 3297 4707; x_wconf 88' lang='lat' dir='ltr'><strong>pervenere,</strong></span> <span class='ocrx_word' id='word_1_769' title='bbox 3329 4638 3388 4690; x_wconf 85' lang='lat' dir='ltr'><strong>lit</strong></span> <span class='ocrx_word' id='word_1_770' title='bbox 3415 4637 3593 4691; x_wconf 90' lang='lat' dir='ltr'><strong>subito</strong></span> 
     </span>
    </p>
   </div>
   <div class='ocr_carea' id='block_1_104' title="bbox 2015 4726 3597 4798">
    <p class='ocr_par' dir='ltr' id='par_1_104' title="bbox 2015 4726 3597 4798">
     <span class='ocr_line' id='line_1_104' title="bbox 2015 4726 3597 4798; baseline 0 -15"><span class='ocrx_word' id='word_1_771' title='bbox 2015 4728 2118 4785; x_wconf 88' lang='lat' dir='ltr'><strong>hac</strong></span> <span class='ocrx_word' id='word_1_772' title='bbox 2166 4743 2223 4783; x_wconf 91' lang='lat' dir='ltr'><strong>re</strong></span> <span class='ocrx_word' id='word_1_773' title='bbox 2269 4743 2404 4781; x_wconf 89' lang='lat' dir='ltr'><strong>nova</strong></span> <span class='ocrx_word' id='word_1_774' title='bbox 2460 4726 2583 4782; x_wconf 90' lang='lat' dir='ltr'><strong>illuc</strong></span> <span class='ocrx_word' id='word_1_775' title='bbox 2632 4729 2912 4798; x_wconf 89' lang='lat' dir='ltr'><strong>utriusque</strong></span> <span class='ocrx_word' id='word_1_776' title='bbox 2958 4743 3123 4785; x_wconf 75' lang='lat' dir='ltr'><strong>sexus</strong></span> <span class='ocrx_word' id='word_1_777' title='bbox 3165 4738 3221 4785; x_wconf 89' lang='lat' dir='ltr'><strong>et</strong></span> <span class='ocrx_word' id='word_1_778' title='bbox 3269 4727 3597 4783; x_wconf 88' lang='lat' dir='ltr'><strong>conditionis</strong></span> 
     </span>
    </p>
   </div>
   <div class='ocr_carea' id='block_1_105' title="bbox 2016 4816 3598 4889">
    <p class='ocr_par' dir='ltr' id='par_1_105' title="bbox 2016 4816 3598 4889">
     <span class='ocr_line' id='line_1_105' title="bbox 2016 4816 3598 4889; baseline -0.001 -18"><span class='ocrx_word' id='word_1_779' title='bbox 2016 4816 2294 4872; x_wconf 88' lang='lat' dir='ltr'><strong>hominum</strong></span> <span class='ocrx_word' id='word_1_780' title='bbox 2321 4831 2613 4872; x_wconf 88' lang='lat' dir='ltr'><strong>concursus</strong></span> <span class='ocrx_word' id='word_1_781' title='bbox 2639 4834 2746 4874; x_wconf 90' lang='lat' dir='ltr'><strong>non</strong></span> <span class='ocrx_word' id='word_1_782' title='bbox 2774 4832 2993 4887; x_wconf 87' lang='lat' dir='ltr'><strong>parvus.</strong></span> <span class='ocrx_word' id='word_1_783' title='bbox 3044 4816 3155 4873; x_wconf 88' lang='lat' dir='ltr'><strong>lloc</strong></span> <span class='ocrx_word' id='word_1_784' title='bbox 3203 4816 3439 4889; x_wconf 78' lang='lat' dir='ltr'><strong>gaudere</strong></span> <span class='ocrx_word' id='word_1_785' title='bbox 3480 4816 3598 4870; x_wconf 87' lang='lat' dir='ltr'><strong>dia-</strong></span> 
     </span>
    </p>
   </div>
   <div class='ocr_carea' id='block_1_106' title="bbox 2017 4904 3599 4976">
    <p class='ocr_par' dir='ltr' id='par_1_106' title="bbox 2017 4904 3599 4976">
     <span class='ocr_line' id='line_1_106' title="bbox 2017 4904 3599 4976; baseline -0.003 -13"><span class='ocrx_word' id='word_1_786' title='bbox 2017 4908 2190 4974; x_wconf 89' lang='lat' dir='ltr'><strong>bolus,</strong></span> <span class='ocrx_word' id='word_1_787' title='bbox 2220 4908 2324 4961; x_wconf 85' lang='lat' dir='ltr'><strong>hac</strong></span> <span class='ocrx_word' id='word_1_788' title='bbox 2350 4906 2414 4960; x_wconf 89' lang='lat' dir='ltr'><strong>de</strong></span> <span class='ocrx_word' id='word_1_789' title='bbox 2445 4921 2501 4959; x_wconf 90' lang='lat' dir='ltr'><strong>re</strong></span> <span class='ocrx_word' id='word_1_790' title='bbox 2526 4922 2871 4976; x_wconf 87' lang='lat' dir='ltr'><strong>summopere</strong></span> <span class='ocrx_word' id='word_1_791' title='bbox 2903 4908 3071 4963; x_wconf 69' lang='lat' dir='ltr'><strong>ltetari</strong></span> <span class='ocrx_word' id='word_1_792' title='bbox 3105 4926 3119 4975; x_wconf 94' lang='lat'><strong>;</strong></span> <span class='ocrx_word' id='word_1_793' title='bbox 3148 4906 3404 4976; x_wconf 87' lang='lat' dir='ltr'><strong>sperabat</strong></span> <span class='ocrx_word' id='word_1_794' title='bbox 3422 4904 3599 4974; x_wconf 85' lang='lat' dir='ltr'><strong>enim,</strong></span> 
     </span>
    </p>
   </div>
   <div class='ocr_carea' id='block_1_107' title="bbox 2020 4992 3610 5053">
    <p class='ocr_par' dir='ltr' id='par_1_107' title="bbox 2020 4992 3610 5053">
     <span class='ocr_line' id='line_1_107' title="bbox 2020 4992 3610 5053; baseline -0.003 -1"><span class='ocrx_word' id='word_1_795' title='bbox 2020 4996 2364 5053; x_wconf 81' lang='lat' dir='ltr'><strong>multitudine</strong></span> <span class='ocrx_word' id='word_1_796' title='bbox 2415 4995 2690 5053; x_wconf 86' lang='lat' dir='ltr'><strong>hominum</strong></span> <span class='ocrx_word' id='word_1_797' title='bbox 2751 4997 3107 5053; x_wconf 87' lang='lat' dir='ltr'><strong>admiratione</strong></span> <span class='ocrx_word' id='word_1_798' title='bbox 3171 4996 3252 5052; x_wconf 79' lang='lat' dir='ltr'><strong>sui</strong></span> <span class='ocrx_word' id='word_1_799' title='bbox 3320 4992 3373 5045; x_wconf 88' lang='lat' dir='ltr'><strong>in</strong></span> <span class='ocrx_word' id='word_1_800' title='bbox 3433 5007 3610 5052; x_wconf 84' lang='lat' dir='ltr'><strong>unum</strong></span> 
     </span>
    </p>
   </div>
   <div class='ocr_carea' id='block_1_108' title="bbox 2018 5080 3609 5158">
    <p class='ocr_par' dir='ltr' id='par_1_108' title="bbox 2018 5080 3609 5158">
     <span class='ocr_line' id='line_1_108' title="bbox 2018 5080 3609 5158; baseline -0.003 -15"><span class='ocrx_word' id='word_1_801' title='bbox 2018 5088 2276 5151; x_wconf 87' lang='lat' dir='ltr'><strong>collecta,</strong></span> <span class='ocrx_word' id='word_1_802' title='bbox 2307 5084 2462 5140; x_wconf 80' lang='lat' dir='ltr'><strong>facile</strong></span> <span class='ocrx_word' id='word_1_803' title='bbox 2494 5086 2695 5158; x_wconf 87' lang='lat' dir='ltr'><strong>aliquid</strong></span> <span class='ocrx_word' id='word_1_804' title='bbox 2727 5086 3008 5149; x_wconf 65' lang='lat' dir='ltr'><strong>discordia!</strong></span> <span class='ocrx_word' id='word_1_805' title='bbox 3036 5086 3228 5140; x_wconf 88' lang='lat' dir='ltr'><strong>malive</strong></span> <span class='ocrx_word' id='word_1_806' title='bbox 3274 5080 3609 5141; x_wconf 88' lang='lat' dir='ltr'><strong>machinari.</strong></span> 
     </span>
    </p>
   </div>
   <div class='ocr_carea' id='block_1_109' title="bbox 2020 5170 3614 5250">
    <p class='ocr_par' dir='ltr' id='par_1_109' title="bbox 2020 5170 3614 5250">
     <span class='ocr_line' id='line_1_109' title="bbox 2020 5170 3614 5250; baseline -0.006 -16"><span class='ocrx_word' id='word_1_807' title='bbox 2020 5178 2285 5249; x_wconf 82' lang='lat' dir='ltr'><strong>Equidem</strong></span> <span class='ocrx_word' id='word_1_808' title='bbox 2340 5176 2383 5231; x_wconf 89' lang='lat' dir='ltr'><strong>si</strong></span> <span class='ocrx_word' id='word_1_809' title='bbox 2429 5191 2490 5231; x_wconf 87' lang='lat' dir='ltr'><strong>ea</strong></span> <span class='ocrx_word' id='word_1_810' title='bbox 2558 5195 2678 5250; x_wconf 62' lang='lat' dir='ltr'><strong>quae</strong></span> <span class='ocrx_word' id='word_1_811' title='bbox 2726 5177 2856 5233; x_wconf 90' lang='lat' dir='ltr'><strong>mihi</strong></span> <span class='ocrx_word' id='word_1_812' title='bbox 2890 5177 3176 5247; x_wconf 89' lang='lat' dir='ltr'><strong>perspicua</strong></span> <span class='ocrx_word' id='word_1_813' title='bbox 3219 5183 3275 5229; x_wconf 92' lang='lat' dir='ltr'><strong>et</strong></span> <span class='ocrx_word' id='word_1_814' title='bbox 3321 5170 3614 5240; x_wconf 69' lang='lat' dir='ltr'><strong>explorata</strong></span> 
     </span>
    </p>
   </div>
   <div class='ocr_carea' id='block_1_110' title="bbox 2020 5260 3619 5345">
    <p class='ocr_par' dir='ltr' id='par_1_110' title="bbox 2020 5260 3619 5345">
     <span class='ocr_line' id='line_1_110' title="bbox 2020 5260 3619 5345; baseline -0.004 -18"><span class='ocrx_word' id='word_1_815' title='bbox 2020 5281 2181 5338; x_wconf 86' lang='lat' dir='ltr'><strong>sunt,</strong></span> <span class='ocrx_word' id='word_1_816' title='bbox 2226 5269 2593 5325; x_wconf 85' lang='lat' dir='ltr'><strong>recensucrim</strong></span> <span class='ocrx_word' id='word_1_817' title='bbox 2615 5314 2630 5339; x_wconf 90' lang='lat'><strong>,</strong></span> <span class='ocrx_word' id='word_1_818' title='bbox 2670 5286 2793 5345; x_wconf 75' lang='lat' dir='ltr'><strong>qua:</strong></span> <span class='ocrx_word' id='word_1_819' title='bbox 2822 5266 3071 5322; x_wconf 89' lang='lat' dir='ltr'><strong>diabolus</strong></span> <span class='ocrx_word' id='word_1_820' title='bbox 3104 5260 3301 5322; x_wconf 75' lang='lat' dir='ltr'><strong>dix&#39;erit</strong></span> <span class='ocrx_word' id='word_1_821' title='bbox 3327 5262 3619 5334; x_wconf 73' lang='lat' dir='ltr'><strong>egeritque</strong></span> 
     </span>
    </p>
   </div>
  </div>
