4076 5310
508 304 608 361 951

1548 304 1608 360 S.
1649 302 1931 359 JOANNIS
1966 302 2363 369 GUALBERTI
2399 302 2694 358 ABB‘ATIS'

3646 294 3764 361 9&2

513 417 626 473 suis
660 416 716 472 in
748 398 981 487 patriam
1019 397 1372 470 contendere.
1409 411 1656 468 Nondum
1696 413 1764 467 ab
1803 412 1939 467 urbe
1981 428 2080 482 per
2107 418 2152 475 Α
2182 414 2408 477 diceret,
2452 411 2777 466 Sanctorum
2824 405 3083 480 Reliquiae
3117 406 3272 477 jussu
3313 406 3454 463 illius
3482 405 3764 475 prtepositi

513 508 776 562 ducentos
796 507 1021 561 aberant
1051 518 1272 575 passus,
1313 518 1436 559 cum
1466 502 1648 558 subito
1674 503 1813 557 idem
1837 503 2043 557 dmmon
2066 543 2081 569 ,

511 597 631 653 "suis
655 596 881 651 minime
918 595 973 650 id
997 594 1372 664 sperantibus,
1411 595 1650 648 atrocius
1687 593 1847 647 solito
1885 593 2082 648 irrum-

516 687 619 754 pit,
640 686 899 756 humique
921 700 1041 741 eam
1064 700 1187 740 cum
1209 684 1313 740 hac
1341 685 1759 754 exprobratione
1784 682 2085 752 dejiciendo

516 777 750 832 stravit:
778 777 940 844 Quid,
980 777 1236 847 pessima,
1264 791 1350 831 me
1392 786 1582 847 teque,
1631 776 1746 832 loca
1783 785 1970 832 sancta
1993 789 2086 846 pe~

517 864 702 932 tendo,
729 867 816 921 his
836 866 1267 922 intolerabilibus
1301 868 1526 922 tortoris
1569 855 1709 921 allici
1746 865 1868 921 vis?
1896 865 2086 934 Iniqua

516 955 713 1012 audeat
761 955 959 1012 deinde
1020 955 1147 1011 talia
1209 955 1348 1012 alius
1411 956 1497 1011 vel
1551 957 1698 1023 alia,
1757 958 1861 1011 nisi
1914 957 1980 1012 de
2035 965 2088 1012 te

518 1052 923 1101 monumentum
950 1044 1270 1099 mortalibus
1289 1046 1538 1100 omnibus
1564 1046 1929 1102 dedero.Eam
1962 1060 2089 1100 mox

520 1135 650 1191 hinc
678 1135 807 1192 inde
827 1137 1093 1191 movendo
1126 1145 1354 1206 quatere
1378 1178 1399 1205 ,
1436 1153 1501 1193 ac
1536 1140 1763 1194 nimium
1797 1138 2090 1197 crudeliter

519 1228 822 1296 torquendo
857 1228 1186 1298 discerpere.

591 1315 717 1372 565.
756 1317 1120 1387 Comploratio
1156 1317 1412 1373 comitum
1454 1320 1607 1375 illico
1652 1319 1926 1386 exoritur;
1963 1336 2091 1376 con—

465 1414 477 1425 ‘
519 1408 747 1463 veniunt
794 1409 924 1465 illuc
968 1409 1290 1480 complures,
1329 1420 1440 1465 tum
1471 1411 1735 1466 muliones
1765 1421 1875 1466 tum
1904 1427 2092 1482 agaso-

520 1513 649 1565 nes;
674 1499 896 1569 insuper
921 1509 975 1555 et
1007 1500 1203 1557 diversi
1232 1502 1445 1572 generis
1471 1512 1824 1568 mercatores,
1865 1502 1981 1571 qui,
2014 1501 2092 1554 In-

518 1602 618 1643 cro
661 1588 747 1642 vel
787 1599 1029 1660 egestate
1066 1591 1232 1656 ducti,
1286 1592 1475 1646 urbem
1523 1598 1715 1647 crebro
1762 1607 1885 1647 cum
1932 1592 2105 1645 rebus,

521 1677 804 1733 venalibus
851 1680 1070 1747 adeunt,
1121 1689 1199 1745 et,
1237 1680 1368 1749 quid
1421 1680 1523 1735 hoc
1564 1680 1656 1745 sit,
1697 1680 2089 1735 sciscitantur:

524 1778 709 1823 tacere
754 1768 852 1835 illi,
904 1768 1090 1824 dolore
1138 1769 1474 1839 horroreque
1518 1768 1744 1840 perfusi.
1805 1768 2094 1824 Deficiente

522 1863 708 1932 itaque
745 1861 832 1916 his
865 1861 1115 1928 consilio,
1145 1862 1290 1917 hunc
1316 1861 1569 1917 Nicolaus
1597 1861 1768 1917 frater
1793 1861 1846 1916 in
1877 1861 2095 1928 itinere,

523 1950 988 2031 complorantibus
1034 1950 1173 2015 aliis,
1219 1951 1412 2007 crebra
1456 1951 1595 2009 dans
1640 1951 1873 2021 suspiria
1911 1964 2095 2023 geme-

522 2043 757 2109 bundus,
779 2044 975 2099 stando
1000 2044 1220 2099 insertis
1241 2045 1424 2114 digitis
1443 2043 1639 2099 ccelum
1666 2044 1927 2114 aspicere,
1955 2056 2097 2098 nunc

522 2136 759 2191 errando
802 2136 946 2190 viam
989 2136 1292 2207 pervagari.
1340 2133 1578 2189 Tandem
1610 2133 1686 2189 illi
1719 2134 1886 2189 nutlta
1912 2147 2094 2189 secum

524 2228 806 2299 cogitanti,
854 2226 1092 2298 Virginis
1136 2226 1355 2292 Mari-.13,
1397 2226 1560 2297 quam
1614 2226 1905 2297 plurimum
1957 2242 2099 2280 nunc

526 2319 689 2374 tacita
719 2326 920 2385 mente,
952 2333 1094 2375 nunc
1119 2333 1214 2375 ore
1243 2319 1415 2374 libero
1444 2320 1755 2386 invocabat,
1789 2318 2096 2389 praesidium

525 2426 633 2466 non
691 2409 880 2465 defuit.
930 2410 1132 2466 lterum
1175 2410 1434 2467 Sanctum
1481 2410 1721 2466 Salvium
1776 2409 1880 2483 [ut]
1929 2419 2097 2480 petat,

524 2501 730 2571 pectori
781 2501 895 2558 sibi
924 2501 1187 2557 occurrit.
1232 2501 1310 2557 Eo
1356 2502 1519 2572 igitur
1558 2515 1680 2555 cum
1713 2501 2008 2567 venissent,
2048 2510 2101 2555 et

529 2590 873 2647 admirationi
924 2590 1207 2645 monachis
1261 2590 1523 2645 exstitere
1582 2597 1637 2645 et
1692 2588 2098 2645 misericordiae.

529 2684 665 2739 Nam
694 2683 837 2738 fama
861 2683 997 2739 tanti
1029 2683 1274 2751 miraculi
1303 2699 1407 2739 non
1438 2683 1625 2738 urbem
1652 2690 1887 2747 tantum,
1915 2696 2101 2737 verum

530 2790 721 2846 agrum
750 2775 1138 2846 compleverat,
1167 2774 1401 2845 puellam
1442 2774 1656 2846 [nempe
1698 2772 1841 2847 esse]
1867 2773 2104 2846 Virginis

535 2866 719 2921 Mariae
745 2866 955 2921 meritis
991 2865 1298 2929 liberatam,
1333 2865 1387 2919 in
1427 2880 1532 2935 qua
1562 2873 1721 2919 antea
1752 2864 1961 2919 daemon
1992 2864 2106 2919 cxi-

533 2950 685 3016 stens
712 2968 921 3014 tantum
952 2959 1018 3014 de
1044 2973 1103 3013 se
1131 2957 1354 3013 terroris
1382 2967 1435 3012 et
1464 2957 1835 3014 admirationis
1864 2958 2102 3013 dederat.
2142 2991 2149 3002 ι

531 3049 795 3116 Quocirca
828 3060 1038 3111 omnes,
1090 3046 1218 3114 quid
1270 3047 1373 3107 hoc
1422 3045 1513 3111 sit,
1563 3046 1844 3115 admirari,
1895 3061 2107 3118 semper
2134 3084 2177 3145 Ο

532 3146 715 3191 tamen
751 3134 1022 3205 Virginem
1055 3133 1276 3189 Mariam
1307 3134 1544 3192 laudare.
1588 3135 1761 3191 Tanta
1798 3137 2012 3192 devotio
2042 3138 2107 3192 de

538 3226 760 3297 Virgine
805 3224 972 3279 Maria
1016 3238 1229 3297 semper
1269 3227 1408 3295 apud
1463 3241 1652 3282 omnes
1692 3226 1948 3282 mortales
1996 3241 2109 3281 me-

535 3319 644 3375 rito
685 3324 941 3374 constat:
971 3331 1116 3384 nam,
1162 3325 1223 3371 ut
1266 3316 1401 3372 alias
1438 3317 1584 3373 veris
1629 3318 1934 3373 rationibus
1961 3331 2108 3373 asse-

535 3412 765 3478 ruimus,
806 3411 1065 3483 quidquid
1111 3411 1492 3467 miraculorum
1534 3420 1592 3466 et
1631 3411 1893 3466 virtutum
1921 3410 2024 3465 bac
2054 3411 2107 3465 in

535 3500 646 3556 vita
673 3500 990 3556 mortalibus
1014 3499 1092 3566 fit,
1123 3515 1220 3572 per
1243 3500 1512 3570 Virginem
1539 3499 1785 3565 Mariam,
1812 3498 1929 3555 ﬁeri
1955 3498 2110 3573 [cen-

536 3594 763 3650 sendum
795 3592 922 3667 est],
951 3608 1053 3648 nec
1084 3601 1331 3649 nostrum
1362 3607 1482 3648 esse
1498 3591 1592 3646 Dei
1624 3600 1833 3647 secreta
1863 3590 1948 3645 vel
1977 3606 2110 3645 con-

536 3686 657 3742 silia
686 3686 827 3743 velle
862 3685 1267 3755 conjecturam;
1314 3699 1501 3739 verum
1538 3681 1720 3739 Iesum
1751 3692 1806 3737 et
1834 3681 2109 3750 Virginem

536 3777 786 3844 Mariam,
814 3791 1150 3847 quaecunque
1176 3790 1295 3831 sors
1317 3775 1578 3830 acciderit
1602 3772 1940 3837 mortalibus,
1972 3786 2110 3828 sem-

535 3882 635 3937 per
661 3868 947 3931 extollere,
981 3866 1283 3938 [debemus
1310 3864 1387 3936 ct]
1424 3864 1570 3920 taciti
1612 3864 1901 3933 incestique
1927 3878 2110 3918 rerum

538 3959 718 4015 exitus
742 3967 1089 4028 exspectare.

607 4048 734 4104 564.
775 4046 1068 4115 Caeterum,
1107 4047 1234 4119 quia
1275 4045 1387 4114 jam
1431 4045 1655 4099 multum
1696 4043 2113 4115 diei'processe-

540 4152 650 4211 rat,
678 4142 1108 4213 coniurationem
1153 4142 1206 4196 in
1254 4140 1397 4196 diem
1445 4146 1721 4209 posterum
1764 4136 2108 4193 transtulere.

543 4234 816 4292 Postridie
867 4249 997 4292 vero
1039 4248 1161 4290 cum
1203 4232 1318 4287 dies
1366 4231 1533 4286 festus
1554 4230 1614 4285 S.
1647 4229 1867 4286 Thema:
1910 4227 2110 4299 passim

544 4325 935 4393 celebraretur,
974 4340 1044 4382 ex
1077 4324 1258 4381 ofticio
1299 4322 1588 4378 clericatus
1629 4322 1955 4392 praepositus
1996 4319 2123 4389 qui-7

2183 501 2505 556 afferuntur.
2533 498 2772 553 instabat
2800 498 2983 567 itaque
3005 496 3093 551 ille
3118 511 3240 550 cum
3272 502 3581 549 sanctorum
3614 491 3767 548 Βεεῖί-

2185 593 2350 661 quiis,
2387 590 2493 645 alio
2536 589 2916 655 contenderet;
2952 595 3175 641 econtra
3208 584 3435 649 dactnon,
3469 582 3568 637 etsi
3601 582 3765 653 longe

2185 692 2533 754 torqueretur
2559 722 2575 749 ,
2623 681 2869 737 durando
2923 679 3196 734 resistere.
3238 674 3501 747 Utrinque
3527 688 3627 754 per
3653 673 3763 729 bo—

2187 792 2304 832 ram
2352 788 2545 845 magna
2590 772 2644 827 vi
2688 780 2966 831 certatur;
3010 766 3330 836 pnepositus
3367 749 3568 826 autem,
3605 769 3765 832 posto

2185 882 2347 938 quam
2369 866 2512 920 videt
2537 864 2736 919 frustra
2763 862 3032 932 inceptum
3061 855 3252 932 [esse,]
3283 869 3457 926 neque
3482 852 3761 908 diabolum

2188 958 2293 1014 alio
2346 955 2673 1010 contendere
2727 951 2888 1016 velle,
2940 959 2994 1004 et
3048 945 3388 1018 popularium
3439 941 3654 996 animos
3704 950 3764 994 et

2187 1049 2561 1118 religiosorum
2606 1058 2711 1097 non
2758 1050 2869 1095 tam
2920 1040 2972 1095 in
3018 1036 3430 1092 admirationem
3496 1045 3658 1103 quam
3703 1028 3764 1082 in

2186 1137 2507 1194 derisionem
2555 1132 2668 1203 jam
2707 1129 2942 1193 venisse,
2992 1127 3182 1183 statuit
3225 1121 3492 1185 callidius,
3542 1119 3587 1175 si
3634 1131 3769 1173 vere

2191 1230 2399 1284 dmmon
2420 1233 2583 1288 esset,
2613 1229 2821 1277 tentare
2843 1218 2980 1273 velle
3006 1235 3021 1271 :
3051 1232 3172 1271 mox
3197 1215 3342 1270 enim
3368 1210 3766 1273 stomachatus,

2192 1335 2352 1373 unam
2381 1326 2546 1385 atque
2577 1312 2804 1368 alteram
2837 1326 2903 1364 ex
2930 1316 3243 1365 sanctorum
3281 1303 3551 1371 Reliquiis
3578 1298 3767 1370 profe-

2192 1420 2340 1470 rens,
2378 1403 2589 1473 inquit:
2638 1399 2877 1468 Conjuro
2903 1405 2954 1452 te
2977 1397 3029 1451 iu
3051 1395 3179 1450 .lesu
3209 1392 3553 1464 Virginisque
3585 1389 3775 1444 Maria:

2191 1496 2385 1554 matris
2432 1495 2549 1566 ejus
2590 1494 2814 1556 virtute,
2853 1490 2898 1545 si
2926 1489 3135 1544 daemon
3166 1501 3247 1550 es,
3276 1483 3443 1539 veluti
3470 1479 3625 1536 malis
3651 1494 3782 1535 tne-1

2191 1592 2344 1647 ribus
2367 1597 2419 1643 te
2445 1602 2566 1642 esse
2590 1583 2796 1649 fateris,
2837 1596 3067 1652 quorum
3112 1576 3375 1647 Reliquis:
3404 1575 3486 1630 ha:
3511 1573 3641 1637 sint,
3672 1584 3776 1627 no-

2193 1682 2437 1740 minatim
2478 1678 2718 1750 aperias;
2760 1686 2814 1730 et
2853 1660 3014 1730 unam
3046 1669 3359 1737 ostendens,
3406 1661 3661 1744 [inquit]
3688 1661 3778 1718 Da

2197 1789 2423 1830 nomen:
2449 1766 2728 1839 Stephani,
2750 1767 2827 1821 ait
2848 1766 3073 1822 daemon.
3098 1763 3224 1817 Inde
3251 1760 3508 1815 alteram:
3531 1755 3778 1811 Lauren-

2198 1864 2279 1930 tii,
2310 1863 2518 1917 daemon
2549 1859 2875 1914 exclamare.
2917 1857 3143 1913 Demum
3173 1868 3302 1909 vere
3336 1852 3484 1925 (nam
3515 1863 3779 1921 quorum-

2196 1953 2318 2008 dam
2346 1949 2485 2005 tituli
2512 1950 2585 2003 ita
2604 1962 2726 2003 esse
2752 1944 3036 2000 manifeste
3055 1940 3432 2009 ostendebant)
3461 1952 3647 1993 omnes
3672 1950 3785 1990 suo

2197 2041 2413 2097 nomine
2436 2038 2667 2092 dicebat.
2695 2035 2900 2101 Quibus
2922 2033 3018 2099 illi,
3045 2032 3246 2102 ingenti
3272 2040 3490 2101 stupore
3514 2025 3783 2100 perculsi,

2198 2133 2388 2189 urbem
2414 2138 2661 2202 petentes
2701 2118 3010 2196 hujuSinOdi
3055 2139 3168 2180 rem
3218 2121 3520 2178 mirabilem
3564 2117 3781 2197 passim

2202 2226 2505 2294 vulgarunt.

2190 2328 2193 2333 ’
2268 2315 2392 2371 566.
2433 2313 2546 2369 Hac
2579 2319 2739 2367 tanta:
2770 2309 2846 2365 rei
2876 2308 3014 2363 fama
3046 2304 3286 2363 nonnulli
3324 2321 3390 2359 ex
3425 2302 3614 2375 primis
3642 2300 3785 2356 civi-

2187 2405 2331 2464 tatis
2361 2403 2599 2475 impulsi,
2623 2400 3018 2471 quamprimum
3046 2397 3303 2452 Sanctum
3317 2393 3557 2450 Salvium
3580 2406 3778 2446 versus

2200 2513 2265 2553 ea
2314 2497 2400 2552 die
2448 2495 2552 2548 iter
2597 2492 2963 2561 arripuerunt,
3018 2488 3340 2559 quibuscum
3389 2484 3497 2539 dux
3540 2482 3779 2538 Cebalize

2195 2587 2370 2642 fuisse
2414 2583 2608 2647 fertur,
2664 2581 2758 2650 qui
2805 2581 2943 2636 forte
2976 2593 3041 2634 ea
3078 2583 3399 2647 tempestate
3447 2572 3518 2627 ob
3564 2569 3783 2641 publica

2204 2678 2418 2751 negotia
2440 2674 2772 2731 Florentiam
2809 2672 3191 2735 contenderat;
3227 2683 3364 2738 quos
3401 2673 3582 2722 secuta
3613 2669 3780 2718 estet

2203 2750 2309 2824 alia
2333 2766 2512 2824 omnis
2544 2764 2724 2820 aetatis
2748 2771 2803 2818 et
2827 2761 3003 2819 omnis
3030 2758 3237 2815 ordinis
3264 2755 3424 2811 turba
3451 2772 3467 2809 :
3494 2754 3603 2823 jam
3631 2750 3778 2807 enim

2202 2872 2312 2914 non
2340 2856 2513 2910 solum
2529 2852 2718 2910 Sancti
2750 2851 2916 2907 Salvii
2940 2848 3218 2920 templum,
3242 2846 3334 2902 sed
3359 2845 3559 2915 passim
3586 2854 3780 2896 omnes

2206 2947 2526 3004 mortalibus
2568 2942 2911 3013 cumplenlur
2947 2940 3066 2995 viae.
3122 2936 3449 3009 luclytorum
3475 2941 3679 2997 autem,
3724 2937 3787 2984 et;

2207 3056 2392 3097 eorum
2441 3037 2532 3108 qui
2557 3051 2663 3092 non
2691 3036 2745 3089 in
2770 3034 2999 3088 obscuro
3022 3029 3185 3084 vitam
3209 3027 3459 3097 agebant,
3489 3022 3779 3079 adventum

2209 3146 2365 3187 more
2400 3144 2500 3184 suo
2543 3138 2757 3195 semper
2780 3123 2986 3177 dmmon
3016 3118 3330 3190 praedicere,
3366 3112 3628 3170 insultare
3652 3108 3783 3180 qui.

2207 3220 2458 3283 busdam,
2504 3217 2732 3272 irridere
2775 3212 2932 3268 alios.
2965 3209 3060 3265 His
3089 3208 3254 3280 igitur
3281 3207 3443 3263 rebus
3468 3201 3789 3259 adrniratioa

2210 3326 2332 3367 nem
2377 3309 2443 3365 de
2491 3322 2551 3363 se
2593 3305 2844 3363 omnibus
2889 3319 2997 3359 non
3046 3314 3268 3372 parvam
3322 3298 3471 3352 dare.
3529 3296 3603 3349 Eo
3654 3292 3792 3346 illuc.

2209 3397 2528 3457 catervatim
2583 3404 2772 3467 gentes
2818 3392 3021 3462 passim
3068 3392 3391 3458 irrumpere.
3444 3381 3781 3438 Primoribus

2218 3494 2404 3558 itaque
2463 3488 2702 3545 civitatis
2758 3481 3187 3556 ingredientibus
3237 3475 3535 3546 templum,
3599 3483 3785 3527 tantus

2211 3582 2471 3638 tumultus
2512 3579 2791 3634 hominum
2835 3575 2957 3641 fuit,
3002 3582 3063 3627 ut
3099 3570 3212 3639 jam
3255 3567 3374 3640 plus
3403 3566 3602 3622 civium
3638 3561 3781 3634 apud

2212 3674 2473 3731 Sanctum
2510 3668 2752 3724 Salvium
2792 3679 2957 3734 quam
3004 3660 3295 3717 Florentia:
3332 3666 3497 3713 esset.
3537 3654 3782 3711 Circum-

2209 3762 2358 3819 venti
2412 3759 2578 3828 igitur
2622 3773 2653 3811 a
2698 3753 2911 3811 caeteris
2962 3752 3151 3807 dextra
3202 3748 3550 3815 sinistraque,
3592 3752 3644 3799 et
3665 3741 3779 3811 jam

2212 3858 2367 3914 turba
2399 3872 2466 3912 ex
2491 3852 2640 3909 omni
2685 3858 2841 3922 parte
2886 3848 3131 3912 cedente,
3179 3844 3380 3910 locum,
3429 3840 3521 3896 ubi
3568 3839 3780 3893 damon

2211 3960 2367 4014 erat,
2414 3946 2504 4000 vix
2552 3944 2758 3999 adiere.
2802 3939 2957 3996 Tunc
3002 3933 3370 4007 spectaculum
3423 3926 3679 3986 horribile
3718 3924 3784 3983 in

2211 4036 2438 4093 ecclesia
2482 4048 2624 4101 esse,
2662 4045 2787 4088 cum
2830 4028 2959 4084 illuc
3001 4026 3180 4082 omnis
3220 4023 3377 4079 turba
3408 4020 3461 4074 vi
3496 4014 3783 4072 intromitti

2212 4127 2344 4183 vult.

2282 4217 2411 4275 367.
2452 4215 2530 4271 Ex
2559 4215 2663 4271 hoc
2709 4213 2918 4270 dromon
2951 4204 3065 4267 toto
3091 4222 3321 4279 corpore
3364 4204 3596 4274 gestire;
3636 4199 3782 4255 cives

2212 4325 2342 4367 vero
2380 4323 2485 4364 una
2522 4322 2643 4362 cum
2691 4304 2994 4368 monachis,
3026 4299 3419 4357 circumferens
3447 4305 3625 4350 truces
3653 4305 3781 4345 ocu—

544 4416 690 4480 dam,
717 4416 802 4470 vir
827 4430 1020 4487 magno
1049 4423 1202 4480 natu,
1230 4413 1407 4483 primo
1437 4425 1613 4476 mane,
1646 4409 1832 4465 multis
1860 4409 2105 4465 sacerdo-

2217 4403 2318 4467 los,
2368 4395 2648 4473 [iutueri;]
2700 4393 2892 4460 turbae,
2946 4391 3004 4447 ni
3053 4390 3292 4454 cederet,
3343 4383 3570 4449 minari;
3622 4377 3780 4436 modo

548 4505 689 4561 tibus
734 4506 1143 4573 comitantibus,
1190 4520 1282 4561 seu
1334 4502 1707 4563 misericordia
1758 4503 1975 4566 ductus,
2017 4515 2114 4556 seu

544 4595 727 4664 potius
748 4596 988 4650 tentandi
1012 4595 1210 4665 gratia,
1236 4609 1302 4655 eo
1321 4609 1444 4649 cum
1478 4594 1751 4649 nonnullis
1775 4593 2123 4648 diversorum

548 4694 860 4742 sanctorum
891 4687 1139 4756 reliquiis
1164 4701 1224 4742 se
1251 4685 1501 4742 contulit.
1541 4686 1674 4742 Cum
1719 4685 1887 4756 igitur
1932 4685 1998 4739 ad
2038 4682 2116 4737 al-

546 4784 685 4843 tare,
716 4775 817 4832 ubi.
847 4776 1052 4831 dzemon
1086 4776 1374 4833 tormentis
1413 4776 1773 4840 afﬁciebatur,
1810 4773 2113 4837 accederet,

549 4880 672 4920 eum
712 4865 898 4934 sagina
940 4865 1155 4936 plenum
1205 4868 1354 4936 prius
1401 4864 1730 4920 terribilibus
1770 4862 1940 4918 oculis
1969 4861 2113 4932 aspio

557 4960 709 5015 ciens
734 4960 961 5024 daemon,
991 4960 1113 5016 inde
1136 4960 1470 5030 jocabundus
1496 4958 1706 5029 inquit:
1734 4957 1811 5013 En
1834 4957 1923 5013 hic
1949 4956 2118 5028 magis

555 5051 787 5116 Vultum,
837 5066 996 5120 quam
1041 5051 1312 5122 ingenium
1358 5060 1531 5105 curat.
1569 5049 1650 5103 Ad
1695 5050 1839 5115 haec;
1886 5065 1919 5104 o
1954 5048 2119 5103 Pater

550 5143 868 5209 reverenda,
912 5143 1016 5208 hae,
1061 5158 1132 5212 qu
1168 5157 1196 5198 s
1239 5141 1463 5196 attulisti
1504 5139 1800 5210 Reliquias,
1846 5139 1974 5209 quid
2015 5138 2123 5195 sibi

552 5233 777 5289 volunt?
810 5234 878 5291 Ut
908 5235 994 5290 his
1032 5233 1171 5289 forte
1202 5247 1286 5288 me
1307 5229 1744 5303 perterrefacias,
1774 5244 1966 5300 meque
1991 5228 2118 5283 hinc

2215 4492 2480 4566 singulos,
2510 4490 2670 4546 modo
2704 4486 2992 4542 universos
3027 4491 3233 4536 terrere
3265 4477 3524 4540 clamore,
3556 4474 3779 4541 impetu,

2214 4564 2378 4655 atque
2409 4582 2532 4637 aliis
2555 4579 2808 4635 omnibus
2852 4590 2973 4646 qua:
2996 4573 3077 4628 ira
3107 4570 3225 4627 fieri
3254 4576 3422 4623 amat.
3445 4564 3781 4655 Cunctanter

2214 4650 2489 4749 paululum
2532 4671 2621 4742 qui
2666 4671 2722 4725 in
2765 4668 2943 4739 primo
2986 4664 3158 4719 latere
3207 4666 3387 4749 erant,
3441 4655 3591 4749 dum
3621 4650 3779 4749 aliusr

2218 4738 2323 4840 ξιιι]
2343 4756 2519 4826 exeat,
2549 4738 2732 4819 alium
2764 4738 3198 4825 circumspectat.
3241 4747 3480 4803 Tandem
3518 4738 3787 4817 {plurimi}

2215 4834 2414 4913 civium
2445 4854 2621 4910 minas
2645 4860 2989 4918 terroresque
3013 4861 3110 4917 pro
3141 4843 3310 4898 nihilo
3347 4841 3635 4902 ducentes,
3664 4834 3777 4914 cla-

2216 4964 2370 5006 more
2391 4947 2621 5010 sublato,
2650 4943 2889 5013 undique
2934 4938 3187 5008 cupidine
3217 4933 3426 4990 visendi
3453 4944 3507 4987 et
3532 4927 3785 4986 audiendi

2218 5056 2338 5111 qua:
2390 5055 2419 5093 ιι
2469 5035 2681 5092 diabolo
2726 5033 3065 5091 dicebantur,
3108 5028 3251 5090 illuc,
3283 5025 3372 5079 ubi
3402 5018 3781 5091 conjurabatur

2216 5134 2457 5196 damon,
2509 5130 2671 5186 veluti
2704 5128 2864 5199 globo
2910 5124 3074 5187 facto,
3125 5122 3468 5189 irrumpunt;
3518 5114 3614 5173 sed
3658 5125 3778 5169 cum

2218 5221 2375 5292 primi
2409 5229 2522 5273 tota
2560 5218 2612 5270 vi
2646 5217 2987 5276 resisterent,
3018 5219 3091 5275 et,
3123 5208 3267 5277 quia
3297 5219 3445 5277 tergo
3480 5213 3655 5268 erant,
3688 5215 3779 5271 pro
