4076 5310
372 98 476 167 9:33

1905 95 2106 153 ACTA.

3532 94 3638 161 954

377 196 536 263 nibus
582 203 744 272 foret,
793 202 925 265 dum
970 202 1109 259 alter
1148 201 1383 267 alterum
1427 204 1668 270 vincere,
1715 204 1951 269 trudere,
1985 212 2030 271 Α
2062 202 2268 270 monis,
2316 219 2423 281 non
2465 214 2656 276 puella:
2698 221 2838 269 esse,
2884 204 3055 263 abbas
3099 202 3393 275 cmterique
3436 204 3640 274 optime

379 299 637 354 insectari
665 296 858 367 quovis
881 294 1042 351 modo
1065 306 1302 362 curaret,
1333 295 1389 351 ni
1411 295 1674 353 bonorum
1701 311 1956 366 quemm-

377 391 503 444 dam
551 388 944 444 monachorum
984 386 1211 443 consilio
1246 388 1299 442 in
1327 388 1593 452 sacrario,
1629 387 1957 443 intromissis

288 526 299 533 .
378 479 704 550 quibusdam
734 496 797 533 ex
825 480 1179 551 primoribus,
1222 493 1311 535 res
1354 490 1626 550 ageretur.
1676 477 1828 534 Tunc
1852 482 1958 536 duo

378 570 566 629 famuli
597 572 743 625 inter
768 586 828 624 se
863 570 1130 640 imprimis
1152 571 1329 643 iurgia
1368 571 1522 635 dare,
1571 571 1695 625 inde
1737 572 1955 643 pugnis,

378 674 444 716 eo
488 660 634 731 quod
691 659 829 713 alter
876 659 1031 713 alteri
1085 659 1472 730 impedimento
1516 669 1675 723 esset,
1727 660 1956 726 minari;

378 750 619 816 demum,
675 749 1063 807 effervescente
1114 751 1214 813 ira,
1265 765 1416 804 arma
1470 765 1700 821 capere,
1748 758 1803 805 et
1844 749 1956 819 iam

377 842 598 899 nudatis
648 841 839 913 gladiis
882 856 1002 898 sese
1042 842 1312 897 hostiliter
1336 851 1520 912 petere
1552 853 1861 912 creperum;
1904 854 1959 898 et

375 931 641 986 fecissent
685 933 949 1000 profecto,
999 932 1076 998 ni,
1130 932 1220 1001 qui
1266 933 1514 997 aderant,
1554 932 1695 987 ictus
1739 935 1960 989 venien-

380 1021 516 1075 tium
568 1022 958 1077 sustinuissent
1007 1031 1063 1077 et
1107 1020 1614 1077 exclamassent:0
1666 1023 1870 1077 scelus!
1925 1038 1960 1078 o

376 1108 561 1170 nefas!
593 1127 843 1180 quaenam
873 1126 967 1166 vos
993 1121 1101 1165 tam
1127 1111 1242 1165 dira
1268 1111 1346 1165 ira
1372 1112 1566 1183 coegit,
1593 1125 1681 1177 ne,
1711 1114 1800 1167 ubi
1830 1129 1959 1185 gen-

378 1202 513 1257 tium
568 1206 731 1267 suis,
783 1217 849 1256 ne
893 1201 1023 1272 qttid
1072 1201 1265 1270 agatis,
1323 1202 1715 1257 consideretis?
1752 1201 1956 1269 Miseri,

380 1306 564 1348 nonne
610 1293 668 1348 ln
716 1293 829 1347 atde
882 1302 1096 1348 sacrata
1144 1294 1308 1347 estis?
1355 1290 1545 1349 Nonne
1598 1295 1689 1350 hic
1741 1310 1957 1350 sacrum

376 1397 576 1453 corpus
599 1383 806 1439 Christi
837 1385 1148 1439 coniicitur!
1182 1383 1369 1440 Nonne
1396 1386 1483 1441 hic
1514 1386 1835 1442 Sanctorum
1866 1388 1958 1443 ad-

377 1483 505 1528 sunt
547 1472 846 1545 Reliquiae?
885 1473 963 1529 Eo
998 1476 1066 1530 ab
1095 1476 1263 1530 armis
1293 1476 1580 1543 abstinete,
1610 1477 1733 1533 date
1761 1494 1960 1534 manus

377 1565 443 1618 ad
473 1577 689 1634 pacem.

449 1657 579 1712 569.
618 1657 840 1712 Interim
869 1672 989 1712 cum
1020 1657 1087 1713 ad
1120 1658 1237 1712 hmc
1258 1659 1564 1727 spectacula
1594 1658 1834 1713 omnium
1866 1672 1961 1713 ora

380 1759 672 1814 conversa,
718 1747 1018 1816 deditchue
1055 1762 1121 1802 eo
1162 1756 1374 1802 mentes
1410 1762 1533 1802 cum
1563 1747 1733 1803 oculis
1756 1756 1960 1813 essent,

382 1837 582 1891 mirum
631 1853 793 1907 quam
844 1837 1092 1892 diabolus
1140 1836 1337 1903 lzetari,
1376 1838 1598 1909 gestire,
1651 1853 1751 1892 nec
1797 1852 1857 1893 se
1895 1837 1965 1892 ob

380 1927 630 1983 lmtitiam
676 1942 895 1999 Caperc.
935 1928 1105 1999 Egre
1146 1929 1362 1983 tandem
1411 1930 1581 1985 sedati
1628 1929 1758 1983 illia
1787 1929 1961 1999 plebe,

379 2017 554 2072 multo
578 2018 776 2087 aegrius
810 2018 1050 2072 diabolus
1077 2033 1269 2087 passus
1307 2028 1391 2073 est
1445 2034 1504 2073 se
1534 2020 1775 2073 amoveri
1819 2017 1962 2072 inde.

384 2107 467 2165 Eo
500 2119 704 2174 amoto,
748 2110 899 2179 plebs
941 2118 996 2165 et
1040 2108 1288 2179 pepulus,
1338 2110 1431 2179 qui
1480 2124 1742 2165 novarum
1784 2124 1962 2164 rerum

382 2198 528 2253 avidi
559 2197 686 2253 illuc
712 2208 988 2265 venerant,
1018 2199 1170 2253 brevi
1210 2198 1556 2264 dilabuntur;
1597 2198 1807 2255 nobiles
1834 2213 1964 2255 vero

378 2298 441 2343 et
486 2288 675 2359 primi
705 2290 966 2353 civitatis,
1008 2288 1122 2359 iam
1163 2304 1357 2359 magna
1396 2297 1550 2360 parte
1598 2289 1703 2344 diei
1750 2299 1962 2354 exacta,

386 2379 624 2449 rigentes
677 2388 732 2434 et
772 2379 967 2449 trepidi
1016 2383 1069 2435 in
1122 2380 1317 2435 itinere
1364 2395 1548 2435 secum
1594 2380 1724 2450 quid
1770 2389 1968 2449 praeter

382 2484 591 2525 morem
637 2470 828 2541 puella:
865 2471 1137 2525 accideret
1176 2470 1541 2535 conferentes,
1604 2471 1657 2524 iu
1688 2470 1964 2525 civitatem

386 2560 618 2616 rediere.
643 2560 825 2615 Ahbas
852 2575 984 2615 vero
1013 2558 1405 2615 Vallumbrosa:
1437 2558 1746 2629 intelligens
1793 2574 1966 2629 quan-

378 2652 503 2707 'tum
526 2653 819 2722 periculum
846 2652 1045 2723 populo
1081 2650 1395 2708 Florentino
1432 2652 1795 2722 impenderet,
1836 2651 1963 2720 quia

384 2743 709 2797 'caterVatim
755 2742 1066 2812 frequentes
1114 2744 1182 2797 ad
1227 2744 1341 2797 hcec
1390 2743 1613 2798 visenda
1648 2741 1965 2797 advolarent

386 2835 662 2899 mortales,
711 2846 940 2905 propere
985 2844 1283 2890 convocato
1323 2834 1508 2890 Sancti
1549 2834 1719 2889 Salvii
1749 2835 1961 2915 abbate,

387 2926 613 2995 aliisque
642 2926 921 2982 monachis
968 2941 1105 2996 quos
1130 2926 1354 2981 idoneos
1386 2927 1639 2994 ducebat,
1675 2925 1963 2982 considium

384 3016 553 3075 habet
581 3016 708 3085 quid
732 3017 800 3071 de
822 3017 925 3072 hac
950 3016 1123 3088 puella
1153 3016 1422 3087 agendum
1451 3017 1541 3071 sit.

458 3108 582 3163 370.
622 3108 843 3176 Verum,
887 3122 1009 3166 cum
1053 3111 1204 3166 varia
1236 3111 1523 3177 sentirent,
1557 3111 1733 3181 inquit
1758 3110 1963 3165 abbas:

388 3198 506 3265 Quo
532 3201 738 3255 tardius
774 3202 835 3255 fit
869 3202 1012 3272 quod
1050 3202 1135 3273 de
1170 3202 1310 3258 cmlo
1344 3204 1618 3274 operimur
1652 3203 1874 3268 bonum,
1901 3214 1968 3281 eo

391 3292 563 3363 magis
621 3292 788 3347 refert
820 3295 951 3349 mihi
987 3294 1250 3365 vobisque
1282 3295 1494 3350 timere.
1525 3295 1703 3362 Quare
1734 3295 1807 3349 ita
1838 3309 1968 3348 ceu-

367 3370 512 3458 ‘§e0':
542 3394 661 3436 eam
692 3384 758 3438 ad
784 3393 996 3454 tempus
1025 3386 1247 3450 abesse;
1284 3395 1365 3451 et,
1398 3386 1501 3441 nisi
1534 3386 1727 3441 hiemis
1756 3384 1966 3455 asperi-

390 3479 474 3524 tas
512 3473 773 3539 retardet,
809 3475 877 3529 ad
918 3472 993 3529 Va
1019 3474 1122 3530 lem
1167 3476 1487 3532 Umbrosam
1528 3477 1821 3548 equitando
1869 3476 1964 3531 dn-

374 3564 575 3629 Jcatur;
623 3566 705 3621 sin
752 3567 931 3623 minus
971 3568 1097 3635 alio,
1139 3570 1223 3625 vel
1270 3571 1488 3625 domum
1536 3580 1748 3641 repetat
1787 3585 1960 3626 suam.

387 3653 627 3711 Probant
663 3672 872 3721 onmes.
912 3659 1263 3731 salutareque
1293 3662 1495 3717 ducunt
1534 3662 1675 3731 quod
1702 3661 1764 3717 Ρ.
1796 3661 1965 3716 abbas

388 3754 692 3802 censuerat.
708 3746 938 3803 Tantum
959 3750 1221 3817 diabolus,
1240 3752 1403 3827 [tum]
1417 3754 1542 3823 quia
1556 3756 1671 3824 iam
1692 3768 1848 3809 suum
1870 3754 1965 3808 im-

390 3835 627 3907 pendere
652 3838 877 3893 exitium
909 3840 1265 3911 intelligebat,
1300 3852 1411 3896 tum
1442 3843 1569 3913 quia
1603 3858 1715 3897 rem
1744 3857 1812 3898 ex
1841 3858 1966 3897 sen-

390 3928 558 3982 tentia
599 3928 655 3982 in
705 3928 907 3984 Sancto
943 3929 1126 3987 Salvio
1169 3948 1277 3987 non
1316 3932 1578 4004 gesserat,
1617 3949 1803 3989 secum
1842 3948 1965 3989 sen-

387 4016 514 4075 tire.
558 4017 740 4090 lnquit
784 4024 929 4076 enim
962 4041 975 4078 :
1011 4023 1066 4078 Si
1103 4038 1201 4094 pro
1243 4034 1483 4096 tempore
1529 4026 1855 4081 alioversum
1885 4037 1966 4081 te-

389 4110 629 4174 tendere,
684 4118 863 4165 tamen
904 4126 970 4166 ne
1001 4127 1060 4167 se
1083 4106 1408 4169 'ahsolutam
1447 4123 1620 4185 putet,
1649 4130 1882 4185 quame
1909 4115 1965 4170 in

2058 293 2349 360 callerem,
2390 296 2468 351 de
2519 308 2670 351 more
2711 295 2885 364 ipsum
2962 296 3261 349 dmmonem
3305 303 3639 365 conatusque

2048 377 2176 449 eius
2199 383 2665 453 coniurationibus
2699 384 3032 456 frangentes,
3065 385 3283 454 vimque
3311 401 3488 451 suam,
3520 400 3640 455 qua:

2051 471 2230 538 nulla,
2256 471 2347 527 ubi
2375 473 2527 527 favor
2545 470 2671 528 Jesu
2712 474 2885 538 adest,
2922 475 3180 545 probatur
3215 491 3356 542 esse,
3403 479 3471 530 ad
3500 462 3643 532 nihi-

2054 560 2169 616 lum
2205 563 2526 633 redigentcs,
2566 580 2687 618 eam
2715 580 2876 635 super
2898 564 3204 633 iumentum
3239 578 3504 633 stravere,
3540 568 3640 627 de.

2056 651 2213 708 lectis
2251 655 2412 709 etiam
2435 670 2500 709 ex
2522 657 2667 711 omni
2702 672 2929 711 numero
2968 658 3179 713 duobus
3221 657 3489 727 religiosis
3521 659 3641 731 qui,

2060 743 2106 797 si
2151 743 2397 799 diabolus
2446 760 2596 800 more
2623 761 2720 800 suo
2745 746 2845 801 iter
2875 747 3182 817 impediret,
3214 758 3412 818 prteslo
3437 750 3644 811 oratio-

2061 835 2220 890 nibus
2245 836 2633 907 suppliciisque
2664 836 2950 906 adessent;
2987 856 3125 909 quos
3156 841 3349 898 deinde
3388 842 3640 903 Nicolaus

2054 922 2253 992 frater,
2298 930 2377 983 eis
2410 928 2657 999 ingentes
2687 946 2853 1001 agens
2879 932 3105 1001 gratias,
3145 948 3204 989 se
3241 935 3372 989 satis
3400 950 3498 1005 pro
3524 952 3643 993 am-

2062 1020 2254 1088 bobus,
2284 1020 2464 1075 divina
2493 1030 2767 1093 pra-eunte
2801 1022 2995 1092 gratia,
3029 1020 3142 1079 fore
3172 1039 3413 1094 sperans,
3448 1028 3642 1085 missos

2058 1102 2214 1169 fecit.

2099 1268 2104 1275 .
2132 1202 2260 1255 372.
2299 1201 2438 1269 Quid
2466 1209 2646 1256 autem
2670 1201 2875 1258 laboris
2900 1202 2956 1257 in
2990 1200 3082 1257 illo
3110 1202 3308 1258 itinere
3340 1205 3642 1274 asperrimo

2062 1308 2226 1363 Opera
2273 1291 2472 1346 diaboli
2520 1292 2883 1363 pertulerint,
2937 1292 3067 1361 quid
3118 1292 3492 1348 admirationis
3546 1311 3639 1365 per

2060 1397 2249 1436 otnizes
2303 1382 2460 1435 villas
2492 1422 2507 1446 ,
2547 1381 2697 1436 vicos
2744 1381 3046 1452 Oppidaque
3092 1397 3195 1449 qua
3238 1381 3342 1436 iter
3383 1381 3640 1450 facerent,

2063 1473 2129 1527 de
2160 1487 2219 1528 se
2248 1471 2495 1526 diabolus
2522 1470 2751 1536 dederit,
2786 1487 2892 1527 non
2919 1470 3077 1527 facile
3102 1470 3208 1526 dici
3236 1481 3418 1543 posset
3447 1489 3462 1526 :
3494 1488 3641 1539 nam,

2066 1576 2123 1619 ut
2171 1575 2371 1619 cmtera
2418 1552 2690 1629 omittam,
2740 1565 2914 1635 ipsum
2955 1579 3273 1635 germanum
3305 1578 3461 1619 suum
3493 1562 3647 1621 Nico-

2066 1659 2212 1713 laum
2241 1658 2625 1727 praedicantem
2659 1657 2868 1722 audivi,
2896 1666 3082 1728 potum
3114 1658 3365 1713 cibumve
3384 1656 3643 1726 aliquant,

2067 1751 2169 1805 nisi
2209 1751 2551 1806 orationibus
2591 1759 2645 1805 et
2693 1749 3158 1819 coniurationibus
3198 1748 3515 1821 prmuissis,
3550 1761 3648 1805 ne.-

2066 1838 2306 1910 quivisse
2351 1854 2596 1903 sumere;
2643 1847 2787 1892 tanta
2819 1840 3011 1908 cupido
3066 1853 3130 1893 eo
3162 1839 3212 1892 in
3244 1854 3471 1908 corpore
3500 1852 3645 1905 esse,

2066 1928 2150 1984 vel
2179 1930 2359 1999 potius
2394 1943 2546 1991 suam
2588 1928 2692 1983 sibi
2722 1929 2958 1981 animam
3001 1928 3311 1989 vindicare,
3344 1928 3643 1981 dzenionem

2067 2021 2337 2075 invaserat
2368 2036 2381 2072 :
2412 2019 2579 2073 multo
2601 2017 2745 2074 enim
2776 2018 2894 2087 plus
2923 2019 3183 2087 temporis
3214 2016 3523 2086 laborisque
3548 2030 3648 2087 per

2068 2110 2215 2163 mille
2260 2123 2449 2178 passus
2500 2109 2891 2162 monasterium
2915 2107 3069 2178 juxta
3102 2106 3331 2162 comites
3357 2122 3479 2161 cum
3509 2122 3646 2161 non-

2068 2200 2229 2254 nullis
2268 2198 2625 2254 familiaribus
2656 2198 3037 2266 clientulisque
3077 2198 3277 2252 nostris
3303 2213 3423 2253 eam
3458 2196 3506 2251 vi
3534 2206 3646 2251 tra-

2069 2290 2244 2346 hendo
2283 2304 2687 2358 consumpsere,
2730 2298 2791 2345 ut
2840 2288 3074 2345 retulere
3116 2289 3358 2359 quidam,
3403 2305 3467 2344 ac
3495 2288 3648 2360 prius

2068 2382 2121 2434 in
2149 2390 2272 2435 octo
2298 2391 2352 2436 et
2381 2381 2566 2435 decem
2599 2380 2836 2436 millibus
2875 2392 3129 2450 passuum
3171 2389 3644 2450 consumpserant.

2067 2475 2291 2528 Dcmum
2319 2474 2461 2528 istud
2488 2473 2545 2529 S.
2575 2472 2755 2528 Mariae
2785 2474 3175 2528 monasterium
3221 2473 3507 2537 adeuntes,
3541 2472 3648 2529 da:-

2067 2580 2214 2629 mon,
2256 2573 2479 2633 paratus
2511 2564 2577 2619 ad
2608 2564 2993 2620 dissimulanda
3019 2565 3225 2629 omnia,
3264 2564 3423 2618 talem
3474 2565 3641 2634 finge-

2066 2656 2158 2710 bat.
2185 2654 2418 2725 puellam
2448 2674 2459 2708 :
2492 2655 2813 2726 supplicem,
2853 2655 3135 2721 humilem,
3180 2656 3460 2727 oculisque
3492 2653 3641 2709 humi

2068 2740 2352 2811 demissis;
2380 2754 2434 2799 et
2470 2746 2584 2817 ipse
2628 2761 2853 2816 prorsus
2902 2754 3108 2813 tacere,
3158 2760 3409 2816 eamque,
3456 2755 3647 2799 contra

2068 2840 2279 2895 illorum
2330 2854 2556 2903 morem,
2605 2839 2757 2909 signo
2792 2853 2850 2893 sc
2881 2836 2939 2891 S.
2973 2838 3154 2893 crucis
3184 2837 3414 2899 munire,
3445 2837 3650 2891 oratio-

2020 2934 2035 2955 ‘
2065 2950 2189 2990 nem
2220 2932 2557 2988 Dominicam
2588 2941 2641 2986 et
2672 2929 2912 3000 Virginis
2941 2929 3121 2984 Maria:
3146 2928 3520 2983 salutationem
3554 2925 3644 2982 tali

2068 3034 2325 3094 tantaque
2356 3019 2640 3078 devotione
2667 3021 3219 3095 edere'permittebat,
3253 3030 3311 3073 ut
3345 3029 3401 3073 et
3446 3019 3648 3075 nostris

2065 3117 2421 3171 vehementer
2458 3112 2826 3177 admirationi,
2868 3111 2981 3169 suis
3012 3127 3139 3165 vero
3162 3120 3215 3163 et
3242 3110 3440 3180 gaudio
3467 3119 3522 3165 ct
3544 3108 3642 3169 ade

2067 3205 2339 3260 tnirationi
2370 3205 2573 3274 pariter
2598 3210 2759 3259 esset.

2135 3298 2260 3355 515.
2297 3298 2586 3363 Czcterum,
2636 3296 2761 3365 quia
2804 3292 3046 3365 expertis
3079 3291 3134 3346 in
3183 3306 3241 3345 re
3287 3289 3506 3344 difficile
3557 3296 3644 3343 est

2067 3390 2377 3462 imponere,
2423 3389 2575 3444 fuere
2636 3389 2728 3458 qui
2805 3388 3049 3441 dicerent
3101 3399 3204 3439 non
3263 3392 3518 3452 oportere
3571 3381 3645 3435 ita

2066 3480 2226 3537 facile
2256 3481 2558 3537 daemonum
2595 3478 2982 3535 calliditatibus
3013 3475 3256 3540 credere,
3281 3489 3468 3535 verum
3501 3470 3653 3542 peri-

2066 3572 2244 3627 culum
2291 3588 2413 3627 cum
2463 3585 2627 3627 cruce
2667 3570 2986 3640 ueterisque
3025 3564 3275 3637 reliquiis
3320 3562 3645 3619 faciendum.

2064 3660 2208 3716 Idem
2240 3674 2428 3716 omnes
2454 3656 2714 3730 probant;
2747 3674 2877 3729 qua,
2906 3656 2995 3713 ubi
3024 3655 3092 3711 ad
3118 3665 3396 3709 certamen
3422 3659 3645 3711 ventum

2064 3764 2171 3818 est,
2207 3761 2423 3823 quanta:
2469 3750 2704 3815 astutiae,
2735 3748 3031 3820 quantique
3068 3745 3175 3802 doli
3207 3745 3261 3800 in
3287 3744 3532 3801 dannone
3561 3740 3646 3797 in-

2065 3846 2195 3909 sint,
2241 3844 2397 3900 facile
2442 3844 2646 3914 patuit;
2689 3842 2833 3898 illico
2880 3840 3025 3895 enim
3071 3839 3185 3894 suis
3231 3834 3439 3892 viribus
3485 3848 3652 3901 usus,

2067 3937 2189 3991 inde
2224 3935 2329 3990 alio
2369 3934 2449 3989 ire
2476 3934 2601 3987 totis
2645 3931 2852 3985 viribus
2896 3937 3123 3985 conatus
3158 3936 3263 3992 est,
3310 3925 3639 3995 fecissetque

2065 4026 2222 4093 satis,
2272 4026 2326 4079 ni
2374 4024 2593 4093 quidam
2643 4036 2810 4091 penes
2860 4017 3249 4074 monasterium
3296 4013 3541 4085 palantes
3587 4021 3646 4068 et.

2064 4114 2218 4168 affusi
2266 4112 2498 4183 puellam
2542 4118 2843 4165 tentantem
2886 4106 3070 4177 fugam
3116 4104 3408 4174 cepissent.
3471 4101 3651 4159 Globo

389 4206 469 4253 tot
530 4208 801 4266 torturas,
854 4201 980 4256 dum
1031 4203 1223 4258 melius
1279 4215 1495 4274 sperat,
1561 4206 1812 4261 detrusit.
1867 4206 1964 4260 llis
1996 4227 2040 4285 ι)
2067 4204 2232 4274 igitur
2256 4202 2515 4271 iuvenum
2540 4200 2705 4266 facto,
2734 4200 2800 4254 ad
2829 4214 2948 4253 eam
2979 4199 3303 4285 irrumpunt,
3330 4203 3387 4249 et
3404 4194 3651 4285 vinctam

386 4286 811 4357 puellm’oborta:
849 4291 1120 4363 lacrymae.
1162 4290 1524 4348 Consolantur
1558 4308 1757 4363 aegram
1794 4294 1960 4348 animi

384 4383 443 4432 et
469 4380 714 4465 corporis
748 4388 861 4434 tum
888 4373 1146 4452 religiosi,
1189 4390 1299 4436 tum
1342 4382 1549 4448 afﬁnes,
1575 4383 1776 4438 nullam
1814 4385 1963 4453 peni-

389 4473 495 4533 lus,
527 4469 629 4523 nisi
662 4481 798 4525 nutu
843 4470 1027 4527 divino
1073 4471 1288 4528 diabolo
1323 4472 1579 4528 virtutem
1625 4471 1765 4541 fore,
1809 4488 1959 4532 asse-

389 4568 686 4614 verantesa

402 4666 407 4671 ’
455 4651 582 4706 37f.
620 4650 804 4708 Primo
844 4654 1026 4724 itaque
1064 4656 1344 4725 sequentis
1369 4656 1475 4712 diei
1502 4673 1665 4715 mane
1691 4658 1963 4726 diabolus,

381 4744 508 4795 ante
536 4755 634 4811 pro
660 4742 895 4799 ludibrio
925 4744 1161 4813 habitus,
1199 4737 1447 4816 iumento
1482 4757 1540 4804 et
1575 4749 1791 4805 caeteris
1840 4764 1962 4820 quze

379 4827 570 4884 itineri
636 4833 945 4888 necessaria
1006 4834 1213 4902 forent,
1274 4852 1344 4892 ex
1397 4838 1665 4894 sententia
1715 4839 1957 4909 paratis,

373 4916 687 4990 inulligens
710 4924 925 4979 demum
976 4939 1096 4980 sese
1120 4926 1185 4980 ad
1213 4928 1419 4997 majora
1446 4937 1713 4985 tormenta
1736 4930 1958 4986 ductum

377 5007 473 5075 iri,
506 5025 577 5065 ne
605 5028 711 5081 quo
740 5016 921 5079 modo,
966 5031 1032 5071 eo
1068 5016 1123 5072 id
1165 5018 1469 5083 annitente,
1497 5019 1673 5083 ﬂeret,
1704 5020 1959 5089 precibus

376 5117 478 5158 seu
526 5103 686 5159 minis
731 5105 1018 5178 [impedire
1055 5108 1397 5183 conabatur].
1441 5109 1623 5166 Puella
1649 5112 1957 5181 iumentum

375 5194 705 5263 ascendere;
756 5213 945 5255 verum
990 5200 1058 5254 ad
1104 5210 1303 5256 terram
1353 5203 1694 5259 consternari
1742 5200 1954 5270 capillis

979 5296 1063 5310 Δ---
1096 5289 1277 5310 .-ιοιρη
1296 5306 1346 5310 Α--
1376 5300 1425 5310 ι.-

376 5288 556 5310 ..---:n
604 5288 847 5310 η.--ει.--,
877 5303 973 5310 ..--

2065 4293 2116 4347 vi
2149 4294 2216 4348 ad
2260 4292 2614 4348 constitutum
2664 4290 2842 4345 locum
2886 4288 3169 4343 sublimem
3215 4284 3483 4340 deferunt.
3529 4282 3645 4353 Illic

2063 4402 2189 4441 cum
2235 4398 2385 4439 more
2433 4382 2591 4438 solito
2635 4396 2722 4436 res
2757 4396 2878 4435 cum
2909 4379 2968 4433 S.
2998 4377 3226 4433 Joannis
3261 4376 3487 4431 brachio
3511 4389 3643 4446 ages

2065 4490 2236 4546 retur,
2281 4478 2528 4534 diabolus
2578 4475 2844 4532 acerrime
2889 4485 3142 4540 certare;
3195 4486 3463 4543 nusquam
3512 4469 3643 4533 alibi

2062 4571 2138 4626 ita
2169 4581 2412 4625 atrocem
2444 4585 2503 4625 se
2532 4569 2747 4624 dedisse
2776 4566 2995 4621 aiebant
3047 4565 3138 4635 qui
3194 4563 3429 4618 aderant
3467 4560 3651 4616 comia

2064 4670 2166 4719 tes.
2197 4660 2439 4716 Puellam
2466 4660 2611 4715 enim
2645 4659 2845 4715 mirum
2882 4658 2936 4711 in
2976 4657 3194 4711 modum
3224 4650 3519 4723 quatiendo
3549 4666 3647 4715 ex-

2062 4760 2268 4815 cutere,
2298 4745 2967 4815 vociferari,debacchari,
3002 4744 3055 4827 in
3085 4742 3382 4799 monachos
3402 4738 3649 4794 convicia

2063 4842 2269 4905 dicere,
2315 4840 2371 4894 in
2413 4839 2548 4894 alios
2593 4836 2880 4894 maledicta
2934 4824 3133 4901 smpius
3180 4826 3507 4902 geminando
3549 4824 3658 4882 ad-.

2061 4934 2228 4998 dere;
2254 4931 2388 4987 nihil
2416 4930 2716 5001 indignum,
2752 4926 2889 4982 nihil
2924 4926 3177 4979 insonum
3214 4923 3269 4976 in
3295 4917 3483 4973 Iesum
3513 4917 3661 4973 Sano.

2059 5031 2291 5091 eiusque
2338 5022 2477 5092 eius,
2522 5021 2650 5092 quin
2691 5031 2789 5075 ore
2835 5014 3101 5071 maledico
3137 5012 3369 5072 ederet,
3429 5015 3655 5081 praztere

2060 5113 2304 5168 mittere.

2127 5201 2257 5259 574.
2303 5203 2537 5260 Econtra
2587 5198 2865 5265 monachi,
2919 5191 3158 5263 religiosi
3205 5187 3334 5252 viri,
3367 5189 3555 5245 aerius
3603 5189 3667 5271 in.

2213 5294 2226 5305 ο
2252 5308 2257 5310 .
2281 5302 2322 5310 .-
2628 5294 2652 5310 ρ
2680 5288 2920 5310 1.-..21..-η
2950 5276 3341 5310 ξσιίιιηηει-Βῖηὶῖα
3401 5294 3510 5310 “An
3548 5279 3655 5310 Αἱ..-
