4076 5310
498 316 622 398 "955

1571 343 1632 399 Β.
1671 339 1955 411 JOANNIS
1990 337 2383 395 GUALBERTI
2415 338 2704 395 ABBATIS

3662 335 3788 394 956

499 444 718 529 saepius
757 456 1118 516 exclamabat.
1167 442 1353 533 Itaque
1381 458 1441 517 S.
1472 457 1698 517 Joannis
1734 456 2094 539 precibusad
2121 461 2170 520 Α
2201 456 2304 512 rit?
2354 455 2464 513 Nec
2518 463 2630 511 tum
2699 414 2856 511 nobis
2904 451 3035 524 quid
3079 449 3320 507 omnium
3371 463 3470 506 suo
3524 459 3787 520 tempore

519 549 746 606 nihilum
785 552 1037 608 redactus
1073 563 1159 609 est
1203 554 1492 625 malignus,
1527 561 1581 608 et
1624 552 1995 624 indignatione
2038 558 2096 607 et

517 638 598 695 ira
643 646 821 696 mutus
859 639 1081 696 eﬁ‘cctus
1108 657 1123 696 :
1155 657 1220 698 eo
1249 643 1379 697 utile
1418 634 1593 698 visum
1656 650 1741 697 est
1771 634 1802 697 a
1836 640 2094 710 coniura-

500 721 665 787 tione
704 727 991 786 desistere.
1028 730 1158 787 Inde
1200 732 1366 803 igitur
1395 733 1536 788 intro
1567 731 1846 797 monachi,
1880 730 1934 786 hi
1965 728 2094 785 soli-

517 828 629 877 tum
665 818 956 889 hospitium
991 821 1213 891 petiere.
1238 820 1405 878 Nocte
1431 823 1594 893 igitur
1629 818 1939 885 nativitatis
1983 818 2094 873 Do-

500 903 819 975 "miuiJesu,
858 917 919 963 nt
946 909 1062 979 ipsa
1102 909 1308 966 referre
1344 911 1499 967 nobis
1539 911 1895 983 prtesentibus
1932 908 2092 965 solita

500 996 653 1062 "erat,
689 998 739 1053 ei
779 999 1082 1069 quiescenti
1118 1000 1240 1055 talis
1265 1001 1403 1058 visio
1427 1001 1530 1057 fuit
1555 1021 1569 1057 :
1597 1001 1835 1059 Joannes
1864 1000 2093 1056 sanctis-

514 1084 686 1141 simus
716 1098 777 1171 ea
807 1086 961 1171 hora,
990 1104 1094 1158 qtta
1124 1089 1337 1145 Veritas
1378 1093 1443 1146 de
1475 1102 1620 1146 terra
1658 1099 1777 1145 orta
1820 1100 1922 1155 est,
1947 1105 2090 1160 prte-

500 1180 676 1232 'eunte
705 1194 808 1232 non
836 1169 1001 1249 parvo
1037 1180 1255 1235 luminis
1278 1180 1457 1252 globo,
1486 1190 1681 1252 prmsto
1724 1180 1914 1235 adfuit.
1956 1179 2089 1234 Cum

504 1260 685 1337 igitur
724 1268 939 1337 puella;
975 1268 1205 1324 insolita:
1245 1271 1321 1326 rei
1365 1272 1592 1327 horrore
1628 1269 1861 1340 perfusa,
1896 1269 2090 1342 paulu-

514 1358 625 1415 lum
654 1368 863 1416 morata
908 1370 1081 1429 esset;
1133 1362 1278 1427 inde,
1321 1364 1571 1433 quisnam
1595 1373 1760 1431 esset,
1790 1357 2091 1433 interroga-

514 1458 637 1506 ret:
669 1449 780 1517 llle,
830 1467 970 1517 sum,
1022 1453 1218 1525 inquit,
1248 1455 1335 1510 cui
1362 1464 1471 1511 toto
1498 1464 1736 1526 pectore,
1771 1464 1881 1510 tota
1912 1465 2091 1510 mente

512 1542 749 1596 animam
800 1558 1107 1614 corpusque
1160 1544 1528 1604 commendas.
1575 1547 1760 1603 Fidem
1809 1548 1992 1603 verbis
2037 1557 2092 1604 et

510 1631 756 1688 cucullus
803 1634 1163 1703 monachalis,
1204 1645 1259 1692 et
1303 1653 1459 1706 crux,
1510 1655 1633 1694 cum
1678 1653 1785 1710 qua
1830 1639 2087 1710 pingitur,

503 1722 691 1814 fecere
719 1741 735 1792 ;
768 1725 939 1796 ipsam
981 1727 1126 1783 enim
1161 1718 1302 1786 tunc
1330 1746 1444 1804 pra:
1481 1732 1755 1798 manibus,
1795 1742 1854 1788 ut
1890 1733 2088 1799 aiebat,

511 1824 766 1885 gestare.‘
1186 1830 1187 1835 ‘

581 1906 705 1962 375.
747 1909 824 1965 Ea
865 1910 1030 1982 igitur
1067 1912 1122 1969 in
1163 1914 1455 1972 maximam
1500 1932 1652 1989 spem
1701 1917 2093 1989 recuperanda:

509 1996 761 2063 sanitatis
797 2002 1052 2068 adducta,
1097 2002 1146 2058 ei
1192 2007 1508 2077 sospitatem
1558 2008 1830 2074 redderet,
1875 2010 2086 2064 orabat.

508 2086 608 2142 Cui
635 2087 870 2146 Joannes
891 2092 1236 2152 beatissimus
1265 2114 1280 2152 :
1311 2097 1412 2153 hac
1458 2098 1803 2169 potissimum
1852 2114 2017 2155 causa
2058 2114 2089 2154 a

513 2180 745 2238 Domino
770 2182 895 2240 Jesu
932 2187 1129 2243 missus
1173 2204 1318 2254 sum,
1361 2206 1484 2245 cum
1534 2181 1800 2261 nusquam
1828 2201 1880 2247 te
1922 2200 2090 2246 tutam

510 2287 605 2328 seu
647 2274 969 2332 incolumem
1029 2280 1131 2335 nisi
1172 2280 1225 2336 in
1264 2296 1362 2336 sua
1404 2283 1603 2339 virtute
1649 2284 1953 2339 existimes.
1992 2283 2089 2341 llis

510 2372 564 2418 et
611 2366 820 2436 signum
868 2368 1047 2424 crucis
1078 2370 1306 2437 addidit,
1349 2371 1475 2427 imle
1518 2388 1641 2428 cum
1698 2374 1845 2429 onmi
1892 2389 2089 2444 pompa

510 2452 757 2511 sublimis
804 2458 960 2523 abiit,
1004 2459 1119 2530 jam
1170 2460 1257 2516 illa
1307 2475 1337 2516 a
1386 2462 1597 2518 diabolo
1646 2450 1894 2518 liberata.
1952 2464 2090 2519 lliuc

512 2559 736 2633 repente
783 2537 1036 2618 gaudium
1086 2550 1282 2617 oritur,
1333 2551 1421 2607 ubi
1470 2554 1727 2624 quidnam
1760 2555 1810 2609 ei
1844 2555 2089 2610 evenerit

510 2653 812 2710 cognovere
834 2657 1060 2708 omnes;
1100 2642 1245 2712 quod
1272 2643 1489 2713 quidem
1542 2645 1728 2701 nescio
1755 2660 1859 2715 qua
1893 2647 2088 2715 gratia,

510 2745 621 2800 quo
675 2731 786 2788 fato
844 2734 897 2787 in
966 2748 1257 2789 mazrorem
1312 2750 1527 2790 versum
1579 2743 1664 2790 est
1715 2754 1729 2789 :
1804 2736 1893 2789 vix
1931 2735 2088 2800 enim

514 2822 771 2875 narrandi
820 2821 976 2876 ﬁnem
1028 2821 1252 2890 fecerat,
1292 2839 1414 2879 eum
1464 2823 1628 2889 illico,
1681 2832 1740 2878 ut
1787 2825 1841 2879 itt
1889 2814 2091 2896 aegroto

514 2929 742 2984 corpore
772 2914 1018 2968 accidere
1061 2914 1219 2979 solet,
1268 2916 1523 2970 restricta
1562 2915 1842 2970 oculorum
1870 2917 2006 2983 acie,
2036 2916 2088 2970 in

518 3013 720 3058 terram
748 3003 1021 3072 prolapsa,
1061 3005 1319 3073 paulatim
1351 3005 1574 3075 depulso
1618 3007 1903 3078 sanguine,
1943 3006 2092 3062 calor

515 3093 570 3147 in
603 3108 664 3146 ea
694 3094 1143 3163 exstinguebatur
1171 3110 1270 3149 una
1303 3111 1424 3151 cum
1467 3097 1682 3168 spiritu,
1722 3098 1793 3152 ita
1828 3099 2091 3153 utexani-

516 3191 717 3236 malam
749 3182 990 3238 dicerent
1026 3184 1268 3254 quidam.
1304 3185 1382 3241 Eo
1410 3201 1699 3258 germanus
1723 3187 1882 3241 aliive
1907 3184 2092 3243 aliines

515 3270 570 3327 in
624 3273 894 3345 lacrymas
942 3264 1330 3347 prerumpere;
1382 3293 1519 3348 quos
1561 3277 1872 3349 Benignus,
1934 3277 2093 3345 hujus

516 3362 830 3419 monasterii
867 3367 1189 3434 monachus,
1239 3366 1325 3423 his
1373 3368 1652 3425 solabatur
1700 3370 1923 3425 verbis:
1971 3369 2094 3426 Sint

515 3452 769 3526 lacrymte
825 3466 1109 3527 metusque
1157 3460 1334 3515 omnis
1379 3459 1565 3530 procul
1597 3479 1610 3515 :
1640 3461 1743 3516 hoc
1791 3462 1937 3515 enim
1994 3475 2094 3515 nec

516 3560 713 3600 novum
743 3555 848 3611 est,
880 3563 981 3601 nec
1008 3548 1308 3607 inauditum
1342 3567 1356 3604 :
1383 3565 1472 3605 me
1504 3532 1738 3613 vidente,
1774 3551 2092 3604 mulieribus

522 3650 554 3690 τι
607 3636 853 3692 da'ntone
897 3638 1075 3708 captis
1117 3620 1317 3693 accidit
1362 3639 1580 3693 millies.
1631 3639 1769 3693 Tutn
1806 3641 1932 3708 quid
1963 3638 2090 3694 Jesu

514 3720 870 3798 temporibds,
899 3739 958 3784 ut
978 3728 1331 3800 Evangelista:
1354 3729 1617 3794 referunt,
1643 3729 1690 3784 ei
1720 3746 1888 3799 puero
1931 3746 2091 3800 quem

517 3816 727 3871 dmmon
756 3827 1120 3873 consueverat
1154 3819 1207 3871 in
1245 3833 1440 3887 aquam
1471 3828 1526 3873 et
1555 3819 1608 3873 in
1642 3819 1818 3888 ignem
1855 3820 2091 3885 trudere,

518 3915 578 3961 ut
636 3922 760 3991 eum
812 3911 1102 3978 perderet,
1160 3908 1423 3975 evenerit,
1481 3910 1924 3966 animadvertatis
1973 3926 2089 3965 ero.

517 3988 715 4054 Nonne
749 3997 873 4054 Jesu
917 4009 1201 4070 prmsente,
1246 4001 1332 4056 cui
1361 4002 1541 4056 omnia
1594 3985 1805 4072 parent,
1849 4003 2093 4057 daemone

520 4094 629 4145 tam
675 4100 859 4148 atroce
904 4094 1071 4148 invito
1117 4095 1451 4162 discedente,
1490 4112 1627 4167 puer
1676 4098 1824 4152 humi
1869 4105 2090 4161 stratus,

519 4180 686 4238 veluti
734 4183 1004 4249 mortuus,
1048 4184 1288 4255 iacebat,
1335 4189 1450 4258 qui,
1482 4185 1610 4243 Jesu
1642 4188 1877 4254 volt-nte,
1910 4188 2091 4242 statim

518 4274 788 4329 surrexit?
832 4274 978 4331 Idem
1030 4277 1190 4346 paulo
1232 4289 1355 4348 post
1405 4280 1494 4336 isti
1538 4278 1730 4351 puellae
1769 4274 1828 4333 S.
1871 4276 2097 4335 Joannis

518 4365 775 4433 precibus
806 4363 945 4431 fore,
972 4367 1184 4423 dubitet
1211 4385 1393 4426 nemo.

2119 1796 2167 1856 Β

2189 547 2524 620 justissimus
2551 545 2651 602 Job
2678 560 2776 601 suo
2802 544 2856 600 in
2892 556 3143 612 corpore,
3176 541 3288 596 suis
3329 540 3381 595 in
3423 540 3569 607 ﬁliis,
3602 541 3658 595 in
3685 540 3784 595 his

2193 640 2451 695 omnibus
2499 629 2619 709 quae
2647 636 2925 710 possidere
2953 633 3257 698 videbatur,
3286 630 3590 702 pertulerit,
3620 631 3783 687 haud

2193 718 2531 787 occurrebat.
3860 710 3873 721 ’

2259 820 2383 876 577.
2424 820 2529 875 Sed
2572 819 2731 885 redeo
2766 815 2832 871 ad
2872 814 3103 888 puellam
3143 812 3336 884 ipsam,
3366 826 3488 883 quae
3516 811 3780 883 quidem,

2193 912 2285 969 ubi
2326 911 2448 967 data
2496 919 2580 965 est
2631 909 2734 965 sibi
2780 908 3029 972 facultas,
3079 905 3241 961 talem
3285 902 3408 959 Jesu
3460 902 3782 974 virginiquo

2192 1001 2374 1058 Maritc
2404 1001 2703 1056 orationem
2730 998 2944 1064 habuit,
2974 996 3185 1066 qualem
3213 1009 3485 1064 nunquam
3516 1002 3677 1048 antea
3709 991 3781 1049 in

2192 1086 2423 1151 muliere
2447 1092 2796 1157 audiveram;
2844 1088 3011 1154 domi,
3040 1080 3349 1148 Florentiae,
3375 1083 3464 1138 hic
3506 1080 3779 1137 beneﬁcia

2191 1201 2309 1257 qua:
2336 1184 2436 1240 sibi
2470 1181 2774 1239 contulerat
2806 1170 3087 1242 referens;
3115 1193 3235 1234 sese
3294 1176 3346 1230 in
3379 1182 3530 1229 tanto
3570 1173 3778 1255 discri-f

2192 1267 2361 1341 mine,
2415 1274 2558 1345 quod
2586 1273 2659 1338 ei,
2701 1281 2755 1327 ut
2795 1280 2936 1336 erat,
2985 1269 3220 1340 primum
3267 1264 3549 1321 videbatur
3567 1302 3593 1329 ,.
3624 1250 3778 1318 nun;-

2190 1384 2353 1440 quam
2392 1369 2461 1424 ab
2502 1367 2587 1422 his
2633 1365 2905 1421 desertam
2936 1376 3212 1419 asserens.
3255 1359 3336 1414 Ad
3377 1359 3493 1413 haec
3526 1354 3780 1428 profecto

2192 1459 2445 1516 maluisse
2475 1457 2636 1521 nulla,
2663 1472 2825 1526 quam
2855 1454 3040 1511 mundi
3070 1454 3233 1517 bona,
3253 1462 3570 1520 perpessam
3600 1459 3726 1501 esse
3755 1460 3774 1499 :

2192 1552 2277 1607 his
2298 1550 2440 1606 enim
2489 1551 2541 1604 in
2591 1550 2695 1604 ﬁde
2730 1555 2784 1604 et
2824 1547 3110 1603 clementia
3147 1545 3241 1599 Dei
3292 1542 3548 1610 majorem
3594 1554 3805 1611 spem,

2192 1655 2258 1695 ac
2299 1649 2484 1705 antea,
2510 1640 2559 1695 ei
2587 1638 2747 1694 sitam
2775 1654 2790 1693 :
2824 1638 3077 1693 omnibus
3117 1636 3262 1692 enim
3295 1635 3361 1688 ad
3394 1634 3517 1687 vitae
3555 1638 3789 1685 aeterna.

2192 1732 2423 1803 patriam
2472 1717 2814 1801 cupientibus
2859 1712 3164 1794 festinare,
3220 1725 3355 1781 nihil
3404 1724 3485 1780 eis
3533 1720 3798 1778 assiduis-

2196 1822 2631 1899 tribulationibus
2655 1820 3013 1893 opportunius
3042 1819 3240 1875 ducere
3265 1834 3281 1884 ;
3310 1831 3432 1871 nam
3464 1814 3591 1870 hinc
3615 1827 3777 1868 amor

2193 1898 2309 1981 Dei,
2360 1914 2600 1987 cognitio
2649 1914 2751 1978 sui,
2802 1914 3017 1968 animus
3064 1898 3141 1966 ad
3194 1909 3510 1982 patientiam
3558 1909 3775 1977 ingens,

2192 2002 2428 2060 libidinis
2462 1992 2838 2073 malarumque
2873 2001 3410 2070 cupiditatum,.qna:
3439 2012 3503 2052 ex
3536 1994 3768 2051 insolen-

2195 2082 2267 2153 ua
2296 2096 2451 2163 fiunt,
2486 2084 2830 2167 exstirpatio.
2881 2094 3005 2150 Haec
3046 2093 3330 2156 ubi’dixit,
3368 2090 3554 2146 oculos
3589 2090 3642 2144 in
3672 2103 3780 2144 nos

2192 2188 2427 2260 benigne
2452 2188 2773 2254 intendens,
2799 2188 2924 2243 inde
2944 2185 3095 2241 vultu
3126 2184 3360 2240 demisso
3382 2183 3460 2239 sic
3481 2179 3730 2253 profatur
3754 2197 3774 2234 :

2190 2276 2366 2343 Jesus,
2393 2293 2423 2332 a
2469 2292 2577 2348 quo
2623 2278 2766 2334 bona
2808 2276 2977 2332 multa
3014 2274 3336 2346 procedunt,
3365 2273 3540 2336 vobis,
3566 2285 3664 2342 pro
3692 2279 3777 2325 tot

2194 2369 2464 2439 tantisque
2516 2368 2568 2423 in
2618 2384 2705 2424 me
2750 2367 2963 2423 collatis
3012 2365 3311 2430 beneﬁciis,
3359 2364 3412 2418 in
3446 2362 3799 2417 Sanctorum-

2191 2462 2367 2534 patria
2403 2448 2682 2526 restituat,
2712 2459 3021 2529 vestrisque
3051 2456 3332 2534 suppliciis
3351 2463 3407 2510 et
3435 2451 3797 2508 orationibus.

2191 2528 2279 2606 me
2319 2534 2753 2605 commendatam
2781 2528 3050 2610 habeatis,
3075 2528 3197 2623 οι·ος
3230 2543 3324 2599 llis
3358 2543 3542 2613 itaque
3565 2539 3791 2605 verbis,

2192 2641 2308 2698 fere
2330 2640 2581 2697 omnibus
2610 2639 2970 2711 praesentibus
3010 2637 3281 2709 lacrytnas
3317 2634 3614 2691 concussit.
3640 2631 3798 2686 Inde

2192 2733 2308 2799 alii,
2334 2732 2429 2787 sed
2456 2731 2755 2801 prtescrtim
2782 2727 3036 2784 Nicolaus
3066 2726 3387 2790 monachus,
3415 2723 3540 2793 quia
3570 2721 3787 2777 libera.—

2160 2876 2163 2879 .
2192 2824 2316 2878 liter
2344 2822 2536 2886 habiti,
2561 2819 2814 2875 omnibus
2847 2819 3051 2890 gratias
3093 2826 3342 2886 agentes,
3384 2813 3601 2868 domum
3643 2823 3793 2878 pro-

2193 2917 2364 2988 priam
2407 2915 2714 2970 discedunt.
2754 2910 3024 2989 Suntqui
3069 2909 3274 2971 dicant,
3323 2921 3385 2961 ea
3432 2912 3591 2958 nocte
3633 2900 3777 2955 nati-

2193 3007 2380 3062 vitatis
2430 3006 2637 3062 Christi
2686 3002 2813 3059 Jesu
2842 3043 2858 3068 ,
2918 3016 3024 3071 qua
3082 3000 3294 3055 daemon
3342 2998 3397 3052 in
3447 3010 3562 3050 rem
3616 3007 3776 3047 suam

2194 3099 2391 3153 malam
2429 3096 2719 3158 concessit,
2756 3093 2942 3148 varios
2967 3089 3227 3160 strepitus
3249 3087 3622 3153 clamoresque
3645 3081 3775 3137 hor-

2195 3173 2390 3247 rendos
2421 3192 2472 3245 iu
2505 3189 2693 3263 Sancti
2737 3187 2901 3243 Salvii
2936 3183 3270 3240 monasterio
3297 3181 3537 3245 auditos,
3564 3178 3791 3245 lampas

2184 3281 2288 3337 'des
2331 3280 2579 3336 ecclesia:
2617 3279 2860 3333 fractas:
2888 3274 3043 3329 nobis
3081 3281 3264 3328 tamen
3287 3271 3392 3326 hoc
3411 3283 3605 3340 parum
3624 3280 3785 3322 com-

2192 3384 2429 3446 pertnm.
2806 3430 2809 3435 γ

2838 3459 3014 3518 PARS
3050 3458 3137 3514 lll.

2262 3560 2387 3616 578.
2404 3559 2479 3614 Ex
2502 3556 2720 3628 oppido,
2742 3570 2859 3623 qua:
2880 3552 3030 3622 plebs
3047 3549 3105 3605 S.
3125 3544 3383 3618 Stephani
3404 3542 3621 3607 dicitur,
3636 3540 3793 3605 duos

2193 3652 2540 3713 sernifatuos,
2586 3648 2676 3717 qui
2722 3630 2948 3699 dtemoni
2978 3640 3176 3719 crebro
3202 3645 3385 3709 aperte
3410 3650 3469 3691 se
3489 3632 3775 3698 dederant,

2193 3743 2261 3797 ad
2303 3744 2404 3796 hoe
2450 3739 2507 3794 S.
2561 3737 2743 3792 Mariae
2786 3731 3196 3794 monasterium,
3241 3743 3347 3783 non
3386 3739 3555 3797 parva
3592 3719 3767 3778 homi-

2194 3850 2321 3890 num
2354 3831 2647 3887 comitante
2696 3827 2874 3889 turba,
2921 3806 3259 3878 contendere.
3288 3818 3558 3881 vidimus;
3590 3813 3679 3884 qui
3708 3819 3779 3865 ιιι

2193 3938 2381 3978 veram
2437 3928 2671 3975 mentem
2707 3958 2721 3982 ,
2773 3927 3043 3984 sanesque
3094 3898 3299 3966 80115115¹
3330 3902 3767 3977 recuperaverint

2195 4025 2454 4069 enarrare
2482 4007 2729 4071 studebo,
2763 4005 2805 4058 si
2839 4005 2989 4073 prius
3047 3999 3318 4071 quomodo
3348 3997 3402 4052 in
3431 3994 3576 4050 illam
3611 3993 3769 4047 dere.

2194 4104 2376 4160 norint
2421 4099 2685 4157 insaniam
2753 4095 2956 4166 liquido
3032 4089 3401 4161 patefecerim.
3465 4087 3540 4141 De
3595 4083 3768 4155 primo

2196 4195 2362 4264 igitur
2408 4207 2439 4247 a
2488 4189 2651 4246 sociis
2698 4186 2777 4241 sic
2832 4182 3160 4253 accepimus.
3207 4179 3341 4235 Cum
3394 4177 3538 4232 enim
3586 4185 3769 4228 amore

2195 4256 2334 4340 miro
2376 4281 2664 4352 quamdam
2711 4275 2975 4345 virginem
3028 4268 3338 4340 deperiret,
3391 4275 3620 4332 eamque
3665 4256 3770 4315 sibi

2194 4375 2384 4448 nuptui
2432 4372 2546 4427 dari
2587 4371 2850 4425 instanter
2895 4371 3124 4435 peteret,
3172 4360 3331 4416 alteri
3372 4356 3618 4445 tandem,
3661 4366 3768 4409 non

588 4452 713 4509 576.
755 4454 848 4511 llis
882 4456 1156 4526 paululum
1197 4460 1393 4514 arrecti
1437 4460 1633 4525 animi;
1673 4459 1859 4514 oculos
1892 4458 1942 4514 in
1973 4474 2089 4513 eam
2125 4473 2169 4533 θ
2196 4434 2386 4539 pain...
2435 4465 2536 4518 sibi
2588 4460 2819 4524 infenso,
2869 4434 2922 4511 in
2977 4438 3381 4510 matrimonium
3411 4434 3600 4517 juncta
3642 4453 3763 4501 es“

521 4547 718 4618 saepius
764 4558 819 4604 et
864 4564 960 4604 ora
1006 4544 1304 4617 vertentes,
1360 4551 1541 4607 tristes
1590 4553 1853 4622 reliquam
1885 4562 2089 4622 partem

521 4637 696 4693 noctis
725 4639 927 4695 duxere
957 4642 1278 4707 insomnem,
1315 4642 1447 4697 hora
1490 4652 1669 4703 autem
1723 4658 1826 4711 qua
1863 4641 1928 4695 ad
1963 4641 2092 4696 mis-

522 4734 638 4782 Sam
682 4733 892 4785 aurora:
940 4748 1217 4804 campanae
1261 4732 1567 4803 pulsantur,
1611 4748 1733 4786 mox
1766 4731 1938 4800 puella
1981 4731 2095 4797 illa,

526 4821 679 4889 quasi
713 4837 741 4875 a
778 4824 966 4879 Somno
1007 4841 1256 4893 excussa,
1303 4825 1491 4880 oculos
1531 4824 1780 4893 aperiens
1804 4823 1855 4877 in
1884 4818 2101 4893 primis,

526 4911 650 4969 inde
693 4911 949 4983 paulatim
991 4931 1208 4972 movere
1262 4916 1527 4971 tncmhra.
1574 4913 1821 4968 Surrexit
1859 4912 2094 4967 tandem.

528 5000 591 5059 Hi
637 5005 730 5074 qui
772 5005 1002 5062 aderant
1028 5049 1042 5073 ,
1096 5011 1331 5078 printqu
1368 5011 1594 5064 horrore
1633 5004 1857 5077 perfusi,
1890 5006 2012 5061 itide
2044 5006 2095 5060 in

528 5095 768 5134 Irnlilinm
800 5099 941 5134 νοιοαῖ
999 5100 1163 5134 “mum
1192 5100 1416 5134 lanula-un
1475 5102 1734 5134 υἶνιτῖηηηῑ
1768 5098 1990 5134 Marium
2045 5105 2095 5134 ΩΙ

2194 4534 2301 4629 quo
2333 4572 2496 4626 supra
2522 4553 2719 4607 bontun
2756 4551 3148 4615 honestumque
3169 4556 3459 4613 percussus
3481 4538 3661 4607 longe,
3690 4534 3768 4588 in-

2194 4626 2396 4713 sanire,
2418 4641 2764 4705 debacchari,
2797 4638 3125 4717 exclamare,
3152 4651 3248 4705 per
3273 4633 3421 4687 vicos
3451 4639 3506 4685 et
3538 4626 3773 4695 compita.

2196 4741 2452 4795 miserum
2513 4750 2635 4792 sese
2706 4733 2891 4787 dicere
2919 4770 2934 4795 ,
3006 4726 3235 4783 (lminoni
3283 4725 3451 4778 vitam
3507 4731 3770 4786 suumque

2197 4829 2439 4884 animum
2500 4823 2870 4887 committere;
2914 4818 3104 4891 puellae
3150 4812 3640 4881 adolescentulique
3670 4807 3765 4861 viri

2200 4917 2462 4994 [domum]
2515 4915 2846 4993 explorans;
2903 4922 2961 4966 ut
2998 4910 3331 4983 interficeret
3371 4920 3466 4960 eos
3512 4900 3774 4994 [occasioz

2200 4984 2347 5080 item]
2375 4984 2645 5085 quiererc,
2667 5012 2721 5058 et
2745 5002 2851 5057 alia
2877 5000 3063 5064 multa,
3092 5012 3212 5077 quae
3238 4995 3461 5050 insanus
3485 5004 3637 5048 amor
3654 4984 3783 5044 ﬁeri.

2200 5108 2339 5134 omni
2399 5107 2508 5134 lum
2539 5097 2719 5134 .linnra
2774 5103 2882 5134 Inm
2915 5104 3093 5134 acere.
