4076 5310
376 244 479 305 957

1899 242 2099 299 ACTA.

3543 242 3650 301 958

380 357 519 414 forte
545 355 702 413 hisiu
725 355 866 412 viam
890 355 1114 421 rediret,
1145 355 1431 411 educatum
1466 355 1724 411 habuere.
1751 355 1959 424 Quibus
1990 360 2033 418 Λ
2064 370 2311 410 serorum
2365 368 2508 425 spes,
2553 363 2741 426 portus
2795 363 2943 410 tutus
2989 368 3088 424 per
3138 353 3242 410 hoc
3285 348 3650 424 procellosum

380 464 478 504 nec
504 447 593 503 ille
616 446 820 514 curari,
852 461 953 501 nec
983 445 1135 500 furor
1160 444 1541 507 leniri,verum
1564 448 1619 501 in
1646 445 1761 502 dies
1789 446 1963 525 magis

380 554 443 594 ac
480 539 652 609 magis
682 537 890 592 insania
916 536 1128 592 malove
1162 537 1356 606 spiritu
1397 538 1624 607 agitari;
1663 538 1960 594 daamonem

382 630 434 684 in
474 630 556 684 sui
595 628 880 691 auxilium.
929 628 1065 698 proh
1106 627 1288 684 nefas!
1341 628 1642 699 appellare;
1691 628 1792 702 [et]
1829 630 1961 685 mihi

382 729 615 776 mortem
651 720 1012 782 consciscam,
1060 718 1388 783 exclamare,
1430 720 1484 773 ni
1531 720 1657 775 hinc
1697 728 1960 776 extraxe-

384 813 539 868 ritis!
571 817 786 867 demum
815 810 890 865 nil
922 810 1028 865 nisi
1056 802 1232 864 insani
1274 810 1483 879 capitis
1511 817 1733 880 prorsus
1781 811 1964 867 dicere

374 886 477 963 Haut
522 902 725 959 facere.
774 902 870 958 His
918 902 1145 970 aliisque
1181 901 1344 957 rebus
1373 900 1566 957 affines
1589 902 1817 957 nimium
1840 917 1963 973 per-

372 976 544 1062 culsi,
578 1011 698 1052 cum
726 1010 822 1051 nec
848 995 977 1066 quid
1017 1010 1201 1064 agere,
1230 993 1374 1066 [nec]
1404 1010 1515 1065 quo
1544 1008 1604 1051 se
1630 1004 1865 1060 vertere,
1894 994 1963 1051 ad

374 1074 599 1154 'plenum
624 1083 1006 1155 intelligerent,
1050 1084 1359 1157 insanusne
1380 1093 1547 1149 esset,
1571 1100 1637 1138 an
1662 1100 1691 1139 a
1720 1085 1962 1140 dremone

373 1186 606 1245 .captus,
642 1175 823 1231 omnia
867 1174 1259 1230 dubitationem
1309 1172 1522 1230 afferre.
1572 1174 1963 1233 Cunctantihus

374 1258 495 1345 his,
542 1264 820 1337 multaque
862 1280 1044 1321 secum
1089 1265 1439 1335 agitantibus,
1495 1265 1626 1320 utile
1669 1266 1842 1321 visum
1879 1276 1963 1321 est

376 1372 544 1430 super
572 1359 675 1414 hoc
700 1357 849 1425 Jesu,
879 1358 1119 1430 Virginis
1162 1356 1366 1425 Mariae,
1409 1366 1463 1413 et
1491 1358 1550 1413 S.
1588 1356 1813 1414 Joannis
1838 1374 1963 1430 gra-

386 1453 513 1508 tiam
541 1452 796 1522 experiri.

373 1616 381 1625 .
452 1543 573 1600 380.
641 1543 820 1615 ipsum
867 1544 1053 1613 itaque
1099 1541 1344 1599 vinctum
1394 1544 1445 1598 in
1493 1542 1668 1599 lucem
1721 1542 1959 1612 prodire,

384 1646 618 1707 anteque
647 1652 740 1692 ora
774 1635 1052 1692 hominum
1085 1636 1308 1707 spiritus
1335 1636 1574 1706 plenum,
1607 1637 1774 1691 torvis
1803 1636 1959 1691 terri-

383 1705 686 1797 bilibusque
731 1727 905 1782 oculis
930 1705 1282 1797 _spectantem
1338 1705 1485 1780 trahi
1532 1726 1745 1795 jubent.
1822 1726 1960 1794 Quid
1994 1705 2035 1763 Β

372 1799 524 1887 quod
561 1817 816 1873 ferociam
851 1818 1040 1882 animi,
1072 1833 1234 1887 quam
1272 1817 1588 1872 habebatin
1616 1816 1788 1883 vultu,
1822 1832 1951 1881 nun;

383 1922 577 1976 quam,
632 1908 739 1962 nisi
791 1917 1113 1977 recuperata
1161 1907 1422 1973 sanitate,
1477 1905 1744 1976 deposuit.
1796 1904 1963 1975 Igitur

381 2000 667 2072 postridie,
699 2000 1013 2070 compositis
1038 2015 1104 2055 ex
1132 2009 1258 2056 voto
1281 2000 1462 2064 rebus,
1493 1999 1963 2069 proficiscentibus

383 2106 449 2146 es
496 2092 664 2157 urbe,
720 2091 813 2149 illo
859 2091 1073 2146 furente
1129 2092 1540 2161 pro‘cacitcrque
1587 2092 1960 2157 exclamante,

385 2182 543 2237 turba
572 2172 850 2237 hominum
908 2182 1033 2236 hinc
1064 2183 1187 2237 inde
1214 2182 1406 2237 dextra
1449 2182 1689 2253 hevaque
1729 2181 1964 2237 circum-

376 2273 626 2335 ,dantium
653 2287 797 2337 eum,
826 2256 1109 2338 admirari,
1145 2282 1218 2338 et,
1262 2288 1365 2342 qua
1399 2273 1502 2327 iter
1528 2282 1668 2341 erat,
1698 2289 1763 2328 ex
1795 2274 1957 2342 agris.

384 2362 548 2428 villis,
589 2363 959 2433 cujuscunque
1001 2377 1163 2417 sexus
1200 2363 1266 2418 ad
1296 2379 1418 2418 eum
1444 2378 1771 2419 concurrere
1812 2378 1960 2417 mor-

372 2449 541 2518 tales.
577 2456 741 2528 IEgre
792 2458 1046 2528 denique,
1092 2458 1302 2527 asperis
1345 2457 1632 2513 itineribus
1675 2456 1960 2512 difﬁculta-

385 2558 546 2618 teque
589 2564 766 2603 rerum
812 2548 964 2612 fessi,
1014 2549 1119 2604 hoc
1159 2548 1215 2602 S.
1249 2548 1429 2602 Mariae
1459 2548 1849 2603 monasterium
1876 2563 1963 2603 se-

384 2642 555 2699 cunda
580 2629 836 2711 vigesima
866 2641 977 2694 fere
1000 2641 1130 2695 hora
1152 2640 1347 2711 (222').
1365 2641 1524 2695 tertia
1554 2641 1639 2696 die
1668 2655 1772 2711 qua
1798 2640 1960 2695 domo

384 2724 649 2798 abierant,
674 2744 909 2788 tenuere.
935 2733 1256 2789 Liberaliter
1286 2734 1469 2805 itaque
1497 2750 1528 2788 a
1559 2734 1839 2791 monachis
1865 2735 1963 2789 ha-

385 2822 513 2888 biti,
550 2824 1115 2895 coniurationibus-et
1158 2827 1523 2882 orationibus
1571 2834 1961 2898 persenserunt

385 2928 508 2971 eum
548 2929 653 2971 non
696 2915 886 2971 morbo
934 2916 1284 2994 dremoniaco,
1336 2932 1523 2971 verum
1570 2916 1780 2972 insania
1828 2932 1959 2986 qua-

382 3002 507 3059 dam
532 3004 801 3061 laborare.
844 3007 995 3075 Quod
1032 3008 1283 3085 equidem
1330 3023 1451 3064 cum
1500 3024 1605 3063 non
1649 3009 1781 3064 satis
1824 3024 1957 3065 con-

378 3107 592 3171 stanter
623 3099 813 3156 aflines
837 3100 1130 3175 cmterique
1162 3101 1295 3156 socii
1329 3101 1654 3172 perferrent,
1677 3109 1739 3155 ut
1763 3101 1958 3155 immo—

382 3189 545 3255 desti,
578 3190 741 3245 verba
782 3189 1033 3245 indecora
1075 3190 1256 3256 edere,
1287 3205 1346 3246 se
1374 3190 1484 3245 Deo
1511 3189 1831 3260 Sanctisque
1856 3190 1959 3246 rite

385 3281 549 3335 fidere
577 3281 718 3338 haud
750 3281 974 3359 ulterius
1003 3297 1185 3358 posse,
1224 3282 1564 3337 asserebant.
1862 3348 1865 3351 Α

452 3371 576 3427 581.
620 3371 748 3439 Quae
773 3354 897 3427 eum
928 3354 1111 3427 abbati
1136 3354 1543 3437 nuntiarentur,
1581 3387 1774 3427 eorum
1809 3370 1958 3438 igno—

384 3469 563 3522 rantia
608 3479 665 3523 et
709 3469 1156 3544 immoderatione
1196 3468 1393 3539 linguae
1433 3477 1731 3537 permotus,
1770 3465 1955 3536 hospi-

386 3560 544 3623 tium,
599 3560 866 3614 monacho
915 3560 1087 3615 altero
1147 3558 1488 3623 comitante,
1541 3558 1691 3613 adire
1744 3556 1957 3612 curavit

381 3651 801 3719 quamprimum.
827 3650 901 3705 lbi
936 3650 1203 3721 imprimis
1232 3666 1327 3705 eos
1353 3650 1640 3721 castigare,
1674 3648 1816 3721 quod
1847 3658 1953 3702 tam

381 3737 675 3794 imbecilles
715 3749 932 3810 tamque
975 3740 1119 3795 leves
1158 3747 1361 3805 essent,
1411 3737 1517 3812 [ut]
1551 3755 1728 3809 neque
1752 3739 1807 3794 id
1836 3753 1954 3808 pcr-

378 3829 488 3899 peti
516 3840 758 3901 possent,
790 3830 931 3885 unde
958 3844 1147 3901 magna
1185 3845 1331 3905 spes,
1357 3828 1528 3898 major
1551 3829 1713 3884 etiam
1744 3844 1954 3884 merces

378 3915 753 3993 [proveniret].
795 3918 1021 3986 Nonne,
1041 3921 1083 3974 si
1117 3928 1426 3976 constantes
1454 3936 1576 3975 esse
1604 3920 1950 3984 voluerimus.

378 4012 560 4085 omnia
612 4010 752 4067 bona
786 4027 815 4066 a
855 4010 980 4067 Jesu
1037 4013 1194 4067 nobis
1246 4011 1461 4068 abunde
1515 4022 1697 4077 erunt,
1750 4013 1951 4068 divitite

376 4104 743 4174 sempiternae,
791 4104 979 4172 decus,
1026 4104 1234 4176 gloria?
1278 4105 1360 4160 Ad
1412 4105 1527 4161 haec
1576 4106 1805 4176 benigne
1857 4120 1952 4160 eos

377 4194 611 4263 hortari,
639 4197 952 4263 admonere,
982 4198 1252 4252 constanti
1286 4198 1466 4253 animo
1496 4197 1801 4268 perferrent
1831 4211 1949 4268 ege-

377 4294 594 4352 statem,
643 4303 936 4353 aerumnas,
987 4288 1322 4343 calamitates
1368 4304 1579 4353 omnes,
1625 4303 1744 4357 qua:
1781 4287 1948 4341 multa

2066 460 2217 501 mare
2251 446 2656 515 navigantium;
2689 454 2767 511 et,
2798 461 2866 499 ne
2888 443 3070 500 multis
3095 459 3187 500 vos
3210 445 3503 508 detineam,
3534 444 3647 516 ipsa

2065 544 2148 592 est
2167 553 2286 607 qua:
2315 552 2421 590 non
2452 537 2626 592 solum
2666 536 2830 610 [qum]
2858 537 2910 591 in
2939 536 3123 603 terris,
3150 536 3243 592 sed
3270 552 3390 607 quae
3415 537 3468 592 in
3493 536 3651 593 cmlis

2065 637 2229 694 sunt,
2284 639 2477 701 pacata
2523 631 2925 703 tranquillaque
2969 631 3139 699 facit;
3185 645 3418 703 spesque
3447 639 3651 689 nostra

2064 736 2256 776 omnes
2284 722 2335 776 in
2367 738 2429 777 ea
2455 723 2574 783 sita:
2604 731 2752 779 sunt.
3608 738 3612 767 ³

2134 812 2260 869 582.
2301 813 2598 891 Postquam
2660 831 2919 886 accepere
2962 832 3024 871 ea
3096 817 3189 887 qui
3247 815 3478 872 aderant
3522 814 3649 883 viri,

2050 902 2164 959 etsi
2209 904 2352 959 haud
2400 921 2557 960 secus
2608 920 2674 961 ac
2738 905 2909 961 abbas
2956 906 3296 963 disseruerat
3356 906 3646 972 sentirent,

2048 992 2244 1052 'tamen
2290 997 2632 1069 postulavere
2696 997 2943 1069 plerique
2988 998 3094 1071 [ut]
3146 982 3477 1071 proponeret
3540 1014 3646 1070 qua

2062 1086 2149 1140 via
2196 1086 2298 1141 hoc
2343 1087 2559 1158 aggredi
2614 1088 2893 1144 deberent.
2946 1087 3173 1154 Censeo,
3225 1089 3401 1158 inquit
3453 1089 3646 1151 ablas,

2064 1177 2292 1234 aliorum
2319 1196 2467 1235 more
2493 1162 2607 1234 fieri
2636 1191 2817 1235 votum
2849 1196 2945 1251 pro
2969 1197 3033 1235 co
3059 1198 3072 1234 :
3107 1197 3231 1234 nam
3263 1181 3435 1251 spolia
3464 1182 3646 1252 Opima

2064 1288 2248 1344 regum
2298 1254 2651 1344 ducumque‘,
2705 1272 3045 1342 aliorumque
3095 1271 3410 1337 hominum,
3474 1280 3653 1329 cerete‘

2045 1358 2328 1437 imagines
2382 1380 2501 1435 qua:
2551 1365 2727 1420 oculis
2777 1364 3197 1439 ingredientium
3248 1364 3417 1419 mdem
3500 1360 3681 1423 illam‘

2062 1462 2332 1508 sacratam
2356 1469 2414 1509 se
2435 1454 2668 1509 offerunt
2690 1463 3108 1523 occurruntque,
3140 1452 3267 1523 quid
3292 1453 3437 1508 aliud
3481 1468 3646 1525 quam

2063 1545 2116 1599 in
2147 1544 2313 1599 variis
2348 1542 2755 1599 calamitatibus
2808 1552 2931 1597 veta
2958 1541 3168 1612 Virgini
3197 1540 3379 1597 Maria:
3408 1540 3648 1612 obligata

2052 1644 2359 1713 'ostentant,
2404 1633 2992 1713 vehementissimeque
3045 1633 3112 1687 ad
3162 1632 3213 1689 id
3261 1633 3647 1705 peragendum,

2064 1728 2109 1784 si
2135 1710 2501 1798 quis-daretur
2526 1710 2705 1792 casus,
2732 1726 3056 1781 intuentium
3087 1726 3380 1780 accendant
3407 1725 3650 1781 animos?

2063 1821 2177 1876 lloe
2208 1804 2346 1876 idem
2375 1834 2493 1884 vos,
2523 1821 2565 1875 si
2596 1820 2813 1891 sapitis,
2846 1820 2891 1874 si
2920 1834 3050 1875 vere
3091 1818 3190 1873 viri
3228 1819 3380 1883 estis,
3428 1819 3647 1890 aggredi

2062 1909 2220 1981 longe
2251 1909 2363 1965 fore
2386 1911 2516 1964 utile
2554 1911 2697 1965 dico.
2738 1910 3031 1981 Postquam
3080 1921 3259 1965 autem
3303 1910 3516 1976 animos
3555 1926 3651 1966 eo-

2063 2019 2182 2059 rum
2214 2003 2279 2058 ad
2319 2003 2537 2073 aliquod
2586 2011 2765 2057 votum
2815 2003 3171 2058 emittendum
3218 2003 3431 2059 alacres
3477 2004 3646 2070 videt,

2063 2093 2388 2161 valedicens,
2420 2109 2514 2174 eos
2543 2095 2766 2150 dimisit.
2801 2094 2876 2148 illi
2902 2095 3063 2166 igitur
3083 2105 3303 2164 postero
3330 2096 3418 2151 die
3437 2110 3649 2151 summo

2052 2184 2222 2241 'mane
2271 2183 2612 2252 festinantes,
2668 2183 2766 2239 bas
2812 2200 2936 2255 spes
2979 2193 3033 2239 et
3074 2184 3431 2255 cogitationes
3462 2200 3647 2240 secum

2054 2278 2359 2346 portantes,
2393 2274 2582 2329 urbem
2626 2273 2992 2329 Florentinam
3044 2273 3275 2345 ingressi
3326 2283 3471 2328 sunt.
3521 2271 3649 2327 lude

2062 2367 2288 2438 virginis
2335 2365 2518 2421 Mariae
2570 2365 2829 2436 templum
2883 2365 3184 2441 adeuntes.
3251 2359 3375 2421 eum
3426 2352 3651 2418 Floren-

2065 2459 2193 2514 linis
2215 2457 2628 2514 occurrentibus
2657 2457 3008 2528 conSpicuum
3036 2456 3274 2523 insania,
3326 2457 3649 2527 novitasque

2062 2567 2255 2607 vocum
2286 2559 2343 2605 et
2377 2549 2595 2620 ineptia:
2625 2564 2894 2620 nusquam
2921 2549 3054 2603 visae
3085 2548 3378 2605 faciebant.

2130 2644 2255 2700 585.
2287 2642 2422 2697 Mira
2466 2644 2581 2698 res!
2627 2658 2690 2697 ea
2737 2641 2827 2698 die
2872 2657 2978 2712 qua
3016 2640 3348 2698 Florentiam
3378 2640 3467 2696 isti
3518 2654 3653 2696 con-

2062 2733 2372 2799 tenderent,
2420 2749 2548 2789 ecce
2599 2732 2739 2791 alter
2785 2741 3029 2802 repente,
3087 2730 3325 2796 nostris,
3372 2730 3464 2801 qui
3519 2737 3649 2785 tunc

2063 2824 2193 2880 foris
2224 2833 2431 2890 essent,
2459 2824 2734 2895 apparuit,
2756 2824 2868 2895 ‘qui
2894 2838 2958 2883 ex
2988 2823 3178 2879 eodem
3208 2822 3403 2894 Oppido
3435 2821 3643 2877 Castel-

2060 2916 2208 2983 lano,
2236 2916 2426 2974 eodem
2459 2917 2623 2972 etiam
2669 2916 2875 2971 insana:
2916 2908 3116 2972 mentis
3156 2915 3348 2971 morbo
3398 2912 3643 2979 affectus,

1985 3044 2034 3108 α
2056 3007 2172 3063 .boc
2202 3007 2260 3062 S.
2290 3007 2472 3061 Maria:
2517 3006 2906 3061 monasterium
2943 3022 3040 3077 spe
3071 3007 3226 3062 bona:
3260 3006 3458 3059 mentis
3486 3020 3645 3059 recu-

2062 3102 2314 3173 peranda:
2361 3109 2590 3172 peteret.
2638 3100 2735 3155 liic
2780 3116 2886 3156 non
2923 3115 3149 3170 parvum
3181 3097 3282 3153 sibi
3313 3096 3648 3152 occurrenti-

2060 3192 2182 3257 bus,
2227 3191 2353 3262 quia
2402 3192 2606 3260 absque
2652 3190 2901 3260 exemplo
2953 3189 3241 3253 insaniret,
3302 3188 3541 3243 dolorem
3589 3194 3647 3241 et

2060 3280 2474 3337 admirationem
2527 3280 2791 3335 incutere.
2845 3278 3157 3334 Sciscitanti
3210 3279 3393 3347 itaque
3438 3276 3643 3343 abbati,

2052 3372 2202 3430 unde
2229 3371 2353 3440 sibi
2393 3371 2509 3426 hazc
2548 3370 2755 3425 insania
2791 3369 3006 3441 [esset,]
3056 3370 3137 3424 sic
3182 3370 3412 3424 comites
3447 3368 3645 3423 dedere

2060 3477 2398 3534 responsum.
2435 3459 2490 3516 lu
2521 3470 2759 3531 paterna:
2804 3460 3136 3517 luereditatis
3165 3459 3429 3514 divisione
3458 3473 3488 3511 a
3522 3473 3643 3528 gen-

2063 3556 2240 3611 manis
2271 3553 2458 3610 fraude
2498 3554 2807 3623 deceptum,
2837 3551 3058 3621 suisque.
3084 3550 3263 3614 bonis,
3319 3549 3644 3605 commentis

2058 3648 2382 3721 quibusdam
2421 3647 2620 3711 abhis
2659 3647 2977 3716 spoliatum,
3030 3643 3178 3698 nullo
3217 3642 3363 3712 iure,
3412 3642 3644 3712 pecunia

2057 3741 2408 3810 amicitiaque
2463 3738 2920 3809 prohibentibus,
2980 3750 3305 3806 recuperare
3362 3732 3641 3798 valuisse;

2057 3832 2196 3901 unde
2225 3830 2377 3901 prius
2400 3829 2635 3885 dolorem
2665 3829 2963 3897 ingentem,
2992 3826 3132 3880 hanc
3158 3824 3352 3880 deinde
3376 3823 3642 3878 insaniam

2056 3921 2371 3992 concepisse
2408 3919 2510 3975 sibi
2542 3920 2618 3974 ait
2649 3938 2662 3972 :
2689 3918 2962 3974 interdum
3002 3918 3145 3972 enim
3171 3915 3247 3971 ita
3278 3913 3641 3971 vehementis.

2055 4012 2191 4068 sime
2228 4028 2382 4067 mens
2411 4012 2529 4082 ejus
2563 4011 2773 4066 insania
2798 4018 3113 4080 occupatur,
3144 4016 3203 4061 ut
3226 4009 3429 4075 nudato
3460 4006 3644 4076 gladio

2054 4103 2316 4172 quosdam
2347 4103 2588 4173 graviter
2617 4101 2987 4170 atrociterqae
3018 4099 3376 4163 vulnerasset,
3410 4098 3463 4152 ni
3491 4100 3639 4152 cauti

2054 4195 2458 4264 quamprimum
2523 4176 2809 4263 petiissent
2859 4192 3061 4260 fugam.
3114 4179 3281 4243 Nobis
3334 4188 3501 4258 igitur
3557 4188 3645 4241 his

2053 4276 2460 4338 difﬁcultatibus
2502 4283 2679 4336 anxiis
2732 4266 3001 4349 robustiue
3045 4278 3298 4333 humanis
3339 4276 3640 4332 diffidenti-

377 4387 430 4431 et
464 4379 608 4433 varia
657 4380 711 4433 in
760 4380 1039 4435 hominum
1095 4379 1203 4433 vita
1255 4379 1576 4448 fortunaque
1620 4387 1947 4443 versantur;
1980 4386 2029 4445 Ι)
2057 4378 2177 4442 bus,
2202 4376 2352 4430 fuere
2384 4376 2473 4445 qui
2507 4375 2579 4429 ita
2614 4372 2984 4447 consulerent,
3016 4371 3331 4442 priusquam
3362 4369 3508 4425 aliud
3538 4384 3641 4423 no-

377 4466 503 4522 inde
539 4468 607 4523 ad
656 4467 714 4524 S.
761 4468 981 4524 Mariam
1025 4468 1319 4524 Servorum
1381 4467 1673 4541 Florentim
1718 4466 1953 4522 consulit

380 4558 698 4628 suppliciter
729 4560 1032 4630 devoteque
1068 4560 1508 4631 proficiscantur;
1539 4559 1812 4614 nibilesse
1844 4567 1951 4612 tam

374 4648 606 4703 arduum
652 4652 876 4729 tamque.
914 4650 1232 4716 incurabile,
1279 4652 1483 4714 dicere,
1522 4650 1665 4720 quod
1714 4649 1952 4721 Virginis

374 4737 558 4803 Mariae
605 4728 854 4811 precibus
900 4757 932 4801 a
984 4739 1109 4797 Jesu
1157 4758 1266 4798 non
1326 4743 1614 4813 impetrent
1661 4740 1948 4807 mortales,

376 4830 536 4885 modo
564 4841 709 4886 recto
743 4833 908 4888 corde
957 4832 1010 4886 id
1054 4833 1367 4902 inquirant;
1408 4820 1671 4903 praeterea
1708 4848 1774 4897 ea
1805 4847 1953 4893 man:

378 4919 667 4976 suetudine
691 4930 745 4975 et
773 4921 1142 4978 misericordia
1184 4922 1456 4993 Virginem
1488 4920 1709 4975 Mariam
1738 4937 1953 4991 semper

371 5007 544 5065 fuisse
596 5008 923 5078 affirmabat,
968 5019 1028 5065 ut
1071 5028 1229 5067 nemo
1270 5027 1509 5083 unquam
1541 5013 1609 5068 ab
1645 5027 1707 5067 ea
1747 5012 1947 5068 frustra

368 5101 633 5158 auxilium
686 5105 958 5164 petiverit.
1012 5104 1166 5164 Quod
1219 5104 1431 5159 etiamsi
1483 5103 1628 5160 aliud
1676 5104 1950 5160 meatibus

2056 4486 2181 4524 vum
2217 4470 2455 4524 oriretur
2487 4468 2713 4531 malum,
2756 4467 2863 4521 huc
2898 4465 3379 4520 contenderemus.
3430 4462 3506 4517 Ea
3545 4476 3643 4532 spe

2056 4559 2218 4630 igitur
2241 4568 2291 4613 et
2321 4557 2512 4612 fiducia
2538 4557 2843 4627 carpsimus
2864 4556 2969 4611 iter
2995 4555 3095 4608 hoc
3114 4557 3375 4621 arduum;
3399 4550 3460 4609 S.
3482 4548 3642 4608 Joan-

2056 4666 2201 4716 nem,
2254 4658 2311 4704 ut
2352 4648 2565 4704 miseris
2609 4647 2844 4713 caeteris,
2886 4647 2962 4702 ita
3001 4644 3157 4701 nobis
3184 4645 3270 4701 his
3302 4644 3355 4699 in
3382 4644 3643 4722 aerumnis

2054 4759 2209 4814 opem
2248 4742 2504 4807 laturmn,
2531 4756 2837 4798 censemus.
3150 4754 3153 4755 ν
3512 4782 3517 4790 ,

2068 4881 2075 4891 .
2122 4835 2247 4890 εθι.
2273 4832 2365 4887 llis
2386 4820 2459 4887 P.
2485 4833 2674 4900 abbas,
2707 4847 2833 4887 cum
2860 4831 2982 4886 aliis
3010 4832 3108 4900 qui
3137 4832 3396 4892 aderant,
3428 4828 3493 4880 ad
3528 4827 3645 4894 pic-

2055 4930 2219 4980 tatem
2246 4934 2462 4990 motus,
2498 4925 2733 4990 utalios,
2777 4922 3075 4980 liberaliter
3103 4925 3156 4979 in
3182 4917 3421 4988 hospitio
3446 4917 3650 4971 habere

2052 5017 2285 5082 curavit,
2317 5024 2370 5072 et
2396 5015 2557 5086 paulo
2582 5025 2703 5089 post
2723 5031 2788 5072 eo
2811 5031 2869 5072 se
2896 5013 3215 5079 conferens,
3255 5008 3377 5063 cibo
3416 5013 3654 5075 potaque

2052 5118 2327 5164 recreatos
2357 5124 2462 5163 non
2494 5123 2685 5164 narum
2739 5109 2843 5163 hac
2871 5104 3107 5164 parvula
3147 5099 3396 5160 oratione
3435 5096 3654 5151 erexit:
