4076 5310
504 153 623 211 ’959

500 267 780 327 scrimina
835 270 1014 325 rerum
1062 283 1259 342 supera
1301 269 1527 341 petiisse

524 359 804 416 tolerando
834 376 938 416 non
968 374 1135 432 regna
1162 361 1365 428 inania,
1399 376 1503 416 non
1528 358 1700 433 fluxas
1719 360 1959 425 divitias,
1985 375 2090 414 non

524 450 818 521 potentiam
851 466 975 506 mox
1005 452 1326 520 perituram,
1378 467 1567 506 verum
1610 466 1794 507 veram
1843 451 2099 521 patriam,

526 540 855 608 libertatem,
882 542 1157 613 vitamque
1194 543 1489 613 qumrimus
1524 551 1808 610 aeternam,
1835 557 1956 612 quae
1980 554 2106 596 orna

528 635 615 690 nia
645 650 677 690 a
703 632 853 702 Jesu,
885 635 931 691 si
958 637 1358 704 duraverimus,
1388 640 1678 695 dabuntur.

598 766 721 826 585.
762 767 1051 835 Caeterum,
1081 771 1203 841 quia
1231 789 1296 827 eo
1320 773 1426 828 huc
1451 771 1698 833 venistis.
1732 781 1790 827 ut
1817 772 1908 828 hic
1929 770 2103 842 sospi-

532 869 695 916 tatem
745 861 1121 933 integrumque
1167 875 1450 934 recuperet
1473 880 1711 930 sensum,
1744 864 1933 933 paucis
1959 863 2107 918 acci-

530 953 663 1023 pite.
705 950 819 1007 Mos
859 952 1014 1009 nobis
1057 964 1139 1009 est
1165 996 1180 1019 ,
1223 971 1317 1010 eos
1353 956 1690 1011 orationibus
1738 953 2109 1025 Reliquiisque

532 1045 835 1115 conjurare,
869 1047 959 1116 qui
986 1046 1199 1103 diabolo
1241 1049 1382 1119 capti
1412 1050 1491 1103 sui
1518 1064 1640 1105 esse
1668 1048 1947 1112 desierint,
1990 1045 2110 1119 qni-

533 1149 636 1204 que
688 1135 850 1190 etiam
900 1138 1218 1205 devotione,
1271 1138 1355 1193 vel
1387 1138 1588 1193 dudum
1640 1138 1921 1194 beneficiis
1964 1152 1994 1190 a
2046 1135 2105 1191 S.

534 1226 745 1283 Joanne
774 1229 992 1297 habitis,
1026 1231 1137 1285 suis
1181 1231 1233 1286 in
1276 1230 1692 1285 adversitatibus
1733 1227 2111 1298 languoribus-

535 1336 641 1392 que
688 1322 810 1378 aliis
856 1325 1117 1395 quotidie,
1159 1325 1231 1380 ita
1264 1332 1321 1378 ut
1349 1325 1427 1392 fit,
1479 1324 1670 1379 devote
1708 1323 1810 1378 hoc
1840 1321 1898 1377 8.
1929 1319 2112 1375 Maria:

546 1415 937 1470 monasterium
988 1417 1286 1487 petierint;
1338 1434 1461 1472 cum
1511 1416 1692 1473 stultis
1737 1424 1919 1471 autem
1976 1406 2129 1470 nihil

536 1508 758 1578 agitur:
792 1506 1112 1564 Sanctorum
1140 1510 1283 1565 enim
1323 1510 1580 1582 reliquias
1627 1509 1791 1580 pollui
1831 1516 2109 1581 putamus,

518 1598 582 1654 'si
614 1614 727 1665 eas,
780 1600 1027 1669 quamvis
1073 1602 1339 1672 egregias,
1380 1603 1434 1658 ‘si
1483 1602 1553 1657 sit
1597 1601 1841 1667 insanus,
1887 1594 2112 1671 tangere

538 1689 879 1760 oscularique
905 1690 977 1745 sit
999 1706 1160 1746 ausus
1204 1692 1386 1764 (2‘25);
1433 1692 1711 1763 quocirca,
1760 1700 1820 1747 ut
1873 1690 1993 1747 aliis
2020 1691 2114 1745 he-

542 1787 724 1833 sterna
766 1779 852 1835 die
879 1822 894 1848 ,
942 1781 1015 1835 ita
1062 1781 1215 1837 vobis
1255 1782 1478 1838 consulo
1523 1781 1711 1837 urbem
1750 1782 2115 1838 Florentinam

540 1878 745 1939 petere,
779 1871 1142 1942 templumque
1166 1873 1224 1928 S.
1257 1873 1437 1929 Maria:
1473 1873 1766 1931 Servorum
1802 1875 2119 1945 suppliciter

522 1969 665 2012 'cutn
686 1960 839 2015 vobis
867 1962 1016 2017 adire
1043 1981 1054 2016 :
1089 1980 1210 2018 nam
1237 1980 1411 2035 neque
1435 1964 1586 2022 locus
1614 1966 1751 2021 alter
1774 1967 2012 2022 sanctior
2033 1966 2118 2023 bis

544 2047 597 2104 in
626 2051 963 2127 regionibus,
1016 2054 1397 2126 miraculisque
1449 2055 1678 2122 clarior;
1736 2070 1912 2127 neque
1963 2056 2117 2127 quis-

543 2126 703 2211 quam
729 2139 1055 2200 Sanctorum
1097 2145 1477 2215 auxiliaretur,
1507 2147 1596 2202 cui
1626 2146 1792 2218 Virgo
1813 2126 1984 2201 Maria
2012 2162 2119 2203 non

544 2231 713 2289 ferret
737 2250 916 2304 opem.

616 2371 743 2429 386.
781 2373 841 2430 Id
864 2389 1054 2431 omnes
1086 2390 1195 2431 uno
1226 2391 1324 2432 ore
1364 2375 1583 2434 salubre
1606 2377 1847 2448 utileque
1882 2377 2009 2434 fore”
2036 2394 2120 2436 as-

546 2472 862 2522 severantes
886 2506 903 2532 ,
950 2467 1260 2540 nostrisque
1303 2468 1644 2523 orationibus
1672 2469 1944 2539 supplices
1976 2485 2123 2526 com-

526 2558 887 2626 .mendantes,
910 2569 1125 2630 postera
1142 2561 1246 2617 'die
1268 2561 1473 2632 pariter
1497 2576 1619 2618 cum
1640 2571 1764 2618 ortu
1796 2563 1928 2618 solis
1947 2563 2126 2619 disce-

545 2650 777 2718 dentes,
818 2652 1150 2709 Florentiam
1192 2669 1535 2713 concessere.
1579 2655 1670 2709 Eis
1703 2654 1790 2709 vix
1847 2651 2123 2710 civitatem

552 2744 814 2814 ingressis
840 2785 856 2809 ,
909 2745 1000 2799 alii
1029 2746 1120 2816 qui
1147 2748 1214 2801 ab
1238 2745 1370 2803 -atde
1406 2746 1645 2819 Virginis
1692 2746 1875 2803 Maria:
1912 2757 2124 2804 sacrata

538 2834 770 2897 ,domum
808 2834 1092 2900 redibant,
1130 2834 1265 2889 linat
1289 2835 1504 2890 obviam
1541 2844 1667 2892 ante
1693 2845 1941 2908 portam,
1971 2852 2125 2909 quae-

538 2932 837 2993 .reutesque
860 2942 873 2977 :
900 2924 1007 2980 Res
1026 2927 1199 2992 satin;
1227 2926 1419 2982 salvae?
1446 2926 1663 2984 Minime
1688 2929 1969 2999 inquiunt;
1996 2930 2123 3000 quid

536 3016 699 3071 enim
735 3016 869 3071 salvi
917 3026 1001 3073 est
1032 3018 1265 3082 homini,
1300 3034 1432 3076 vero
1455 3036 1617 3077 sensu
1645 3022 1882 3079 amisso?
1919 3021 2127 3089 Quibus

546 3107 630 3162 illi
661 3126 675 3161 :
708 3108 767 3162 in
795 3107 903 3163 Deo
931 3124 1081 3180 spem
1112 3122 1429 3181 ponere,,et
1452 3112 1683 3169 ﬁdeliter
1702 3113 1979 3185 Virginem
2014 3115 2127 3170 Ma-

542 3195 693 3255 Jiam
714 3212 968 3264 exorare,
992 3210 1234 3256 vestrum
1258 3210 1361 3257 est.
1389 3202 1455 3257 Et
1478 3211 1534 3258 ut
1571 3204 1673 3259 iste
1693 3203 1855 3274 paulo
1881 3214 2010 3260 ante
2045 3206 2125 3261 in-

542 3302 720 3345 sanus
746 3330 762 3355 ,
808 3289 919 3360 jam
962 3306 1104 3347 nunc
1147 3292 1286 3348 bona
1324 3304 1507 3350 mente
1561 3311 1719 3352 suum
1750 3297 1961 3367 peragit
2013 3296 2133 3353 olli-

544 3378 698 3434 cinm
715 3419 731 3445 ,
755 3394 857 3436 nec
880 3396 1037 3438 secus
1076 3382 1201 3439 huic
1223 3383 1380 3440 alteri
1412 3386 1651 3456 Virginis
1673 3386 1854 3443 Mariae
1876 3387 2129 3457 precibus

544 3478 842 3529 censemus
876 3485 1217 3537 eventurum.
1255 3479 1391 3534 Cum
1429 3479 1506 3535 ita
1537 3481 1790 3551 utrinque
1826 3497 1915 3537 res
1947 3482 2131 3538 verbis

547 3563 829 3621 solatoriis
850 3576 1117 3637 ageretur,
1148 3570 1479 3625 conveniunt
1500 3571 1789 3635 miraculo,
1820 3579 1881 3625 ut
1908 3570 1968 3626 lit
1993 3613 2009 3636 ,
2050 3574 2129 3629 rei

550 3670 711 3711 novat
731 3696 748 3722 ,
778 3656 868 3726 qui
891 3657 1045 3725 juxta
1066 3667 1280 3728 portam
1309 3661 1452 3716 intus
1481 3661 1717 3730 forisque
1737 3662 1993 3729 aderant,
2034 3662 2131 3718 ho-

550 3746 752 3802 mines.
793 3746 874 3802 Re
904 3748 1086 3817 itaque
1111 3751 1323 3820 cognita
1345 3790 1359 3816 ,
1387 3752 1617 3822 quisque
1638 3753 1876 3822 Virginis
1917 3753 2130 3820 Mariae,

550 3837 843 3909 sanctique
862 3836 1085 3894 Joannis
1110 3840 1527 3909 praeclarissima
1556 3842 1698 3898 facta
1721 3844 1902 3900 verbis
1925 3845 1991 3900 ad
2021 3858 2131 3902 coe-

556 3923 672 3980 lum
695 3925 867 3981 ferunt
890 3968 905 3993 ,
936 3927 1028 3997 qui
1070 3937 1145 3984 tot
1186 3929 1540 3986 celeberrima
1571 3942 1625 3987 et
1651 3933 1862 4005 egregia
1889 3935 2134 4006 prodigia

557 4024 615 4072 et
641 4017 849 4089 operati
878 4027 1093 4087 essent,
1118 4030 1175 4077 et
1196 4032 1555 4093 operarentur
1579 4026 1850 4096 quotidie;
1895 4026 2020 4083 inde
2054 4026 2133 4081 illi

632 4172 783 4252 (ἓξὲξ)
812 4174 973 4252 Certe
1000 4192 1229 4252 erronea
1262 4175 1362 4233 fuit
1384 4177 1481 4252 illa
1497 4181 1796 4252 persuasio,
1815 4179 1985 4252 quabi
2016 4195 2134 4236 mo-

565 4242 727 4320 nachi
764 4242 1041 4314 putabant
1081 4248 1403 4303 Sanctorum
1454 4242 1730 4320 Reliquias
1772 4242 2134 4307 contaminari

558 4309 848 4391 stultorum
872 4325 1077 4391 attactu
1104 4332 1129 4391 εΔ
1166 4333 1291 4391 nam
1350 4321 1405 4374 in
1443 4309 1611 4375 variis
1653 4321 1837 4376 mundi
1886 4322 2137 4391 partibus
2167 4309 2214 4367 Ῑ)

558 4379 886 4438 Sanctorum
919 4385 1182 4457 Reliquiae
1212 4388 1416 4445 insanis
1442 4391 1803 4462 applicantur,
1841 4379 1905 4446 υἱ
1945 4406 2136 4447 sanam

562 4462 799 4526 mentem
823 4467 1171 4526 reettperent.

562 4520 788 4647 Vi
810 4520 979 4591 Quem
1020 4537 1270 4597 putemus
1297 4529 1444 4588 hunc
1457 4531 1726 4602 Crispum,
1746 4540 1905 4586 antea
1928 4531 2137 4587 indica-

638 4663 787 4735 (225)
804 4662 1257 4742 Notauniversim
1285 4671 1339 4725 in
1366 4671 1474 4728 hoc
1499 4681 1721 4729 auctore
1733 4671 1997 4742 plurimos
2016 4684 2139 4727 esse

564 4745 761 4791 sensus
810 4736 1027 4793 mutilos
1060 4778 1075 4803 ,
1123 4739 1388 4813 oblongos
1410 4782 1426 4810 ,
1462 4743 1703 4813 vitiosos
1735 4736 1804 4813 ὀι
1830 4741 2094 4813 obscuros
2117 4782 2134 4808 ,

566 4815 706 4876 quos
747 4820 965 4878 semper
993 4811 1267 4884 corrigere
1302 4811 1417 4871 ‘nec
1459 4812 1634 4870 lubuit
1660 4828 1759 4869 nec
1786 4811 1959 4869 licuit.
1988 4811 2139 4868 later

1595 159 1653 211 S.
1695 157 1976 213 JOANNIS
2013 158 2404 215 GUALBERTI
2443 159 2734 214 ABBATIS

1577 284 1592 324 :
1644 282 1771 324 nam
1825 278 2094 339 patienter
2120 282 2167 341 Α
2195 269 2264 323 de
2291 268 2448 339 plebe
2484 267 2548 325 S.
2591 266 2852 339 Stephani
2873 310 2888 334 ,
2918 266 3009 323 alii
3050 269 3117 325 ad
3148 267 3384 341 Virginis
3418 264 3600 324 Maria:
3636 278 3783 325 tem-

3666 155 3779 215 960

2198 357 2367 429 plum,
2406 358 2495 413 alii
2525 360 2743 414 domum
2766 361 3118 415 contendunt.

2273 448 2398 504 587.
2433 448 2497 503 Hi
2531 450 2729 519 itaque,
2764 460 2820 505 ut
2852 450 2924 505 illi
2951 452 3278 521 superiores,
3310 467 3337 505 a
3359 449 3579 522 Virgine
3604 450 3785 509 Maria

2205 543 2561 613 impetravere
2612 542 2769 600 facile
2821 559 2940 613 quae
2991 544 3259 614 petebant.
3287 543 3405 599 Mox
3435 544 3571 609 Ireti,
3616 544 3789 601 donis

2205 631 2406 703 templo
2428 631 2658 698 additis,
2686 642 2746 687 ut
2785 632 2951 687 sociis
2978 646 3040 687 se
3072 633 3388 704 jungerent,
3431 642 3789 688 maturavere

2190 720 2330 776 .iter.
2354 721 2521 776 Primi
2553 722 2619 777 de
2657 721 2922 776 industria
2968 736 3062 777 eos
3110 730 3382 777 morantes
3418 721 3623 778 tardius
3651 721 3737 778 ire
3764 738 3787 777 :

2206 810 2510 869 eofacilius
2559 829 2665 868 una
2713 824 2932 886 pontem
2995 814 3207 871 Saevum
3250 817 3403 887 juxta
3452 829 3787 873 convenere.

2206 904 2320 960 Illic
2340 915 2561 977 repente
2585 909 2841 979 utrinque
2879 910 3055 966 denuo
3100 911 3353 982 gaudium
3385 922 3630 967 exortum
3660 920 3785 977 est;

2208 999 2486 1070 Virginem
2536 1000 2800 1068 Mariam,
2856 1012 3211 1074 sanctumque
3266 1004 3526 1060 Joannem
3578 1020 3674 1071 pro
3726 1020 3791 1060 sc

2209 1088 2439 1159 quisque
2466 1088 2715 1154 laudare,
2758 1092 3041 1157 extollere,
3069 1093 3435 1163 magnificare.
3465 1093 3673 1163 Quippe
3697 1105 3791 1149 res

2210 1181 2520 1236 mortalium
2544 1182 2617 1235 ita
2646 1197 2705 1237 se
2726 1182 2959 1248 habent;
2998 1184 3048 1238 in
3076 1187 3351 1255 prosperis
3377 1183 3457 1241 \el
3490 1185 3664 1241 malus
3695 1184 3792 1242 ire—

2212 1279 2358 1328 tatus
2381 1273 2490 1328 Deo
2518 1274 2720 1345 gratias
2741 1275 2851 1347 agit
2875 1317 2890 1342 ,
2921 1274 3259 1347 Sanctosque
3286 1277 3403 1346 ejus
3439 1277 3644 1333 laudat.
3692 1278 3792 1335 Isti

2213 1366 2377 1438 igitur
2408 1384 2531 1424 cum
2557 1370 2664 1426 alio
2688 1371 2903 1439 itinere,
2936 1373 3144 1446 [quam]
3175 1375 3526 1439 advenerant,
3567 1377 3790 1431 domum

2214 1459 2413 1525 redire,
2447 1458 2547 1532 [et]
2586 1468 2708 1517 vota
2752 1463 2917 1518 etiam
2962 1480 3082 1534 quze
3120 1475 3308 1521 sancto
3366 1465 3557 1521 Joanni
3590 1466 3793 1522 emise-

2215 1560 2359 1618 rant,
2382 1552 2688 1621 persolvere
2708 1554 2930 1621 vellent,
2953 1571 3020 1611 ne
3045 1556 3144 1612 sibi
3170 1557 3487 1628 exterisque
3512 1559 3665 1612 oneri
3698 1572 3793 1613 es-

2142 1629 2186 1690 Β
2215 1650 2365 1709 seut,
2401 1643 2535 1699 inito
2566 1645 2711 1700 inter
2750 1660 2810 1701 se
2839 1646 3095 1711 consilio,
3134 1661 3200 1701 ex
3218 1647 3378 1702 omni
3407 1663 3634 1703 numero
3659 1664 3796 1719 qna-

2219 1740 2341 1788 tuor
2375 1734 2611 1790 maxime
2645 1735 2906 1806 impigros
2946 1737 3182 1808 eligunt,
3219 1748 3273 1794 et
3304 1754 3398 1795 eos
3430 1737 3495 1794 ad
3527 1754 3627 1795 nos
3667 1755 3795 1794 cum

2218 1825 2490 1881 mandatis
2524 1836 2579 1883 et
2605 1827 2765 1884 donis
2805 1828 3045 1885 mittunt.
3082 1829 3160 1885 llli
3191 1831 3372 1901 itaque
3398 1874 3413 1897 ,
3440 1833 3530 1887 ubi
3558 1834 3624 1887 ad
3650 1831 3795 1887 istud

2218 1914 2278 1971 S.
2306 1915 2489 1972 Mariae
2517 1920 2907 1975 monasterium
2934 1935 3133 1977 venere
3151 1962 3166 1987 ,
3197 1938 3296 1978 nos
3326 1923 3581 1993 cupidos,
3607 1922 3799 1992 reique

2218 2008 2428 2063 exitum
2452 2018 2829 2080 exspectantes
2856 2053 2871 2078 ,
2900 2022 3021 2067 acta
3054 2015 3283 2069 edocent
3309 2056 3323 2080 ,
3354 2025 3413 2069 ut
3448 2015 3631 2070 statim
3673 2031 3800 2086 prec

2219 2098 2375 2155 cibus
2409 2100 2645 2171 Virginis
2674 2101 2856 2157 Mariae
2894 2112 2949 2158 et
2985 2102 3044 2157 8.
3086 2101 3313 2159 Joannis
3361 2104 3413 2159 in
3444 2120 3665 2160 sensum
3700 2105 3801 2159 bo-

2220 2206 2350 2247 num
2389 2193 2608 2248 redierit
2633 2193 2753 2260 ille;
2792 2204 2848 2250 ut
2882 2196 3167 2251 redeuntes
3193 2192 3305 2251 suis
3333 2197 3704 2262 occurrerint;
3736 2207 3801 2252 ut

2220 2282 2507 2339 incolumis
2538 2283 2627 2339 ille
2668 2283 2836 2352 alter;
2880 2292 2938 2339 ut
2968 2301 3064 2342 sua
3115 2287 3262 2341 venit
3295 2295 3419 2342 vota
3461 2286 3801 2357 persolvere.

2222 2376 2318 2433 llis
2348 2380 2570 2444 auditis,
2604 2377 2730 2435 Jesu
2760 2389 2815 2435 et
2841 2379 3049 2451 Virgini
3076 2379 3257 2434 Mariae.
3299 2381 3457 2435 matri
3501 2381 3647 2451 ejus,
3675 2395 3803 2450 quae

2223 2482 2319 2523 sua
2346 2468 2502 2523 solita
2532 2470 2729 2538 pietate
2752 2470 2952 2524 deserit
2972 2470 3237 2525 neminem
3258 2511 3271 2532 ,
3303 2471 3506 2540 gratias
3562 2471 3799 2542 egimus.

2221 2561 2446 2618 Postera
2477 2563 2582 2628 die,
2610 2562 2788 2619 Missis
2814 2578 2880 2619 ex
2912 2571 3038 2619 voto
3065 2579 3249 2619 eorum
3278 2563 3587 2631 celebratis,
3620 2565 3673 2619 in
3700 2578 3793 2635 pa-

2224 2653 2385 2708 triam
2413 2654 2744 2709 contendunt
2775 2669 2949 2710 suam.

2296 2745 2421 2801 588.
2455 2745 2561 2800 Sed
2584 2745 2737 2810 mihi,
2764 2746 3018 2801 Laurenti
3046 2745 3353 2816 magniﬁce,
3382 2745 3549 2800 multa
3576 2744 3799 2816 legenti,

2225 2837 2504 2909 multaque
2546 2836 2827 2905 audienti,
2851 2837 3052 2893 videnti
3092 2837 3254 2892 etiam
3286 2837 3638 2909 quamplura,
3678 2852 3802 2906 quae

2226 2929 2384 2986 Jesus
2430 2943 2529 3001 per
2567 2928 2847 3000 Virginem
2887 2928 3111 2983 Mariam
3150 2939 3205 2983 et
3244 2927 3475 2984 Sanctos
3509 2943 3634 2983 suos
3660 2926 3800 2981 mari

2230 3030 2484 3091 terraque
2511 3019 2773 3089 praeclara
2802 3018 3043 3075 facinora
3095 3033 3159 3074 ac
3209 3017 3456 3088 prodigia
3485 3016 3634 3080 fecit,
3663 3030 3801 3070 con-

2227 3120 2338 3166 stat
2395 3124 2502 3167 non
2548 3119 2755 3166 tantum
2810 3110 3132 3166 Sanctorum
3170 3110 3379 3165 meritis
3409 3123 3571 3180 quam
3595 3117 3799 3162 morta-

2229 3202 2359 3257 lium
2385 3202 2488 3258 fide
2513 3202 2628 3257 haec
2652 3209 2861 3271 patrata
2886 3215 3007 3256 esse
3032 3218 3046 3255 :
3090 3216 3215 3255 nam
3241 3242 3256 3264 ,
3286 3209 3345 3255 ut
3369 3212 3523 3255 sacra
3560 3212 3659 3253 nos
3679 3211 3803 3251 can-

2228 3296 2375 3351 mina
2404 3294 2664 3358 edocent.
2713 3292 2951 3349 credenti
2984 3293 3231 3363 bonoque
3256 3292 3417 3346 corde
3442 3286 3673 3361 exigenti
3700 3289 3802 3342 im-

2229 3385 2486 3457 possibile
2524 3385 2692 3452 nihil;
2727 3384 2837 3440 imo
2884 3383 3045 3439 facile
3090 3383 3272 3439 omnia
3310 3382 3600 3453 impetrare
3625 3378 3802 3450 quivis

2231 3475 2408 3532 ﬁdelis
2456 3484 2659 3547 posset.
2688 3473 2813 3529 Haec
2841 3488 2871 3528 a
2902 3488 2989 3528 me
3017 3472 3070 3529 in
3116 3473 3266 3528 calce
3306 3473 3493 3526 horum
3517 3466 3802 3523 miraculo-

2232 3585 2352 3625 rum
2375 3569 2614 3625 breviter
2632 3567 2919 3638 perstricta
2942 3575 3088 3630 sunt,
3113 3574 3172 3619 ut
3196 3580 3382 3620 eorum
3408 3560 3795 3621 infidelitatem,

2231 3675 2349 3728 seu,
2380 3659 2582 3715 rectius
2607 3659 2806 3722 dicam,
2846 3656 3186 3713 insolentiam
3218 3653 3568 3724 perfringam,
3601 3650 3713 3720 qui,
3742 3655 3800 3701 ut

2232 3750 2456 3822 Crispus
2469 3748 2736 3821 (224)ait,
2763 3763 2884 3818 qua:
2910 3747 3012 3801 sibi
3044 3744 3222 3801 facilia
3244 3743 3390 3799 factu
3420 3748 3628 3813 putant,
3649 3751 3799 3806 sequo

2233 3840 2418 3897 animo
2452 3838 2764 3909 accipiunt;
2812 3850 2976 3906 super
3010 3850 3074 3889 ea
3101 3874 3117 3901 ,
3156 3833 3321 3889 veluti
3358 3831 3479 3887 [icta
3516 3844 3615 3901 pro
3651 3826 3799 3882 falsis

2233 3935 2454 3991 ducunt.
2482 3930 2615 3987 Vale
2660 3930 2743 3984 vir
2788 3925 3147 3998 magnanimis
3192 3924 3283 3978 diu
3310 3921 3439 3979 felix
3464 3961 3482 3989 ,
3512 3933 3714 3991 nosque
3743 3916 3797 3971 in

2235 4026 2341 4081 tuis
2364 4023 2619 4080 secundis
2646 4020 2811 4078 rebus
2840 4018 3051 4091 respice
3082 4016 3255 4089 (29.5).

2235 4183 2338 4240 alia
2373 4180 2763 4238 obscuritatem
2807 4175 3031 4248 pariunt
3066 4174 3312 4245 quaedam
3340 4166 3644 4248 particulae,
3669 4176 3803 4248 quas

2239 4234 2338 4310 iiii
2366 4234 2851 4319 crebrohomittit',
2884 4234 3266 4319 _aut_in'se_nsu
3312 4234 3401 4296 vix
3433 4238 3633 4319 usitato
3655 4234 3803 4319 adhi-A-

2240 4303 2352 4380 btet.
2371 4303 2491 4378 “Sic
2506 4303 2660 4393 saepe
2672 4303 2854 4374 omitti
2863 4313 3023 4391 tzconj
3032 4314 3338 4370 unctionem
3370 4320 3435 4393 iit
3455 4350 3472 4392 ε
3522 4306 3618 4393 ubi
3633 4303 3805 4393 plane

2245 4376 2350 4451 ea"
2384 4376 2688 4448 necessaria
2730 4406 2747 4455 ;
2830 4376 3228 4462 qiiani'_tagu}n
3278 4380 3510 4462 maioris,
3546 4376 3806 4462 Cl“-’l_':".'f§

2245 4479 2407 4521 causa
2446 4451 2761 4533 plerumque
2798 4451 3062 4531 supplevi.
3105 4451 3601 4533 Etiamsaepissime

2244 4516 2303 4590 ἑὸ
2319 4516 2586 4603 ﬁpro'ideo
2609 4572 2623 4596 .
2653 4516 2709 4587 et
2741 4547 2803 4586 ac
2832 4516 2933 4599 p'ro
2959 4542 3152 4603 quam._
3170 4516 3440 4603 Praeterea
3485 4516 3809 4603 creberrime

2244 4586 2415 4676 habet
2430 4586 2681 4676 Infinitivi
2714 4586 2982 4676 praeeris;
3012 4612 3127 4676 pro.
3140 4592 3459 4676 imperfecto
3478 4586 3803 4676 indicativi.

2245 4674 2459 4743 aliaque
2513 4671 2684 4729 multa
2714 4663 2794 4729 'iu
2838 4663 2967 4727 aliis
3012 4663 3381 4740 scriptoribus
3437 4672 3563 4717 raro
3618 4663 3807 4712 occur-

2244 4746 2438 4801 rentia.
