4076 5310
1620 204 1832 262 'ACTA.
1855 233 1925 247 -—
1945 202 2308 263 APPENDIX.

3475 196 3589 267 96‘!

1608 609 2322 726 APPENDIX

331 839 443 900 DE
484 832 1101 901 TR-ANSLATIONE
1141 828 1551 894 CRUCIFIXI
1577 872 1596 901 ,
1640 828 1779 902 QUI
1839 829 1902 891 S.
1947 827 2234 891 JOANNI
2280 828 2761 897 GUALBEBTO
2803 833 3061 900 CAPUT
3098 838 3588 909 INCLINAVIT.

565 1021 645 1076 Ex
676 1016 821 1074 libro
854 1030 956 1072 ms.
990 1014 1247 1070 Actorum
1276 1007 1913 1150 Congregationis‘ysall‘l‘i:
1929 1007 2220 1135 ambigas
2244 1011 2456 1073 signato
2485 1015 2552 1071 ad
2574 1023 2730 1071 extra
2759 1015 2941 1075 littera
2974 1019 3041 1088 N,
3069 1036 3100 1077 a
3119 992 3248 1096 pag.
3277 1025 3379 1081 £57

1776 1266 2158 1279 Ἠ

407 1408 459 1463 1.
482 1406 537 1461 1η
558 1398 1176 1472 Commentarioprzevio
1197 1413 1345 1453 num.
1376 1398 1444 1454 l9
1466 1394 1687 1468 promisi
1713 1410 1803 1451 me
1826 1394 1917 1452 hic
1944 1405 1992 1464 Α
2020 1398 2088 1453 ad
2119 1398 2489 1457 translationis
2522 1404 2924 1472 processioncm
2960 1405 3319 1478 dignarentur
3364 1411 3597 1473 interve-

326 1498 594 1554 daturum
625 1492 922 1549 solemnem
953 1488 1262 1545 miraculosi
1296 1486 1553 1543 Crucitixi
1605 1484 1922 1541 translatio-

332 1607 488 1653 nem,
509 1604 539 1642 a
564 1587 630 1643 D.
654 1582 857 1654 Angelo
875 1572 1045 1637 Maria
1063 1580 1250 1636 Rivola
1280 1576 1805 1652 nobisisnbmissam,
1825 1576 1919 1649 qni

327 1691 464 1738 ante
478 1679 723 1737 eamdem
740 1678 810 1731 ita
833 1674 1121 1747 praefatur:
1160 1690 1178 1723 ι
1201 1670 1360 1727 Hisce
1385 1672 1679 1742 praemissis
1714 1670 1922 1741 (egerat

330 1781 497 1827 antea
523 1769 589 1825 de
613 1767 841 1823 materia
869 1774 924 1821 et
949 1764 1124 1819 forma
1151 1760 1423 1818 cruciﬁxm
1443 1759 1795 1832 imaginis,de
1815 1776 1921 1831 qua

329 1881 437 1935 ego
469 1864 497 1935 ς
526 1852 562 1916 ‘2
589 1855 981 1918 Commentarii
1012 1853 1226 1925 prmvii)
1272 1852 1556 1909 veniamus
1591 1853 1659 1907 ad
1705 1852 1924 1908 relatio-

330 1934 483 2010 nem
504 1948 880 2007 translationis
900 1988 915 2012 ,
946 1961 1067 2016 quae
1098 1960 1166 2000 ex
1202 1943 1394 1998 eodem
1422 1942 1562 1999 libro
1584 1942 1801 2014 (nempe
1829 1934 1937 2014 qui"

332 2044 585 2101 in’titulo
618 2042 707 2097 hic
754 2034 978 2107 citatnr)
1030 2035 1174 2091 facta
1225 2042 1311 2090 est
1343 2034 1430 2089 die
1465 2050 1574 2089 xxv
1598 2031 1924 2090 Novembris

238 2118 245 2127 ’
336 2131 693 2197 MDCLXXI,
728 2138 983 2192 auctore,
1011 2128 1152 2182 sicut
1180 2124 1573 2193 concessionis,
1615 2124 1690 2180 ita
1717 2126 1925 2197 pariter

338 2228 505 2297 hujus
534 2221 923 2287 translationis,
952 2218 1433 2275 Reverendissimo
1466 2215 1631 2272 Patre
1657 2217 1718 2271 D.
1747 2216 1928 2271 Theo-

339 2321 480 2375 doro
507 2315 716 2371 Baldini
749 2330 778 2367 a
818 2310 1114 2369 Castilione
1138 2310 1477 2376 Florentino,
1504 2309 1597 2380 qui
1638 2319 1768 2364 tunc
1794 2317 1926 2364 temo

334 2410 628 2480 poris‘erat
672 2407 856 2463 Abbas
908 2404 1193 2461 Generalis
1249 2400 1699 2473 Congregationis
1755 2400 1926 2456 Vallis

345 2502 648 2558 Umbrosaa.
698 2499 874 2554 Verba
902 2506 1082 2553 autem
1123 2495 1320 2566 quibus
1364 2495 1417 2549 in
1458 2494 1653 2548 eodem
1700 2493 1839 2548 libro
1893 2509 1924 2548 a

342 2609 466 2662 pag.
499 2591 599 2646 137
635 2607 808 2662 usque
851 2593 918 2645 ad
954 2587 1055 2643 145
1088 2585 1324 2642 refertur
1344 2576 1652 2656 bujusmodi
1688 2584 1924 2641 transla-

338 2685 441 2748 tio,
465 2693 593 2738 sunt
619 2683 957 2753 sequentia.»
984 2679 1258 2734 llactenus
1289 2684 1415 2732 sunt
1441 2678 1607 2732 verba
1639 2677 1842 2732 laudati
1860 2677 1921 2731 D.

2019 1488 2163 1551 nire,
2194 1488 2362 1545 etiam
2390 1488 2606 1548 fuerant
2639 1493 2874 1549 invitati.

2092 1578 2147 1633 5.
2177 1599 2195 1633 ι
2219 1580 2456 1651 Vespere
2484 1581 2665 1653 itaque
2683 1584 2927 1655 ejusdem
2958 1586 3063 1643 diei
3098 1588 3285 1647 Martis
3312 1607 3467 1661 xx",
3493 1595 3597 1652 sub

2019 1671 2251 1740 primam
2280 1673 2454 1729 noctis
2484 1674 2673 1730 horam
2706 1717 2722 1739 .
2754 1687 2939 1746 aperta
2970 1689 3036 1734 de
3062 1684 3316 1738 maudato
3352 1684 3602 1744 Serenis-

2021 1760 2143 1816 simi
2171 1772 2323 1832 porta
2357 1764 2426 1818 ad
2467 1764 2525 1819 S.
2565 1765 2873 1835 Miniatem,
2901 1772 3157 1839 praefatus
3200 1772 3615 1833 Reverendissi-'

2022 1867 2143 1907 mus
2169 1852 2366 1920 Pater,
2397 1857 2691 1927 assumptis
2730 1874 2916 1915 secmn
2964 1861 3168 1933 aliquot
3207 1881 3272 1920 ex
3302 1869 3605 1925 sacerdoti-

2022 1943 2125 1998 bus
2144 1946 2367 2010 nostris,
2397 1946 2462 2001 ad
2484 1948 2772 2004 ecclesiam
2797 1941 2855 2004 S.
2886 1951 3124 2009 Miniatis
3151 1958 3412 2026 perrexit,
3439 1972 3603 2032 atque

2024 2034 2079 2090 in
2104 2040 2170 2105 'e,
2194 2036 2271 2120 ad.
2290 2039 2629 2107 praesentiam
2650 2039 3002 2098 lilustrissimi
3029 2046 3239 2102 Domini
3279 2044 3604 2120 Ugoccionis

2024 2117 2271 2197 przedicti
2294 2168 2310 2194 ,
2333 2129 2557 2185 abstulit
2587 2143 2990 2203 sacrosanctam
3016 2136 3304 2208 imaginem
3331 2117 3410 2195 sic
3440 2142 3605 2197 vesti—

2027 2228 2138 2301 tam
2167 2260 2183 2285 ,
2206 2234 2439 2291 eamque
2460 2223 2608 2279 omni
2630 2222 2822 2292 majori
2852 2229 3221 2295 veneratione,
3253 2230 3620 2301 prmrejenti;

2023 2312 2126 2367 bus
2172 2311 2377 2383 aliquot
2421 2312 2788 2371 confrazribus
2834 2318 3111 2375 societatis
3162 2319 3221 2376 S.
3282 2322 3470 2380 lsi.lori
3536 2327 3609 2383 de

2026 2402 2255 2461 Planitie
2305 2404 2589 2475 llipulensi
2620 2421 2744 2464 cum
2790 2409 2964 2464 cereis
3008 2410 3219 2469 facibus
3264 2418 3509 2473 accensis
3550 2428 3607 2473 et

2025 2495 2232 2567 aliquot
2251 2498 2584 2566 ballistariis,
2604 2517 2740 2572 quos
2761 2504 2920 2575 vulgo
2943 2504 3354 2563 bombardcrios
3380 2523 3604 2579 vorant,

2023 2597 2209 2658 patres
2229 2591 2493 2661 praedicti,
2525 2609 2742 2649 manum
2766 2597 3088 2652 admovente
3111 2599 3297 2655 eodem
3331 2600 3606 2660 Reveren-

2031 2680 2288 2748 dissimo,
2330 2682 2399 2738 ad
2425 2683 2712 2740 ecclesiam
2751 2685 2809 2740 S.
2842 2685 3046 2743 Nicolai
3078 2691 3387 2757 praedictam
3420 2708 3607 2764 aspor-

341 2746 561 2849 Au'geli,
593 2746 714 2847 post
744 2793 863 2847 quae
899 2774 1062 2849 addit.
1088 2788 1150 2827 ea
1183 2787 1301 2842 qua:
1326 2780 1649 2840 sequuntur,
1677 2784 1743 2824 ex
1774 2769 1927 2824 Actis
1956 2746 2003 2807 Β
2032 2780 2218 2827 larunt
2242 2746 2282 2839 ,i
2311 2775 2454 2830 unde
2509 2791 2669 2832 mane
2710 2777 2817 2834 diei
2863 2746 3140 2849 sequentis
3190 2780 3434 2837 facienda
3482 2746 3610 2841 erat

321 2860 333 2867 ”
351 2868 810 2926 Vullumbrosauis
840 2869 1136 2937 desumpta.

413 2963 467 3017 2.
503 2981 525 3013 ι
547 2962 728 3018 Rebus
749 2963 898 3017 hisce
928 2958 1216 3029 completis
1237 2997 1252 3023 ,
1280 2956 1545 3027 plenaque
1566 2953 1802 3025 partium
1834 2968 1926 3008 sa-

349 3052 660 3110 tisfactione
684 3053 952 3123 peractis,
994 3047 1391 3104 Serenissimus
1420 3061 1484 3098 ac
1524 3040 1930 3099 Revercndissi-

354 3164 473 3201 mus
526 3146 783 3217 princeps
831 3141 1170 3207 Cardinalis,
1224 3145 1504 3211 protector
1552 3145 1772 3201 noster,
1820 3149 1931 3190 non

350 3247 641 3292 contentus
667 3250 919 3307 magnam
942 3232 1298 3305 pecuniarum
1332 3230 1438 3283 vim
1461 3244 1559 3299 pro
1589 3225 1931 3281 solemnitate

349 3329 660 3402 peragenda
683 3342 970 3399 erogasse,
994 3325 1158 3395 jussit
1201 3324 1423 3393 insuper
1465 3330 1521 3375 ut
1561 3320 1673 3375 suis
1702 3314 1932 3399 sumpti-

352 3423 451 3475 ims
514 3427 629 3476 tota
682 3434 816 3474 crux
863 3425 1119 3488 argentea
1152 3414 1291 3481 tela,
1334 3428 1497 3483 quam
1535 3410 1736 3474 lamam
1772 3406 1931 3476 vulgo

354 3514 665 3585 appellant,
699 3513 1130 3577 convestirctur;
1175 3516 1385 3564 vestem
1416 3514 1596 3561 autem
1624 3503 1689 3556 ad
1720 3514 1929 3556 morem

354 3607 709 3669 Grmcorum,
767 3606 941 3660 instar
1006 3603 1216 3659 scilicet
1257 3600 1564 3657 dalmaticaa
1632 3592 1933 3651 diaconalis

357 3698 557 3767 aptavit
597 3696 659 3749 Ι).
692 3692 1068 3751 Ferdinamlns
1107 3693 1281 3748 'l‘acca
1323 3690 1602 3762 przefatus.
1644 3686 1802 3742 Mane
1825 3685 1933 3740 diei

359 3803 482 3842 xxrv
511 3786 831 3842 Novembris
857 3827 870 3851 ,
919 3785 1092 3856 pridie
1130 3799 1293 3854 quam
1340 3779 1602 3838 solemnis
1650 3776 1933 3832 translatio

360 3880 528 3943 ﬁeret.
557 3881 720 3936 Pater
743 3879 1025 3934 Generalis
1052 3892 1158 3931 una
1192 3891 1316 3931 cum
1356 3874 1502 3928 dicto
1533 3871 1595 3925 Ι).
1626 3869 1931 3924 architecto

361 3971 534 4028 Tacca
561 4015 577 4039 ,
611 3982 666 4027 et
709 3972 911 4041 aliquot
947 3986 1011 4025 es
1049 3969 1249 4024 nostris
1278 3966 1525 4037 patribus
1551 3962 1617 4017 ad
1647 3959 1934 4017 ecclesiam

363 4064 420 4118 S.
454 4064 687 4120 Miniatis
723 4078 782 4117 se
808 4061 1035 4117 contulit
1063 4101 1076 4124 ,
1118 4059 1300 4129 ibique
1335 4070 1554 4112 crucem
1578 4094 1594 4118 ,
1632 4054 1699 4107 ad
1730 4060 1932 4106 terram

360 4166 705 4224 prostratam,
738 4163 792 4210 et
816 4153 966 4209 alteri
1001 4150 1196 4207 tabula:
1221 4146 1641 4218 superpositam,
1672 4151 1821 4199 veste
1844 4140 1935 4196 illa

364 4251 576 4304 vestivit
601 4290 617 4313 ,
666 4249 847 4319 ibique
868 4261 932 4301 eo
954 4245 1113 4301 modo
1140 4251 1377 4313 aptatam
1405 4238 1652 4308 reliquit,
1698 4248 1938 4290 commo-

365 4337 500 4393 diori
527 4348 769 4409 tempore
807 4320 1192 4407 aSportandam
1222 4333 1288 4386 ad
1315 4330 1603 4386 ecclesiam
1632 4326 1691 4381 S.
1725 4322 1934 4380 Nicolai

366 4436 502 4486 ultra
531 4435 737 4489 Arnum
778 4433 921 4487 intra
958 4426 1326 4488 Florentiam,
1358 4423 1513 4492 cujus
1565 4416 1813 4475 ecclesia:
1857 4431 1939 4471 re-

368 4526 617 4593 ctorjam
655 4540 687 4582 a
722 4522 1083 4580 Serenissimo
1112 4529 1167 4574 et
1196 4513 1668 4574 Reverendissimo
1695 4510 1938 4583 principe

369 4611 637 4671 Cardiuali
695 4623 1004 4687 protectore
1070 4613 1256 4683 jussus
1309 4608 1488 4664 fuerat
1545 4615 1607 4661 ut
1657 4605 1722 4660 ad
1767 4602 1938 4658 nostri

368 4704 543 4763 Patris
593 4707 876 4764 Generalis
910 4715 1097 4761 nutum
1148 4702 1438 4774 imaginem
1485 4699 1690 4756 dictam
1732 4695 1940 4765 recipe-

372 4805 490 4865 ret,
540 4802 802 4872 nobisque
824 4841 839 4865 ,
872 4799 960 4854 ubi
994 4796 1288 4853 necessitas
1318 4791 1660 4865 postularet,
1713 4801 1938 4844 manum

374 4892 652 4959 prmberet.
704 4893 910 4947 Interea
957 4891 1022 4945 de
1069 4888 1322 4942 mandato
1359 4881 1710 4940 Serenissimi
1756 4877 1939 4948 magni

374 4981 532 5039 Ducis
557 5024 572 5050 ,
622 4994 677 5042 et
713 4962 778 5040 ex
827 4981 1182 5054 permissione
1219 4980 1457 5051 supremi
1502 4975 1940 5036 consiliariorum

2029 2864 2288 2921 solemnis
2318 2865 2602 2922 translatio
2648 2869 2890 2940 ejusdem
2944 2871 3196 2943 imaginis
3244 2874 3338 2929 ad'
3366 2886 3603 2933 nostram

2029 2955 2489 3014 Vallumbrosanis
2515 2960 2818 3031 desumpta.

2099 3049 2155 3104 ι.
2188 3067 2208 3100 ‹
2235 3050 2370 3104 Dum
2405 3050 2711 3122 bujusmodi
2759 3053 2970 3123 privata
3026 3055 3309 3112 translatio
3343 3054 3609 3117 nocturno

2032 3148 2276 3209 tempore
2318 3139 2500 3206 ﬂeret,
2532 3140 2725 3198 Patres
2759 3143 2991 3200 Minores
3019 3144 3075 3200 S.‘
3112 3147 3387 3205 Francisci
3420 3152 3486 3207 de
3511 3152 3610 3208 ob-

2032 3230 2304 3291 servantia
2330 3271 2347 3298 ,
2378 3240 2679 3288 conventus
2705 3232 2762 3288 S.
2796 3233 3069 3291 Francisci
3101 3239 3167 3291 ad
3216 3249 3449 3295 tuentem
3480 3282 3494 3307 ,
3521 3258 3609 3299 so-

2032 3319 2197 3375 lemni
2242 3335 2630 3389 campanarnm
2678 3323 3002 3394 pulsatione,
3049 3334 3106 3380 et
3150 3327 3609 3398 genuﬂexionibns

2033 3418 2189 3466 extra
2231 3419 2560 3467 conventum
2594 3414 2842 3482 egressi,
2889 3429 3101 3471 sacram
3155 3416 3439 3488 imaginem
3482 3430 3610 3475 sunt

2034 3505 2298 3559 venerati.
2335 3502 2441 3559 Sed
2485 3504 2538 3559 id
2577 3505 2741 3561 etiam
2791 3504 3006 3562 silentio
3040 3513 3474 3577 praetereundum
3505 3528 3609 3570 non

2033 3603 2120 3652 est
2166 3595 2335 3666 quod,
2370 3597 2583 3653 tametsi
2605 3637 2620 3661 ,
2653 3610 2952 3653 concursus
2987 3601 3197 3656 vitandi
3242 3601 3443 3669 studio,
3479 3612 3621 3661 teme

2033 3702 2136 3757 pus
2167 3697 2493 3744 nocturnum
2525 3704 2622 3760 pro
2656 3688 2963 3759 bujusmodi
3004 3694 3358 3750 translatione
3399 3697 3607 3767 privata

2034 3781 2268 3837 electum
2306 3782 2707 3839 consultissima
2746 3781 2940 3849 fuerit,
2984 3783 3097 3840 fieri
3134 3787 3479 3844 nihilominus
3503 3805 3609 3844 non

2034 3873 2211 3945 potuit
2253 3887 2360 3944 quo
2381 3875 2558 3929 minus
2579 3875 2960 3931 devotissimus
2990 3877 3219 3947 populus
3241 3878 3306 3933 ad
3335 3879 3610 3935 Christum

2032 3974 2452 4038 praetereuntem
2506 3969 2787 4023 turmatim
2847 3980 3159 4026 accnrreret
3193 3988 3223 4027 e
3262 3974 3613 4031 vicinioribus

1961 4088 2008 4150 Ο
2037 4058 2194 4123 vicis,
2224 4067 2277 4114 et
2312 4072 2343 4114 e
2362 4056 2616 4114 fenestris
2637 4061 2821 4122 etiam.
2847 4076 2992 4134 quas.
3009 4059 3342 4133 lampadibus
3366 4076 3419 4119 et
3445 4065 3613 4121 lucer-

2038 4154 2125 4208 nis
2146 4152 2611 4218 illuminaverant,
2646 4153 3018 4222 cepiosissima
3062 4163 3172 4209 lum
3219 4154 3456 4209 virorum
3501 4165 3612 4211 tum

2035 4244 2325 4316 mulierum
2351 4243 2639 4297 multitudo
2668 4259 2882 4299 sacram
2906 4244 3197 4315 imaginem
3230 4257 3610 4305 veneraretur.
3656 4244 3659 4249 ’

2024 4335 2145 4393 Sed
2171 4336 2304 4391 heu!
2326 4343 2461 4406 quot
2486 4322 2902 4405 laerymar,quot
2924 4338 3152 4407 suspiria
3175 4353 3205 4393 e
3227 4338 3403 4397 devoti
3433 4340 3617 4413 populi

2036 4428 2294 4485 cordibus
2322 4428 2713 4499 erumpebant!
2741 4428 2977 4496 Quodvis
3004 4430 3088 4486 vel
3108 4431 3301 4488 durum
3329 4434 3617 4506 (lirumque

2038 4534 2135 4575 cor
2156 4518 2418 4589 ejusmodi
2442 4521 2620 4576 cordis
2647 4522 2864 4576 contriti
2892 4525 3194 4579 certissima
3222 4525 3531 4585 testimonia
3560 4531 3616 4585 in
3646 4508 3649 4513 Α

2037 4610 2475 4667 ferventissimas
2523 4612 2789 4683 lacrymas
2837 4613 3106 4670 resolvere
3156 4616 3474 4674 valuissent.
3500 4619 3615 4677 lmo

2040 4704 2206 4759 etiam
2235 4701 2580 4758 subauditum
2606 4713 2692 4759 est
2734 4705 3128 4776 quamplurima
3159 4710 3473 4767 monialimn
3500 4728 3618 4769 mo-

2039 4796 2307 4861 nasteria,
2349 4795 2489 4867 apud
2529 4810 2665 4866 quas
2706 4794 3014 4864 bujusmodi
3063 4801 3436 4857 translationis
3469 4802 3617 4877 fama

2041 4896 2385 4960 pervenerat,
2417 4901 2629 4942 summa
2661 4887 2852 4944 domus
2889 4887 3099 4960 fastigia
3129 4892 3532 4956 conscendisse,
3559 4900 3620 4946 ut

2042 4979 2125 5036 sic
2165 4977 2252 5035 vel
2282 4994 2314 5034 e
2356 4979 2650 5050 longinquo
2695 4994 2761 5034 ex
2814 4979 3021 5034 intimis
3071 4979 3382 5051 prmcordiis
3423 4994 3623 5048 sponso
