4076 5310
512 175 629 241 963*

512 287 679 344 eloris
708 289 902 358 nostri,
936 293 1222 361 auditoris,
1253 314 1317 354 ac
1345 300 1411 356 de
1440 302 1868 377 Congrcgatione
1909 321 2092 367 nostra

510 379 717 450 optime
738 382 942 448 meriti,
975 386 1132 441 nobis
1152 387 1465 458 impertitus
1497 404 1601 450 est.
1643 397 1774 452 Nam
1805 415 1926 455 cum
1957 418 2090 457 con-

509 467 808 523 sideratum
834 470 1030 535 fuerit,
1064 475 1114 528 in
1148 476 1411 549 insignem
1437 484 1798 543 solemnitatis
1836 490 2086 547 decorem

513 574 828 625 cessurum,
866 562 910 616 si
936 563 1198 632 abbates,
1242 570 1330 638 qui
1363 575 1690 641 processioni
1726 579 2086 646 interessent,

517 650 677 703 mitra
708 659 1019 718 uterentur,
1049 656 1421 731 placueritque
1448 665 1750 736 bujnsmodi
1780 673 2091 728 considera-

509 742 588 795 tio
615 743 669 795 D.
703 742 976 800 Cardinali
1013 753 1309 831 protectori
1336 795 1350 817 ,
1394 766 1450 811 et
1496 760 1756 829 prtedicto
1784 764 2039 835 episcopo
2066 807 2082 832 ,

505 829 821 886 Cclsitudini
890 853 1001 890 sua:
1034 823 1527 901 Reverendissimm
1554 850 1818 916 auditori,
1864 855 2087 924 scripsit

510 918 599 971 hic
630 934 693 973 ea
741 921 808 976 de
855 939 912 976 re
947 923 1175 982 Romam
1214 930 1280 984 ad
1323 934 1605 998 priefatum
1655 937 2081 998 Illustrissimum

510 1009 978 1083 archiepiscopum
1003 1019 1169 1086 ,‘qui,
1198 1021 1263 1075 ad
1300 1020 1419 1090 ejus
1450 1009 1848 1085 eﬂicacissimas
1873 1033 2081 1088 instan-

504 1098 607 1152 tias
634 1099 923 1160 inclinatus
942 1144 955 1164 .
979 1109 1225 1174 permisit
1254 1112 1558 1174 abbatibus.
1582 1122 1911 1187 processioni
1942 1139 2080 1192 pra:-

502 1188 660 1242 dictaz
712 1191 1051 1249 iuterfuturis
1078 1238 1093 1262 ,
1126 1199 1301 1256 mitrae
1346 1219 1530 1272 usum;
1563 1217 1725 1277 atque
1770 1212 2076 1278 lmjusmodi

501 1279 879 1346 permissionis
909 1283 1122 1352 lilterm,
1149 1290 1216 1343 ab
1239 1293 1643 1366 archiepiscopo
1665 1301 1731 1353 ad
1763 1303 2075 1374 episcopum

500 1372 640 1437 data:
665 1411 681 1437 ,
727 1373 1056 1431 Florentium
1096 1382 1284 1436 eadem
1320 1385 1407 1439 die
1431 1402 1557 1441 xxxv
1595 1406 1623 1442 a
1656 1392 1936 1450 tabellario
1987 1396 2077 1450 Ja-

501 1465 688 1518 nucnsi
714 1465 904 1521 delata:
928 1481 1074 1537 sunt,
1103 1482 1157 1527 et
1185 1475 1252 1528 ab
1279 1474 1646 1534 lliustrisSimo
1676 1486 1930 1555 episcripo
1958 1498 2089 1542 sta-'

500 1554 594 1607 tim
630 1555 881 1612 Generali
923 1570 1110 1617 nostro
1150 1567 1504 1636 partieipatze,
1539 1575 1629 1643 qui
1672 1591 1881 1632 sumunt
1907 1580 2071 1634 animi

498 1644 866 1709 exsultatione
894 1651 1157 1720 ejusmodi
1189 1659 1436 1713 nuntium
1464 1664 1697 1735 excepit,
1718 1677 1878 1737 atque
1900 1670 2075 1727 Patri-

496 1729 595 1797 bus
617 1736 870 1792 onmibus
896 1742 1207 1807 publicavit.
1244 1735 1252 1742 ’

566 1820 617 1875 6.
649 1822 778 1879 «Ubi
804 1842 1149 1888 sacrosancta
1179 1835 1353 1908 imago
1376 1839 1429 1893 in
1456 1843 1839 1910 prmdictamS.
1866 1850 2068 1909 Nicolai

496 1908 788 1971 ecclesiam
839 1920 1016 1977 delata
1074 1922 1205 1992 fuit,
1259 1939 1341 1983 est
1388 1908 1651 1991 collocata
1690 1928 1852 2009 super
1880 1944 2067 2000 thensa

492 2002 691 2062 ibidem
721 2021 929 2078 parata,
959 2024 1122 2086 atque
1152 2028 1329 2088 aptata
1360 2023 1414 2077 in
1442 2029 1656 2082 modum
1687 2002 1806 2086 lecti
1840 2039 2068 2102 portati-

494 2093 606 2165 lis,
661 2102 911 2170 apposito
955 2105 1184 2177 desuper
1227 2128 1467 2185 conopeo
1505 2121 1894 2187 pretiosissima
1923 2128 2065 2185 circa

494 2184 661 2242 latera
685 2231 700 2255 ,
730 2200 783 2244 et
812 2192 865 2246 in
890 2198 1147 2253 anteriori
1187 2212 1339 2270 parte
1369 2220 1588 2274 aperto,
1622 2221 1681 2265 ut
1706 2228 1859 2269 sacra
1889 2232 2019 2272 crux
2046 2261 2061 2287 ,

490 2275 636 2355 intus
656 2277 860 2359 erecta,
886 2295 1073 2353 posset~
1095 2304 1125 2341 a
1162 2291 1356 2360 populo
1378 2299 1641 2367 conspici,
1666 2302 1790 2357 dum
1817 2310 2061 2375 sequenti

492 2382 651 2424 mane
688 2372 1004 2432 solemnitcr
1042 2379 1363 2439 deferretur.
1395 2388 1582 2444 ’l‘otain
1625 2388 1809 2450 autem
1851 2410 2061 2456 noctem

489 2456 634 2513 illam
664 2476 916 2520 arserunt
953 2472 1095 2525 cerei
1124 2473 1269 2529 circa
1299 2477 1587 2550 imaginem
1612 2525 1626 2549 ,
1662 2488 1728 2541 ad
1750 2488 1904 2558 cujus
1933 2494 2062 2549 item

487 2555 789 2630 custodiam
821 2570 1054 2630 quatuor
1093 2565 1164 2621 ibi
1210 2569 1383 2624 relicti
1408 2572 1621 2630 fuerant
1649 2582 1962 2640 sacerdotes
1991 2603 2059 2642 ex

485 2651 705 2721 nostris,
735 2669 855 2721 cum
890 2658 1111 2714 totidem
1136 2662 1470 2722 ballistariis.
1512 2668 1630 2725 Jam
1663 2683 1846 2731 autem
1882 2680 1949 2734 ad
1977 2696 2060 2736 so-

483 2738 718 2796 lemnem
741 2748 1140 2813 processionem
1167 2754 1501 2814 devenimus.
1548 2778 1553 2784 δ
1602 2794 1603 2797 η

522 2829 604 2911 :7.
645 2851 671 2913 ι
691 2832 843 2890 Mane
878 2836 1060 2907 itaque
1090 2841 1193 2896 diei
1235 2861 1361 2913 xxv,
1392 2848 1520 2905 hora
1553 2868 1640 2919 xv,
1681 2855 1731 2909 in
1757 2872 1915 2927 quam
1948 2870 2059 2916 sta-

486 2908 598 2973 tuta
631 2934 753 2977 erat
823 2932 1135 2998 processio,
1184 2938 1535 2996 serenissimo
1580 2944 1809 3014 quidem
1859 2966 2056 3022 printer

480 3025 630 3079 spem
661 3016 799 3071 carie
820 3057 837 3085 ,
865 3022 957 3076 sed
982 3024 1332 3097 gelidissimo,
1372 3032 1873 3101 Reverendissimus
1896 3047 2057 3105 Pater

478 3102 762 3161 Generalis
786 3125 908 3165 cum
931 3114 1137 3184 aliquot
1166 3123 1470 3182 senioribus
1491 3128 1745 3189 Patribus
1779 3138 2054 3209 ingressus

476 3202 560 3265 est
590 3195 875 3254 ecclesiam
909 3201 966 3256 S.
992 3203 1197 3264 Nicolai
1232 3214 1577 3287 praedictam,
1614 3223 1665 3278 in
1693 3239 1795 3295 qua
1825 3195 1942 3285 erat
1967 3247 2054 3287 sa-

475 3299 630 3341 crum
663 3288 963 3360 depositum
987 3337 1001 3360 ,
1023 3312 1199 3370 eoque
1227 3304 1404 3361 delata
1430 3325 1741 3379 paramenta
1770 3335 1923 3376 sacra
1952 3340 2050 3393 pro

473 3377 760 3437 abbatibus
780 3392 835 3439 et
863 3386 1126 3446 ministris
1144 3391 1366 3461 iubebat
1392 3377 1659 3475 escipi,et
1685 3410 1736 3463 in
1760 3377 2048 3470 ecclesiam

474 3467 746 3525 introduci
776 3488 807 3527 a
836 3474 1178 3547 ballistariis,
1217 3486 1307 3554 qui
1341 3497 1467 3546 tunc
1495 3467 1755 3566 temporis
1786 3517 1890 3557 una
1922 3518 2044 3560 cum

472 3559 658 3630 multis
690 3560 948 3622 Helvetiis
985 3571 1247 3631 militibus
1271 3579 1514 3638 ecclesia:
1549 3559 1737 3654 portas
1778 3580 2048 3652 custodie-

470 3647 623 3716 bant,
652 3669 721 3708 ne
752 3654 1221 3726 frequentissimus
1258 3672 1503 3740 populus,
1535 3657 1601 3732 eo
1624 3694 1935 3749 aceurrens,
1970 3687 2046 3742 ir-

470 3751 673 3799 rueret.
696 3745 910 3802 Placuit
934 3753 1096 3809 etiam
1121 3755 1487 3821 Sereuissimo
1514 3767 1579 3825 D.
1610 3770 1882 3831 Cardinali
1916 3794 2043 3847 pro-

471 3833 689 3896 tectori,
729 3844 789 3889 ut
812 3838 937 3894 huic
962 3843 1227 3913 ecclesize,
1255 3858 1366 3907 tum
1399 3857 1647 3916 ecclesiae
1670 3864 1729 3918 S.
1756 3833 2042 3927 Trinitatis

468 3917 547 3987 (in
578 3935 740 3990 quam
780 3927 913 3981 nulli
954 3941 1079 3986 ante
1109 3943 1507 4006 processiouem
1545 3953 1718 4018 patuit
1749 3955 2039 4034 ingressus)

466 4009 787 4092 assisterent
817 4015 1166 4080 lllnstrissimi
1207 4029 1412 4088 Domini
1435 4036 1763 4099 Franciscus
1788 4047 1954 4106 Maria
1985 4009 2039 4106 el.

520 4080 533 4090 ο

465 4096 692 4156 Carolus
722 4103 955 4164 Ventura
980 4112 1069 4168 Del
1103 4104 1270 4185 Nero,
1298 4121 1491 4183 fratres
1520 4137 1760 4200 germani
1790 4153 1856 4193 ex
1883 4140 2038 4198 baro-
2080 4178 2085 4183 ~

463 4189 621 4269 nibus
644 4193 953 4265 Poreiliani,
977 4212 1032 4259 c-t
1054 4205 1398 4271 Celsitudinis
1419 4189 2035 4291 sumvlteverendissimre

461 4280 780 4376 familiares,
813 4294 910 4348 viri
943 4298 1265 4359 nobilissimi
1294 4323 1445 4375 sane,
1478 4326 1532 4369 et
1562 4332 1817 4389 perquam
1850 4327 2030 4383 huma-
2062 4346 2107 4404 ι)

461 4374 670 4404 ..ἔρεικε
728 4381 943 4404 nr---.,-.
987 4389 999 4401 ο
1239 4397 1251 4404 .
1277 4399 1288 4404 -

753 4366 757 4376 ⁸
1433 4366 1444 4375 ,
1487 4366 1531 4369 η
1564 4366 1817 4389 ,,--.,....,..

446 4374 694 4443 τιίεεὶιηί,
726 4381 1125 4457 Illustrissimns
1160 4397 1379 4465 quidem
1414 4405 1471 4457 D.
1500 4407 2029 4475 Franciscus‘Maria

460 4555 687 4614 Carolus
720 4563 953 4622 Ventura
994 4574 1238 4632 ecclesia:
1278 4579 1335 4635 8.
1372 4560 1656 4647 ”Τι·ἰιιίιιιιὶε
1683 4633 1697 4655 ,
1728 4596 1814 4651 cui
1861 4601 2027 4657 etiam

460 4642 527 4733 in-
563 4649 860 4709 subsidium
897 4657 1107 4718 fuerant
1133 4668 1389 4738 assignati
1441 4658 1622 4747 plures
1665 4682 1894 4743 Helvetii
1936 4693 2030 4747 nti-

459 4730 603 4799 lites,
638 4749 694 4794 ut
720 4743 786 4797 de
807 4749 1045 4806 ecclesia
1062 4753 1122 4809 8.
1161 4755 1363 4818 Nicolai
1401 4771 1654 4846 superius
1682 4784 1769 4847 est
1799 4777 2024 4837 dictum.

526 4826 561 4847 ο
668 4832 707 4847 -ς
764 4835 776 4847 -
889 4841 902 4847 -

526 4826 582 4883 8.
613 4849 632 4882 ι
665 4832 864 4892 Eadem
889 4841 1018 4896 liora
1054 4861 1121 4900 xv
1139 4848 1196 4904 S.
1224 4850 1459 4913 Miniatis
1483 4836 1581 4915 ars
1610 4840 2026 4937 quamplurimis

453 4910 878 5003 bombardarum
933 4930 1130 4992 ictibus
1187 4955 1328 4997 novo
1383 4945 1584 5005 Christi
1626 4910 2025 5028 lRedermp'toris

455 5007 728 5080 triumpho
751 5015 998 5101 plausum
1029 5024 1153 5082 fecit
1180 5045 1194 5091 ;
1238 5033 1308 5086 ad
1337 5037 1477 5104 quod
1504 5007 2026 5110 signumitotarcivi:

455 5104 538 5189 tas
577 5102 644 5156 ad
678 5106 962 5166 ecclesiam
1002 5113 1061 5169 8.
1104 5117 1339 5187 Nicolai,
1370 5128 1513 5181 mule
1560 5130 1868 5193 inchoanda
1902 5150 2023 5196 erat

453 5183 748 5258 processio,
777 5202 1048 5258 convenit.
1083 5204 1191 5261 Nos
1219 5219 1400 5281 autem
1424 5229 1550 5269 cum
1596 5219 1700 5280 PP.
1724 5224 2017 5283 Cassinen-

452 5280 599 5310 nil...»
670 5282 756 5310 nn
808 5284 945 5310 F!_.'_
1004 5293 1033 5310 ,ο

1578 197 1633 252 s.
1670 182 1950 255 JOAN‘Nis
1989 178 2380 263 enatusari
2416 184 2705 268 linearis

3656 184 3781 277 ssi

2126 331 2168 387 Α
2199 319 2453 375 nasteriis
2478 334 2878 394 convenerunt,
2907 337 2965 383 ιιι
2997 332 3050 385 in
3081 329 3292 405 longius
3311 351 3473 408 quam
3498 339 3615 395 ileri
3640 356 3776 412 pos-

2190 413 2305 472 set,
2336 409 2721 468 exrenderetur
2750 416 3039 485 processio.
3072 421 3421 484 Invitavimus
3461 445 3590 485 vero
3625 447 3773 502 prte-

2190 494 2363 554 dictos
2398 504 2690 567 monachos
2729 506 3079 568 Cassinenses
3104 522 3157 570 et
3177 515 3340 583 alios,
3363 520 3487 588 quia
3525 521 3768 578 similem
3834 555 3841 559 -

2168 588 2399 662 gestant
2425 610 2619 655 tiostrre
2644 603 2907 659 cucullum
2935 623 2950 671 ;
2983 623 3082 664 nec
3109 612 3254 666 enim
3282 612 3463 669 lirraso
3501 617 3768 688 variaque

2188 685 2386 741 amictu
2424 685 2723 746 faciendam
2763 693 3014 751 duximus
3058 702 3487 766 processionem,
3527 705 3642 761 fore
3703 715 3766 762 nt

2187 776 2356 844 magis
2378 777 2617 846 placeret
2644 790 2696 835 et
2727 785 2896 853 magis
2920 800 3238 865 congrueret
3266 792 3629 861 uniformitas,
3665 811 3785 863 ar-;

2186 863 2393 917 bitt-uti.

2256 959 2309 1010 9.
2347 976 2364 1007 ι
2401 957 2533 1014 Dato
2564 959 2741 1030 itaque
2766 966 3125 1031 processionis
3149 983 3303 1039 Signo
3323 971 3388 1024 ad
3422 989 3507 1040 sui
3543 974 3761 1039 horam,

2184 1043 2286 1099 hoc
2314 1048 2505 1101 ordine
2527 1058 2762 1118 ereptum
2792 1061 2892 1105 est.
2926 1052 3105 1109 Primo
3132 1072 3195 1111 ex
3240 1058 3465 1114 ecclesia
3494 1062 3760 1127 pnedicta

2183 1132 2240 1187 S.
2272 1134 2539 1205 Gregorii,
2602 1139 2692 1193 tibi
2731 1141 2982 1197 adunatio
3045 1143 3184 1201 facta
3255 1146 3449 1213 fuerat,
3506 1140 3764 1209 discessit

2181 1224 2432 1278 vexillum
2476 1227 2532 1280 8.
2563 1226 2872 1296 Trinitatis,
2908 1242 3027 1301 post
3055 1238 3194 1304 quod
3231 1238 3549 1295 incedebant
3567 1258 3763 1301 omnes

2179 1318 2419 1385 pricdicti
2450 1322 2701 1375 monachi
2734 1338 2855 1377 cum
2891 1324 3007 1381 face
3043 1343 3201 1384 cerea
3236 1329 3436 1388 Veneta
3460 1349 3714 1395 accensa
3737 1352 3758 1393 :

2180 1408 2353 1461 media
2400 1410 2618 1478 quidem
2666 1412 2750 1465 via
2803 1414 3124 1472 incedebant
3178 1420 3319 1486 bini;
3364 1438 3457 1477 eos
3496 1424 3676 1479 autem
3724 1441 3761 1482 a

2177 1501 2380 1555 dextris
2410 1511 2461 1557 et
2491 1519 2519 1556 a
2565 1504 2803 1561 sinistris
2836 1508 3234 1566 cornitabantur
3274 1513 3460 1570 famuli
3511 1518 3755 1572 virorum

2177 1591 2433 1647 nobilium
2462 1593 2589 1650 item
2620 1613 2740 1650 cum
2773 1613 2927 1654 cerea
2963 1601 3077 1656 face
3099 1618 3349 1660 accensa.
3376 1606 3547 1663 Faces
3569 1620 3757 1665 autem

2108 1666 2147 1724 Β
2179 1698 2420 1739 accensa:
2448 1695 2557 1740 tum
2584 1690 2972 1763 monachorum
3003 1701 3111 1747 tum
3137 1695 3400 1752 dictorum
3428 1694 3783 1756 famulor-nun

2184 1774 2489 1845 ctaliorum
2552 1780 2891 1835 ssncularium
2936 1794 3092 1838 erant
3138 1803 3365 1843 numero
3414 1780 3634 1846 circiter
3667 1780 3781 1848 bis“

2173 1865 2339 1921 mille.
3490 1876 3497 1882 ’

2242 1960 2328 2014 10.
2351 1981 2367 2013 ι
2388 1960 2668 2020 Processio
2691 1974 2865 2023 autem
2884 1969 2962 2025 sic
2990 1971 3232 2028 ordinata
3258 1989 3324 2029 ex
3349 1976 3489 2033 dicta
3516 1977 3775 2061 ecclesia

2171 2046 2227 2102 S.
2262 2038 2504 2118 Gregorii
2560 2055 2820 2111 transibat
2863 2068 2993 2114 ante
3045 2061 3325 2118 ecclesiam
3388 2065 3445 2120 S.
3490 2067 3747 2136 .Nicolai;

2167 2126 2491 2209 procedebat
2516 2147 2644 2201 vero
2680 2164 2777 2219 per
2827 2148 2975 2205 viam
3001 2150 3165 2224 quam
3195 2148 3384 2214 dicunt
3408 2159 3748 2217 Fundacium

2169 2233 2227 2287 8.
2256 2232 2489 2303 Nicolai;
2525 2238 2648 2293 inde
2670 2250 2851 2295 autem
2875 2260 2974 2312 per
3001 2246 3142 2299 viam
3170 2245 3464 2305 Bardorum
3492 2255 3749 2322 pervenit

2164 2328 2234 2382 ad
2279 2328 2503 2385 Pontem
2538 2344 2775 2389 veterem
2832 2347 2886 2392 et
2930 2339 2996 2393 ad
3047 2344 3353 2397 columnam
3401 2354 3455 2399 et
3503 2346 3743 2419 plateam

2166 2421 2222 2477 S.
2254 2422 2568 2491 Felicitatis,
2603 2427 2691 2483 ubi
2718 2439 2873 2486 erant
2901 2433 3180 2491 duodecim
3212 2438 3399 2494 clerici
3451 2441 3609 2495 dicta:
3649 2458 3743 2497 ec-

2162 2514 2340 2570 clesia:
2361 2533 2482 2570 cum
2510 2521 2681 2573 cereis
2706 2517 2909 2579 facibus
2931 2530 3194 2593 accensis,
3210 2532 3320 2598 qui,
3342 2531 3495 2600 jussu
3511 2535 3743 2590 domina:

2163 2593 2449 2658 al.-hatissa:
2479 2606 2719 2675 ejusdem
2750 2616 3064 2669 monasterii
3097 2625 3150 2670 et
3177 2619 3419 2673 ceclcsize
3457 2619 3743 2677 S.Fclici-

2166 2694 2317 2759 tatis,
2348 2708 2659 2767 exspectata
2705 2702 2935 2772 imagine
2960 2722 3133 2773 saera,
3176 2700 3293 2763 eam
3324 2719 3451 2766 sunt
3490 2713 3737 2768 comitati

2161 2801 2333 2856 usque
2365 2788 2502 2844 intra
2539 2790 2821 2846 ecclesiam
2850 2806 3113 2851 nostram.
3148 2799 3363 2856 Adicio
3398 2802 3516 2856 loco
3545 2802 3602 2858 S.
3634 2804 3739 2858 Fe—
3800 2834 3803 2835 ν

2161 2874 2381 2932 licitatis
2408 2894 2502 2947 per
2529 2880 2670 2935 viam
2703 2881 3203 2959 Guicciardinorum
3245 2894 3490 2960 pervenit
3515 2909 3737 2962 proces-

2161 2960 2244 3025 sio
2279 2973 2345 3026 ad
2386 2973 2619 3043 plateam
2663 2988 2714 3033 et
2761 2980 3020 3050 palatium
3050 2983 3339 3054 Pittorum,
3383 2989 3732 3045 residentiam

2161 3060 2504 3119 Serenissimi
2533 3070 2711 3140 magni
2737 3070 2899 3128 Ducis
2929 3084 2982 3128 ct
3008 3075 3335 3144 reliquorum
3359 3078 3735 3136 Serenissima:

2156 3149 2416 3210 Mediocre
2446 3155 2663 3214 fainilia:
2686 3162 2993 3233 principum
3028 3175 3080 3221 et
3113 3166 3235 3222 inde
3263 3170 3327 3223 ad
3356 3169 3639 3226 ecclesiam
3675 3184 3733 3226 et

2155 3247 2541 3303 monasterium
2593 3252 2906 3309 mouialium
2958 3255 3017 3315 S.
3068 3257 3212 3313 Petri
3258 3264 3534 3333 martyris,
3584 3265 3731 3331 unde

2155 3334 2368 3388 tandem
2399 3351 2496 3405 per
2518 3339 2659 3395 viam
2691 3342 2818 3398 Maii
2849 3351 3094 3415 pervenit
3121 3349 3187 3403 ad
3223 3359 3442 3420 pontem
3487 3362 3544 3408 et
3580 3353 3727 3409 intra

2152 3426 2436 3483 ecclesiam
2462 3430 2519 3485 8.
2563 3432 2866 3492 Trinitatis.

2224 3516 2307 3570 11.
2339 3536 2358 3569 ‹
2382 3517 2485 3574 Sed
2516 3524 2969 3597 notanduquuod
2995 3529 3299 3588 iinmediatc
3328 3545 3450 3604 post
3472 3536 3723 3593 vexillum

2146 3615 2202 3659 et
2230 3617 2358 3663 ante
2380 3612 2673 3668 monachos
2705 3615 2986 3673 incedebat
3015 3622 3246 3677 societas
3284 3622 3341 3678 8.
3386 3624 3599 3693 lsidori,
3624 3642 3725 3682 su-

2144 3696 2326 3765 perius
2378 3704 2673 3768 nominata,
2722 3722 2882 3776 quam
2948 3715 3344 3781 componebant
3405 3717 3621 3773 ducenti
3661 3730 3723 3775 et

2148 3786 2364 3854 triginta
2423 3793 2730 3853 confratres
2777 3816 2965 3858 omnes
3018 3804 3327 3861 discalceati
3362 3807 3443 3876 (ut
3488 3826 3605 3865 mos
3636 3820 3724 3866 est

2141 3888 2327 3930 eorum
2351 3884 2788 3948 processionibus
2815 3890 3098 3963 interesse)
3122 3902 3175 3948 et
3198 3896 3391 3966 singuli
3415 3913 3537 3952 cum
3559 3915 3718 3954 cerea

2143 3964 2262 4021 face
2289 3982 2549 4039 accensa;
2599 3990 2663 4030 ea
2701 3993 2829 4033 vero
2857 3981 3140 4037 devotione
3185 3993 3240 4038 et
3280 3987 3538 4061 modestia
3569 3986 3753 4045 inec?

2140 4056 2340 4112 dobant
2371 4071 2427 4114 ut
2471 4065 2837 4134 admirationi,
2873 4071 3217 4128 aedificationi
3248 4085 3304 4131 et
3350 4058 3600 4149 exemplo
3630 4098 3719 4135 es-

2137 4156 2260 4201 sent
2316 4144 2566 4209 universo
2612 4159 2805 4226 populo
2850 4160 3181 4219 Florentino.
3248 4167 3380 4223 Post
3418 4174 3713 4227 monachos

2135 4238 2430 4297 cucullatos
2453 4253 2505 4299 et
2539 4246 2695 4303 binos
2750 4251 3060 4310 incedentes
3106 4259 3295 4314 ordine
3335 4264 3587 4331 superius
3624 4265 3713 4320 de-

2134 4331 2355 4401 scripto,
2422 4334 2745 4394 incedebant
2811 4346 3085 4400 turmatim
3155 4352 3532 4421 quamplurimi
3607 4354 3709 4409 viri

2083 4446 2089 4453 ε
2136 4421 2342 4479 nobiles
2369 4441 2491 4481 eum
2518 4427 2725 4486 facibus
2753 4436 2924 4490 cereis
2968 4442 3228 4494 accensis.
3260 4441 3369 4498 llos
3408 4447 3710 4521 sequeban-

460 4465 633 4519 astitit
678 4472 917 4530 ecclesiae
955 4477 1011 4533 S.
1064 4481 1298 4554 Nicolai;
1340 4491 1740 4569 Illustrissimus
1794 4520 1929 4562 vero
1965 4510 2027 4564 Ι).
2083 4528 2086 4532 λ

2134 4521 2220 4568 tur
2244 4516 2374 4582 bini,
2404 4535 2628 4576 numero
2662 4525 2872 4594 triginta
2900 4539 3107 4598 septem
3138 4531 3345 4609 Patres,
3374 4516 3708 4605 paranientis
3764 4538 3767 4541 ’

2079 4638 2088 4645 .
2131 4602 2236 4658 albi
2265 4606 2462 4663 coloris
2493 4610 2685 4678 induti,
2714 4617 2805 4686 qui
2832 4618 2931 4673 hoc
2950 4621 3138 4678 ordine
3160 4606 3707 4702 incedebantLPrfmo
3758 4684 3767 4700 ε

2079 4726 2087 4735 ρ
2129 4704 2252 4747 octo
2281 4696 2470 4754 Patres
2541 4702 2987 4783 Vallmubrosani,
3038 4716 3354 4784 Camerarii,
3425 4723 3700 4791 Lectores,

2129 4781 2379 4854 Magistri
2400 4800 2455 4844 et
2477 4790 2695 4850 Priores
2723 4812 2843 4853 cum
2879 4802 3179 4861 dalmaticis
3208 4820 3260 4864 et
3289 4810 3499 4869 facibus
3527 4818 3700 4871 cereis

2128 4877 2391 4944 accensis;
2437 4882 2902 4954 subsequebantur
2951 4895 3043 4950 alii
3100 4910 3224 4955 octo
3270 4906 3437 4960 nostri
3484 4902 3698 4975 Patres,

2124 4961 2360 5020 Abnates
2391 4969 2633 5028 titulares
2653 4985 2707 5029 et
2742 4977 2958 5037 Priores
3014 4986 3252 5046 titulares
3297 5008 3421 5050 cum
3468 4996 3699 5067 planetis

2124 5061 2179 5105 et
2198 5052 2405 5113 facibus
2430 5063 2604 5118 cereis
2629 5066 2753 5121 item
2784 5075 3048 5135 accensis.
3080 5078 3215 5134 infra
3244 5098 3381 5151 quos
3406 5100 3614 5151 omnes,
3641 5101 3696 5144 et

2124 5156 2155 5195 a
2180 5141 2432 5204 lateribus
2460 5165 2646 5208 eorum
2678 5156 2993 5219 incedebant
3010 5167 3189 5237 plures
3212 5174 3312 5227 viri
3341 5177 3549 5235 nobiles
3569 5195 3693 5236 cum

2122 5234 2293 5290 cereis
2323 5236 2528 5297 facibus
2554 5250 2814 5304 accensis.
3011 5234 3027 5237 θ
3098 5246 3099 5249 “
