4076 5310
252 110 365 168 965

1548 104 1753 163 ACTA.
1795 134 1867 148 —-
1903 101 2274 160 APPENDIX.

3348 100 3363 108 ’
3421 106 3528 164 963

255 201 519 281 cellarum
550 222 715 280 Vallis
749 223 1063 290 Umbrosm;
1092 221 1151 279 P.
1183 223 1242 278 ι).
1272 219 1544 279 Victorius
1561 220 1842 292 Lapinius,
1869 240 1916 299 Α
1946 218 2100 275 libito
2126 218 2390 291 inspicere
2413 220 2690 292 potuerint
2717 228 2774 277 et
2815 221 3081 278 venerari.
3110 220 3211 281 Ubi
3250 235 3380 279 vero
3404 232 3533 283 ante

253 318 440 371 Abbas
470 314 529 371 S.
556 314 868 378 Christiane,
897 313 957 367 P.
988 314 1050 368 Ι).
1078 312 1406 383 Theophilus
1432 312 1634 382 Coppa,
1663 312 1845 368 Abbas

256 408 543 463 Susinanaa
573 423 588 473 ;
619 406 680 460 P.
707 406 768 459 Ι).
796 405 1061 459 Maximus
1096 408 1164 460 de
1202 406 1415 469 (iastro,
1447 405 1615 459 abbas
1643 404 1701 459 S.
1734 401 1844 457 lle-

254 508 461 568 paratte
477 499 544 553 de
565 496 870 562 Marradio;
900 495 962 549 P.
993 496 1055 549 D.
1083 494 1230 550 Felix
1262 495 1635 559 Floravantes,
1662 494 1844 548 Abbas

260 590 496 647 abbatia:
525 588 776 653 Pistorii;
808 589 868 643 Ρ.
910 588 969 642 Ι).
998 588 1330 641 Alamannus
1351 588 1638 659 Borghius,
1664 586 1845 643 Abbas

247 677 617 751 S.Pancratji
664 677 992 742 Florentim;
1039 676 1100 729 P.
1156 676 1217 729 Ι).
1276 675 1497 729 Alexius
1547 675 1841 738 lllelimius,

255 773 443 827 Abbas
473 740 842 825 Si’l‘riuitatis
897 740 1304 833 Florentize;P.
1355 767 1419 822 D.
1470 767 1716 823 Placidus
1748 766 1843 822 Jo-

242 864 395 929 .rius,
421 861 605 918 Abbas
642 859 943 916 Passiuiani
968 876 983 925 ;
1007 859 1069 914 P.
1100 860 1160 913 D.
1196 858 1456 913 Camillus
1482 858 1617 911 delia
1649 858 1840 921 Turre,

255 953 441 1011 Abbas
476 952 637 1009 Vallis
667 950 943 1008 Umbrosze
970 970 984 1005 :
1038 952 1211 1006 ultimi
1261 953 1366 1007 duo
1393 962 1548 1019 erant
1571 950 1632 1005 P.
1663 951 1843 1006 Abbas

255 1044 688 1110 Crelestiuorum,
715 1054 769 1100 et
796 1044 857 1100 Ρ.
876 1046 939 1099 Ι).
963 1044 1251 1100 Auselmus
1271 1044 1637 1116 Campionius,
1663 1047 1844 1100 Abisas

255 1136 488 1192 abbatim
533 1136 859 1192 Florentinte
908 1136 1128 1192 Patrum
1184 1136 1605 1193 Cassincusium.
1661 1138 1844 1193 Abbas

255 1225 700 1297 Cistercicnsium
729 1240 834 1280 non
861 1226 1172 1281 intervenit.
1196 1224 1396 1280 Ultimo
1417 1231 1628 1280 tandem
1650 1241 1843 1295 seque-

256 1319 421 1374 batur
446 1317 949 1373 Reverendissimus
986 1317 1047 1372 P.
1097 1318 1161 1371 Ι).
1207 1317 1521 1372 Theodorus
1568 1316 1844 1373 Baldinius

257 1423 444 1466 noster
462 1410 643 1466 Abbas
668 1409 970 1476 Generalis,
1021 1410 1231 1467 medius
1277 1411 1417 1466 inter
1470 1411 1603 1465 duos
1633 1409 1840 1476 Patres,

258 1501 700 1556 czeremoniarum
746 1499 1051 1573 prtefectos.
1099 1501 1489 1572 superpclliceo
1534 1517 1694 1571 supra
1747 1517 1844 1556 cu-

1944 308 2205 380 palatium
2249 306 2597 365 Screuissimi
2635 309 2813 382 magni
2862 310 3022 365 Ducis
3067 320 3380 379 perventum
3420 322 3531 378 est,

1947 400 2227 468 aliquanto
2277 399 2510 470 amplius
2561 409 2645 456 est
2697 412 3002 471 pausatum,
3054 413 3110 456 ut
3157 403 3531 462 Serenissimis

1946 491 2247 559 principum
2276 499 2583 545 nOstrorum
2596 490 3019 547 Celsitudiaibus
3035 494 3099 545 ad
3115 493 3294 561 palatii
3308 496 3532 563 mania,

1945 598 2038 653 pre
2066 582 2350 637 ioslssimis
2379 582 2696 639 ltoloscricis
2720 585 2901 640 ruhcis
2929 598 3205 656 apparata,
3237 587 3534 658 genuﬂexis

1947 673 2094 727 locus
2150 673 2374 727 daretur
2416 675 2816 729 sanctissimum
2860 676 3189 749 Crucitixum
3240 677 3535 735 venerandi

1945 767 2394 836 inspicieudiquc,
2474 767 2784 823 tibicinibus
2852 771 3067 824 lLlCt‘lttl
3124 780 3176 823 et
3217 771 3534 826 can‘cribus

1910 871 2127 927 ‘sacras
2157 866 2212 912 et
2248 856 2555 912 dulcisonas
2606 857 2865 912 melodias
2914 860 3341 916 conciuent'bzts.
3397 862 3529 915 Cum

1943 958 2122 1001 autem
2150 946 2492 1017 pervenimus
2518 948 2583 1000 ad
2610 947 2914 1003 columnam
2941 952 2998 1003 ὃ.
3028 950 3237 1008 Felicis.
3268 954 3321 1005 iu
3353 952 3529 1022 platea

1944 1048 2227 1109 pausatum
2254 1036 2439 1090 itidem
2469 1051 2552 1091 ρει
2578 1035 2872 1108 aliquanto.
2899 1048 2955 1092 ut
2980 1056 3147 1094 sacrm
3172 1039 3272 1095 illa:
3295 1041 3537 1112 virgines

1945 1127 2257 1182 monasterii
2284 1127 2342 1182 S.
2370 1126 2513 1181 Petri
2542 1127 2792 1200 Martyris
2845 1130 3140 1200 geuuﬂcxc
3170 1132 3308 1187 intra
3339 1148 3531 1189 mona-

1944 1218 2094 1274 sterii
2126 1228 2336 1289 portam
2360 1222 2643 1275 commoﬁe
2676 1231 2894 1290 possent
2946 1224 3218 1279 cmlestem
3261 1226 3532 1296 Sponsum

1946 1309 2367 1378 triumphantem
2396 1312 2714 1378 conspicere
2739 1321 2792 1364 ct
2821 1312 3069 1366 adorare.
3310 1316 3317 1325 '

2014 1402 2098 1455 l6.
2135 1421 2152 1452 ι
2184 1398 2421 1456 Tandem
2453 1415 2550 1472 per
2572 1403 2708 1456 viam
2741 1403 2804 1456 lli;
2826 1402 2861 1457 ii
2894 1419 3035 1473 petv.
3060 1414 3209 1460 ntum
3235 1415 3319 1461 cst
3344 1408 3411 1461 ad
3443 1424 3535 1463 cc-

1943 1490 2161 1546 clesiam
2194 1501 2431 1546 nostram
2456 1492 2514 1546 ὃ.
2548 1491 2852 1558 Trinitatis,
2886 1503 2939 1549 et
2965 1496 3090 1548 dum
3118 1496 3301 1551 l‘ontis
3330 1498 3527 1552 clivum

250 1592 454 1648 cauam
481 1593 719 1657 ίηιιυιοε,
767 1601 993 1661 eratque
1034 1591 1195 1646 ηιίιηι
1240 1601 1295 1647 ει
1336 1591 1552 1661 pluviali
1583 1600 1837 1661 argentea
1870 1591 1913 1650 Β
1943 1584 2295 1640 descenderet
2326 1585 2521 1655 imago,
2547 1583 2776 1640 salutata
2801 1594 2882 1640 est
2910 1586 3211 1648 innumeris
3238 1603 3372 1657 pene
3398 1588 3532 1658 igni-

254 1684 362 1740 tela
390 1684 637 1741 confecto
670 1685 913 1739 vestitus.
969 1684 1209 1739 Abbates
1248 1692 1428 1738 autem
1481 1693 1533 1737 et
1560 1682 1841 1738 Geueralis

252 1776 498 1846 praedicti
531 1791 637 1830 non
686 1773 1004 1830 deferebant
1047 1774 1297 1829 manibus
1349 1789 1539 1829 cereas
1585 1772 1751 1837 faces,
1785 1781 1841 1827 nt

242 1865 448 1936 reliqui
474 1876 675 1936 patres,
726 1864 943 1920 sedeas
983 1864 1229 1919 ferebant
1286 1863 1396 1918 DD.
1445 1864 1638 1933 ephebi
1680 1862 1842 1919 Sere-

255 1957 465 2011 uissimi
500 1957 678 2026 magni
716 1956 896 2022 Ducis,
923 1971 1061 2026 quos
1094 1956 1253 2027 vulgo
1288 1956 1476 2026 pagios
1505 1965 1720 2022 vocant,
1749 1958 1840 2027 qui

254 2046 386 2101 hinc
416 2046 543 2099 inde
574 2046 721 2100 circa
750 2046 985 2101 Abbates
1019 2046 1287 2100 astabant.

327 2136 416 2189 l5.
460 2153 477 2185 α
502 2134 844 2203 Sequebatur
877 2135 1071 2190 deinde
1108 2136 1299 2191 thensa
1329 2151 1421 2190 seu
1448 2136 1716 2201 machina,
1747 2151 1841 2191 su-

236 2238 349 2293 ,pra
380 2222 591 2295 [quam]
617 2225 755 2279 intra
788 2239 1085 2295 conopeum
1117 2224 1218 2280 albi
1250 2226 1449 2282 coloris
1475 2225 1843 2281 collocabatur

236 2329 408 2367 sacra
445 2314 661 2384 imago;
702 2315 1021 2385 portabatur
1068 2332 1198 2371 vero
1251 2318 1319 2371 ab
1357 2328 1483 2372 octo
1528 2331 1595 2372 ex
1640 2318 1869 2379 nostris,

248 2404 632 2473 sacerdotibus
684 2406 971 2473 dali‘natica
1007 2406 1112 2462 albi
1161 2407 1360 2463 coloris
1410 2409 1612 2465 indutis
1656 2426 1669 2463 :
1722 2424 1841 2479 qua:

242 2511 377 2551 .cum
411 2513 475 2552 ex
506 2498 733 2553 ecclesia
768 2497 826 2553 S.
852 2497 1056 2554 Nicolai
1080 2500 1425 2566 educeretur,
1474 2501 1707 2556 salutata
1742 2500 1843 2556 fuit

255 2588 663 2657 quamplurimas
688 2590 885 2645 ictibus
915 2591 1209 2660 ignitorum
1246 2599 1638 2646 tormentorum
1665 2608 1681 2658 ;
1714 2600 1841 2648 tunc

254 2689 437 2733 autem
457 2678 570 2747 jam
601 2689 923 2749 pervenerat
944 2681 1198 2736 vexillum
1222 2684 1289 2738 ad
1322 2684 1604 2738 ecclesiam
1633 2682 1690 2738 S.
1721 2683 1843 2738 Tri-

256 2771 481 2836 nitatis;
513 2780 736 2842 excepta
765 2772 928 2826 etiam
953 2772 1055 2829 fuit
1080 2774 1181 2829 sub
1230 2774 1552 2832 baldacbino
1597 2776 1867 2832 ecclesias

257 2860 699 2930 Metropolitauae,
750 2862 903 2933 cujus
948 2865 1160 2921 hastilia
1214 2866 1525 2922 deferebant
1579 2877 1701 2924 octo
1737 2867 1837 2922 viri

1945 1682 2120 1729 torum
2203 1684 2595 1731 tormentorum
2655 1676 2874 1742 ictibus,
2924 1687 2980 1731 et
3047 1686 3176 1733 ante
3246 1668 3532 1735 ecclesiam

1943 1769 2273 1826 dulcissimis
2320 1771 2601 1826 tibicinum
2665 1781 2721 1826 et
2766 1772 3094 1827 musicorum
3169 1773 3529 1829 cantionibus.

1942 1861 2229 1932 Campana:
2260 1871 2441 1916 autem
2484 1861 2727 1917 ecclesia:
2757 1873 2955 1919 nostra:
2984 1863 3052 1919 ab
3091 1876 3327 1920 accessu
3350 1863 3531 1920 vexilli

1943 1967 2159 2023 semper
2186 1953 2410 2023 pulsata:
2437 1963 2580 2018 sunt,
2612 1954 2768 2009 sicuti
2796 1955 2959 2010 etiam
2998 1971 3272 2026 campana:
3299 1957 3530 2011 aliarum

1942 2042 2317 2110 ectlesiarum,
2384 2053 2509 2100 ante
2583 2059 2722 2114 quas
2792 2046 3170 2101 sanctissimus
3229 2048 3532 2103 Crucilixus

1944 2135 2228 2189 transibat.
2275 2135 2408 2190 Cum
2458 2151 2585 2190 vero
2633 2134 2823 2191 thensa
2876 2137 2930 2191 in
2988 2137 3230 2193 ecclesia:
3265 2138 3531 2193 vestibulo

1946 2230 2156 2283 firmata
2201 2236 2304 2294 est,
2348 2244 2582 2298 cumque
2628 2238 2712 2284 est
2761 2230 2861 2284 sub
2906 2245 3229 2301 organorum
3268 2231 3446 2286 sonitu
3477 2233 3530 2285 in

1943 2318 2231 2374 ecclesiam
2266 2320 2577 2389 importata,
2613 2321 2925 2376 increbihile
2959 2330 3058 2379 est.
3094 2338 3254 2391 quam
3277 2321 3533 2393 frequen-

1945 2409 2014 2462 tia
2044 2419 2098 2464 et
2126 2425 2285 2479 quam
2315 2410 2576 2466 ferventia
2601 2411 2800 2465 fuerint
2828 2412 3216 2466 monachorum
3245 2418 3537 2468 timeam-

1944 2516 2126 2554 rorum
2154 2502 2317 2555 etiam
2349 2503 2580 2572 suSpiria
2599 2511 2652 2558 et
2672 2502 2924 2576 lacrymae
2942 2513 2998 2560 et
3018 2505 3337 2575 precatorire
3348 2520 3528 2570 voces,

1942 2607 2062 2661 qua:
2100 2608 2208 2661 pra:
2254 2594 2516 2648 immenso
2550 2595 2770 2650 contriti
2815 2596 2997 2651 cordis
3042 2595 3260 2662 affectu,
3311 2605 3364 2650 et
3415 2611 3528 2667 prae

1942 2699 2153 2739 summa
2186 2684 2385 2740 inventi
2417 2688 2657 2743 thesauri
2687 2688 2872 2744 laetitia
2896 2687 3280 2744 lundeb‘autur.

2015 2775 2102 2830 l7.
2134 2793 2154 2827 ‹
2176 2775 2432 2833 Ecclesiae
2445 2777 3169 2853 frontispicium[quamvis],
3196 2790 3255 2836 ut
3280 2782 3422 2852 quod
3445 2790 3532 2837 est

1942 2879 2105 2934 opere
2140 2866 2421 2923 Corinthio
2466 2877 2858 2934 constructum,
2905 2871 3141 2942 alioquin
3192 2872 3265 2926 sit‘
3310 2871 3529 2943 eligan-

257 2953 483 3017 nobiles,
528 2954 728 3024 quibus
773 2956 998 3012 alternis
1045 2959 1255 3015 vicibus
1305 2976 1401 3030 per
1444 2961 1834 3031 aliquantulum
1862 2937 1906 3001 (ἶ
1939 2959 2231 3026 tissimum,
2258 2960 2561 3033 elegantius
2592 2971 2648 3017 et
2674 2960 2949 3033 pulchrius
2976 2937 3269 3032 apparebat
3296 2937 3532 3033 pne—tri-

255 3046 357 3100 viae
384 3048 618 3116 spatium
639 3047 728 3101 alii
760 3060 883 3104 octo
912 3050 1013 3105 viri
1046 3052 1254 3111 nobiles
1282 3055 1647 3110 succedebant
1671 3070 1840 3125 usque

257 3139 325 3195 ad
349 3138 549 3195 clivum
572 3141 752 3210 pontis
773 3142 830 3198 S.
863 3144 1142 3200 Trinitatis
1175 3163 1340 3216 prope
1365 3148 1670 3214 ecclesiam,
1698 3149 1841 3204 unde

257 3245 429 3300 usque
465 3231 607 3286 intra
628 3231 912 3289 ecclesiam
934 3236 1291 3306 deportarunt
1320 3238 1696 3295 baldachinum
1714 3250 1842 3295 octo

253 3331 575 3388 scitatores;
605 3341 796 3382 omnes
820 3338 999 3383 autem
1023 3331 1123 3384 viri
1148 3331 1378 3396 nobiles,
1409 3332 1501 3403 qui
1535 3332 1842 3402 hujusmodi

253 3411 475 3484 pietatis
519 3416 837 3486 obsequium
890 3420 1273 3486 exhibuerunt,
1330 3422 1550 3478 fuerunt
1616 3437 1842 3478 numero

258 3513 471 3563 centum
534 3516 592 3562 et
640 3509 940 3579 sexaginta,
1008 3512 1350 3569 senatoribus
1413 3512 1687 3583 praedictis
1733 3527 1840 3567 non

253 3597 605 3667 cmnputatis.

327 3690 419 3746 14.
450 3709 471 3743 ι
502 3691 724 3749 Sacram
759 3694 1049 3768 imaginem
1076 3699 1484 3756 circumdabant
1503 3700 1841 3771 septuaginta

257 3781 540 3837 musicide
573 3784 777 3854 capella
806 3784 1049 3854 ejusdem
1101 3788 1346 3847 ccciesiaa
1396 3790 1841 3861 Metropolitana:,

257 3878 314 3927 et
334 3869 603 3937 tibicines,
632 3874 722 3944 qui
754 3875 992 3932 vicissim
1037 3895 1159 3934 cum
1217 3881 1438 3936 musicis
1464 3881 1530 3935 ad
1565 3895 1842 3951 egressum

260 3965 502 4023 ecclesia
522 3964 587 4022 S.
617 3968 821 4024 Nicolai
862 3979 915 4025 et
944 3987 1043 4041 per
1069 3973 1205 4027 viam
1237 3952 1454 4029 Christo
1482 3973 1609 4029 Jesu
1648 3973 1840 4029 trium-

258 4055 762 4126 phauticanebant.
818 4059 951 4115 Octo
975 4062 1103 4116 item
1140 4062 1231 4117 alii
1277 4063 1544 4129 tibicines,
1592 4079 1732 4134 equo
1762 4064 1845 4118 ἰη-

261 4146 537 4211 sidentes,
611 4159 1005 4218 praecesserunt
1070 4153 1378 4208 universam
1442 4156 1841 4225 processionem

263 4235 404 4291 tubis
425 4236 735 4293 alternatim
765 4256 863 4310 per
893 4250 1058 4297 totam
1088 4243 1226 4298 viam
1273 4257 1547 4311 canentes,
1575 4256 1631 4300 et
1676 4246 1845 4302 dulci-

258 4328 407 4384 sonis
458 4329 691 4385 modulis
734 4332 984 4402 populum
1026 4335 1092 4388 ad
1146 4334 1384 4390 laetitiam
1410 4345 1466 4391 et
1498 4337 1839 4393 devotionem

257 4420 579 4482 excitantes.
626 4422 848 4478 Sacram
894 4426 1182 4498 imaginem
1233 4428 1334 4483 hoc
1384 4429 1541 4484 modo
1572 4439 1839 4499 portatam

256 4511 586 4582 sequebatur
610 4514 1009 4573 lllustrissimus
1035 4518 1099 4572 Ι).
1133 4534 1302 4590 eques
1340 4521 1414 4576 de
1449 4521 1842 4591 Ugoccionibus

259 4604 530 4679 provisor,
559 4616 614 4661 et
659 4609 1010 4679 magistratus
1048 4612 1184 4667 artis
1222 4622 1609 4669 mercatorum.
1639 4613 1843 4669 Deinde

258 4709 387 4751 vero
414 4698 744 4767 sequebatur
767 4701 1046 4757 innumera
1072 4703 1250 4773 populi
1291 4714 1345 4759 et
1375 4703 1628 4759 nobilium
1658 4704 1842 4759 multi-

260 4788 405 4853 tudo,
437 4804 560 4859 qua:
594 4792 885 4862 populabat
935 4808 1123 4849 onmes
1150 4796 1510 4864 processionis
1554 4797 1690 4862 vias,
1721 4810 1844 4868 qua:

254 4880 420 4935 etiam
445 4882 881 4938 eo:venustiores
929 4893 1085 4938 erant
1114 4900 1225 4954 pra:
1275 4885 1570 4940 aulicorum
1607 4885 1842 4956 ingentis

253 4972 414 5042 pretii
444 4972 730 5040 varietate,
766 4974 962 5045 quibus
994 4986 1107 5030 tum
1161 4975 1437 5042 fenestra,
1470 4984 1580 5031 tum
1607 4976 1842 5033 exterio-

252 5075 342 5119 res
366 5063 655 5116 domorum
684 5067 920 5133 parietes
948 5065 1305 5141 ornabantur.

304 5152 411 5219 ,15.
434 5173 454 5205 ι
474 5152 644 5207 Passa
662 5153 960 5212 lentissimo
988 5155 1292 5227 incedebat,
1322 5166 1435 5212 tum
1459 5158 1583 5227 quia
1614 5160 1691 5214 rei
1721 5174 1841 5214 ma-

242 5244 417 5310 jestas
444 5246 527 5301 sic
555 5247 821 5310 exigebat,
854 5257 965 5302 tum
986 5247 1111 5310 quia
1136 5264 1300 5310 grave
1322 5249 1585 5304 machina:
1609 5250 1838 5310 pondus,

1873 4289 1921 4348 D

1941 3051 2043 3106 bu's
2071 3052 2278 3123 magnis
2301 3053 2460 3121 pictis
2513 3052 2732 3119 tabulis,
2758 3053 2906 3108 claro
2935 3054 3169 3110 obscuro
3215 3054 3524 3119 elaboratis,

1943 3142 2141 3198 ibidem
2165 3144 2440 3213 appensis,
2468 3156 2588 3215 qua:
2617 3145 3070 3215 repraesentabaut
3111 3153 3219 3201 tres
3244 3146 3529 3201 historicos

1943 3251 2102 3293 casus
2130 3239 2303 3294 sancti
2351 3239 2521 3293 nostri
2574 3238 2899 3294 institutoris
2935 3237 3159 3295 Joannis
3210 3238 3527 3294 Gualberti:

1943 3341 2067 3381 nam
2120 3342 2284 3398 supra
2324 3328 2583 3398 majorem
2636 3337 2692 3382 et
2745 3328 3239 3397 mediamportam
3284 3328 3531 3384 ecclesia}

1944 3421 2209 3493 pendebat
2229 3423 2369 3494 picta
2400 3423 2605 3488 tabula,
2628 3422 2840 3479 duabus
2864 3421 2984 3477 aliis
3029 3421 3306 3492 aliquanto
3332 3422 3527 3493 major,

1943 3527 2165 3569 auctore
2197 3514 2259 3569 Ι).
2289 3514 2553 3579 Pallouio,
2599 3529 2859 3586 perquam
2897 3514 3128 3587 eleganti
3157 3514 3383 3585 pictore,
3410 3530 3532 3585 (πω

1942 3606 2233 3661 exhibebat
2260 3621 2469 3661 sacram
2503 3621 2745 3672 crucem,
2799 3621 2858 3662 se
2881 3614 3047 3662 totam
3096 3617 3150 3662 et
3186 3616 3347 3676 caput
3375 3607 3561 3661 iucti-.

1944 3706 2162 3752 nantem
2193 3696 2247 3752 S.
2281 3697 2342 3752 Ι).
2368 3696 2436 3752 Ν.
2463 3696 2655 3753 Joanni
2706 3697 3023 3762 Gualberto,
3065 3697 3268 3753 amictu
3311 3697 3531 3753 militari

1946 3789 2154 3856 induto,
2184 3790 2375 3846 subtus
2401 3806 2562 3861 quam
2594 3790 2831 3855 tabulam
2858 3791 2911 3846 in
2964 3789 3070 3844 alia
3120 3789 3351 3861 quadam
3399 3805 3531 3859 pen-
3560 3798 3563 3803 ‘

1944 3882 2105 3936 dente
2150 3880 2322 3936 ovalis
2376 3881 2559 3953 figura:
2608 3880 2787 3936 tabula
2849 3881 3243 3952 inspiciebatur
3298 3895 3543 3951 sequens

1946 3976 2249 4047 inscriptio,
2284 3991 2446 4047 quam
2491 3974 2652 4032 simul
2673 3990 2795 4030 cum
2836 3975 3043 4030 duabus
3082 3975 3204 4030 aliis
3260 3976 3312 4028 in
3362 3972 3531 4029 animi

1944 4085 2069 4142 erga
2113 4068 2599 4140 Congregationem
2676 4076 2917 4121 nostram
2957 4067 3211 4135 propensi
3269 4075 3530 4121 tesseram

1945 4170 2325 4229 composuerat
2352 4158 2753 4213 lllustrissimus
2789 4166 2844 4210 et
2893 4155 3399 4211 Reverendissimns
3429 4155 3561 4209 Do»

1949 4248 2129 4302 minus
2160 4248 2218 4302 Ι).
2248 4247 2472 4317 Opicius
2496 4245 2879 4311 Pallavicinus,
2916 4243 3220 4300 Gcnuensis
3270 4243 3532 4314 patricius

1947 4346 2001 4393 et
2042 4337 2482 4408 archiepiscopus
2513 4336 2835 4407 Ephesinus,
2866 4346 3031 4404 atque
3065 4335 3206 4403 apud
3236 4332 3534 4389 Serenissi-

1944 4446 2089 4485 mum
2121 4445 2374 4501 maguum
2397 4429 2600 4485 Ducem
2628 4428 2861 4485 Nuntius
2886 4427 3251 4498 Apostolicus,
3279 4435 3334 4481 et
3359 4423 3445 4484 vir
3475 4426 3531 4481 in

1942 4522 2087 4577 omni
2116 4524 2322 4577 scienta
2342 4532 2399 4576 et
2425 4521 2572 4576 varia
2601 4520 2907 4577 eruditione
2932 4534 3067 4575 sane
3115 4517 3453 4576 clarissimus
3478 4528 3535 4579 et

1942 4615 2429 4671 exercitatissimns
2455 4633 2467 4668 :

2138 4722 2370 4772 CRUCEI,
2399 4719 2669 4762 CIELESTIS
2690 4720 2947 4762 IAGIS’I‘RI
2975 4721 3326 4768 CATBEDRAH,

2118 4816 2188 4855 EX
2215 4814 2320 4864 ρυλ
2344 4812 2547 4853 ιτεκωι
2575 4812 2772 4853 υοσυιτ
2800 4812 3041 4853 INIIICOS
3076 4810 3353 4855 υιιιθειιε.

2062 4908 2202 4956 QUOD
2231 4907 2479 4955 NASCENS,
2507 4906 2715 4957 VIVENS,
2747 4905 3001 4950 IORISNS.
3031 4901 3418 4948 ιιλτιιινεκλτ,

2288 4996 2662 5037 CONGBEGATIO
2685 4997 2875 5036 VALLIS
2907 4994 3196 5042 υκιιιιοει.

2091 5091 2261 5134 SUPER
2288 5088 2425 5129 HUNC
2455 5088 2774 5130 ANGULAREH
2806 5084 3044 5127 ιΑῐιιυεκ
3070 5075 3405 5127 ΕὨΙῐιΊῦΔτΑι

2221 5181 2394 5222 COSIO
2424 5180 2482 5219 ΙΙΙ
2510 5180 2751 5221 ΡΙΠΝΟΙΡΕ
2780 5174 2986 5218 ορτιιιο
3008 5171 3283 5221 FAVEN'I'B,

2117 5272 2342 5310 lES'l'lVA
2373 5270 2542 5310 POIIPA
2572 5269 2884 5310 FAUSTOOUE
2911 5263 3084 5305 OIINE
3118 5257 3367 5307 εκοῐιδιτο
