4076 5310
555 344 661 425 ιῖι

1590 361 1648 417 S.
1688 358 1972 417 JOANNIS
2010 357 2409 414 GUALBERTI
2446 356 2736 414 ABBATIS

3704 357 3813 418 973

555 474 865 537 menlalsuis
894 473 1071 535 sociis,
1089 482 1141 527 ut
1172 488 1237 527 ea:
1262 473 1454 526 nostris
1485 472 1751 526 historicis
1780 471 2151 543 apparetﬁdco
2179 472 2290 526 lucc
2315 489 2411 524 sua
2439 472 2631 525 eximia
2658 480 2825 541 gesta,
2845 488 2909 526 ne
2929 474 2985 527 in
3008 473 3205 529 umbris
3221 474 3447 543 amplius
3472 474 3809 537 delitescant.

555 560 801 612 rogamus
828 543 1152 611 suppliciter,
1180 552 1234 596 ut
1263 544 1358 597 hoc
1391 544 1542 595 lircre
1566 541 1844 613 spiritnole
1875 543 2180 613 exercitium
2211 559 2303 595 ora
2330 543 2509 595 ianum
2539 559 2571 594 a
2598 557 2679 595 me
2703 545 2903 597 sincere
2925 544 3195 598 collectum
3230 541 3457 613 theologi
3477 547 3687 599 eximite
3717 562 3812 599 so-
3884 602 3891 607 _

531 611 759 677 nemus
787 624 889 667 (me
911 617 965 666 in
994 613 1161 666 lucem
1184 614 1301 665 istic
1329 613 1483 666 edant
1509 629 1570 665 ac
1595 612 1809 681 benigne
1836 611 1904 664 ad
1934 611 2065 664 Acta
2093 612 2409 666 Sanctorum
2437 613 2667 666 inserant
2698 614 2802 667 sive
2828 613 2882 667 in
2911 616 3338 670 annotationibus
3360 611 3429 669 ad
3450 617 3586 670 diem
3618 612 3813 670 li'lu-
3884 642 3889 681 ε

526 690 529 694 ’
555 686 648 742 lii:
671 686 736 737 de
764 699 866 753 quo
892 695 938 736 et
966 685 1167 752 gratias
1187 698 1398 751 agemus
1426 683 1901 753 singularissimas.

558 731 2022 821 Ῐῗὶίἰὶεόὶὲτἰὶιῧιιξιὶὶῖἐεξὶῗιῖ’ζοῖὗίὦδῖίόέᾶειὶίίὧίέιιιιε.
2047 759 2103 806 et
2131 731 2294 807 totius
2313 751 2540 821 ordinis.
2573 766 2733 821 quem
2762 752 2952 809 intime
2983 767 3331 816 veneramur,
3360 754 3627 812 desiderio
3648 755 3820 812 satisc

562 821 753 905 iu'turi
785 825 944 878 hasce
974 838 1165 893 preces
1191 832 1245 877 ct
1268 820 1589 878 doetuneuta
1623 823 1710 876 hic
1739 821 2136 893 subjungimus.
2169 820 2335 893 Igitur
2366 822 2425 877 D.
2454 820 2712 878 Germani
2740 823 2900 877 ltuini
2930 827 3258 895 ecgraphum
3286 826 3366 881 sic
3388 826 3570 883 habet.

1105 1019 1345 1079 Mummi.
1376 1040 1497 1095 pag.
1522 1023 1592 1078 Ι.

578 1176 583 1179 _
628 1112 905 1172 Imitemur
949 1124 1196 1173 sanctam
1240 1113 1560 1179 Ecclesium,
1600 1109 1755 1182 cujus
1797 1120 1853 1168 et
1892 1110 2133 1168 membra

558 1228 621 1266 8|]
628 1225 767 1265 ιιιιιε.

570 1316 573 1319 ·
982 1342 987 1348 .
1108 1296 1349 1354 Ηαηααι.
1379 1314 1501 1369 pag.
1543 1301 1597 1355 1.

632 1391 768 1447 Cum
812 1406 844 1447 a
888 1406 1078 1448 somno
1115 1390 1364 1460 evigilas,
1392 1389 1573 1446 crucis
1600 1389 1810 1462 signum
1832 1387 1873 1458 -ι-
1896 1387 1947 1442 in
1977 1384 2135 1443 labiis

548 1483 818 1556 impinge.

558 1646 561 1651 _
706 1564 709 1567 1
1132 1569 1376 1628 Παηιιαι.
1413 1589 1537 1645 pag.
1572 1574 1624 1628 ι.

613 1666 741 1741 Ἐεο
770 1678 821 1724 te
840 1676 953 1723 toto
977 1667 1141 1723 corde
1166 1675 1340 1721 εισι-ο
1367 1664 1631 1722 confiteor
1652 1672 1706 1721 et
1733 1663 1899 1721 adoro
1918 1663 2134 1719 Patrem

551 1773 614 1817 et
643 1761 839 1816 Filium
863 1769 920 1816 et
951 1758 1213 1829 Spiritum
1246 1766 1518 1824 sanctum,
1555 1757 1757 1814 trinum
1806 1756 1859 1811 in
1887 1756 2136 1827 personis

550 1867 612 1912 et
641 1869 804 1910 unum
830 1854 882 1908 in
909 1851 1230 1908 substantia.

1244 1940 1366 1996 Fol.
1400 1944 1448 1999 Ι..

600 2038 815 2094 "Oratio
844 2032 1215 2091 Dominicalis.
1248 2032 1447 2090 Credo.

799 2127 885 2184 Ea:
909 2126 1178 2183 Brerieulo
1210 2126 1270 2182 S.
1295 2122 1456 2181 Joan.
1484 2121 1756 2180 Giiaiberti
1783 2140 1883 2180 ms.

566 2256 567 2259 η
609 2218 998 2292 'Ego'Joannes
1021 2218 1183 2275 credo
1208 2226 1265 2274 et
1290 2216 1551 2273 conﬁteor
1589 2216 1770 2279 ﬁdem,
1801 2228 1963 2284 quam
2003 2227 2131 2268 san-

554 2308 633 2366 cti
664 2308 891 2382 apostoli
927 2309 1380 2381 prmdicavcruut,
1411 2315 1465 2362 et
1506 2305 1676 2361 sancti
1705 2303 1895 2359 Patres
1919 2303 1973 2357 in
2001 2317 2133 2373 qua-

558 2412 683 2459 tuor
714 2400 960 2473 conciliis
977 2398 1497 2457 confirmaverunt:

828 2492 913 2546 Ea:
940 2491 1175 2545 Breviar.
1205 2487 1263 2545 S.
1287 2488 1448 2542 Joan.
1477 2486 1749 2543 Guallierti
1773 2502 1872 2539 ms.

631 2585 1065 2652 lnvocoi’atrem
1096 2593 1150 2639 et
1179 2582 1371 2639 Filium
1400 2591 1453 2637 et
1477 2580 1735 2650 Spiritum
1769 2587 2035 2640 sanetum,
2076 2585 2141 2631 ut

531 2675 630 2734 “sit
655 2692 815 2751 super
853 2691 939 2731 me
985 2677 1194 2747 signum
1224 2677 1403 2730 crucis
1433 2681 1488 2728 et
1517 2672 1767 2729 defendat
1799 2686 1885 2726 me
1917 2686 1947 2724 a
1980 2668 2136 2725 malis

536 2770 834 2841 veperibus.
884 2767 1232 2841 Signaculum
1279 2777 1483 2823 sanctae
1529 2765 1708 2822 crucis
1736 2765 1807 2820 sit
1852 2779 2016 2835 super
2053 2779 2140 2820 mo

544 2861 752 2917 :diebus
781 2876 844 2915 ac
871 2857 1136 2915 noctibus.
1584 2852 1591 2859 ’

558 2956 565 2966 .
598 2964 603 2971 ,
684 2940 701 2971 ·.
1069 2948 1156 3004 [5x
1180 2948 1419 3003 Mummi.
1453 2946 1548 3017 [οι.
1576 2947 1631 3002 ‘2.

624 3039 965 3099 Cratia's'tibi
1018 3057 1141 3113 ago,
1194 3042 1401 3097 inﬁnita
1457 3041 1852 3107 misericordia,
1908 3036 2142 3098 Domine

548 3116 703 3190 cDeus
720 3132 1189 3207 omnipotens,qui
1233 3148 1316 3188 me
1345 3149 1438 3203 per
1458 3148 1652 3202 aquam
1688 3133 1825 3187 sacri
1850 3135 2143 3203 baptisma-

564 3224 631 3278 tis
659 3230 715 3278 et
745 3223 1143 3279 renovationcm
1190 3223 1362 3277 sancti
1407 3221 1641 3292 Spiritus
1682 3224 1750 3276 ab
1787 3223 2140 3292 originalibus

568 3314 794 3370 vinculis
824 3315 1104 3392 expedisti.
1137 3312 1352 3370 Gratias
1382 3316 1475 3370 tibi
1498 3313 1723 3385 ago,qui
1754 3331 1837 3370 me
1867 3315 1917 3368 in
1940 3325 1993 3371 te
2014 3331 2137 3371 crc-

569 3405 699 3485 dere
726 3415 872 3461 recte
916 3405 1112 3473 fecisti,
1147 3413 1202 3460 et
1248 3416 1462 3461 tuorum
1494 3422 1580 3461 tne
1630 3404 1864 3460 ﬁdelium
1915 3420 2142 3461 lttllliCiO

563 3492 779 3554 sociare
805 3497 1057 3569 dignatus
1086 3506 1166 3554 es.
1433 3530 1439 3535 -

1074 3587 1159 3643 Ex
1188 3588 1546 3658 Manualjol.
1566 3589 1631 3644 2.

629 3680 854 3737 Domine
902 3680 1045 3737 Deus
1081 3682 1447 3750 omnipotens,
1495 3689 1698 3734 arterne
1750 3687 1804 3733 et
1853 3676 2137 3734 ineffabilis
2166 3728 2209 3750 η
2242 3676 2441 3747 ⁰ν¹¹¹¹¹¹¹³ἳ

2165 3735 2209 3786 C
2243 3742 2533 3809 tuum,'vel
2563 3747 2654 3817 qui
2702 3761 2800 3817 pro
2824 3762 2882 3801 se
2925 3761 3027 3802 nos
3075 3749 3303 3803 miseros
3344 3749 3483 3818 apud
3527 3756 3671 3801 tuam
3705 3746 3821 3803 cle-

558 3774 676 3827 sine
706 3773 811 3827 line
840 3781 1002 3842 atque
1030 3771 1200 3835 initio,
1230 3786 1390 3841 quem
1420 3772 1472 3824 in
1504 3787 1667 3825 unum
1705 3772 1757 3825 in
1787 3769 2053 3839 Trinitate
2083 3780 2137 3825 et

562 3863 761 3919 trinum
794 3863 848 3915 in
890 3864 1097 3917 unitate
1140 3862 1483 3926 conﬁtemur,
1532 3872 1581 3915 te
1630 3862 1804 3917 solum
1844 3864 2034 3927 adoro,
2089 3872 2139 3918 te

561 3942 750 4016 tando,
782 3960 833 4006 te
878 3951 1158 4014 benedice,
1189 3960 1346 4021 teque
1381 3951 1641 4021 gloriﬂco,
1673 3952 1894 4022 tibique,
1938 3954 2142 4008 miseri~

564 4060 689 4101 cors
714 4054 768 4100 et
792 4043 1049 4107 clemens,
1078 4044 1280 4112 gratias
1310 4044 1501 4108 refero,
1521 4045 1613 4114 qui
1639 4060 1721 4099 me
1743 4055 1960 4099 exutum
1987 4054 2143 4100 nocte

562 4134 803 4209 perﬁdia:
832 4145 887 4190 et
933 4135 1159 4199 erroris,
1187 4134 1506 4204 participem
1541 4134 1656 4189 lieri
1695 4135 1925 4190 tribuisti
1956 4136 2143 4206 gratiae

563 4233 688 4281 tum.
722 4224 948 4289 Perﬁce,
991 4239 1193 4307 qumso,
1228 4224 1471 4290 Domine,
1516 4235 1752 4295 coeptum
1795 4225 1846 4279 in
1887 4241 1971 4281 me
2011 4240 2145 4296 epos

564 4317 952 4374 misericordias
979 4328 1102 4372 tua}.
1137 4317 1281 4372 Dona
1314 4317 1445 4373 mihi
1480 4326 1690 4388 tempus
1720 4317 1980 4388 cogitare,
1998 4315 2143 4387 loqui

566 4420 624 4465 et
649 4425 811 4482 agere
839 4424 961 4480 quae
981 4409 1177 4481 placita
1202 4419 1326 4465 sunt
1351 4410 1468 4474 tibi,
1499 4420 1553 4466 et
1580 4411 1814 4482 gratuita
1840 4425 1927 4466 me
1948 4410 2145 4481 ubique

558 4502 764 4577 pietate
790 4500 1123 4566 custodiens,
1151 4500 1239 4556 fac
1280 4516 1365 4557 me
1396 4501 1671 4572 indignum
1706 4511 1762 4557 et
1788 4502 2047 4558 miserum
2076 4501 2144 4556 ad

566 4598 716 4649 tuam
742 4588 1028 4663 pervenire
1060 4592 1346 4647 visionem.
1376 4592 1571 4648 Amen.

1063 4704 1143 4761 Ea:
1165 4705 1533 4776 ﬂammis-fol.
1568 4707 1651 4761 Η.

636 4818 854 4875 Gratias
880 4816 974 4874 tibi
998 4833 1117 4890 ago,
1141 4819 1483 4889 omnipotens
1508 4819 1691 4883 Pater,
1718 4819 1808 4889 qui
1841 4834 1926 4875 me
1952 4819 2142 4891 digna-

568 4919 655 4965 tus
684 4925 744 4967 es
767 4911 820 4965 in
853 4911 954 4966 hac
981 4921 1139 4968 nocte
1166 4911 1455 4967 custodire.
1507 4908 1779 4979 Deprecor
1802 4910 2141 4967 clementiam

570 5014 716 5040 Iri-om
765 5004 1006 5040 niiccima
1028 5002 1252 5040 “nmina
1304 5010 1361 5040 ut
1392 5002 1654 5040 nnnnmlnc
1680 5001 1809 5040 mihi
1842 5002 1982 5040 rliom
2007 5017 2140 5042 vnn-

2154 1028 2205 1088 Λ
2236 1035 2458 1088 rexere;
2501 1021 2718 1078 intende
2774 1025 2824 1078 in
2863 1040 2949 1082 me
2993 1033 3047 1083 et
3080 1027 3318 1099 guberna
3363 1039 3517 1085 actus
3559 1045 3714 1086 meos
3762 1040 3823 1088 et

2234 1112 2399 1167 verba
2424 1129 2540 1168 mea
2565 1122 2619 1167 et
2641 1114 2993 1185 cogitationes
3018 1133 3184 1172 meas.
3209 1118 3429 1173 Custodi
3454 1120 3617 1190 pedes
3641 1138 3821 1186 meos,

2236 1216 2304 1255 nc
2332 1203 2664 1257 circumeant
2690 1205 2905 1260 domum
2936 1207 3116 1269 otiosi,
3142 1209 3235 1263 sed
3267 1218 3411 1263 stent
3449 1210 3503 1263 in
3543 1212 3821 1266 oratione.

2235 1290 2454 1348 Custodi
2488 1304 2677 1349 mantis
2703 1311 2879 1362 meas;
2908 1297 3017 1351 sint
3046 1314 3214 1368 parte,
3250 1294 3461 1355 unuidze
3496 1310 3551 1355 et
3591 1301 3826 1356 elevate

2236 1383 2355 1439 sine
2378 1384 2457 1438 ira
2488 1394 2538 1439 et
2571 1382 2951 1455 disputatione.
2982 1386 3202 1443 Custodi
3228 1404 3289 1444 os
3312 1405 3511 1454 meum,
3535 1407 3603 1446 ne
3626 1391 3827 1461 inquae

2238 1484 2327 1530 tur
2370 1492 2531 1540 vana,
2584 1494 2650 1533 ne
2698 1474 2972 1534 fabuletur
3036 1482 3336 1547 smeularia,
3391 1497 3458 1537 ne
3526 1483 3826 1539 detraham

2234 1569 2484 1638 proximo
2516 1583 2659 1633 meo,
2689 1583 2756 1623 ue
2790 1568 3011 1625 invitem
3039 1569 3174 1626 alios
3202 1571 3268 1625 ad
3288 1586 3485 1626 vanum
3515 1572 3825 1641 eloquium,

2237 1657 2329 1713 sed
2376 1672 2593 1727 semper
2628 1659 2729 1713 sim
2772 1670 3054 1730 promptus
3096 1662 3172 1717 ’ad
3226 1660 3466 1729 laudem,
3513 1665 3702 1720 tardus
3749 1664 3828 1720 ad

2237 1747 2394 1802 iram.
2447 1748 2667 1804 Custodi
2720 1765 2881 1806 aures
2917 1767 3089 1817 meas,
3134 1750 3203 1808 ne
3249 1755 3474 1809 audiant
3515 1757 3829 1814 detractio-

2237 1855 2380 1905 nem,
2437 1856 2537 1896 nec
2588 1842 2954 1907 mendacium,
3006 1858 3104 1899 nec
3150 1845 3369 1899 verbum
3410 1847 3677 1913 otiosum;
3722 1849 3828 1905 sed

2236 1932 2548 2002 aperiantur
2577 1933 2817 2004 quotidie
2866 1935 2933 1989 ad
2966 1934 3291 1991 audiendum
3322 1940 3548 1995 verbum
3601 1941 3724 2003 Dei,
3759 1950 3829 1997 ιιι

2237 2032 2347 2079 tota
2383 2024 2471 2080 die
2498 2033 2766 2082 transeam
2801 2027 2853 2082 in
2907 2038 2995 2085 tua
3041 2030 3335 2088 voluntate.
3367 2033 3589 2089 Custodi
3630 2034 3829 2091 oeulos

2235 2130 2404 2182 meos,
2457 2130 2524 2171 ne
2572 2117 2789 2173 videant
2839 2119 3155 2177 vanitatem.
3188 2123 3335 2179 Dona
3387 2125 3516 2180 mihi
3561 2125 3823 2179 timorem

2236 2219 2406 2272 tuum,
2442 2209 2686 2275 Domine,
2716 2211 2897 2267 cordis
2924 2210 3419 2284 conipunctionem,
3469 2217 3668 2271 mentis
3714 2218 3822 2271 hu-

2234 2302 2534 2364 militatem,
2551 2303 2897 2360 conscientia:
2912 2306 3221 2376 puritatem,
3236 2316 3290 2361 ut
3314 2307 3511 2362 cadum
3529 2308 3819 2379 aspiciam,

2164 2380 2207 2440 Β
2239 2402 2442 2449 terram
2472 2394 2787 2464 despiciam,
2819 2407 3040 2467 peccata
3064 2398 3266 2461 odium,
3293 2397 3666 2471 iustitiamque
3687 2400 3822 2456 dili—

2238 2499 2358 2555 gam
2387 2484 2441 2539 in
2470 2484 2665 2540 smcula
2694 2486 3033 2542 surculorum.
3064 2489 3257 2544 Amen.

2780 2616 2981 2657 ORATIO
3010 2618 3077 2656 AD
3102 2617 3287 2658 JESUII.

2718 2712 2805 2770 Ea:
2832 2697 3074 2771 Maneat.
3106 2714 3205 2786 fol.
3242 2715 3328 2770 12.

2232 2852 2235 2857 -
2311 2822 2406 2878 Pie
2435 2823 2756 2880 exaudihilis
2775 2824 3001 2880 Domine
3041 2823 3169 2880 .lesu
3214 2825 3452 2891 Christe,
3488 2826 3684 2883 exaudi
3728 2843 3821 2884 me

2242 2915 2673 2989 indignissimum
2707 2925 3043 2987 peccatorem
3075 2933 3172 2988 per
3212 2920 3576 2974 interventum
3612 2929 3666 2975 et
3700 2934 3821 2977 me-

2240 3010 2404 3064 ritum
2437 3010 2610 3064 licata:
2639 3018 2693 3064 ct
2718 3009 2968 3079 gloriosa:
2994 3026 3206 3081 semper
3235 3012 3469 3082 Virginis
3500 3012 3681 3068 Mariae
3709 3012 3820 3069 Ce-

2241 3101 2453 3157 nitricis
2481 3110 2585 3155 tua:
2625 3109 2679 3156 et
2707 3102 2947 3157 omnium
2976 3103 3174 3159 civimn
3209 3119 3591 3174 supernorum,
3617 3105 3817 3160 Eccle-

2242 3192 2335 3247 siae
2400 3202 2506 3247 tute
2565 3192 2846 3248 catholica:
2918 3192 3078 3247 iidem
3145 3209 3302 3265 auge.
3377 3193 3570 3249 Pacem
3636 3196 3817 3248 trilme

2243 3285 2399 3355 Papte
2427 3284 2491 3340 N.
2518 3295 2574 3342 et
2598 3287 2745 3341 omni
2776 3286 2900 3341 huic
2928 3285 3364 3359 Cougregationi,
3398 3290 3819 3361 consanguineis

2240 3396 2456 3452 quoque
2492 3381 2692 3437 nostris
2731 3392 2782 3436 et
2815 3382 3152 3451 principibus
3173 3380 3502 3437 Christianis
3528 3395 3691 3453 atque
3722 3394 3818 3437 tua

2242 3474 2377 3529 mihi
2402 3473 2669 3531 charitate
2692 3471 3015 3541 conjunctis.
3061 3473 3233 3528 Etiam
3265 3488 3364 3528 sua
3405 3473 3562 3529 nobis
3587 3488 3817 3528 munera

2234 3563 2614 3636 iargieutibus.
2646 3565 3099 3636 persequentibus
3128 3574 3190 3620 et
3208 3565 3670 3621 calumniantibus
3693 3580 3817 3625 nos.

2242 3656 2516 3733 omnibus,
2552 3656 2645 3726 qui
2679 3672 2776 3725 pro
2805 3656 2959 3710 nobis
3008 3656 3299 3727 implorant
3343 3673 3535 3712 nomen
3565 3668 3817 3711 sanctum

2242 3836 2502 3893 mentiam
2550 3837 2859 3907 supplicare
2891 3837 3209 3903 voluerunt;
3252 3838 3409 3893 nobis
3441 3852 3654 3908 quoque
3688 3850 3822 3908 pec-

2240 3929 2517 3986 catoribus
2572 3929 2945 3985 remissionem
3003 3937 3058 3984 et
3120 3928 3505 3999 indulgentiam
3565 3929 3812 3984 omnium

2240 4022 2422 4076 tribue
2453 4031 2818 4091 peccatorum.
2852 4021 3088 4076 lutirmis
3115 4020 3360 4082 salutem,
3389 4020 3553 4090 lapsis
3592 4035 3816 4091 repara-

2246 4111 2471 4174 tionem,
2500 4111 2880 4179 navigantihus
2907 4119 2963 4166 et
2988 4111 3092 4165 iter
3126 4109 3433 4180 agentibus,
3462 4110 3568 4164 iter
3596 4122 3820 4178 prospe-

2246 4219 2367 4258 rum
2399 4210 2455 4257 et
2492 4201 2681 4257 salutis
2725 4211 2980 4272 portum;
3030 4198 3240 4257 afﬂictis
3278 4206 3333 4254 et
3379 4199 3651 4255 tribulatis
3689 4215 3823 4269 gau-

2245 4294 2432 4357 dium;
2465 4292 2739 4364 oppressis
2787 4292 3203 4359 relevationem;
3246 4292 3492 4362 captivis,
3525 4292 3723 4369 vinctis
3763 4300 3826 4346 et

2245 4383 2545 4454 peregrinis
2571 4382 2964 4440 absolutionem
2988 4392 3044 4439 et
3072 4383 3141 4439 ad
3183 4383 3415 4454 patriam
3451 4383 3822 4440 reversionem

2245 4476 2509 4548 propitius
2531 4475 2788 4533 concede.

2923 4579 3143 4622 οιιιτιο.

2734 4653 2821 4711 Ea:
2850 4654 3088 4712 Manual.
3123 4655 3218 4726 fol.
3250 4656 3337 4713 18.

2316 4746 2605 4803 Universis
2634 4747 2909 4817 gradibus,
2934 4748 3032 4818 qui
3080 4747 3132 4803 in
3178 4748 3284 4803 nde
3311 4748 3673 4804 sanctissimae
3694 4747 3830 4803 Tri-

2245 4837 2503 4892 nitatisin
2534 4836 2772 4893 Ecclesia
2811 4845 2899 4892 tua
2942 4838 3209 4894 catholica
3254 4839 3615 4894 communiter
3652 4839 3836 4894 conti-

2244 4936 2470 4995 nentur,
2531 4930 2817 4997 miserere,
2844 4926 3263 4985 clementissime
3310 4929 3472 4984 Deus.
3524 4928 3837 4999 Propitiaro

2380 5019 2497 5042 fl.---
2530 5020 2579 5042 2..
2640 5017 3041 5042 ---!I-------.._:--
3086 5020 3501 5042 _-----QI-A!|----
3534 5029 3695 5042 -0“---
3726 5020 3801 5042 ...2

2284 5029 2497 5042 _-_ZI----
2530 5029 2579 5042 ζ..
2640 5029 3041 5042 ---ZI------------
3086 5029 3501 5042 ..-δοαᾳῖιαιῖ1ιιιο
3534 5029 3695 5042 Δία-ο---
3726 5029 3799 5042 ...ὅ
