4076 5310
267 143 373 198 973

879 279 1000 320 ΔιιΑ
1033 279 1252 325 οιλτιορ

937 354 1058 411 Fol.
1105 357 1191 412 18.

345 443 571 509 Tribue.
605 443 853 512 Domine,
902 463 1234 517 quiuisnmus,
1279 447 1425 504 omni
1471 461 1608 504 sew
1665 448 1850 504 ..ιιιιί-

277 548 447 590 versze
468 533 613 588 aetati
640 544 802 604 atque
816 536 1110 591 conditioni
1139 538 1344 592 ordinis
1366 537 1665 593 Christiani
1701 553 1856 593 man-

273 622 522 677 daturum
554 632 765 678 tuorum
791 625 1095 680 custodiam
1133 636 1193 681 et
1235 641 1454 682 suorum
1480 626 1720 682 nautium
1762 641 1856 683 ve-

276 715 422 772 niam
453 701 776 771 delictdrum
806 727 859 771 et
889 717 1044 773 nobis
1074 719 1350 774 miserere.
1392 720 1588 775 Amen.

473 807 657 863 ALUE
695 807 1008 876 QUASDAM
1049 808 1183 865 PIJE
1223 809 1616 866 ORATIONES

348 910 548 954 ORATIO
588 913 690 954 PRO
719 914 1198 956 CONTEIIPLATIONE
1236 915 1518 958 εωιεςτιε
1553 915 1785 957 ΡΑΤΒΙΑΕ.

783 987 866 1045 Ea:
895 989 1137 1045 Manual.
1168 991 1262 1059 fol.
1289 991 1345 1046 4.

350 1081 617 1136 Admonet
667 1096 766 1136 nos
819 1081 878 1143 Β.
908 1081 1200 1152 Apostolus
1247 1082 1482 1138 dicens:
1528 1081 1584 1137 Si
1635 1097 1862 1138 consur-

279 1174 502 1230 rexistis
551 1190 673 1230 cum
705 1173 948 1238 Christo,
999 1191 1118 1246 qua:
1167 1191 1383 1231 sursum
1440 1184 1567 1231 sunt
1612 1175 1860 1245 quaerite,

277 1264 372 1318 ubi
404 1265 656 1320 Christus
677 1273 758 1320 est
793 1265 846 1320 in
878 1265 1102 1320 dextera
1135 1265 1228 1321 Dei
1255 1267 1484 1330 sedens;
1531 1275 1587 1321 et
1624 1266 1817 1321 iterum
1844 1277 1859 1317 :

279 1353 474 1410 Nostra
509 1364 690 1410 autem
721 1356 1064 1412 conversatio
1102 1357 1154 1410 in
1204 1357 1359 1412 caelis
1402 1365 1506 1411 cst.
1558 1355 1865 1427 Lugeamus

283 1444 340 1500 in
375 1446 477 1501 hac
507 1445 828 1502 calamitoso
859 1446 1074 1512 itinere,
1100 1447 1359 1517 quamdiu
1385 1446 1740 1502 exsulamusa
1771 1461 1867 1517 pa-

285 1537 411 1592 tria.
442 1537 912 1597 Transcendamus
938 1539 1408 1609 contemplationis
1450 1539 1699 1609 pennulis
1733 1555 1868 1594 cun-

1753 144 2038 202 PRECES.

1876 282 1925 341 Α
1953 260 2072 330 gius
2118 260 2440 330 praedicator
2484 261 2672 319 dicens
2715 280 2728 318 :

3418 145 3534 206 θη

2780 262 2978 320 Fidelis
3019 271 3201 320 autem
3243 263 3408 331 Deus,
3439 266 3532 336 qui

1955 369 2058 408 non
2092 354 2326 424 patietur
2357 369 2450 410 vos
2468 356 2668 411 tentari
2705 371 2874 428 supra
2895 357 2952 412 id
2977 357 3127 428 quod
3153 358 3398 429 potestis,
3435 358 3535 413 sed

1955 441 2112 498 faciet
2138 458 2260 499 cum
2291 445 2594 501 tentatione
2621 446 2785 501 etiam
2813 446 3040 509 exitum,
3079 456 3138 501 ut
3162 447 3386 518 possitis
3415 460 3536 502 sus.

1957 532 2149 588 tinerc.
2218 532 2336 600 Quo
2380 534 2527 590 circa
2575 536 2856 592 scieudmn
2910 546 3014 604 est,
3043 537 3170 608 quia
3211 535 3400 606 iudicii
3441 551 3537 592 oc.

1956 622 2084 678 culti
2135 638 2388 679 mensura
2436 634 2546 691 est,
2585 635 2640 682 et
2688 628 2908 698 quando
2946 612 3268 684 tenta'tiouis
3296 627 3548 700 procella

1957 712 2232 784 prosiliat,
2300 725 2356 770 et
2419 716 2634 784 quando
2678 718 2943 788 quiescat.
3001 718 3184 783 Certe,
3248 717 3537 790 Evangelia

1959 814 2276 871 attestante,
2325 806 2575 864 diabolus
2622 823 2724 864 nec
2785 825 3005 864 manere
3059 810 3112 866 in
3158 811 3386 866 obsesso
3433 812 3536 867 he-

1961 893 2107 949 mine
2161 895 2337 965 potuit
2377 911 2478 952 nec
2518 898 2698 953 minus
2748 899 3004 954 inuadere
3059 901 3218 956 bruta
3279 901 3540 958 animalia

1963 999 2068 1038 non
2088 985 2273 1055 jussus
2297 989 2664 1060 praesumpsit.
2694 989 2922 1057 Quaado
2947 1006 3077 1062 ergo
3102 1005 3200 1046 sua
3231 1001 3422 1062 sponte
3445 1010 3542 1048 no-

1962 1088 2086 1129 cere
2117 1075 2276 1131 factis
2329 1078 2397 1132 ad
2449 1076 2546 1134 Dei
2585 1079 2873 1151 imaginem
2923 1080 3231 1137 hominibus
3277 1083 3543 1139 auderet!

1963 1162 2062 1218 Cui
2093 1165 2139 1218 si
2169 1175 2408 1235 potestas
2432 1182 2644 1224 summa
2671 1168 2945 1224 licentiam
2970 1184 3075 1224 non
3103 1170 3545 1243 praebcretgras-

1965 1255 2095 1318 sari,
2126 1271 2227 1312 nec
2254 1257 2306 1312 in
2334 1273 2526 1328 porcos
2551 1259 2757 1316 valeret
2777 1260 2874 1316 ire.
2914 1259 3070 1315 Nullo
3090 1263 3248 1316 modo
3269 1263 3548 1335 ambigeno

1967 1344 2094 1400 dum
2144 1355 2229 1402 est
2277 1351 2544 1418 permissu
2574 1351 2868 1422 aequissimi
2905 1350 3108 1420 judicis
3154 1351 3206 1407 in
3237 1352 3440 1409 electos
3477 1355 3548 1410 ad

1971 1446 2184 1508 tempus
2210 1439 2485 1496 diabolum
2518 1444 2761 1498 tentandi
2801 1445 3053 1515 accipere
3069 1453 3425 1515 potestatem,
3445 1447 3548 1501 sed

1974 1531 2401 1588 misericorditer
2416 1531 2583 1601 judex
2612 1536 3356 1607 concedit,.quod.crudeliter
3380 1537 3551 1592 hostis

285 1644 394 1694 cta,
427 1645 546 1701 quae
581 1640 860 1701 cmperunt
887 1646 952 1686 ex
991 1639 1232 1702 teinpore
1281 1639 1336 1686 et
1377 1647 1500 1686 cum
1529 1641 1770 1703 tempore
1804 1631 1869 1686 ﬁ-
1903 1617 1948 1679 Β
1976 1634 2216 1694 cuperet.
2253 1625 2393 1684 Hinc
2418 1636 2502 1682 est
2528 1627 2669 1698 quod
2697 1627 2836 1683 fideli
2885 1627 3091 1684 famqu
3117 1628 3183 1683 de
3216 1628 3406 1684 eodem
3440 1627 3555 1683 Do-

278 1721 529 1787 eniuntur,
559 1731 610 1778 et
647 1725 713 1777 ad
747 1721 888 1776 illam
933 1723 1060 1777 totis
1109 1722 1392 1778 desideriis
1413 1723 1651 1792 patriam
1691 1731 1872 1779 mente

285 1810 593 1876 volitemus,
635 1812 701 1866 ad
733 1827 894 1881 quam
931 1811 983 1864 in
1038 1820 1278 1881 tempore
1322 1812 1584 1882 pergitnr,
1616 1811 1711 1867 sed
1753 1811 1872 1868 sine

289 1912 533 1975 tempore
561 1904 778 1959 vivitur.
810 1904 888 1959 Ad
919 1905 1261 1960 accendenda
1300 1906 1463 1976 igitur
1492 1913 1675 1961 nostra
1727 1906 1871 1962 desi-

287 1993 463 2059 deria,
498 1996 598 2050 hos
625 1995 867 2065 quinque
897 2010 1157 2051 canamus
1183 1996 1375 2066 spiritu
1402 2005 1458 2051 et
1495 2005 1670 2052 mente
1699 1997 1873 2067 quoti-

288 2085 379 2140 die
407 2085 649 2141 Psalmos
689 2103 702 2141 :
740 2085 889 2142 Sicut
919 2103 1100 2144 cervus
1131 2087 1390 2142 desiderat
1412 2089 1481 2142 ad
1510 2088 1679 2157 fontes
1705 2107 1873 2160 aqua-

290 2193 430 2242 runt,
463 2177 538 2230 ita
561 2177 845 2242 desiderat,
874 2186 979 2232 etc.
1009 2176 1206 2233 Judica
1238 2194 1339 2243 me,
1363 2178 1526 2241 Deus,
1563 2188 1612 2232 et
1640 2179 1876 2234 discerne

291 2282 544 2331 causam,
591 2275 696 2321 etc.
736 2266 808 2321 Te
849 2268 991 2322 decet
1020 2268 1277 2338 hymnus,
1318 2279 1424 2324 etc.
1465 2267 1642 2334 Quam
1687 2269 1877 2325 dilecta

294 2358 638 2412 tabernacula
664 2370 787 2421 tua,
830 2359 1078 2424 Domine,
1127 2362 1376 2415 virtutum
1399 2402 1412 2426 ,
1448 2370 1555 2416 etc.
1598 2359 1731 2416 Voce
1762 2379 1877 2420 mea

293 2448 365 2500 ad
389 2447 669 2503 Dominum
699 2448 939 2516 clamavi,
969 2460 1076 2505 etc.

807 2539 892 2593 Ea:
918 2540 1156 2595 Mannal.
1177 2541 1281 2617 fol.
1313 2541 1366 2596 4.

369 2630 496 2685 Post
519 2633 818 2688 orationem
852 2632 1183 2688 Dominicam
1221 2634 1307 2690 isti
1353 2634 1544 2704 psalmi
1590 2645 1717 2692 sunt
1751 2651 1880 2707 sup-

293 2723 511 2792 p.iciter
537 2723 857 2778 decantandi
885 2742 897 2777 :
926 2723 976 2782 hi
997 2725 1166 2780 etiam
1197 2725 1248 2778 in
1274 2725 1618 2781 tribulatione
1645 2735 1879 2781 mentem

301 2816 649 2870 Consolantur
673 2824 724 2869 et
748 2815 1031 2870 sublevant
1058 2835 1070 2869 :
1098 2816 1396 2889 Usqucqno,
1429 2817 1669 2884 Domine,
1697 2818 1879 2872 obliti-

301 2908 460 2959 sceris
487 2922 570 2960 me
600 2906 652 2960 in
673 2906 860 2978 ﬁnem,
889 2915 995 2966 etc.
1032 2906 1191 2970 Deus,
1232 2907 1371 2962 Deus
1403 2924 1568 2972 mens,
1599 2910 1790 2978 respice
1827 2909 1879 2963 in

303 3012 404 3058 me,
430 3006 536 3052 etc.
595 2997 752 3061 Deus,
789 2997 845 3050 ia
879 2999 1087 3051 nomine
1127 3008 1216 3052 tuo
1253 2999 1455 3053 salvum
1505 3017 1588 3054 me
1615 2999 1732 3071 fac,
1777 3009 1882 3056 etc.

307 3090 556 3144 Miserere
605 3089 726 3154 mei,
775 3085 935 3152 Deus,
986 3089 1235 3160 quoniam
1293 3089 1616 3146 conculcavit
1665 3106 1745 3144 me
1788 3091 1888 3143 Ito-

305 3198 412 3244 nro,
445 3189 550 3234 etc.
604 3179 744 3234 Deus
795 3183 850 3235 in
901 3181 1227 3250 adjutorinm
1278 3195 1449 3234 meum
1498 3180 1730 3243 intende,
1776 3189 1888 3234 etc.

302 3270 470 3340 Eripe
501 3287 600 3335 me,
643 3271 882 3338 Domine,
919 3273 983 3326 ab
1048 3273 1258 3326 homine
1294 3270 1466 3338 malo,
1513 3282 1622 3327 etc.
1659 3269 1892 3326 Domine

309 3362 450 3420 Deus
472 3365 660 3420 salutis
682 3381 828 3430 mete,
857 3374 962 3420 etc.

508 3471 639 3511 POS'I'
667 3470 1084 3513 IIODIJLATIONEI
1111 3470 1424 3511 PSALIOBUI
1452 3469 1674 3511 οιιΑτιο.

796 3546 878 3601 Ea:
908 3545 1150 3600 Manual.
1185 3545 1282 3616 fol.
1314 3546 1402 3601 52.

375 3639 667 3695 ‘Liberator
693 3639 995 3696 animarum
1044 3647 1100 3694 et
1151 3638 1336 3693 mundi
1386 3637 1714 3708 Redemptor
1762 3635 1890 3694 Jesu

304 3728 546 3792 Christe,
575 3728 799 3783 Domine
826 3727 965 3782 Deus
991 3736 1217 3792 aeterne,
1243 3727 1355 3782 Rex
1389 3726 1733 3792 immortalis,
1767 3739 1894 3798 sup-

306 3823 458 3893 plico
484 3837 584 3894 ego
615 3831 869 3893 peccator
909 3822 1230 3876 immensam
1269 3820 1608 3877 clementiam
1639 3827 1789 3874 tuam
1833 3829 1894 3875 ut

314 3927 414 3985 per
443 3911 864 3967 modulationem
911 3911 1262 3980 psalmorum,
1293 3923 1432 3980 quos
1462 3923 1564 3981 ego
1610 3909 1775 3965 miser
1803 3908 1894 3964 in-

315 4005 511 4077 dignus
536 4004 774 4069 cantavi,
805 4003 1002 4060 libeees
1029 4003 1265 4058 animam
1301 4018 1478 4058 meam
1500 4003 1567 4057 de
1586 4010 1818 4072 peccato
1841 4011 1896 4057 et

310 4094 574 4154 abstollas
603 4110 698 4149 cor
740 4107 917 4149 meum
962 4093 1030 4148 de
1081 4092 1237 4148 malis
1265 4101 1322 4147 et
1361 4092 1543 4163 pra-vis
1574 4099 1630 4146 et
1671 4091 1897 4161 perﬁdis

318 4166 738 4253 cogitationibus
773 4181 1072 4239 etauferas
1111 4195 1308 4252 corpus
1338 4196 1518 4237 meum
1559 4196 1590 4234 a
1635 4181 1898 4235 servitute

1972 1713 2150 1767 minus
2198 1715 2328 1770 dicit
2377 1735 2390 1770 :
2433 1715 2549 1775 Non
2599 1721 2753 1788 quasi
2796 1719 3030 1775 crudelis
3078 1719 3356 1776 suscitabo
3405 1735 3553 1783 eunt,

1975 1803 2112 1861 llinc
2135 1806 2332 1863 Esaias
2347 1809 2743 1864 mutationibus
2766 1809 3046 1882 fatigatam
3069 1810 3285 1866 fidelem
3310 1810 3554 1865 animum

1977 1895 2190 1952 blandis
2220 1897 2682 1954 consolationibus
2731 1899 2958 1964 refovet,
3002 1901 3228 1956 dicens:
3265 1901 3411 1957 Dixit
3440 1901 3556 1956 Dc-

1977 1990 2149 2045 minus
2201 1991 2344 2046 Deus
2375 2002 2536 2050 tuus;
2569 1993 2649 2048 Ad
2675 2005 2924 2064 punctum
2966 1996 3022 2050 in
3045 1997 3259 2050 .modico
3296 1996 3561 2068 dereliqu

1977 2087 2046 2144 te,
2083 2090 2130 2133 ct
2171 2080 2228 2134 in
2261 2081 2681 2137 miserationibus
2711 2085 2914 2154 magnis
2949 2085 3370 2157 congregabote.
3419 2087 3558 2143 Item

1974 2170 2050 2242 ibi
2088 2190 2101 2226 :
2135 2173 2397 2227 Abscondi
2450 2174 2640 2243 facient
2686 2192 2857 2231 meam
2898 2193 3180 2249 parumper
3224 2196 3258 2234 a
3296 2187 3374 2246 te,
3417 2188 3467 2234 et
3501 2179 3563 2239 in

1979 2263 2343 2320 misericordia
2371 2265 2684 2336 senapiterna
2714 2267 2958 2324 misertus
2985 2286 3104 2325 sum
3128 2270 3230 2326 tui.

2481 2381 2569 2436 Ex
2602 2381 2844 2438 Manual.
2885 2382 2962 2454 fol
3007 2383 3061 2442 7.

2044 2492 2187 2549 Cum
2225 2509 2355 2566 ergo
2384 2495 2437 2549 in
2471 2495 2825 2551 tentationem
2872 2499 2941 2554 ad
2984 2508 3202 2572 tempus
3249 2499 3565 2568 incidimus.

1979 2584 2298 2656 priusquam
2321 2586 2381 2641 in
2412 2586 2790 2642 delectationis
2815 2598 2908 2644 aut
2939 2591 3087 2660 pravi
3137 2605 3436 2648 consensus
3478 2591 3557 2647 ia.

1980 2677 2175 2732 bamur
2200 2677 2534 2749 voraginem,
2581 2678 2876 2737 clamemus
2904 2681 3235 2748 medullitus,
3268 2682 3567 2742 clamemns

1983 2768 2228 2825 valenter
2247 2771 2346 2825 hos
2360 2771 2987 2844 decantandopsahuos:
3010 2773 3305 2846 Usquequo,
3319 2777 3566 2844 Domine.

1971 2860 2300 2917 'olrliviaceris
2326 2879 2406 2917 me
2429 2863 2481 2918 in
2510 2864 2686 2933 finem.
2721 2866 2806 2921 Ps.
2833 2865 2994 2930 Deus,
3020 2867 3161 2924 Deus
3187 2885 3350 2936 meus,
3373 2873 3571 2943 respice

1911 2963 1958 3024 ς
1991 2954 2045 3007 in
2075 2968 2176 3020 me,
2203 2971 2364 3024 quare
2390 2971 2472 3010 me
2495 2955 2836 3028 dereliquisti.
2854 2958 2950 3014 Ps.
2967 2957 3129 3025 Deus,
3159 2961 3214 3014 in
3234 2962 3452 3021 nomine
3478 2970 3570 3017 tuo

1989 3046 2191 3114 salvum
2230 3063 2311 3102 me
2349 3047 2456 3117 fac.
2497 3047 2595 3105 Ps.
2651 3049 2896 3104 Miserere
2947 3052 3068 3116 mei,
3123 3051 3282 3119 Deus,
3321 3054 3573 3124 quoniam

1989 3135 2308 3189 conculcari!
2332 3154 2413 3190 me
2433 3138 2614 3192 nemo.
2642 3138 2735 3194 ’Ps.
2766 3139 2988 3194 Domine
3027 3139 3175 3196 Deus
3215 3142 3402 3201 salutis
3445 3159 3574 3199 mea!

1977 3225 2082 3282 ‘Ps.
2119 3225 2261 3282 Deus
2288 3229 2341 3282 in
2373 3229 2698 3300 adjutorium
2728 3248 2897 3287 meum
2925 3232 3153 3288 intende.
3176 3231 3265 3288 Ps.
3286 3229 3443 3300 Eripe
3466 3248 3568 3300 me,

1992 3311 2235 3378 Domine,
2269 3313 2333 3367 ab
2355 3313 2566 3370 nomine
2596 3315 2757 3372 malo.

2455 3445 2520 3484 A‘D
2553 3446 2596 3487 S.
2634 3445 2844 3487 οιιυοειι
2882 3445 3104 3489 ORATIO.

2486 3542 2576 3599 Ea:
2606 3543 2844 3600 Mauual.
2864 3544 2946 3617 fol
2957 3588 2966 3594 .
2993 3545 3083 3600 ιγ.

2065 3654 2268 3710 Adesto
2302 3653 2526 3711 familiae
2543 3664 2678 3722 tum,
2699 3656 2948 3712 clemens
2975 3665 3030 3712 et
3060 3656 3370 3724 misericors
3408 3657 3573 3726 Deus.

1996 3744 2134 3799 utin
2159 3744 2404 3800 adversis
2427 3753 2479 3800 et
2511 3747 2785 3816 prosperis
2811 3761 3002 3817 preces
3033 3747 3314 3812 exaudias,
3341 3759 3398 3806 et
3422 3749 3576 3806 nefas

1993 3835 2434 3890 adversariorum
2487 3851 2585 3907 per
2610 3836 2872 3892 auxilium
2917 3837 2974 3893 S.
3015 3839 3218 3902 crucis,
3259 3840 3384 3909 quia
3427 3840 3480 3894 in
3524 3849 3577 3894 te

1995 3941 2190 3997 passus
2216 3936 2300 3983 est
2334 3926 2583 3982 Salvator
2627 3928 2844 3992 mundi,
2892 3928 3131 3999 digneris
3173 3938 3481 3995 conterere,
3516 3939 3579 3984 ut

1996 4026 2212 4087 portum
2238 4017 2428 4072 salutis
2450 4017 2670 4104 valeant
2699 4017 3127 4088 apprehendere.
3160 4018 3265 4074 Per
3289 4019 3577 4085 Dominum

1999 4114 2243 4162 nostrum
2264 4106 2447 4162 Jesum
2477 4106 2773 4173 Christum,
2806 4116 2912 4164 etc.
3533 4121 3538 4127 ‘

2067 4196 2150 4250 Ex
2176 4195 2418 4251 Breviar.
2447 4213 2550 4252 ms.
2584 4196 2641 4253 S.
2671 4197 2840 4257 Joan.
2877 4196 3147 4253 Cualberti
3171 4216 3328 4270 prope
3351 4200 3534 4270 finem.

309 4275 552 4344 peccati,
595 4283 650 4329 et
680 4273 908 4343 repellas
943 4287 973 4326 a
1003 4287 1091 4357 me
1129 4271 1377 4327 carnales
1405 4271 1882 4340 concupiscendos,

2071 4285 2267 4342 Invoco
2289 4285 2505 4342 Patrem
2535 4287 2656 4343 et‘F
2662 4287 2810 4342 ilium
2845 4297 2902 4344 et
2930 4287 3192 4359 Spiritum
3232 4301 3476 4347 sanctum
3521 4301 3584 4354 ut

319 4375 374 4420 et
411 4366 612 4436 eripias
641 4381 726 4420 me
749 4366 816 4421 de
841 4364 987 4420 omni
1006 4363 1404 4434 impedimento
1433 4363 1690 4417 Sathanaa
1711 4370 1768 4417 ct
1795 4362 1898 4417 mi-

322 4459 616 4514 nistrorum
646 4457 764 4526 ejus
798 4457 1092 4513 visibilium
1119 4464 1280 4525 atque
1304 4454 1654 4510 iuvisibilium
1679 4464 1734 4510 et
1775 4453 1898 4510 inli-

316 4549 521 4606 delium
579 4558 830 4615 tuorum,
883 4548 974 4619 qui
1031 4553 1283 4618 quaerunt
1343 4545 1604 4617 impedire
1661 4545 1899 4600 animam

316 4656 521 4696 meam.
623 4647 634 4653 '

779 4746 979 4787 ORATIO
1018 4745 1120 4786 PBO
1155 4744 1355 4786 νει-’ωας
1363 4743 1467 4788 IIS.

807 4817 893 4872 Ea:
923 4817 1164 4873 Manual.
1192 4817 1292 4886 fol.
1335 4815 1426 4871 20.

402 4912 480 4969 Ne
505 4923 744 4984 reputes,
777 4912 1021 4980 piissime
1063 4911 1224 4976 Deus,
1258 4917 1481 4982 peccata
1509 4908 1905 4979 quiescentium

329 5002 556 5057 fratrum
613 5015 878 5063 meorum,
929 4999 1014 5056 vel
1064 4999 1396 5068 eorum,qui
1451 4999 1582 5054 mihi
1632 4995 1906 5064 conjuncti

331 5102 422 5145 tua
456 5093 717 5148 char’itate
749 5092 1094 5156 exstiterunt,
1125 5097 1184 5143 ut
1229 5090 1334 5155 his,
1373 5097 1538 5156 atque
1566 5089 1819 5144 omnibus
1854 5087 1910 5142 in

333 5192 423 5236 tua
459 5181 560 5238 ﬁde
593 5183 862 5239 defunctis
904 5182 1145 5252 digneris
1180 5181 1452 5252 propitius
1481 5189 1745 5238 atterunt!)
1774 5193 1909 5234 con-

331 5273 524 5310 nmIau-n
551 5275 788 5310 ponninun
852 5273 1013 5310 Annon

2002 4374 2074 4430 sit
2108 4389 2272 4445 super
2299 4391 2387 4433 me
2412 4375 2626 4447 signum
2655 4377 2834 4433 crucis
2861 4386 2914 4433 et
2945 4376 3201 4434 defendat
3225 4395 3313 4435 me
3357 4395 3387 4435 a
3425 4382 3583 4446 malis

2003 4466 2286 4538 operibus;
2322 4465 2661 4537 signaculum
2690 4463 2751 4529 ὃ.
2787 4469 2966 4527 crucis
2993 4469 3066 4526 sit
3091 4485 3253 4545 super
3274 4487 3363 4528 me
3391 4471 3583 4541 diebus

2004 4574 2068 4614 ac
2098 4557 2364 4615 noctibus.
3176 4589 3181 4593 -

2539 4647 2622 4703 Ea;
2664 4647 2904 4706 Manual.
2941 4650 3036 4721 fol.
3055 4650 3082 4705 .’

2077 4762 2307 4818 Crucem
2359 4769 2504 4816 tuam
2551 4759 2868 4825 adoramus,
2921 4761 3187 4826 Domine,
3241 4770 3297 4818 et
3338 4771 3586 4822 sanctam

2003 4862 2466 4911 resurrectionem
2517 4860 2662 4907 tuam
2717 4852 3006 4910 laudamus
3051 4861 3108 4907 et
3159 4852 3527 4924 glorificamus
3569 4873 3588 4914 :

2009 4962 2138 5002 ecce
2156 4945 2298 5000 enim
2322 4953 2542 5016 propter
2567 4958 2784 4999 crucem
2810 4943 2957 4997 venit
2979 4943 3233 5018 gaudium
3257 4943 3315 5002 in
3339 4942 3592 5002 universo

2012 5037 2236 5094 mundo.
2276 5079 2281 5085 .

2149 5167 2254 5208 PRO
2276 5165 2718 5209 εοπεεκνλτιοπ
2746 5163 3203 5208 εοκσιιεωτιοιιιε
3230 5164 3451 5206 ORATIO.

2501 5241 2585 5298 Ea:
2612 5238 2856 5297 Manual.
2889 5239 2986 5308 fol.
3017 5240 3107 5298 5|.
