4076 5310
541 174 658 235 975

1233 302 1456 343 ORATIO.

620 436 623 437 ,
1069 379 1152 434 Ea:
1180 377 1425 433 Manual.
1444 377 1539 448 fol.
1571 378 1625 432 3.

626 474 833 531 Exaudi
871 486 975 535 me,
1013 470 1254 526 clemens
1285 478 1341 524 et
1388 469 1618 538 benigne
1664 468 1824 533 Deus,
1858 480 1960 538 pro
2009 466 2131 521 uui-

558 566 728 622 versis
764 562 1014 618 ﬂlelihus
1069 562 1197 624 tuis,
1249 560 1343 632 qni
1387 559 1544 615 nobis
1593 559 1968 629 eleemosynas
2005 571 2135 611 snas

557 659 839 718 dederunt,
877 640 1267 723 nec’aspicias,
1298 653 1555 716 Domine,
1596 659 1819 721 peccata
1850 665 1996 712 mea.
2041 649 2135 705 sed

552 748 716 804 fidem
758 747 993 809 illorum,
1022 744 1114 814 qui
1153 743 1310 797 nobis
1338 743 1390 796 in
1441 742 1600 795 (idem
1633 742 1710 797 tui
1756 741 1990 795 nominis
2018 738 2134 793 tarn

544 840 654 909 fgiti
684 849 807 892 sunt
833 836 970 893 bona
1001 834 1315 905 temporalia
1345 841 1433 888 :et
1461 843 1543 897 tu,
1573 834 1733 900 Dens,
1762 840 2139 888 remuneratur

540 928 809 984 ‘rotnninm‘
830 928 1111 991 bonorum,
1146 925 1446 980 retribuere
1475 924 1580 978 illis
1615 924 1854 995 digneris
1889 939 1986 993 pro
2017 938 2139 993 par.

560 1019 644 1073 vis
672 1032 885 1086 .magna
938 1028 990 1070 et
1029 1030 1129 1085 pro
1174 1015 1402 1070 terrenis
1456 1015 1719 1084 promissa
1772 1014 2138 1082 sempiterna,

560 1110 812 1165 Salvator
841 1109 1047 1173 mundi,
1071 1108 1162 1178 qui
1193 1108 1333 1162 viris
1352 1118 1408 1162 et
1436 1108 1711 1178 regnas-in
1755 1105 1952 1162 sarcula
1973 1119 2139 1160 saecu-

555 1202 760 1258 lorum.
794 1201 989 1261 Amen.

1239 1303 1461 1344 οιιΑτιο.

1130 1378 1252 1435 Fol.
1280 1381 1342 1434 5t
1375 1381 1586 1435 ibidem.

637 1470 892 1527 Miserere
927 1471 1182 1528 omnibus
1206 1471 1489 1527 catholicis
1521 1482 1627 1526 tam
1673 1472 2001 1542 vivisquam
2050 1471 2144 1527 de-

550 1564 805 1630 ‘Tunctis,
846 1575 902 1621 ct
942 1580 1161 1622 aversos
1211 1580 1242 1620 a
1296 1566 1380 1620 ria
1428 1565 1677 1622 veritatis
1717 1567 1939 1637 dignare
1977 1568 2045 1623 ad
2093 1575 2145 1621 te

1588 175 1663 232 σε.
1700 173 1980 232 JOANNIS
2013 168 2407 230 GUALBERTI
2442 167 2735 225 ABBATIS

2162 295 2211 352 Α
2239 284 2380 339 citus
2408 282 2744 353 angelorum,
2772 296 2932 352 quem
2960 277 3117 337 Iesus
3163 279 3425 337 Dominus
3466 289 3656 337 noster
3690 281 3822 336 ideo

3707 160 3821 220 976

2232 375 2399 430 voluit
2430 375 2752 430 mortalibus
2787 374 3129 429 manifestum
3176 373 3317 440 lteri,
3345 384 3406 429 ut
3446 388 3583 443 quas
3609 373 3702 427 ille
3748 372 3819 428 de

2233 465 2334 520 sub
2384 465 2514 535 jugo
2558 464 2915 520 daemoniaci!)
2936 464 3242 528 servitutis,
3290 464 3606 534 sanguinem
3653 477 3821 519 suum

2222 555 2505 612 ‘fundendo
2531 556 2768 627 eripuit,
2820 566 2874 610 tu
2906 572 2999 612 eos
3028 555 3096 610 ab
3138 555 3280 611 illius
3310 556 3521 611 insidiis
3565 554 3821 626 angelica

2235 656 2506 719 potestate
2554 657 2805 720 protegas
2848 656 2903 701 et
2947 648 3147 704 Virtute
3191 648 3453 703 orationis
3502 645 3819 703 defendas:

2238 739 2399 794 funde
2442 754 2656 811 prome
2698 740 2943 811 quotidie
2971 754 3162 810 preces
3212 749 3349 801 luas,
3387 747 3445 794 ut
3486 740 3649 793 donet
3682 738 3823 793 mihi

2232 829 2501 885 Dominus
2542 839 2732 886 contra
2769 829 3124 885 unlneratum
3161 831 3449 900 superbum
3488 829 3827 884 humilitatis

2240 920 2535 977 fortissima
2566 937 2745 985 arma,
2768 922 2973 994 quibus
3003 931 3056 977 et
3088 922 3161 977 illi
3198 922 3412 977 fortiter
3443 923 3704 978 resistere
3729 937 3828 975 ra-

2239 1013 2377 1070 leam
2408 1025 2464 1071 et
2493 1015 2718 1071 Domino
2748 1026 2931 1071 nostro
2959 1016 3271 1087 suppliciter
3304 1018 3547 1079 obedire,
3575 1026 3631 1071 et
3651 1016 3830 1072 socie-

2241 1115 2411 1161 tatem
2454 1106 2714 1176 angelica:
2741 1107 3109 1172 lentitudinis,
3148 1123 3308 1178 quam
3342 1108 3431 1161 ille.
3457 1106 3833 1176 superbiendo

2242 1197 2493 1267 perdidit,
2517 1197 2692 1269 dignis
2719 1211 2819 1269 ego
2844 1197 3146 1254 obcdiendo
3166 1196 3571 1269 apprehendere
3589 1195 3829 1251 valeam.

2225 1288 2437 1344 Amen.

2566 1396 2638 1435 ’λυ
2660 1394 2906 1436 -ελιιιιτος
2934 1395 3166 1437 Ακῦειος
3195 1389 3479 1436 ςυςτοιιες.

2914 1474 3038 1531 Fol.
3073 1475 3158 1530 I3.

2308 1565 2496 1630 ‘Adsit,
2524 1582 2728 1639 qumso,
2776 1568 2906 1623 mihi
2948 1568 3227 1624 beatorum
3261 1565 3570 1637 angelorum
3608 1574 3840 1619 tuorum

557 1666 912 1719 convertere,
942 1666 1002 1710 ut
1024 1666 1081 1710 te
1130 1665 1243 1713 toto
1279 1654 1443 1713 corde
1488 1656 1786 1726 requirant.
1812 1654 1897 1711 Ἐι
1943 1665 2142 1712 :eterna
2177 1651 2219 1712 Β
2251 1661 2335 1732 pia
2365 1662 2629 1727 custodia,
2661 1672 2713 1717 et
2740 1670 2955 1733 praesta,
2983 1669 3039 1716 ut
3067 1662 3205 1733 apud
3238 1672 3288 1714 te
3317 1676 3413 1731 pro
3440 1674 3526 1714 me
3559 1656 3841 1729 indignis-

567 1747 902 1817 protectione
927 1761 1420 1811 omnes'eonscrra,
1459 1755 1517 1801 ιιι
1552 1746 1709 1802 uultis
1753 1747 2150 1812 tentationibus

564 1853 603 1892 ἰι
632 1846 685 1892 te
711 1846 1045 1907 separentur.
1093 1838 1161 1892 Et
1198 1846 1389 1911 praesta
1434 1848 1493 1892 ut
1538 1839 1766 1893 mortuis
1814 1837 1986 1907 prosit
2032 1837 2149 1894 hmo

568 1929 746 1984 oratio
793 1928 935 1984 servi
980 1928 1056 1983 tui
1099 1930 1168 1983 ad
1216 1930 1656 1985 emendationem
1684 1929 2005 1986 delictorum
2053 1945 2149 1986 seu

554 2020 982 2091 “Ierigatnentum
1007 2034 1312 2090 pteuarum.
1338 2021 1440 2088 Tn,
1469 2021 1610 2079 Deus
1653 2034 1846 2093 magne
1877 2032 1934 2079 et
1976 2023 2142 2078 terri-

555 2108 718 2176 4bilis,
756 2112 1064 2167 misericors
1092 2121 1147 2167 et
1178 2124 1393 2167 amator
1421 2113 1731 2179 hominum,
1765 2122 1821 2169 tu
1852 2114 1961 2169 scis
1993 2111 2153 2185 quid-

562 2201 698 2275 quid
722 2201 947 2273 singulis
959 2202 1208 2272 expediat
1226 2222 1239 2257 :
1257 2203 1605 2259 obsecramus
1619 2202 1961 2259 clementiam
1981 2214 2148 2270 tuam,

560 2291 816 2359 Domine,
848 2292 1075 2361 utjuxta
1103 2293 1432 2349 roluntaten
1463 2304 1609 2348 tuam
1651 2293 1745 2348 iiat
1777 2295 1934 2353 nobis
1968 2293 2148 2349 omni-

572 2385 675 2441 ltus
701 2395 809 2440 tam
838 2386 972 2440 viris
995 2401 1157 2455 quam
1205 2396 1283 2453 ιιι¹
1311 2377 1555 2443 lidelibus
1584 2384 1873 2450 defunctis,
1902 2385 2154 2443 Salvator

574 2476 782 2542 mundi,
819 2478 909 2547 qui
945 2478 1080 2532 rivis
1107 2492 1163 2534 et
1194 2495 1406 2550 regnas,
1447 2489 1552 2536 etc.

895 2586 1092 2628 ORATIO
1119 2588 1216 2628 PRO
1238 2588 1549 2628 GRA'I‘MRU)!
1586 2586 1839 2629 ACTIOXB.

1062 2659 1148 2715 Ex
1179 2662 1419 2715 Mummi.
1458 2663 1552 2732 fol.
1588 2665 1640 2717 ἓ.

562 2748 569 2755 ’
630 2742 863 2805 ’Cratias
910 2750 1005 2804 tibi
1055 2767 1175 2821 ago,
1228 2751 1434 2807 illlltlli‘l
1485 2752 1878 2817 misericordia,
1927 2749 2157 2808 Domine

576 2835 723 2893 Deus
749 2840 1110 2910 omnipotens.
1146 2852 1304 2910 teque
1339 2842 1497 2898 laudo
1543 2852 1598 2898 et
1633 2843 1895 2913 glorifico,
1933 2843 2025 2913 qui
2070 2858 2156 2899 tne

584 2929 651 2985 de
677 2936 892 2983 (eterna:
922 2932 1110 2986 mortis
1141 2933 1381 2998 interitu,
1412 2936 1473 2988 de
1496 2936 1690 3006 pcenis,
1719 2944 1772 2990 ct
1794 2935 1948 3006 hujus
1975 2935 2156 2991 carnis

583 3019 939 3085 cruciatibus,
971 3022 1022 3075 in
1051 3038 1158 3093 quo
1190 3021 1352 3095 adtigi
1380 3026 1572 3097 dignus
1618 3041 1760 3090 sum,
1795 3027 2057 3081 hactenus
2093 3025 2157 3082 li-

574 3118 811 3175 ‘beraSli.
844 3108 962 3173 Tibi
993 3134 1094 3191 ago
1117 3119 1304 3177 laudes
1330 3122 1634 3190 ctgratias,
1660 3122 1750 3193 qui
1779 3138 1863 3177 mc
1888 3121 1954 3177 de
1977 3119 2159 3176 multis

588 3209 878 3275 mortibus,
908 3212 973 3265 de
1000 3210 1183 3266 nndtis
1207 3211 1530 3282 opprobriis,
1562 3211 1959 3269 calamitatibus
1976 3221 2030 3271 et
2060 3213 2162 3268 tui-

568 3301 766 3365 ‘8eriis,
797 3301 864 3356 de
896 3302 1301 3359 inttnanissitnis
1328 3303 1524 3360 diaboli
1561 3303 1792 3375 laqueis,
1824 3305 1891 3358 de
1932 3304 2163 3358 immun-

579 3393 671 3448 dis
700 3393 981 3449 desideriis
1009 3404 1315 3465 exexnptnm
1369 3395 1629 3465 disrupiis
1685 3396 1935 3458 vinculis,
1969 3396 2164 3465 quibus

571 3483 814 3536 tenebar
840 3483 1163 3547 adstrictus.
1194 3485 1490 3554 perducere
1524 3484 1773 3554 dignatus
1801 3501 1859 3540 es
1882 3474 1948 3539 ad
1989 3487 2161 3541 servio

588 3573 724 3626 titnn
758 3582 929 3627 tuum.
960 3572 1078 3629 Tibi
1108 3590 1210 3645 ago
1242 3575 1427 3630 laudes
1465 3584 1515 3630 cl
1556 3578 1781 3645 gratias,
1815 3576 1905 3645 qui
1937 3591 2021 3630 me
2058 3576 2166 3631 cri-

580 3664 746 3734 piens
792 3680 822 3718 a
867 3664 1169 3734 iurgi-orum
1221 3667 1508 3734 procellis.
1562 3668 1662 3723 das
1704 3668 1835 3722 mihi
1884 3682 2165 3723 servorum

592 3760 810 3806 tuorum
878 3752 1082 3824 perfrui
1128 3755 1412 3811 cltaritate.
1466 3757 1691 3823 Quaeso,
1742 3757 1965 3813 Domine
2026 3757 2167 3813 Deus

570 3857 769 3905 ,tneus.
794 3843 885 3913 qui
920 3843 1049 3898 mihi
1104 3859 1271 3917 usque
1306 3847 1384 3902 ad
1427 3856 1747 3917 pneseutem
1792 3847 1981 3903 boram
2022 3857 2168 3903 tttam

592 3932 1018 4007 υιίδειὶιυιεάιιιιιι
1060 3933 1370 4004 impendere
1423 3937 1677 4007 dignatus
1714 3952 1795 4002 cs,
1834 3938 1974 3994 dona
2016 3938 2166 4001 mihi,

594 4031 709 4081 toto
736 4025 920 4097 corde,
954 4032 1064 4095 tota
1100 4026 1305 4092 anima,
1347 4027 1702 4084 totis‘viribus
1724 4029 1857 4083 meis
1883 4029 2172 4099 exquirere

593 4111 793 4169 faciem
821 4121 965 4168 tuam
1004 4130 1237 4186 semper,
1261 4128 1319 4171 et
1363 4117 1563 4189 perduc
1614 4135 1723 4187 me,
1753 4120 2081 4186 misericors,
2104 4121 2171 4176 ad

606 4212 753 4261 tuam
783 4205 1162 4262 suavissimam
1198 4206 1485 4265 visionem.
1509 4208 1700 4265 Amen.

954 4311 1153 4352 ORATIO
1182 4313 1249 4351 Αο
1275 4314 1323 4351 Β.
1350 4312 1604 4356 νιιιςικειι
1635 4315 1855 4355 ιιΑιιιΑΙ.

1099 4387 1180 4442 Εέε
1207 4387 1449 4445 Mummi.
1479 4390 1574 4460 fol.
1604 4389 1694 4450 27.

674 4473 751 4529 Te
800 4473 1060 4547 supplico,
1108 4477 1273 4549 Virgo
1310 4488 1501 4536 sancta
1551 4479 1741 4547 Maria,
1770 4480 1942 4537 Mater
1970 4482 2173 4539 Christi

606 4565 979 4636 immaculata,
1012 4586 1300 4642 puerpera.
1344 4575 1497 4628 steila
1550 4576 1715 4630 maris
1742 4576 2039 4648 splendida,
2088 4591 2179 4631 re-

605 4658 726 4730 gina
759 4659 1018 4715 canorum
1048 4663 1231 4733 digna.
1264 4652 1386 4720 aula
1414 4664 1507 4719 Dei
1540 4669 1759 4731 munda,
1790 4676 1943 4737 porta
1973 4666 2176 4722 Christi

574 4818 581 4825 ο
607 4748 858 4804 conclusa
886 4792 900 4817 ,
932 4751 984 4805 in
1014 4753 1330 4809 mulieribus
1360 4755 1664 4819 benedicta,
1702 4773 1862 4826 super
1890 4757 2056 4810 cados
2083 4772 2178 4810 ex-

576 4836 792 4909 ‘altata,
824 4841 1068 4898 Geuitrix
1106 4830 1328 4906 Christi,
1374 4848 1514 4916 apud
1555 4846 1748 4901 Filium
1797 4854 1947 4901 tnuxn
2000 4847 2180 4905 Domi-

610 4946 734 4983 nun;
766 4945 864 5003 pro
893 4934 1129 5002 peccatis
1161 4936 1294 4988 meis
1325 4936 1651 4990 intervenire
1690 4937 1927 5006 digneris
1954 4949 1970 4989 :
2002 4935 2179 4990 nullus

608 5032 693 5075 est
740 5018 883 5076 enim
932 5024 983 5075 in
1017 5026 1283 5079 creaturis
1329 5026 1543 5094 dignior
1594 5036 1665 5089 te,
1718 5028 1845 5096 quia
1901 5028 2038 5097 ipse,
2087 5026 2179 5095 qui

611 5114 810 5163 crearit
837 5119 906 5176 te,
947 5121 1106 5167 natus
1151 5122 1256 5175 est,
1307 5122 1361 5165 et
1398 5114 1626 5182 perinde
1673 5115 1874 5166 nullum
1929 5114 2182 5169 libentius

613 5198 829 5253 exaudit
857 5212 1017 5269 quam
1051 5210 1122 5254 te.
1157 5201 1271 5255 Sub
1298 5204 1405 5255 tuis
1432 5217 1559 5271 ergo
1591 5201 1887 5257 Visceribus
1912 5201 2180 5273 confugio.

2250 1755 2388 1810 si:no
2412 1762 2720 1810 sanctorum
2752 1763 2965 1809 tuorum
2993 1754 3209 1825 agmina
3237 1752 3599 1809 intercedant.

2854 1860 2977 1903 ΛιιΑ
3005 1860 3222 1901 ORATIO.

2916 1933 3037 1990 Fat.
3067 1934 3135 1989 t3

2322 2031 2587 2103 Angclnm
2620 2040 2769 2086 tuum
2813 2036 3062 2083 sanctum
3100 2023 3259 2080 nobis
3295 2023 3379 2079 ltic
3406 2030 3463 2078 et
3487 2020 3693 2091 ubique
3730 2018 3845 2074 lar-

2252 2125 2366 2197 gire
2386 2124 2665 2179 custodem
2688 2129 2743 2176 et
2759 2119 3094 2177 defensorem
3112 2132 3126 2172 :
3144 2125 3380 2173 nmtuam
3398 2113 3608 2172 discord
3618 2113 3843 2167 antibus

2254 2218 2373 2271 chat
2390 2216 2591 2277 itatem,
2621 2212 2927 2269 inﬁdelibus
2944 2226 3126 2266 veram
3150 2208 3332 2274 ﬁdem,
3348 2205 3617 2262 defunctis
3636 2220 3845 2275 paren-

2255 2305 2397 2359 tibus
2424 2314 2477 2359 et
2507 2303 2758 2359 omnibus
2785 2300 2839 2356 in
2868 2311 2957 2356 tua
2989 2299 3091 2357 (ide
3116 2296 3524 2371 quiescentibus
3552 2296 3845 2361 indulgen-

2256 2395 2382 2451 liatn
2410 2395 2587 2450 tribue
2616 2391 2955 2447 delictorum.

2499 2500 2564 2538 AD
2596 2498 2894 2541 Αιοοετοιοε
2921 2497 3241 2546 CHRISTIQUE
3271 2494 3592 2536 DISCII‘CLOS.

2922 2571 3047 2627 Fel.
3076 2573 3166 2627 29.

2321 2665 2527 2723 Omnes
2556 2666 2781 2737 apostoli
2814 2680 2935 2722 cum
2971 2664 3221 2719 omnibus
3266 2661 3550 2734 discipulis
3592 2658 3843 2732 discipu-

2256 2757 2518 2827 Iabusque
2550 2756 2757 2813 Domini
2790 2754 2891 2809 mei
2933 2753 3060 2809 Iesu
3088 2753 3315 2820 Christi,
3336 2761 3487 2819 orate
3506 2767 3606 2824 pro
3640 2767 3747 2815 me,
3780 2760 3843 2803 ut

2259 2849 2539 2905 abstrahat
2569 2862 2654 2903 me
2685 2848 2941 2901 Dominus
2962 2862 2991 2900 a
3016 2846 3234 2909 mundo,
3264 2846 3401 2900 sicut
3424 2843 3689 2898 abstraxit
3715 2857 3841 2906 ros,

2258 2951 2314 2997 et
2361 2941 2521 2996 donet
2572 2939 2702 2994 mihi
2751 2937 2901 3007 sequi
2953 2936 3178 3009 vestigia
3223 2949 3319 2991 sua
3372 2932 3453 2988 vel
3501 2933 3558 2988 in
3588 2942 3842 2987 extremo

2261 3031 2476 3100 agmine
2507 3039 2712 3084 nostro.
2746 3028 2939 3082 Amen.

2814 3133 2879 3171 AI)
2911 3130 3290 3173 CONFESSO‘RES.

2920 3204 3042 3261 Fol.
3076 3206 3166 3261 50.

2312 3298 2574 3355 ’Obsrcro
2604 3315 2721 3366 rus,
2748 3297 3044 3354 beatissimi
3081 3294 3420 3352 confessorcs
3450 3294 3650 3351 Christi
3677 3305 3846 3365 atque

2265 3392 2512 3447 doctores
2553 3389 2843 3462 Cypriane,
2886 3389 3074 3454 Basili,
3114 3389 3365 3460 Gregori,
3399 3388 3686 3452 Athanasi,
3728 3386 3842 3444 Eu-

2266 3486 2403 3550 sebi,
2422 3484 2693 3549 Ambrosi,
2707 3484 3025 3556 Augustine,
3043 3482 3384 3555 Hieronyme,
3401 3481 3531 3549 Leo,
3548 3481 3841 3546 Germane,

2267 3578 2467 3631 Isidore
2486 3616 2503 3642 ,
2549 3575 2841 3646 dignantiui
2869 3574 3203 3630 intercedere
3232 3589 3327 3643 pro
3356 3591 3438 3628 me
3466 3581 3767 3643 peccatore,
3786 3581 3847 3624 ut

2271 3668 2536 3722 concedat
2580 3667 2711 3721 mihi
2760 3666 3022 3721 Dominus
3048 3677 3266 3719 servare
3317 3680 3436 3730 qtize
3465 3665 3744 3728 docuistis,
3790 3671 3849 3717 et

2270 3756 2323 3811 in
2356 3765 2533 3812 vestro
2566 3771 2651 3810 tne
2681 3754 2843 3810 faciat
2876 3755 3152 3810 consortio
3178 3753 3459 3825 gratulari.

2655 3861 2723 3900 AD
2750 3861 2796 3901 8.
2827 3860 3160 3900 BENEDIC'I'U)!
3188 3859 3452 3901 ADBATESI.

2932 3932 3055 3990 Fol.
3084 3934 3175 3991 29.

2343 4023 2580 4082 Obsecro
2634 4033 2705 4088 te,
2758 4024 3067 4079 beatissime
3127 4024 3432 4088 Benedicto,
3488 4024 3688 4080 dilecte
3726 4023 3849 4091 Dei,

2276 4118 2550 4174 intercede
2576 4133 2671 4188 pro
2703 4133 2786 4173 me
2813 4131 2971 4171 servo
3008 4125 3120 4180 tuo,
3148 4127 3202 4171 et
3242 4116 3386 4170 omni
3417 4126 3605 4172 sancta
3632 4118 3731 4171 hac
3756 4125 3792 4170 ιι
3815 4128 3853 4171 a

2256 4210 2689 4282 'Congregationc
2738 4216 2790 4262 et
2835 4223 2932 4277 pro
2968 4208 3235 4263 universis
3257 4207 3356 4262 sub
3402 4216 3492 4262 tuo
3537 4207 3853 4276 magisterio

2199 4332 2250 4393 Β
2278 4302 2645 4361 militantibus.
2675 4298 2835 4355 simul
2858 4308 2910 4352 ct
2935 4314 3031 4371 pro
3055 4300 3198 4353 oumi
3229 4299 3763 4369 populuChrislianu,
3792 4310 3859 4354 ut

2279 4400 2469 4460 purget
2501 4390 2758 4444 Dominus
2788 4403 2883 4443 cor
2909 4398 2964 4443 ct
2999 4396 3152 4443 actus
3188 4403 3215 4441 a
3247 4389 3463 4443 cunctis
3505 4390 3669 4445 \‘ilzlS.
3720 4389 3857 4444 'I'ii-

2278 4482 2409 4535 bnat
2440 4480 2582 4535 mihi
2630 4494 2847 4533 servare
2879 4489 3074 4534 cuncta
3105 4494 3222 4550 qua:
3251 4482 3527 4551 praecepit,
3568 4491 3621 4534 et
3669 4492 3858 4535 custo-

2277 4572 2394 4625 dire
2420 4580 2620 4625 sancta:
2644 4569 2839 4640 regulae
2868 4570 3160 4637 tramitem,
3190 4585 3350 4640 quem
3382 4589 3467 4628 tne
3505 4583 3859 4627 servaturum

2277 4661 2557 4730 spopondi.

2280 4766 2379 4805 PRO
2408 4762 2792 4806 BESLDICTIONE
2820 4766 3102 4806 CBLLARU!
3142 4766 3502 4809 IONACIIORU!
3530 4770 3858 4811 οιιΔ-ιιοιιες.

2950 4839 3065 4896 ("0L
3097 4843 3183 4898 ΞΙ.

2348 4934 2601 4999 Benedic,
2615 4933 2861 5000 Domine,
2879 4951 3207 5006 qumsnmus,
3223 4938 3468 4992 cellulam
3490 4941 3672 5005 istam,
3686 4951 3739 4995 ut
3762 4944 3861 5013 qui

2282 5025 2335 5081 in
2363 5028 2552 5083 umbra
2586 5028 2789 5082 alarum
2826 5038 3037 5082 tuarum
3065 5043 3368 5099 speramus,
3402 5033 3469 5086 ab
3493 5035 3743 5089 tlltllllblls
3774 5036 3865 5087 in-

2282 5117 2433 5172 sidiis
2468 5119 2768 5171 da-monum
2810 5117 3023 5170 virtutis
3052 5126 3154 5173 lue
3188 5122 3428 5188 potentia
3458 5135 3723 5179 tueantur.
3753 5125 3867 5180 Per

2282 5205 2557 5261 Christum
2589 5206 2875 5260 Dominum
2904 5215 3169 5261 nostrum.

2955 5294 2992 5310 n
3036 5296 3047 5310 Ι
