4076 5310
321 227 420 316 εει

1292 222 1564 302 norim
1611 224 1975 281 tllSTOtttCA
2015 225 2102 281 ET
2147 208 2591 284 Ltrrsnsuu.‘
2632 272 2636 278 .

3474 225 3581 304 ass.

323 344 462 403 1057
490 343 774 415 episcopus
823 338 1152 414 designatus,
1197 339 1282 395 die
1309 341 1374 394 2¹ῑ
1406 339 1721 397 Decembris
1753 340 1894 394 Poli-
1915 331 1970 404 Ἀ
2001 340 2245 394 uicorum
2276 357 2372 394 suo
2392 350 2636 411 tempore
2670 339 3077 406 defunctorum;
3135 338 3227 395 fol.
3263 338 3366 394 122⁸
3390 354 3581 416 execr;

323 443 406 499 dae
429 450 795 503 consecratus,
823 437 1136 492 cathedram
1179 435 1608 490 Eicbstetensrm
1660 435 1902 490 decimus
1935 449 1940 454 '

321 543 546 590 octavus
571 546 666 602 per
695 530 913 584 totidem
948 542 1115 582 annos
1152 527 1325 581 tenuit
1348 541 1515 596 usque
1546 526 1609 580 ad
1640 525 1902 605 transitus

325 625 465 680 diem
493 624 527 678 2
558 623 693 693 Aug.
729 620 884 686 1075,
938 619 1176 687 sepultus
1225 619 1276 670 in
1309 616 1536 671 ecclesia
1585 614 1900 671 catbedrali.

323 716 479 770 Anno
503 725 681 768 autern
712 713 847 766 1503
879 727 908 764 a
930 710 1177 780 Philippo
1197 710 1451 779 episcopo
1483 707 1801 772 translatus,
1834 707 1904 762 ob

326 807 492 862 multa
541 822 657 875 quae
708 820 806 875 per
861 819 982 858 eum
1038 802 1151 857 fieri
1186 800 1510 856 videbantur
1567 797 1830 854 miracula
1875 814 1902 852 a

326 899 520 969 populo
547 897 686 951 beati
718 911 910 951 nomen
965 895 1182 958 meruit,
1234 903 1546 963 tantamque
1603 891 1909 947 veneratio-

329 1006 476 1053 nem,
506 999 563 1043 ut
586 1005 637 1041 a.
670 988 808 1042 1516
860 989 974 1058 ipse
1015 988 1310 1058 imperator
1347 985 1654 1040 Ludovicus
1705 983 1905 1038 lmnina

327 1081 394 1136 ad
430 1081 546 1148 ejus
579 1079 884 1150 sepulcrum
945 1079 1270 1132 institueret.
1329 1077 1425 1133 Vir
1482 1076 1904 1149 integerrimus,

327 1172 579 1227 omnibus
609 1173 832 1234 ebarus,
874 1170 1213 1224 subditorum
1267 1184 1371 1221 non
1411 1168 1674 1233 dominus,
1703 1167 1793 1221 sed
1813 1183 1908 1237 pa-

327 1273 406 1318 ter
465 1263 860 1333 benignissimus
908 1261 1010 1333 (5),
1048 1264 1114 1315 ab
1160 1259 1307 1316 onmi
1361 1261 1655 1331 cupiditate
1699 1259 1910 1315 alienus

328 1357 432 1428 (tl).
456 1371 678 1411 summa
705 1356 1004 1430 modestia}.
1030 1354 1224 1410 alienis
1261 1354 1494 1426 negotiis
1539 1369 1824 1424 nunquam
1850 1368 1909 1407 se

329 1448 664 1514 immiscens,
711 1450 806 1504 sed
861 1459 986 1508 ante
1035 1447 1218 1502 omnia
1275 1446 1630 1503 ecclesiastici
1672 1445 1909 1500 muneris

328 1539 520 1595 officiis
569 1548 624 1594 et
678 1541 822 1595 veris
887 1538 1065 1610 gregis
1119 1538 1222 1592 sibi
1271 1537 1545 1607 coinn'tiSsi
1605 1535 1910 1602 commodis

328 1618 465 1691 adeo
488 1635 748 1698 intentas,
776 1644 833 1688 ut
858 1642 1054 1704 praeter
1102 1639 1298 1695 extera
1332 1645 1450 1708 qua:
1475 1627 1605 1693 fecit
1630 1653 1726 1707 per
1755 1638 1909 1693 sede-

2000 441 2150 502 ptum
2183 447 2246 486 ex
2269 434 2596 501 canonibus;
2634 433 2726 489 fol.
2763 435 2886 501 127,
2939 435 3060 499 128,
3117 434 3363 507 (puellam
3391 433 3441 486 in
3471 417 3576 511 lia?

2003 526 2262 582 leudario.
2295 526 2375 582 Ab
2403 529 2522 583 aliis
2550 529 2784 602 suppleri
2820 529 2946 584 fecit
2973 528 3062 608 fol.
3120 529 3177 583 11
3217 527 3581 592 dedicationes

2004 621 2355 676 ecclesiarum
2379 623 2516 679 libro
2537 626 2649 694 jam
2677 624 2928 682 confecto
2954 625 3146 690 factas,
3175 623 3272 680 fol.
3301 624 3430 698 121,
3455 623 3582 692 122,

2005 726 2256 784 excerpta
2286 718 2530 786 quaedam
2555 734 2847 774 canonum.
3092 703 3096 708 1

2075 810 2152 864 lta
2184 803 2376 866 librum
2403 811 2728 868 Gundecbar
2770 816 3014 871 moriens
3041 815 3298 872 Ecclesia:
3342 832 3453 870 sum
3495 832 3574 874 to:

2006 899 2185 970 liquit,
2239 903 2325 956 ubi
2353 919 2449 972 per
2498 903 2753 958 smculum
2799 905 3032 961 intactus
3063 907 3341 962 remansit.
3371 907 3586 970 Primae

2007 991 2097 1061 qui
2140 991 2338 1061 aliquid
2385 992 2608 1048 adderet
2655 994 2755 1048 fuit
2809 996 2933 1051 Otto
2979 997 3264 1068 episcopus
3313 1013 3365 1053 a.
3414 998 3584 1055 “82:

2010 1081 2166 1135 “93.
2198 1081 2294 1136 llic
2321 1082 2374 1136 in
2398 1082 2488 1136 fol.
2526 1083 2685 1140 11-12
2724 1085 2875 1140 vario
2909 1096 3151 1157 tempore
3177 1087 3382 1157 adjecit
3408 1088 3578 1152 cccle-

2009 1173 2118 1227 sias
2144 1189 2277 1244 quas
2305 1175 2416 1245 ipse
2448 1174 2735 1240 dedicavit,
2801 1193 3030 1232 munero
3079 1179 3199 1236 107.
3242 1179 3586 1236 Gundecban

2009 1263 2237 1334 imagini
2276 1267 2564 1337 adscripsit
2607 1269 2747 1322 diem
2801 1270 3088 1334 transitus,
3126 1279 3183 1324 et
3233 1272 3286 1325 in
3335 1274 3585 1343 sequenti

2010 1357 2221 1426 pagina,
2255 1374 2284 1410 a
2316 1359 2675 1416 (itindecbaro
2711 1377 2878 1417 vacua
2930 1362 3140 1428 relicta,
3186 1365 3377 1428 eodem
3425 1365 3587 1440 plane

2011 1448 2170 1503 δηοάο
2193 1465 2299 1529 TK)
2329 1450 2416 1515 ille
2441 1452 2761 1533 inc-mperat,
2807 1478 2900 1518 se:
2939 1450 3284 1522 successores
3319 1467 3442 1536 ejus
3473 1461 3591 1538 piu-

2009 1539 2060 1618 gi
2084 1538 2231 1614 iccit,
2265 1551 2317 1604 in
2348 1551 2474 1606 folio
2500 1555 2551 1607 6·
2611 1564 2794 1609 assuto
2847 1571 3059 1611 summo
3097 1558 3388 1627 septimum
3439 1571 3494 1614 et
3531 1577 3590 1614 se

2010 1649 2283 1705 octavum,
2315 1643 2512 1711 quibus
2538 1644 2768 1716 singulis
2794 1655 2850 1700 et
2872 1662 3062 1702 versus
3091 1656 3143 1701 et
3166 1663 3339 1704 annos
3359 1649 3586 1710 addidit.

331 1727 435 1781 cim
459 1740 628 1802 annos
657 1734 874 1788 centum
902 1732 1088 1803 viginti
1114 1747 1214 1785 sex
1237 1730 1498 1785 ecclesias
1537 1729 1647 1798 ipse
1692 1729 1907 1783 dedica-
1938 1701 1981 1761 Β
2009 1730 2063 1784 in
2095 1732 2345 1787 omnibus
2395 1725 2802 1792 accuratissime
2849 1736 3278 1795 Gundecharum
3325 1740 3588 1796 imitatus.

330 1820 498 1892 ﬁcit;
522 1835 714 1895 pastor
771 1825 1003 1896 denique
1033 1827 1230 1888 bonus,
1259 1824 1411 1893 cujus
1437 1833 1548 1876 tota
1570 1837 1772 1892 semper
1795 1830 1904 1876 erat

329 1920 566 1984 intentio,
587 1919 760 1975 omnia
771 1919 933 1972 suain
945 1933 1098 1972 usum
1121 1933 1226 1970 suae
1242 1925 1532 1970 convertere
1547 1913 1794 1968 Ecclesia’
1807 1913 1905 1984 (5).

331 2012 476 2067 luter
527 2013 659 2077 haec,
705 2027 754 2064 a.
795 2011 922 2065 1071
962 2020 1193 2065 exeunte
1237 2009 1320 2064 vel
1381 2010 1598 2063 ineunte
1641 2008 1778 2062 1072
1808 2007 1903 2072 (6),

331 2100 585 2158 Ordinem
649 2102 916 2158 conscribi
987 2101 1115 2156 fecit
1189 2101 1302 2157 suis
1365 2101 1671 2169 sumptibus
1727 2110 1783 2154 et
1853 2100 1907 2154 in

331 2193 500 2248 cboro
532 2192 590 2247 S.
617 2192 916 2248 Willibaldi
975 2193 1239 2263 reposuit,
1273 2192 1362 2262 qui
1392 2192 1559 2246 Lmen
1586 2191 1910 2247 Pos'rmca-

330 2301 416 2340 us
446 2296 690 2352 vocatus,
732 2304 874 2342 nunc
897 2287 1063 2342 etiam
1098 2287 1148 2342 in
1181 2288 1424 2342 sacrario
1463 2284 1705 2354 ejusdem
1733 2286 1911 2342 eccle—

330 2377 426 2430 siae
453 2375 706 2445 religiose
733 2387 999 2431 servatur.
1027 2377 1188 2431 Liber
1212 2379 1462 2432 maximae
1514 2378 1720 2442 formae,
1749 2377 1910 2432 folio-

333 2481 452 2520 rmu
475 2468 598 2531 204,
627 2468 1075 2537 quaternionibus
1105 2469 1175 2522 26
1204 2469 1744 2540 comprehensornm,
1771 2470 1910 2524 binis

332 2557 618 2623 columnis,
645 2575 749 2613 una
790 2574 951 2613 manu
981 2558 1416 2628 splendidissime
1435 2568 1710 2625 exaratus,
1761 2561 1910 2615 cala-

333 2665 423 2705 mo
449 2651 518 2704 ab
547 2651 700 2705 initio
751 2665 919 2720 usque
951 2652 1016 2704 ad
1055 2651 1216 2706 finem
1254 2652 1548 2717 continuo,
1588 2651 1772 2706 multis
1795 2667 1913 2707 ver-

331 2741 483 2796 sibus
503 2751 557 2796 et
579 2757 709 2797 vero
737 2743 883 2798 foliis
906 2744 1071 2798 minio
1095 2745 1332 2814 scriptis,
1365 2745 1562 2800 litteris
1611 2745 1912 2800 iuitialibus

332 2848 468 2886 auro
503 2843 668 2903 atque
703 2833 974 2888 coloribus
1003 2835 1292 2899 distinctis,
1326 2835 1419 2889 fol.
1442 2836 1474 2889 7
1497 2851 1617 2906 sqq.
1647 2845 1763 2906 post
1787 2839 1912 2890 titu-

334 2923 442 2977 lum
471 2939 590 2978 cum
615 2924 1170 2986 formulatraditionis
1192 2928 1435 2980 continet
1464 2928 1678 2982 nomina
1703 2927 1911 2996 episco-

333 3032 524 3089 porum
581 3018 995 3076 Anreatensium
1050 3027 1104 3071 et
1167 3018 1426 3074 ecclesias
1476 3035 1503 3074 a
1545 3017 1908 3075 Gundecbaro
1937 3052 1980 3113 ρ

334 3119 711 3176 consecratas;
744 3109 833 3164 fol.
877 3111 942 3164 15
968 3111 1211 3166 ordinem
1259 3113 1688 3174 ecclesiasticum
1713 3129 1909 3167 secun-

334 3201 462 3253 dum
510 3200 782 3258 Bouianos
829 3210 880 3255 et
912 3201 1206 3256 secundum
1258 3201 1462 3267 Gallos,
1490 3203 1908 3256 exaininsudum

333 3290 385 3344 ei
417 3290 506 3359 qui
534 3290 730 3343 rituum
760 3290 818 3344 in
844 3290 1071 3345 ecclesia
1121 3289 1443 3346 Germanica
1500 3292 1781 3344 historiam
1815 3289 1913 3344 ali-

332 3380 554 3449 quando
577 3389 891 3448 componet;
932 3379 1022 3434 fol.
1065 3379 1169 3434 125
1218 3379 1598 3434 Kalentlarimn
1631 3397 1752 3434 cum
1810 3380 1913 3434 Nc-

337 3469 576 3539 crologio
604 3471 876 3539 variisque
903 3471 1098 3526 tabulis
1126 3472 1192 3526 ad
1245 3482 1553 3542 computum
1589 3474 1913 3542 pertinenti-

337 3561 470 3626 bus;
501 3560 591 3614 fol.
629 3561 730 3617 158
780 3562 1012 3617 indicem
1051 3560 1480 3617 differentiarum
1540 3565 1908 3633 musiearum;

337 3652 432 3708 fol.
466 3655 706 3709 115-204
738 3655 1140 3710 benedictiones
1184 3665 1240 3712 et
1267 3659 1562 3714 orati0nes.
1611 3659 1708 3714 Cui
1739 3660 1912 3714 σοιΙίρὶ

338 3756 400 3800 ut
459 3747 738 3800 introitum
788 3747 942 3801 daret
1005 3755 1197 3801 sancto
1249 3748 1332 3804 cui
1383 3747 1760 3804 dest‘inabamr
1798 3749 1914 3805 loco

337 3838 660 3909 digniorem,
698 3838 1020 3894 Gumlerar
1041 3841 1337 3910 praeposuit
1363 3839 1455 3895 fol.
1487 3841 1596 3906 1-6,
1638 3842 1914 3912 inquibus

339 3938 462 3999 post
507 3945 723 3984 crucem
789 3929 986 3985 litteris
1031 3931 1386 4000 compositam
1447 3939 1502 3986 et
1553 3940 1674 4002 post
1719 3947 1912 3986 novam

305 4021 740 4089 dedicationem
810 4021 979 4091 priori
1049 4022 1388 4092 ampliorem,
1449 4022 1713 4094 imagines
1767 4025 1912 4094 pingi

339 4114 550 4168 curavit
581 4115 873 4169 Salvatoris
903 4115 1046 4170 inter
1079 4115 1298 4186 angelos
1352 4115 1612 4180 sedentis,
1647 4117 1910 4181 crucifixi,

339 4217 650 4261 sanctorum
688 4208 968 4264 duodecim
1025 4193 1274 4264 diméesis
1303 4208 1664 4265 Atireatensis
1703 4210 1902 4265 tutela-

343 4295 500 4359 rium,
537 4297 768 4368 denique
808 4297 872 4351 l7
902 4315 1125 4354 suorum
1169 4298 1628 4369 praedecessorum
1653 4315 1916 4367 suamque

2005 1853 2076 1886 -_—
2121 1824 2274 1881 Alius
2322 1827 2505 1881 statim
2560 1838 2685 1900 post
2729 1840 2957 1886 mortem
3011 1832 3224 1888 Ottouis
3291 1833 3433 1890 dictu
3476 1831 3592 1901 ejus

2009 1915 2300 1970 obitualem
2353 1917 2572 1989 imagini
2634 1921 2946 1992 adscripsit,
3000 1924 3253 1993 idemque
3306 1925 3358 1980 in
3419 1941 3592 1985 vat-na

2008 2006 2202 2078 pagina
2259 2006 2352 2062 fol.
2391 2010 2476 2074 12,
2538 2009 2623 2076 15,
2671 2013 2896 2084 annales
2946 2013 3298 2070 brevissimus
3344 2015 3592 2080 inseruih.

2009 2113 2144 2168 quos
2190 2098 2329 2154 infra
2375 2115 2850 2171 proponemus.—
2903 2102 3187 2160 Secundus
3238 2107 3595 2171 contiuuator

2009 2191 2152 2268 intra
2179 2208 2228 2244 a.
2259 2190 2560 2246 1229-1254
2587 2192 2637 2247 in
2687 2193 2780 2248 fol.
2812 2195 2876 2250 6‘Il
2903 2194 2970 2249 ab
3002 2193 3200 2252 Ottunc
3255 2208 3443 2254 assuto
3489 2199 3591 2261 sub

2012 2282 2428 2354 bujusimagine
2453 2293 2562 2340 tres
2606 2283 2721 2353 ejus
2767 2301 3115 2342 successores
3156 2288 3331 2357 pinxit
3376 2289 3594 2344 diverso

2011 2374 2285 2446 paululum
2326 2391 2355 2428 a
2397 2375 2827 2444 prarcedentibus
2857 2377 3036 2442 modo,
3091 2393 3198 2432 uno
3226 2386 3370 2434 tecto
3397 2377 3595 2433 turrito

2012 2467 2458 2535 comprehensos,
2481 2473 2597 2522 arte
2628 2467 2862 2538 pictoris.
2881 2469 3107 2540 majore,
3143 2485 3274 2526 cura
3333 2471 3386 2526 in
3420 2471 3593 2526 versi.

2011 2556 2111 2611 bus
2129 2545 2357 2628 adjectis
2385 2558 2626 2613 minore.
2662 2558 2848 2614 Annos
2886 2559 3088 2614 omisit.
3111 2591 3176 2600 ——
3205 2560 3490 2617 Kunradus
3528 2562 3603 2620 de

2012 2644 2198 2700 Kastel
2224 2648 2515 2715 canonicos
2539 2647 2951 2710 Eiebsteteusis,
2980 2666 3029 2704 a.
3065 2650 3207 2704 1214
3241 2652 3594 2708 dueruionem

2012 2736 2270 2806 prmlixit,
2295 2737 2379 2791 cui
2421 2739 2638 2793 inscribi
2705 2739 2832 2793 fecit
2873 2741 3106 2796 iudicem
3159 2743 3363 2798 codicis
3391 2754 3440 2799 et
3473 2754 3594 2800 acta

2014 2827 2128 2881 litis
2154 2828 2219 2882 dc
2263 2829 2515 2898 pncsidio
2572 2830 2788 2885 concilii
2843 2829 3144 2902 Magnutini
3199 2833 3464 2902 atii”,
3508 2836 3596 2893 cui

2016 2917 2132 2988 ipse
2164 2918 2535 2991 interfuit(7).
2583 2920 2678 2974 liis
2710 2921 2822 2991 ipse
2868 2938 2919 2977 a.
2980 2923 3118 2984 1256
3165 2942 3326 2980 unum
3375 2927 3595 2998 propria

2015 2997 2290 3081 SlIiJjIIJIXil
2321 3010 2538 3065 brevem
2567 3012 2814 3068 notitiam
2844 3002 2909 3068 de
2947 3013 3303 3086 eleemosynis
3334 2997 3385 3085 in
3414 3025 3596 3086 trans-

2014 3099 2213 3156 latione
2271 3103 2441 3158 sancti
2481 3102 2774 3158 Willibaldi
2826 3105 3092 3170 collectis;
3143 3107 3301 3176 paulo
3327 3117 3446 3176 post
3477 3125 3592 3162 am-

2013 3192 2235 3261 pliorem
2269 3193 2334 3248 de
2385 3193 2570 3249 eadem
2628 3194 2981 3251 translatione
3033 3205 3196 3266 atque
3225 3200 3289 3252 de
3315 3200 3592 3257 miraculis

2015 3285 2385 3341 narrationem
2417 3288 2525 3355 (8);
2557 3288 2748 3341 eodem
2786 3285 2900 3341 fere
2925 3278 3169 3359 tempore
3193 3299 3356 3359 atque
3377 3292 3592 3348 calamo

2015 3373 2208 3430 fo|.,f5
2230 3377 2700 3446 continuavitqure
2730 3388 2848 3446 post
2881 3380 3095 3436 Ottouis
3140 3391 3369 3438 mortem
3411 3385 3483 3442 ibi
3511 3387 3593 3445 iu-

2016 3475 2159 3520 serta
2190 3465 2436 3535 fuerant;
2472 3468 2566 3524 fol.
2597 3469 2702 3523 201
2759 3467 3104 3527 Gundecbari
3153 3473 3456 3545 catalogum
3503 3475 3596 3531 de-

2018 3557 2323 3613 functorum
2351 3560 2733 3615 canonicorutn
2797 3551 2862 3616 ad
2904 3579 2996 3617 sua
3023 3579 3190 3636 usque
3218 3574 3459 3636 tempora
3505 3567 3596 3622 de-

2016 3649 2197 3715 duxit;
2227 3649 2319 3704 fol.
2352 3650 2450 3704 122
2475 3651 2618 3705 inter
2665 3651 2834 3708 lineas
2863 3663 2912 3708 et
2944 3655 2996 3709 in
3038 3657 3214 3726 spatio
3243 3671 3411 3712 vacuo
3460 3661 3598 3713 scriv

2019 3738 2124 3808 psit
2167 3740 2317 3793 Anno
2344 3739 2406 3794 D.
2441 3741 2574 3794 1015
2602 3772 2670 3781 -
2696 3744 2912 3810 revixit;
2963 3742 3056 3800 fol.
3103 3746 3338 3802 125-128
3366 3727 3464 3816 per
3493 3748 3600 3804 Ka-

2017 3829 2317 3885 lcudarimn
2350 3831 2578 3901 plurima
2603 3833 2691 3888 bic
2745 3833 2854 3889 illic
2906 3835 3134 3904 notavit,
3181 3849 3432 3908 repetens
3481 3819 3593 3911 ple.

2015 3922 2244 3992 rumque
2280 3939 2398 3993 qua:
2417 3924 2528 3994 jam
2576 3925 2701 3980 alibi
2752 3927 3077 3998 scripserat;
3112 3927 3197 3982 fol.
3243 3929 3295 3995 5,
3329 3930 3382 3996 6,
3415 3930 3490 3997 6',
3525 3933 3592 3990 ad

2019 4015 2283 4086 imagines
2305 4017 2680 4087 episcoporum
2709 4034 2884 4074 annos
2917 4035 3052 4088 quos
3108 4020 3599 4094 GU!!dCCIlﬂI'.OHljr

2014 4099 2184 4174 'serat,
2213 4109 2278 4166 de
2308 4124 2405 4163 suo
2439 4098 2729 4179 supplevit,
2769 4095 3047 4180 ntultaque
3097 4110 3201 4162 alia
3243 4097 3477 4182 margini
3504 4128 3598 4176 as:

2016 4201 2206 4272 persit.
2247 4200 2353 4254 Sed
2391 4201 2504 4255 [nec
2531 4201 2710 4254 omnia
2741 4216 2837 4271 per
2875 4209 3041 4256 totum
3091 4201 3286 4259 librum
3313 4211 3421 4258 tam
3450 4203 3595 4256 inor-

2019 4293 2198 4348 dinate
2219 4303 2341 4346 sunt
2383 4293 2646 4362 conjecta,
2671 4305 2673 4308 ·
2700 4304 2916 4363 tmnque
2955 4293 3202 4366 confusa.
3257 4293 3416 4350 toties
3449 4309 3606 4367 τερα-ιι

342 4389 482 4442 {Sum
535 4429 551 4444 .
581 4390 786 4457 Quibus
815 4392 1039 4462 singulis
1094 4393 1333 4464 singulos
1382 4408 1568 4447 versus
1604 4393 1770 4447 minio
1828 4410 1913 4446 su-
1946 4404 1990 4460 ι)
2020 4388 2136 4451 lita,
2193 4396 2269 4440 tot.
2315 4386 2549 4456 denique
2611 4387 2879 4456 tantisque
2911 4373 3187 4442 erroribus
3236 4386 3477 4450 horrida,
3535 4398 3604 4446 ut.

338 4483 563 4550 pet-poni
615 4481 770 4550 fecit;
813 4485 1082 4555 episcopis
1133 4492 1390 4556 praeterea
1430 4501 1604 4539 annos
1659 4487 1917 4540 sessionis

340 4583 504 4640 atque
569 4574 684 4631 dies
731 4577 1060 4630 ernnrtuales
1123 4575 1356 4630 adscribi
1403 4591 1467 4631 ex
1516 4575 1762 4645 catalogo
1801 4575 1915 4643 jam

341 4658 489 4713 fol.7
521 4660 745 4716 inserto.
800 4663 965 4717 Libro
1006 4663 1250 4718 absoluto
1285 4671 1338 4717 et
1389 4663 1502 4733 jam
1542 4663 1594 4717 in
1635 4663 1808 4722 cboro
1857 4663 1916 4718 S.

342 4749 635 4806 Willi'baldi
688 4753 884 4822 posito,
940 4754 1267 4809 Guinlecbar
1327 4754 1440 4824 ipse
1512 4765 1696 4822 postea
1757 4769 1918 4809 manu

339 4842 557 4909 propria
595 4842 916 4897 nitidissima
946 4845 1032 4899 bie
1064 4844 1169 4901 illic
1192 4846 1438 4915 qmedam
1491 4845 1740 4911 inseruit,
1770 4847 1918 4901 scili-

339 4942 427 4988 cet
456 4933 544 4989 fol.
580 4936 631 5000 1,
667 4935 942 5002 201-204,
995 4937 1211 4992 nomina
1239 4938 1615 5009 episc0porum
1667 4949 1720 4992 et
1753 4953 1916 4994 eano-

347 5177 373 5179 _
395 5106 489 5179 15)
530 5107 707 5179 Verba
731 5119 856 5165 sunt
882 5109 1010 5165 cleri
1035 5109 1355 5167 Eistetensis
1389 5109 1442 5163 in
1473 5109 1660 5164 charta
1691 5111 1742 5165 in
1774 5111 1924 5167 Actis

2019 4477 2332 4531 cautissime
2360 4485 2566 4532 tantmn
2593 4476 2695 4548 legi
2744 4477 2979 4532 debeant
3020 4493 3120 4535 ure
3153 4478 3285 4532 fides
3324 4477 3453 4546 ipsis
3501 4469 3596 4531 ba-L

2018 4569 2134 4638 beri
2165 4571 2267 4624 nisi
2293 4571 2379 4625 ubi
2403 4570 2524 4626 aliis
2552 4571 2878 4628 testimoniis
2920 4571 3329 4627 confirmantur.
3360 4602 3430 4632 ——_
3461 4569 3595 4627 Τθιτν

2021 4662 2127 4716 tius
2153 4664 2500 4718 continuatur
2539 4664 2695 4733 paulo
2725 4673 2848 4732 post
2891 4679 2943 4716 a.
2978 4663 3115 4717 1279
3156 4665 3206 4717 in
3235 4664 3326 4717 fol.
3360 4664 3412 4717 ϐ·
3444 4677 3603 4722 verso

2021 4768 2114 4808 sex
2143 4765 2437 4825 sequentes
2455 4770 2742 4825 episc0pns
2781 4754 2925 4824 pingi
2981 4753 3106 4807 fecit
3171 4769 3465 4827 versusque
3511 4771 3603 4811 su.

2022 4850 2359 4920 perscripsit,
2388 4850 2544 4920 plane
2569 4858 2625 4903 ut
2662 4849 3073 4905 Gumlecbarus.

2093 4941 2158 4996 lli
2189 4951 2297 4999 tres
2321 4941 2372 4994 in
2402 4941 2652 4996 omnibus
2675 4940 2788 4996 fere
2817 4937 3162 4999 Gundecbari
3205 4936 3434 5004 vestigia
3454 4949 3610 5004 pres-

2025 5117 2149 5177 post
2183 5107 2328 5162 illam
2367 5104 2582 5158 domum
2607 5103 3013 5180 dedicationem
3052 5098 3328 5180 calamum
3366 5095 3615 5180 sprnp‘sit.
