4076 5310
546 312 654 394 ἥδ

1473 343 1915 404 ουΝῡεειιΑιιι
1950 347 2485 409 ElCllSTETENSlS
2525 355 2846 412 EPISCOPI.

3702 327 3814 420 eat

547 453 760 506 serunt.
792 447 900 505 Sed
928 463 1119 507 novam
1147 467 1366 523 prorsus
1394 455 1534 534 viam
1566 464 1619 512 et
1646 472 1806 528 quam
1835 472 2122 530 sequentes
2147 467 2197 530 Α
2223 469 2411 524 eadem
2443 470 2643 527 codicis
2690 472 2878 527 ultima
2927 484 3029 529 est.
3074 474 3304 532 Jubcnte
3353 477 3637 546 Mauritio,
3683 493 3816 551 post

549 556 740 598 omnes
776 545 1094 609 tenuerunt,
1139 560 1191 598 a.
1241 544 1376 601 19.97
1423 560 1648 616 quartus
1696 551 1965 620 ingressus
2007 563 2116 607 est.

551 631 652 688 llic
680 647 876 688 novum
915 632 1099 688 folium
1139 633 1390 699 inseruit,
1429 635 1570 706 quod
1603 639 1837 694 medium
1873 639 2126 696 Reimbo-

552 724 697 780 tonis
718 724 956 794 episcopi
997 725 1228 793 imagine
1255 725 1469 781 ornavit
1503 727 1930 796 praecedentibus
1969 729 2126 799 longe

551 816 783 887 majore;
829 817 896 873 ad
933 818 1201 888 margines
1236 833 1340 873 non
1379 817 1491 887 jam
1537 835 1782 886 versum,
1827 823 1920 876 sed
1961 823 2124 878 vitam

550 910 829 966 contexuit
861 917 945 964 sat
979 909 1212 980 amplatn
1238 910 1446 966 calamo
1470 912 1746 968 continuo.
1781 913 2124 982 --Quintns,

550 999 820 1065 Thomas,
857 1001 1102 1056 notarius
1138 1001 1414 1058 Chtntradi
1453 1004 1719 1075 episcopi.
1769 1021 1822 1060 a.
1861 1005 1999 1061 1505
2028 1007 2126 1062 'vel

548 1099 674 1162 post
705 1094 813 1146 duo
862 1092 1056 1148 iterum
1107 1091 1232 1147 folia
1287 1092 1542 1162 inseruit,
1591 1095 1644 1150 in
1687 1112 1916 1168 quorum
1953 1098 2126 1154 altero

552 1182 935 1248 Chunradum,
969 1183 1024 1238 in
1058 1187 1306 1255 opposito
1343 1188 1594 1242 comitem
1630 1188 1973 1246 Gebhardum
2012 1192 2128 1261 epi-

554 1290 719 1347 scopo
739 1285 979 1332 castrum
1003 1292 1158 1332 suum
1185 1276 1440 1351 llirsperg
1467 1279 1784 1336 offerentem
1825 1298 2125 1353 repraesen-

549 1369 708 1436 tavit,
748 1371 1022 1440 margines
1069 1370 1194 1426 vitis
1237 1387 1425 1426 eorum
1478 1373 1791 1428 destinavit.
1839 1373 2032 1431 Postea
2068 1375 2124 1431 in

547 1461 742 1533 pagina
777 1461 1024 1532 sequenti
1064 1460 1327 1518 Joannem
1370 1464 1577 1532 posuit,
1631 1465 1817 1520 itidem
1857 1482 1980 1520 cum
2007 1466 2123 1520 Vita

549 1551 808 1607 hreviori.
840 1551 984 1608 Idem
1015 1553 1181 1608 etiam
1208 1568 1306 1624 per
1329 1553 1422 1610 fol.
1455 1555 1518 1620 5,
1545 1555 1606 1621 6,
1636 1555 1710 1621 6‘,
1739 1553 2128 1614 additamentis

548 1641 789 1698 Konradi
814 1658 950 1698 nova
973 1643 1189 1716 adjecit,
1217 1652 1270 1700 et
1292 1646 1674 1701 miraculorum
1698 1647 2040 1703 Gundechari
2071 1665 2122 1702 a.

551 1733 688 1788 1509
715 1734 978 1790 factorum
1007 1739 1381 1792 narrationem
1415 1739 1469 1793 in
1522 1749 1756 1809 quatuor
1786 1739 1932 1796 foliis
1959 1741 2123 1795 indici

548 1827 784 1901 praeﬁxit
820 1829 917 1901 (9).
945 1861 1017 1871 ——
1045 1831 1246 1888 Sextus
1294 1836 1672 1901 eontinuator,
1713 1836 1976 1892 Thomam
2005 1838 2126 1892 imi-
2158 1815 2202 1876 Β

549 1931 717 1988 tatus,
761 1935 815 1979 et
865 1924 1072 1994 pictore
1101 1939 1233 1981 usus
1277 1928 1490 1995 eodem,
1525 1927 1832 1999 lilarquardi
1877 1930 2052 1987 Vitam
2077 1943 2130 1989 et

550 2015 843 2084 imaginem
874 2033 926 2069 a.
952 2016 1092 2071 1521
1119 2018 1360 2073 condidit
1400 2019 1454 2074 in
1487 2035 1627 2077 novo
1664 2021 1813 2084 folio,
1838 2023 1992 2093 cujus
2018 2025 2131 2095 pri-

548 2123 697 2165 mam
727 2109 976 2180 paginam
1007 2127 1233 2167 vacuam
1265 2113 1587 2186 raliquit.—-
1614 2117 1671 2173 In
1718 2117 1821 2174 hac
1866 2119 2129 2191 septimus

553 2217 607 2258 α.
639 2203 778 2258 1555
817 2201 993 2259 Vitam
1033 2204 1264 2280 Philippi
1295 2207 1584 2279 supplevit,
1632 2209 1698 2264 ad
1729 2211 2017 2282 imaginem
2047 2222 2132 2268 sat

548 2295 685 2353 rude
709 2295 910 2366 pictam
952 2298 1006 2354 in
1039 2312 1143 2367 qua
1193 2314 1333 2355 novo
1373 2315 1573 2371 genere
1611 2303 1900 2373 episcopus
1930 2319 2132 2375 reprae-

547 2394 795 2443 sentatur
823 2402 929 2442 non
950 2386 1061 2458 jam
1095 2388 1260 2455 solus,
1291 2392 1384 2446 sed
1413 2391 1610 2462 papulo
1637 2393 1962 2448 benedicens
1990 2393 2129 2449 infra

545 2483 839 2549 prostrato.
892 2479 1037 2535 ldem
1081 2489 1274 2536 auctor
1319 2484 1508 2538 eodem
1556 2483 1766 2539 calamo
1817 2492 1937 2556 post
1989 2484 2128 2540 sexti

550 2569 1016 2628 continuationem
1047 2571 1199 2628 Vitas
1224 2572 1526 2638 Gebhardi,
1554 2573 1838 2641 Friderici,
1870 2575 2127 2641 Heinrici,

547 2663 756 2720 Alberti
784 2665 1016 2736 subjecit
1039 2681 1159 2722 cum
1208 2667 1534 2738 imaginibus
1559 2667 1627 2725 ab
1656 2667 1843 2725 eodem
1867 2683 1975 2741 quo
2003 2667 2132 2723 Phi-

548 2755 678 2827 lippi
707 2758 914 2828 pictore
942 2757 1130 2826 factis;
1164 2760 1216 2815 in
1263 2763 1454 2831 quavis
1497 2761 1782 2833 cpisc0pus
1826 2769 1948 2832 post
1977 2761 2132 2831 cujus

551 2846 735 2904 sedem
762 2849 870 2904 duo
899 2849 1095 2905 vassali
1122 2851 1550 2922 conspiciuntur,
1585 2850 1958 2920 juramentum
1992 2855 2131 2908 reci-

549 2940 628 3010 pit
675 2940 916 3012 capitnli.
947 2972 1019 2981 —
1055 2940 1292 2998 Oc‘tavus
1336 2958 1387 2998 a.
1437 2943 1577 3000 1365
1622 2936 1897 3000 Bertholdi
1952 2944 2132 3001 Vitam

552 3039 716 3100 atque
752 3031 1038 3102 imaginem
1067 3033 1304 3099 addidit,
1335 3032 1544 3089 calamo
1569 3034 1855 3100 continuo,
1885 3043 2022 3090 utet
2047 3051 2133 3090 se-

552 3130 782 3193 quentes
818 3137 1008 3181 omnes
1046 3123 1323 3192 fecerunt;
1370 3141 1545 3181 nonus
1572 3125 1853 3183 Rabuonis
1878 3143 1934 3185 a.
1959 3127 2126 3192 1385;

553 3216 795 3270 decimus
820 3215 1076 3273 Friderici
1108 3217 1175 3274 lV
1201 3234 1253 3274 a.
1281 3219 1450 3285 “15;
1478 3220 1793 3276 undecimus
1816 3219 2041 3276 Joannis
2069 3219 2134 3288 ll,

550 3306 714 3378 paulo
741 3319 863 3379 post
885 3323 937 3364 a.
973 3309 1140 3376 1429;
1172 3310 1526 3367 duodecimus
1549 3311 1754 3366 Alberti
1784 3311 1858 3378 ll,
1888 3327 1939 3366 a.
1971 3311 2134 3378 1413,

553 3400 764 3470 pictore
791 3400 983 3456 eodem
1031 3416 1140 3472 quo
1183 3403 1527 3474 prmcedens;
1577 3404 1770 3459 tertius
1815 3403 2056 3459 decinms
2083 3419 2134 3456 a.

554 3492 695 3549 1464
720 3493 942 3549 Joannis
986 3494 1050 3550 de
1078 3493 1248 3565 Eych,
1283 3495 1603 3566 perpulchre
1641 3496 1791 3566 picti.
1818 3496 1974 3552 Anno
2002 3495 2139 3551 M96

553 3581 909 3642 Leonhardus
953 3586 1276 3658 Angermair
1319 3587 1500 3643 Vitam
1546 3587 1827 3644 Willielmi
1870 3586 2138 3658 episcopi,

555 3676 711 3748 Cujus
734 3677 1048 3748 capellanus
1088 3686 1144 3734 et
1166 3679 1446 3735 confessor
1470 3679 1666 3744 fuerat,
1699 3678 2025 3748 composuit,
2047 3675 2138 3746 ju-

556 3768 719 3823 bente
753 3769 1008 3839 episeopo
1034 3768 1306 3837 Gabricle,
1335 3772 1425 3841 qui
1452 3781 1508 3826 et
1538 3771 1828 3840 imaginem
1862 3769 2140 3826 Wilbelmi

561 3869 688 3913 ante
713 3859 886 3913 altare
913 3861 1172 3929 prostrati
1199 3862 1313 3916 ﬁeri
1343 3863 1551 3918 curavit
1575 3877 1605 3916 a
1633 3863 1837 3932 pictore
1861 3877 1985 3917 vere
2008 3878 2142 3932 prte-

559 3948 912 4005 stantissimo.
937 3951 1016 4003 Ah
1033 3951 1220 4006 eodem
1245 3953 1448 4022 pictore
1470 3952 1840 4008 Gabrielintra
1866 3968 1914 4008 a.
1938 3952 2068 4009 1ῢο1
2090 3961 2145 4009 et

565 4039 696 4093 1521
727 4051 793 4095 'se
821 4041 995 4112 ipsum
1027 4044 1402 4113 repraesentari
1437 4043 1601 4111 fecit,
1640 4046 1695 4100 in
1729 4045 1958 4102 ecclesia
1984 4046 2144 4102 Bam-

563 4130 813 4203 l'crgensi
865 4148 917 4188 a.
969 4132 1102 4189 1501
1147 4130 1326 4190 Vitum
1380 4135 1684 4192 Truchsess
1733 4135 1786 4190 in
1827 4137 2142 4207 episcopum

564 4232 972 4280 consecrantem
999 4265 1015 4291 ,
1061 4235 1328 4294 prasente
1374 4225 1651 4282 Friderico
1694 4227 1830 4283 duce
1891 4226 2146 4282 Saxonite

564 4317 858 4388 nudtisque
910 4317 1032 4374 aliis
1071 4320 1139 4375 ad
1184 4321 1364 4374 vivum
1397 4318 1657 4390 depictis;
1702 4336 1821 4391 qua:
1846 4320 2059 4391 pictura
2090 4330 2146 4375 et

559 4411 691 4463 'arte
741 4419 796 4466 et
848 4408 1092 4465 colorum
1141 4410 1424 4482 splendore
1485 4410 1726 4466 omnium
1780 4410 2146 4482 pulcherrima

2225 575 2424 614 annum
2477 561 2640 632 igitur
2690 562 2855 629 1559,
2907 566 3129 634 quintus
3163 567 3404 624 decimus
3450 572 3815 626 continuato:-

2225 652 2492 708 Gabrielis
2538 663 2592 708 et
2639 653 3010 726 Christophori
3059 659 3206 714 Vitas
3253 661 3445 733 breves
3484 663 3813 732 subiunxit,
3857 715 3862 718 .

2227 743 2386 812 hujus
2415 744 2629 814 imagini
2662 745 2838 801 locum
2882 747 3223 819 relinquens;
3258 752 3354 808 scd
3399 753 3571 809 defuit
3601 758 3812 825 pictor.

2228 834 2424 890 Sextus
2453 835 2693 891 decimus
2713 837 3042 904 Mauritium,
3062 841 3455 910 Eberhardum,
3483 845 3812 912 Martiarum,

2225 925 2550 995 Gasparnm,
2576 925 2835 984 Joannem
2859 945 2965 984 uno
2987 932 3194 986 calamo
3224 934 3459 990 breviter
3487 937 3814 1006 complexus

2226 1025 2310 1071 cst
2352 1025 2530 1087 posta
2579 1018 2742 1081 1612ς
2781 1021 3044 1090 septimus
3072 1024 3312 1079 decimus
3353 1025 3615 1082 Joannem
3646 1027 3814 1083 Chri-

2227 1107 2540 1178 st0phorum
2569 1125 2618 1163 a.
2653 1110 2812 1178 £657;
2850 1114 3092 1169 decimus
3115 1125 3336 1172 octavus
3354 1117 3744 1189 Marquardum
3768 1117 3813 1174 11

2225 1208 2350 1272 post
2381 1199 2554 1265 1685;
2586 1201 2831 1280 decimus
2861 1221 3038 1261 nouus
3065 1223 3094 1262 a
3126 1207 3259 1264 1697
3293 1207 3554 1264 Joannem
3591 1209 3816 1265 Euche-

2227 1289 2387 1345 rium.
2426 1289 2669 1361 Reliquis
2699 1294 3013 1350 membrana
3044 1304 3222 1352 vacat.

2295 1424 2461 1480 Lmen
2506 1424 2888 1482 PONTIFICAUS
2924 1426 3036 1498 jam
3075 1427 3261 1482 statim
3297 1437 3418 1499 post
3455 1428 3814 1486 Gundechari

2225 1511 2430 1568 obitum
2471 1525 2732 1586 exceptus
2772 1514 2874 1570 fuit
2915 1516 2983 1572 ab
3012 1531 3280 1590 anonymo
3311 1518 3636 1584 Haserensi;
3682 1521 3815 1577 dein

2225 1617 2278 1657 a.
2313 1603 2468 1669 1471,
2505 1605 2588 1658 vel
2625 1605 2784 1674 paulo
2811 1614 2955 1677 post,
2998 1623 3028 1662 a
3078 1610 3344 1663 monacho
3381 1608 3816 1676 Blankstetensi,

2226 1698 2316 1768 qui
2345 1713 2409 1754 ex
2447 1700 2584 1769 ipso,
2611 1714 2678 1755 ex
2707 1715 2978 1771 anonymo
3007 1699 3292 1757 llaserensi
3327 1711 3381 1756 et
3406 1717 3475 1756 ex
3515 1701 3820 1758 Adalberto

2235 1789 2710 1847 lleidcuheimensi
2773 1792 3087 1863 compilavit
3147 1793 3363 1848 Librum
3445 1794 3820 1866 episcoporum

2231 1881 2663 1952 Eystetteusium,
2691 1884 3106 1955 satisjt-juuum,
3137 1887 3204 1941 de
3233 1901 3332 1940 suo
3360 1885 3433 1940 nil
3461 1884 3580 1941 fere
3602 1888 3822 1941 addens

2231 1974 2333 2028 nisi
2361 1988 2547 2028 versus
2573 1974 2778 2044 aliquot
2804 1975 2878 2030 nil
2921 1975 3193 2039 dicentes,
3223 1975 3422 2030 nullius
3447 1991 3676 2047 prorsus
3707 1979 3823 2031 uti-

2229 2068 2402 2125 litatis
2431 2068 2575 2139 (l0);
2616 2068 2816 2124 smenlo
2849 2084 2934 2123 xv:
2965 2069 3034 2125 ab
3063 2079 3284 2124 auctore
3325 2068 3613 2125 Chronica:
3639 2070 3822 2126 Eisteo

2232 2162 2404 2218 tensis
2432 2161 2760 2227 veruaculm,
2788 2173 2909 2230 qua:
2938 2170 3044 2215 tota
3092 2162 3216 2217 inde
3257 2159 3410 2215 ﬂuxit
3447 2161 3598 2232 (ll);
3630 2171 3760 2231 post
3789 2177 3821 2216 a

2230 2254 2515 2321 Bruschio,
2553 2253 2843 2319 llattslcro,
2880 2253 3165 2319 Gretsero,
3211 2253 3411 2319 Leubl,
3440 2253 3819 2310 Falkenstein.

2230 2346 2389 2401 Edita
2433 2359 2502 2401 ex
2545 2359 2610 2400 eo
2639 2346 2855 2400 fuerunt
2895 2345 3152 2399 nonnulla
3190 2360 3218 2398 a
3261 2342 3520 2400 Gretsero
3552 2343 3693 2414 (1'2),
3723 2343 3824 2397 sed

2231 2444 2489 2505 excerpta
2540 2443 2750 2489 tantum
2798 2434 2889 2489 hic
2928 2433 3038 2490 illic
3083 2449 3179 2504 per
3210 2448 3348 2504 Opus
3387 2434 3668 2504 dispersa;
3710 2433 3823 2487 alia

2232 2530 2478 2600 quzedam
2507 2543 2536 2582 a
2565 2527 2796 2583 Boschio
2837 2527 2972 2596 (15).
3003 2526 3273 2596 Integrum
3302 2524 3824 2595 Gundechari-opus

2233 2637 2378 2677 nunc
2406 2620 2638 2689 primum
2677 2619 2856 2690 prodit
2879 2633 2948 2673 ex
2986 2618 3104 2689 ipso
3135 2617 3292 2680 libro,
3321 2632 3484 2686 quem
3513 2632 3544 2671 e
3573 2614 3827 2670 sacrario

2233 2710 2293 2767 S.
2322 2710 2616 2767 Willibaldi
2645 2709 3021 2780 depromptum
3049 2707 3132 2761 vir
3169 2707 3461 2760 admodum
3487 2703 3826 2760 reverendus

2233 2813 2288 2860 et
2313 2805 2382 2858 ob
2418 2799 2692 2872 egregiam
2733 2815 2838 2870 qua
2888 2814 2974 2854 me
3011 2807 3332 2868 prosecutus
3373 2806 3459 2851 est
3493 2795 3829 2851 benevolen-

2235 2894 2363 2949 tiam
2379 2904 2533 2963 grato
2559 2905 2770 2963 semper
2793 2889 2973 2946 animo
2994 2889 3123 2944 mihi
3147 2887 3428 2952 colendas,
3461 2888 3628 2942 David
3651 2886 3824 2956 l’opp.

2233 2987 2477 3044 ecclesia:
2503 2984 2835 3041 cathedralis
2877 2982 3230 3038 Aut‘eatensis
3275 2980 3606 3052 prteposilus
3654 2989 3828 3048 atque

2233 3077 2471 3135 vicarius
2502 3075 2792 3149 generalis,
2838 3074 2922 3130 his
2962 3075 3094 3145 ipsis
3119 3073 3306 3130 diebus
3329 3072 3572 3142 gratiose
3603 3085 3826 3127 mecum

2115 3169 2129 3192 ’
2163 3167 2207 3230 C
2238 3167 2677 3224 connuuniczwit.
2729 3163 2979 3236 Propone
3027 3163 3152 3218 inde
3183 3178 3360 3234 opus,
3403 3161 3566 3232 quale
3602 3159 3825 3216 Gunde-

2237 3263 2371 3318 char
2401 3261 2638 3315 moriens
2685 3258 2816 3313 illud
2855 3256 3096 3327 reliquit,
3146 3255 3366 3310 omissis
3395 3262 3575 3310 tamen
3606 3267 3729 3322 qua:
3756 3251 3826 3305 ad

2238 3353 2410 3411 ollicia
2441 3351 2817 3408 ecclesiastica
2863 3357 3130 3420 spectant,
3163 3363 3283 3417 qua:
3309 3361 3416 3402 non
3444 3352 3574 3401 sunt
3595 3343 3823 3398 Gunde-

2238 3446 2411 3504 chari.
2444 3444 2829 3500 Additamenta
2877 3439 3208 3511 imaginibus
3251 3437 3501 3509 apposita
3559 3434 3619 3494 in
3664 3443 3826 3491 notas

2239 3538 2437 3607 reieci;
2485 3536 2694 3607 reliqua
2727 3549 2824 3606 per
2858 3533 3054 3589 librum
3099 3532 3186 3587 hic
3212 3531 3322 3585 illic
3347 3543 3539 3603 sparsa
3580 3527 3634 3582 in
3657 3543 3823 3580 unum

2239 3631 2452 3702 collegi,
2481 3629 2718 3685 Konradi
2741 3625 3001 3690 maxime,
3030 3622 3246 3692 rejectis
3269 3632 3450 3676 tamen
3479 3635 3599 3692 qua:
3623 3617 3690 3672 ab
3722 3618 3824 3672 hoc

2240 3726 2324 3782 bis
2355 3735 2548 3795 terque
2580 3721 2807 3792 repetita
2833 3718 3034 3774 nemini
3062 3715 3393 3772 desiderium
3424 3711 3738 3768 movebunt.
3783 3709 3829 3766 Ε

2241 3813 2742 3873 continuationibus
2778 3820 2888 3867 tres
2919 3807 3290 3865 tantummodo
3323 3806 3531 3876 priores
3583 3803 3671 3857 hic
3700 3800 3825 3855 sui}

2236 3908 2342 3980 jeei
2374 3905 2723 3963 brevissimas
2752 3903 2996 3972 adeoque
3025 3898 3372 3956 Gundechari
3411 3894 3740 3955 simillimas,
3768 3900 3824 3944 ut

2243 3999 2347 4055 nisi
2375 3999 2504 4054 huic
2553 4010 2780 4052 annexa:
2819 4009 2916 4065 per
2944 4008 3006 4048 se
3041 3991 3259 4062 prodire
3289 4004 3393 4044 non
3424 3988 3671 4057 possint;
3704 3983 3828 4037 reli-

2243 4104 2380 4161 quas
2409 4087 2699 4158 ampliores
2737 4099 2860 4140 cum
2903 4083 3084 4138 saeculi
3128 4081 3311 4151 quarti
3359 4077 3555 4134 decimi
3597 4075 3827 4145 scripto-

2250 4184 2402 4239 ribus
2427 4181 2664 4236 edendas
2690 4176 3111 4234 reservavimus.

2317 4275 2563 4340 Aureati,
2591 4274 2678 4329 die
2701 4271 2737 4326 2
2759 4269 3002 4326 Januarii
3033 4267 3194 4326 1815.

3030 4403 3089 4461 L.
3131 4403 3193 4458 (Ζ.
3229 4401 3540 4456 Bernuazvu.

639 4542 726 4623 (9)_
755 4541 912 4623 Egilia
930 4547 994 4623 in
1021 4544 1172 4623 Agis
1206 4543 1305 4600 SS.
1341 4546 1486 4623 Aug:
1518 4544 1570 4609 Ι.
1601 4543 2000 4623 ᾔει-’Τὴυξηξιε
2025 4543 2141 4623 ipse
2177 4511 2224 4571 θ
2249 4549 2366 4623 tuli,
2399 4546 2558 4617 Jung,
2587 4544 2916 4614 conscripto,
2944 4556 3103 4611 quem
3129 4538 3293 4594 habet
3315 4536 3380 4592 V.
3405 4536 3473 4592 Α.
3498 4536 3632 4593 Rev.
3665 4533 3831 4590 David

569 4610 847 4667 adnotavit
876 4632 888 4665 ι
922 4613 1031 4681 Ego
1057 4612 1284 4670 Thomas
1314 4610 1550 4668 notarius
1578 4614 1634 4668 d.
1666 4615 1891 4682 episcopi
1918 4615 2010 4667 hec
2042 4610 2139 4666 iui-

570 4681 754 4734 racula
795 4684 952 4757 scribi
1009 4684 1069 4738 ob
1119 4687 1271 4739 istius
1312 4685 1481 4740 incliti
1521 4685 1742 4757 presulis
1802 4681 2139 4738 reverentiam

567 4755 864 4822 procuravi.

636 4822 755 4891 (l0)
795 4823 985 4877 Exstat
1024 4824 1076 4878 in
1123 4824 1328 4880 ultimis
1363 4825 1551 4880 decem
1585 4824 1731 4880 foliis
1772 4821 1977 4878 codicis
2009 4822 2140 4877 olim

562 4869 997 5018 'tiltlii‘JétZtEiéié
1025 4869 2137 4967 ’ῥὀέὶἔεῗὲῖρῆἷιῙῖ’ἑίέἰίὲίὶιέἷιζίζῖιῖὲῖξ

571 4978 602 5017 C
648 4999 664 5016 ο
690 4977 783 5018 (111.
811 4979 856 5018 8.
990 5004 1004 5017 .

571 4977 664 5017 cn.
690 4977 783 5030 qu.
811 4979 856 5018 s.
892 4977 1004 5018 λγ.

2249 4618 2431 4757 Ροὸἷὲῖ)
2473 4686 2550 4757 In?
2579 4685 2716 4740 libro
2760 4703 2774 4738 :
2813 4682 3051 4757 Philippi
3103 4677 3442 4757 Eysteltensis
3489 4676 3555 4729 de
3598 4673 3831 4745 ejusdem

2247 4747 2478 4812 ecclesia'
2517 4756 2648 4809 divis
2695 4747 3007 4810 tute/aribus
3051 4747 3478 4826 commentarius.
3524 4784 3540 4799 .
3582 4784 3597 4798 .
3641 4783 3684 4826 .'
3717 4758 3832 4826 cum

2250 4828 2492 4896 catalogo
2532 4826 2912 4896 episcoporum.
2955 4862 2969 4876 .
3016 4861 3030 4875 .
3075 4858 3092 4873 .
3131 4819 3214 4872 ed.
3264 4817 3321 4872 Ι.
3377 4816 3615 4872 (ἔκηεν.
3654 4813 3835 4886 Iugul-

2247 4899 2406 4952 stadii
2431 4894 2603 4955 1617.
2633 4895 2704 4948 in-
2721 4894 2800 4948 6ο.

2324 4965 2436 5030 (I3)
2479 4967 2532 5020 In
2562 4965 2712 5021 Actis
2733 4963 2832 5020 SS.
2857 4962 2994 5030 Aug.
3022 4959 3061 5027 l,
3091 4957 3188 5014 175
3212 4973 3312 5029 sqq
