4076 5310
514 329 612 388 Oili

515 447 572 506 in
601 435 766 502 unum
797 442 1024 504 collecto
1050 455 1268 503 centum
1299 463 1470 503 annos
1497 449 1927 518 compleverunt.

587 539 914 596 Gotescalch
960 540 1095 596 obiit
1146 539 1274 596 882°
1320 539 1580 604 anno,'2.
1614 542 1687 595 Id.
1742 540 1874 595 Nov.
1902 540 2099 606 ;’sedit

515 649 690 689 annos
730 636 784 691 5.

587 723 929 780 Erchanbold
961 722 1093 778 obiit
1121 721 1246 778 902”
1276 738 1438 792 anno,
1474 724 1558 778 l3.
1587 723 1706 778 Kal.
1753 723 1914 788 Oct.;
1959 726 2098 778 sedit

515 828 686 868 annos
713 811 782 866 20
805 813 882 880 ﬁ“.

579 905 864 960 Uudall‘rid
889 906 1024 961 obiit
1051 905 1179 961 933°
1227 921 1391 970 anno,
1424 905 1545 960 Kal.
1593 907 1752 972 Jan.;
1809 907 1949 963 sedit
2003 923 2108 977 an;

513 1013 616 1052 nos
645 997 732 1052 51.

585 1090 888 1145 Starchand
926 1091 1062 1146 obiit
1098 1091 1228 1147 965°
1273 1109 1439 1157 anno,
1479 1091 1534 1146 '5.
1587 1093 1662 1146 Id.
1710 1091 1908 1158 Febr.;
1959 1094 2100 1149 sedit

516 1198 688 1236 annos
715 1183 804 1238 32.

521 1304 523 1306 -
594 1271 852 1342 lieginold
883 1273 1020 1328 obiit
1062 1272 1192 1329 989°
1223 1288 1388 1339 anno,
1436 1273 1490 1328 2.
1553 1270 1688 1326 Non.
1741 1273 1905 1342 Apin;
1959 1273 2098 1326 sedit

519 1381 692 1420 annos
727 1365 819 1419 21.

583 1455 871 1527 Megengoz
923 1456 1060 1510 obiit
1089 1453 1247 1510 lolio
1287 1469 1450 1522 anno,
1489 1454 1544 1509 4.
1592 1453 1706 1509 Kal.
1758 1453 1916 1519 Maii;
1959 1455 2097 1508 sedit

513 1562 685 1600 annos
718 1547 809 1600 21.

585 1635 916 1692 Gundechar
950 1638 1086 1693 obiit
1139 1639 1296 1693 10l9°
1328 1653 1492 1705 anno,
1528 1639 1614 1692 15.
1662 1636 1778 1692 Kal.
1811 1635 1972 1702 Jan.;
2013 1652 2098 1691 se-

515 1727 590 1779 dit
618 1744 788 1781 annos
821 1729 875 1783 5.

589 1818 866 1874 Walthere
892 1819 1025 1874 obiit
1076 1820 1236 1874 102l°
1271 1837 1436 1885 anno,
1489 1823 1566 1874 εδ.
1606 1821 1720 1876 Kal.
1753 1820 1913 1886 Jan.;
1955 1822 2097 1877 sedit
2128 1802 2172 1860 Β

513 1928 686 1966 annos
715 1912 769 1965 9..

584 2004 721 2074 (Fol.
755 2003 830 2072 7.)
875 2002 1190 2059 llerihertus
1230 2003 1365 2059 obiit
1419 2003 1576 2059 101‘.”
1627 2019 1808 2064 anno.
1869 2003 1922 2059 9.
1975 2003 2091 2058 Kal.

513 2094 683 2163 Axi-5.;
722 2095 859 2149 sedit
890 2110 1060 2149 annos
1088 2093 1158 2149 9.0
1196 2094 1264 2150 “.

582 2188 850 2241 Gezentan
881 2188 1016 2242 obiit
1062 2185 1224 2241 10l2°
1265 2201 1431 2254 anno,
1465 2187 1551 2243 16.
1581 2185 1699 2242 Kal.
1749 2187 1884 2242 Nor.
1909 2203 1922 2253 ;
1952 2187 2096 2242 sedit

511 2277 547 2331 2
583 2293 818 2332 menses.

581 2367 932 2422 Gehehardns
957 2369 1091 2423 obiit
1120 2368 1280 2424 1057'
1318 2385 1484 2436 anno,
1510 2368 1563 2425 5.
1593 2369 1714 2424 Kal.
1753 2370 1928 2441 Aug.;
1961 2369 2100 2425 sedit

514 2459 565 2512 ia
593 2459 904 2529 episcopatu
940 2461 1006 2515 15
1036 2476 1228 2528 annos,
1261 2461 1314 2516 in
1362 2472 1556 2534 papatu
1593 2463 1648 2528 2,
1698 2471 1754 2517 et
1787 2461 1972 2516 Victor
2003 2479 2096 2515 vo-

510 2559 664 2602 catus
685 2558 788 2604 est.
1225 2572 1227 2576 ·

584 2642 712 2698 Post
768 2645 902 2698 istos
963 2652 1144 2698 autem
1191 2643 1434 2714 ejusdem
1489 2653 1694 2699 sancta:
1746 2644 2100 2699 Aureatensis

511 2739 761 2794 ecclesia:
799 2737 1126 2793 Gundcchar
1158 2739 1200 2770 ¹³
1245 2738 1472 2793 fratrum
1503 2737 1744 2802 ultimus,
1793 2738 1886 2792 sed
1919 2747 2098 2790 tamen

515 2840 642 2882 tunc
670 2830 930 2898 temporis
960 2829 1193 2883 dominae
1227 2829 1590 2900 imperatricis
1615 2831 1838 2900 Agnetis
1865 2830 2102 2898 capella-

512 2938 634 2987 nns,
671 2923 720 2974 in
763 2922 901 2976 hanc
929 2921 1157 2976 eandem
1199 2923 1382 2976 sedem
1421 2923 1484 2976 15
1517 2923 1632 2976 Kal.
1681 2923 1833 2992 Sept.
1884 2923 2098 2990 (1037),

516 3013 600 3067 his
627 3013 937 3067 suhnotatis
960 3012 1232 3081 episcopis
1279 3013 1641 3082 prcsentihus,
1673 3014 1956 3068 Luitholdo
1988 3014 2098 3069 Sla-

512 3103 850 3174 gantiaccnsi
910 3103 1362 3173 archiepisc0po,
1422 3103 1656 3158 Wilone
1709 3105 2094 3160 Mcdiolanensi

511 3191 945 3260 archiepiscopo,
989 3190 1292 3248 Gunthcrio
1339 3192 1774 3264 Babenhergensi
1821 3195 2095 3266 episcopo,

511 3283 810 3340 Aushehno
838 3284 1066 3341 Lueeusi
1101 3286 1376 3357 episeopo,
1402 3287 1652 3342 'l'rihurie
1680 3298 1765 3345 est
1790 3289 1990 3345 annulo
2021 3291 2103 3345 in.

514 3379 772 3442 vestitus;
800 3388 853 3433 et
883 3381 934 3434 in
964 3380 998 3434 5
1055 3379 1190 3435 Non.
1223 3381 1496 3446 Octobris,
1533 3383 1653 3437 istis
1683 3395 1865 3439 autem
1895 3386 2100 3440 suhno—

517 3471 642 3526 tatis
699 3473 968 3544 episcOpis
1018 3474 1392 3544 prcsenﬂins,
1450 3475 1736 3532 Luitboldo
1789 3476 2100 3549 Mogontino

514 3566 948 3637 archiepiscopo,
996 3567 1226 3623 Annone
1288 3567 1597 3624 Coloniensi
1665 3571 2098 3641 archiepiscopo,

516 3659 833 3716 ‘llierhardo
888 3659 1200 3715 Trevir-ensi
1263 3661 1693 3732 archiepiscopo,
1725 3661 1958 3716 Widone
1989 3662 2104 3716 Me-

516 3750 818 3804 diolancnsi
865 3752 1296 3822 archiepiscopo,
1345 3750 1666 3807 Gehehardo
1719 3751 2098 3821 Ratisponensi

513 3841 790 3911 episcopo.
828 3841 1167 3895 Adalbcrone
1196 3841 1638 3910 Wircehnrgensi
1681 3841 1960 3910 episcopo,
1999 3843 2100 3895 Ar-

514 3931 676 3985 n:.ldo
704 3929 1093 3985 Wormaciensi
1125 3930 1378 4000 episeopo
1403 3971 1417 3994 ,
1461 3931 1791 3985 Chuonrado
1825 3930 2096 4001 Spirensi,

513 4015 769 4074 liecilonc
819 4018 1254 4090 Strazlntrgeusi,
1315 4019 1582 4074 lluinaldo
1638 4019 2091 4084 Constantiensi,

517 4111 790 4166 Dietmaro
831 4110 1114 4176 Curiensi,
1155 4109 1426 4168 Dieterico
1462 4112 1823 4178 Wirtunensi,
1872 4115 2099 4168 Ermen-

514 4204 653 4258 h-ido
689 4202 988 4268 Situneusi,
1021 4201 1310 4259 Oudalrico
1348 4203 1620 4274 Papiensi,
1651 4205 1898 4274 exceptis
1931 4207 2097 4260 ahba-

516 4297 658 4350 tilias
687 4305 741 4351 et
783 4295 885 4351 alio
913 4297 1081 4352 multo
1115 4296 1286 4362 clero,
1316 4296 1466 4367 virga
1499 4297 1782 4366 pastorali,
1815 4298 1898 4352 sui
1931 4298 2100 4366 ipsius

511 4390 644 4454 cleri
677 4390 988 4460 militiaeque
1013 4400 1067 4446 et
1093 4391 1258 4446 etiam
1288 4389 1504 4446 familia:
1531 4393 1805 4446 communi
1851 4393 2009 4446 laude
2041 4405 2098 4449 et

514 4490 664 4543 rota,
703 4479 861 4550 Spire
898 4489 983 4535 est
1008 4481 1306 4536 honoratus
1336 4491 1390 4536 et
1415 4482 1466 4535 in
1521 4481 1582 4536 16
1615 4483 1658 4514 ¹⁶
1706 4482 1824 4536 Kal.
1869 4481 2000 4536 Nov.
2031 4485 2086 4538 in
2122 4495 2168 4554 ι)

513 4566 696 4622 sedem
728 4570 1092 4640 episcopalem
1133 4571 1223 4626 Dei
1257 4573 1428 4643 gratia
1476 4572 1895 4628 iuthronizatus.
1926 4574 1978 4628 In
2006 4575 2092 4630 die

517 4667 699 4714 autem
733 4661 907 4714 sancti
945 4659 1168 4716 Joannis
1213 4661 1440 4732 apostoli
1482 4663 1601 4734 plus
1638 4664 1849 4722 caeteris
1880 4664 1990 4718 Deo
2018 4665 2092 4720 di-

1435 329 1879 391 GUNDECHARI
1919 331 2223 390 EPISCOPI
2265 327 2804 387 EICHSTETENSIS

2126 453 2170 511 Α
2203 444 2348 529 lecti,
2385 446 2436 499 in
2476 444 2594 498 loco
2639 442 2730 512 qui
2779 443 2976 497 dicitur
3011 439 3227 498 Plolede
3261 439 3372 511 (17)
3405 439 3472 494 ad
3510 453 3793 494 summum

3679 325 3794 385 093

2201 537 2428 608 gradum
2470 543 2763 605 provectus
2811 542 2894 587 est
2944 532 3264 588 sacerdotis.
3318 529 3567 584 Interfuit
3615 531 3791 584 etiam

2202 646 2314 684 sua:
2340 627 2736 682 eonsecrationi
2771 627 3020 680 dominus
3065 624 3181 692 ejus
3222 633 3450 694 quartus
3495 621 3795 678 lleinrieus

2201 738 2295 777 rex
2330 731 2386 776 et
2414 722 2530 791 ejus
2561 729 2733 775 mater
2756 719 2946 773 dilecta
2974 719 3152 788 Agnes
3179 715 3493 786 impcratrix
3525 724 3786 786 angusta,

2198 826 2393 872 cuncta
2442 816 2507 867 ad
2538 814 2655 884 ejus
2691 813 3088 868 ordinationem
3141 810 3444 865 necessaria
3478 809 3784 879 disponens

2197 922 2298 976 pro
2337 904 2617 976 capellano
2648 945 2662 968 ,
2713 905 2863 973 quasi
2917 905 3136 956 deberet
3189 917 3286 970 pro
3343 901 3473 954 lilio.
3533 900 3794 954 Interfuit

2198 997 2359 1052 etiam
2408 997 2581 1051 eidem
2620 994 3010 1049 consceratioui
3067 993 3317 1046 dominus
3369 991 3786 1056 Ililtcbrandus,

2199 1098 2400 1144 sancte
2429 1088 2686 1143 [terminat
2713 1097 2766 1141 et
2811 1085 3121 1156 apostolica:
3155 1083 3298 1139 sedis
3331 1081 3626 1137 cardinalis
3654 1081 3793 1134 sub-

2199 1181 2478 1244 diaconus,
2533 1189 2657 1232 tunc
2692 1178 2952 1247 temporis
2979 1177 3034 1231 in
3086 1177 3184 1231 has
3233 1183 3418 1244 partes
3463 1173 3528 1226 ad
3582 1187 3776 1242 regem

2199 1271 2509 1326 lleinricnm
2549 1269 2842 1339 apostolica
2887 1268 3154 1337 legatione
3203 1265 3510 1320 functus”.
3557 1263 3790 1333 Insuper

2198 1363 2360 1417 etiam
2390 1359 2594 1415 aliut-re
2622 1360 2733 1429 jam
2769 1359 2973 1431 praefati
3013 1360 3249 1431 episcopi
3303 1358 3626 1419 eonfratrcs,
3674 1355 3794 1410 fra-

2201 1463 2413 1508 ternum
2485 1463 2541 1506 et
2604 1452 2900 1519 benignum
2979 1453 3030 1504 in
3111 1448 3413 1503 ordinando
3499 1449 3793 1517 prchentcs

2199 1547 2501 1610 auxilium,
2551 1544 2870 1599 Luitholdus
2921 1543 3267 1614 Mogontinus
3321 1540 3790 1610 archiepiseomis,

2199 1638 2569 1709 Engilhardus
2605 1637 3084 1707 Magdeburgensis
3122 1633 3582 1703 archiepiscopus,
3624 1630 3792 1684 Adal-

2201 1728 2389 1785 hertus
2435 1729 2743 1784 Prcmensis
2794 1728 3258 1797 archiepiscopus,
3291 1724 3590 1778 Rumaldus
3635 1721 3790 1775 (Ion-

2201 1823 2520 1878 stantiensis
2545 1823 2857 1891 episcopus,
2887 1819 3246 1876 Chounradus
3287 1816 3585 1886 Spirensis,
3634 1813 3794 1869 Gun-

2203 1915 2341 1970 theri
2370 1915 2855 1986 Babenbergcnsis,
2901 1913 3046 1967 lleeil
3096 1903 3662 1970 lliltenesheimensis;
3689 1907 3795 1960 lm-

2203 2023 2346 2068 meto
2404 2011 2926 2070 Podelln'unncusis,
2993 2010 3121 2064 Sizo
3171 2007 3577 2070 Verdunensis,
3635 2003 3786 2058 Brttn

2201 2105 2546 2170 Misenensis,
2568 2103 2745 2160 κνοπο
2772 2101 3254 2173 Merscburgensis,
3286 2099 3543 2157 Anshelzn
3572 2097 3790 2152 Lucen-

2201 2199 2302 2264 sis,
2355 2198 2731 2253 Ertnenl'ridus
2787 2173 3118 2260 Situnensis,
3168 2204 3224 2250 et
3275 2208 3414 2248 unus
3463 2193 3532 2247 de
3567 2191 3793 2262 regione

2201 2303 2324 2360 qua:
2360 2288 2564 2343 dicitur
2610 2288 2796 2342 Bolani
2828 2287 2961 2357 (18).

2276 2377 2428 2431 llauc
2485 2378 2885 2446 descriptione»:
2933 2372 3250 2428 Cundecliar
3293 2379 3536 2443 peccator
3588 2378 3791 2423 sancta:

2202 2467 2533 2522 Amaniensis
2557 2467 2789 2520 ecclesia!
2831 2465 2952 2519 18‘"
2981 2465 3253 2532 episcopus
3289 2462 3407 2530 ﬁeri
3429 2462 3650 2531 prorepit
3678 2500 3694 2524 ,
3732 2467 3792 2512 ut

2199 2558 2432 2628 quisquis
2455 2575 2570 2612 eam
2601 2557 2791 2622 rideat,
2839 2556 2934 2608 has
2975 2552 3284 2608 subuutatus
3334 2551 3582 2606 ecclesias
3623 2548 3790 2604 simul

2200 2661 2248 2705 et
2288 2651 2480 2704 altaria
2503 2651 2566 2702 ab
2606 2649 2698 2702 illo
2731 2658 3033 2702 consecrata
3058 2663 3170 2700 esse
3199 2653 3494 2715 cognoscat.

2272 2741 2410 2810 (Fol.
2459 2740 2539 2810 8.)
2580 2738 2833 2808 Inprimis
2872 2755 3030 2805 super
3068 2734 3359 2806 principale
3403 2736 3572 2788 altare
3611 2732 3788 2790 sancti

2204 2830 2515 2888 Sulcatoris.
2573 2835 2728 2883 Anno
2781 2828 2849 2882 ab
2906 2828 3280 2882 incarnatione
3339 2826 3548 2881 Domini
3617 2824 3780 2890 1060,

2201 2939 2345 2976 anno
2394 2931 2574 2976 autent
2608 2920 3016 2976 constitutionis
3050 2920 3208 2986 hujus
3275 2919 3532 2988 episeopii
3589 2917 3686 2972 517
3739 2917 3788 2951 ⁵⁸

2203 3015 2495 3069 indictione
2534 3014 2620 3068 13.
2651 3022 2910 3084 regnante
2956 3023 3150 3083 quarto
3182 3011 3437 3066 lleinrieo
3470 3025 3613 3080 rege,
3657 3024 3789 3062 eon-

2203 3117 2465 3162 struelnm
2513 3115 2568 3162 et
2607 3115 2984 3161 consecratum
3021 3113 3106 3159 est
3154 3105 3257 3158 hoc
3293 3103 3486 3166 altare,
3542 3101 3788 3155 simulet

2149 3192 2443 3256 'aiccle'sia
2494 3208 2813 3256 consecrata
2863 3210 2947 3256 est
3003 3196 3056 3253 5.
3115 3197 3234 3253 Kal.
3290 3195 3424 3251 Nov.
3480 3211 3509 3250 a
3564 3194 3781 3248 Cllllth°

2201 3295 2366 3349 charo
2407 3293 2470 3348 ll.
2507 3293 2662 3359 hujus
2691 3303 2893 3348 sanctze
2935 3293 3079 3347 sedis
3126 3292 3217 3346 189
3247 3291 3522 3360 episeopo,
3553 3289 3777 3341 ordina-

2204 3386 2366 3441 tionis
2393 3402 2522 3441 vero
2557 3402 2669 3441 sua:
2701 3402 2844 3440 antu)
2873 3387 2926 3440 3.
2961 3385 3012 3438 iu
3045 3385 3250 3438 honore
3281 3393 3334 3437 et
3361 3379 3577 3436 nomine
3601 3380 3774 3435 sancti

2204 3479 2508 3534 Salvatoris
2538 3488 2590 3533 et
2638 3480 2754 3545 ejus
2801 3478 3183 3533 sacratissintze
3235 3474 3533 3529 nativitatis
3576 3472 3639 3527 η.
3666 3509 3682 3525 .
3719 3511 3733 3526 .
3763 3510 3782 3527 .

2202 3569 2299 3624 llis
2345 3571 2508 3640 igitur
2532 3570 2783 3624 omnibus
2830 3569 2882 3623 in
2927 3584 3094 3623 unum
3134 3567 3377 3622 collectis
3430 3563 3787 3635 proportionio

2200 3661 2300 3716 bus
2339 3661 2382 3690 ⁹⁰
2415 3660 2524 3729 (19)
2563 3658 2696 3717 liunl
2725 3658 2846 3712 156.

2275 3750 2445 3822 Super
2485 3751 2653 3804 altare
2677 3752 2847 3804 sancti
2891 3749 3213 3809 Witlibaldi,
3253 3750 3492 3818 quodest
3524 3749 3576 3800 in
3616 3747 3783 3801 media

2202 3844 2382 3896 choro.
2430 3841 2594 3898 Anno
2648 3841 2717 3894 ah
2771 3840 3146 3895 incarnatione
3185 3839 3396 3895 Domini
3447 3837 3604 3902 1060,
3641 3853 3784 3892 anno

2201 3944 2380 3989 autem
2413 3933 2820 3988 constitutionis
2850 3933 3012 4002 hujus
3037 3932 3298 4003 episc0pii
3330 3932 3454 3987 317.
3492 3929 3786 3985 indictione

2202 4027 2287 4080 13.
2325 4034 2578 4096 regnante
2601 4035 2797 4095 quarto
2827 4023 3080 4078 llcinrico
3109 4039 3254 4094 rege,
3281 4033 3658 4078 consecratum
3701 4026 3784 4074 est

2200 4119 2304 4176 ltoe
2338 4118 2512 4172 al.are
2553 4118 2604 4171 in
2648 4117 2828 4173 ntedio
2860 4117 3028 4170 choro
3058 4131 3088 4168 a
3120 4115 3480 4170 Gundeeharo
3521 4111 3677 4179 hujus
3701 4125 3784 4164 sc-

2201 4208 2283 4262 dis
2317 4206 2431 4277 (fol.
2468 4206 2546 4277 8.)
2594 4215 2800 4261 sanctae
2852 4205 2948 4259 Dei
2987 4205 3160 4276 gratia
3203 4203 3498 4257 venerabili
3547 4202 3632 4255 18-
3664 4202 3783 4270 epi-

2201 4318 2366 4372 scopo
2398 4303 2484 4357 1|.
2528 4301 2646 4356 Kal.
2689 4303 2822 4372 Aug.
2853 4339 2865 4353 .
2905 4340 2919 4355 .
2951 4340 2964 4354 .
3000 4299 3096 4354 llis
3127 4299 3289 4370 igitur
3311 4297 3560 4353 'collertis
3585 4294 3783 4366 portio-

2201 4393 2360 4448 nibus
2395 4391 2530 4448 ﬁunt
2559 4393 2626 4447 71»
2655 4391 2792 4462 (20).

2265 4483 2434 4551 Super
2474 4483 2642 4538 altare
2685 4484 2853 4537 sancti
2901 4482 3178 4538 Ottrtalriri
3217 4481 3535 4551 confessoris
3585 4479 3783 4533 Clm'sti

2198 4587 2246 4632 et
2275 4588 2471 4632 sanctre
2509 4576 2812 4632 Cuntliihlis
2842 4576 3076 4647 virginis.
3107 4574 3264 4629 Anno
3303 4575 3372 4627 ah
3405 4572 3783 4628 incarnatione

2198 4670 2413 4725 Domini
2453 4669 2611 4736 1060,
2659 4685 2802 4724 anno
2828 4677 3012 4726 autem
3039 4667 3444 4723 constitutionis
3481 4664 3639 4733 ltujus
3666 4663 3781 4735 epi-

1816 4774 2050 4830 VARL‘E
2087 4774 2486 4835 LECTIONES.

583 4885 626 4916 “
683 4900 845 4953 supra
893 4886 946 4939 in
978 4884 1074 4954 fol.
1120 4885 1174 4940 5‘
1201 4885 1419 4954 imagini
1455 4887 1773 4956 adscriptum
1799 4898 1874 4942 est
1901 4901 1920 4940 :
1951 4904 2124 4944 annos
2166 4889 2307 4946 XXI.

2391 4893 2458 4940 .”
2481 4909 2658 4963 supra
2708 4893 2801 4963 fol.
2862 4891 2914 4946 6.
2947 4892 3016 4944 ad
3048 4893 3325 4963 imaginem
3358 4906 3377 4944 :
3406 4904 3579 4963 annos
3618 4888 3781 4944 XXII.

514 4952 562 5030 ξ’
608 4955 678 5030 Δὅθι
739 4952 944 5030 signino
978 4952 1226 5030 margine
1270 4952 1446 5030 scriba
1496 4959 1605 5025 ipse
1629 4952 1958 5030 postea/ure
2003 4962 2256 5030 scripsit:
2290 4963 2446 5014 Anno
2477 4952 2771 5017 Dontiniete
2815 4964 2917 5017 inc.
2956 4952 3787 5030 1019ο.’ϐιιιιι1υ‹οιι;ιι·μοί-«σξην-

514 5025 827 5118 in
849 5025 1968 5120 infinitis-alatus;est;nAnno
2017 5025 2421 5122 antetnr‘ltliiﬁ.
2449 5035 2732 5115 episcopus
2785 5035 2991 5122 elec'tus
3032 5043 3143 5122 .cst.
3192 5033 3348 5122 Attno
3393 5025 3582 5122 aptent
3621 5029 3785 5116 1958f
