4076 5310
312 373 447 430 1005

1156 375 1535 436 nouimus.
1565 366 1653 433 DE
1690 362 2036 433 EPISCOPIS
2075 358 2725 432 EICHSTETENSIBUS.

3436 359 3572 431 10110

306 490 409 547 sub
455 488 816 545 Gundechuro
877 488 940 555 ll,
1006 490 1260 561 episcOpo
1315 491 1626 555 Eistcteusi,
1690 506 1720 544 a
1778 504 1886 561 quo
1914 485 2368 562 Αἰειὰἰοανίιιιυε.
2398 483 2661 539 Numeros
2682 482 2847 536 etiam
2869 480 3135 551 capitibus
3158 496 3255 537 nos
3277 480 3572 554 adscripsis

306 578 568 651 singulari
614 577 835 633 habitus
882 578 1246 651 benignitate,
1300 580 1408 634 imo
1457 580 1681 635 secretis
1744 594 1886 651 saepe

304 670 546 727 consiliis
572 680 657 726 est
679 671 954 727 adhibitus
982 672 1080 743 (5).
1111 670 1209 727 Cui
1254 688 1376 728 cum
1422 670 1670 726 ultimum
1713 686 1880 742 aegro-

305 763 441 817 tanti
477 760 679 833 jugiter
724 762 1021 818 assedisset
1064 773 1118 818 et
1164 781 1215 818 a.
1265 764 1401 819 1075
1439 764 1679 819 defuncti
1721 764 1887 818 inter-

305 853 496 907 fuisset
546 851 724 909 funet'i
777 853 878 926 (4),
941 853 1005 908 ad
1069 852 1388 908 familiarem
1434 870 1591 909 suum
1633 852 1698 908 G.
1742 852 1886 906 Wir-

304 947 695 1019 ceburgensem
753 947 971 1018 scripsit
1030 962 1184 1019 Opus,
1250 949 1516 1003 incertum
1561 954 1694 1019 quot
1731 945 1886 1001 libris

302 1038 789 1109 comprehensum,
853 1053 885 1094 e
944 1038 1140 1110 quibus
1197 1054 1336 1094 unus
1385 1037 1611 1094 Libellus
1671 1038 1885 1108 Agnetis

302 1128 647 1197 imperatricis
693 1127 1096 1184 inscribebatnr
1159 1128 1274 1201 (5);
1343 1129 1505 1194 alius,
1572 1130 1886 1185 novissimis

299 1216 650 1272 Gundechari
694 1218 1032 1288 temporibus
1076 1219 1385 1275 destinatus
1425 1219 1533 1292 (6),
1584 1220 1737 1290 quasi
1786 1236 1885 1291 pro

303 1307 705 1383 introductione
752 1309 850 1381 (7),
915 1310 1335 1380 praecedentium
1398 1327 1613 1382 quoque
1674 1313 1887 1383 episco-

300 1413 495 1469 porum
535 1399 998 1470 complectebatur
1028 1401 1308 1461 historias.
1354 1402 1577 1457 haustas
1619 1417 1685 1456 ex
1732 1402 1885 1458 libris

302 1489 362 1547 S.
397 1490 707 1563 Walpurgis
745 1493 845 1564 (8),
899 1509 967 1548 ex
1012 1488 1319 1549 Wolfbardi
1369 1494 1477 1548 vita
1523 1494 1582 1549 S.
1629 1493 1884 1565 \Valpurd-

301 1583 383 1654 gis
425 1583 524 1653 (9),
573 1599 638 1639 ex
686 1585 853 1655 gestis
913 1582 974 1640 S.
1022 1585 1161 1640 Solae
1233 1586 1370 1659 (10),
1421 1602 1487 1641 ex
1535 1587 1882 1643 Gundechari

299 1663 462 1727 Libro
493 1672 795 1733 Pontiﬁcali
826 1673 960 1745 (ll),
1006 1689 1036 1729 e
1083 1674 1345 1744 majorum
1386 1675 1740 1734 relationibus
1770 1678 1880 1750 (12)

298 1774 353 1820 et
391 1781 457 1820 ex
497 1765 563 1821 iis
600 1780 719 1836 quae
771 1775 962 1822 auctor
1014 1767 1129 1838 ipse
1188 1769 1323 1822 vidit
1377 1779 1430 1823 et
1486 1770 1691 1823 audivit
1747 1770 1876 1842 (15).

1989 590 2146 639 mus;
2181 575 2233 629 in
2261 576 2444 630 codice
2476 590 2582 629 non
2612 583 2847 629 exstant.
2960 571 3019 625 L.
3058 572 3119 627 C.
3150 573 3463 629 uersuum.

2060 668 2109 721 1.
2145 666 2473 722 Flecteudus
2501 666 2629 720 hinc
2656 665 2813 720 stilus
2839 672 3001 719 estet
3029 665 3095 718 ad
3135 664 3238 719 alia
3278 666 3524 737 (incedam
3549 696 3569 734 ,

1988 767 2048 813 ut
2093 772 2256 827 supra
2304 755 2563 822 diximus,
2612 754 2900 810 scribenda
2949 755 3282 823 dirigendus.
3330 754 3572 814 Deberet!

1986 847 2227 918 quidem,
2296 845 2467 900 frater
2518 845 2806 901 karissime
2859 843 2948 911 6.,
3006 846 3311 901 communis
3365 846 3571 904 domini

1986 937 2157 994 nostri
2184 937 2494 994 Gundekari
2522 937 2757 1007 episcopi
2788 937 3032 1005 exequiis
3083 951 3187 990 una
3220 951 3432 992 mecum
3488 938 3570 992 in-

1990 1031 2241 1088 terfuisse
2290 1029 2514 1104 (1075),
2567 1038 2623 1085 et
2674 1030 3004 1101 singularem
3069 1044 3230 1100 quam
3284 1045 3412 1102 erga
3471 1045 3570 1087 nos

1986 1121 2180 1177 habuit
2227 1120 2616 1190 benignitatem
2664 1118 3029 1189 singularibus
3079 1118 3389 1188 deplorasse
3437 1133 3573 1188 ques

1987 1208 2253 1273 rimoniis,
2295 1218 2355 1264 ut
2398 1207 2656 1262 memoria
2709 1206 2849 1261 illius
2895 1216 3044 1261 tanto
3073 1207 3213 1277 apud
3247 1215 3300 1262 te
3346 1206 3573 1261 immora

1988 1298 2147 1352 talior
2200 1307 2380 1362 essm,
2440 1306 2643 1368 quanto
2690 1295 2869 1351 obitus
2915 1297 3032 1365 ejus
3079 1296 3314 1367 qualitas
3364 1298 3567 1363 notior,

1985 1405 2086 1444 nec
2116 1398 2301 1460 posset
2346 1389 2504 1445 facile
2539 1390 2723 1443 animo
2752 1388 2768 1419 ¹
2797 1388 2931 1443 elabi
2982 1390 3125 1457 quod
3178 1390 3412 1460 propriis
3439 1404 3569 1444 acu-'-

1986 1482 2051 1537 lis
2079 1484 2395 1553 contigisset
2441 1482 2657 1537 intueri.
2710 1480 2899 1535 Solent
2922 1482 3091 1546 enim,
3141 1491 3197 1534 ut
3251 1482 3414 1549 nosti,
3452 1481 3566 1538 visa

1985 1574 2188 1629 auditis
2234 1574 2448 1629 notiora
2494 1589 2617 1629 esse
2668 1573 2929 1642 cordique
2979 1571 3222 1627 tenacius
3267 1573 3567 1629 adhaerere.

1987 1664 2093 1719 Sed
2124 1665 2252 1735 quia
2280 1665 2333 1719 in
2364 1664 2597 1720 servicio
2626 1663 2853 1718 alterius
2883 1662 3087 1717 domini
3117 1663 3307 1728 nostri,
3356 1663 3570 1719 scilicet

1984 1756 2458 1829 Wirzeburgensis
2486 1755 2724 1826 episcopi
2771 1754 3116 1819 constitutus,
3151 1753 3276 1809 huic
3319 1753 3570 1811 beatissh

297 1854 477 1925 Atque
527 1855 643 1911 hth
697 1855 1060 1926 portiuncula,
1116 1859 1493 1930 superadj-cta
1554 1872 1762 1915 tantum
1813 1862 1881 1915 ab

1986 1866 2072 1905 mo
2101 1851 2362 1905 interesse
2396 1865 2503 1904 non
2534 1849 2757 1919 potuisti
2794 1847 3098 1917 obsequio;
3132 1861 3231 1916 ego
3259 1854 3443 1902 autem
3473 1847 3566 1919 qui

299 1953 542 2013 auctore,
557 1962 659 2001 una
674 1956 756 2002 est
770 1962 964 2016 qumex
980 1956 1089 2004 toto
1103 1948 1384 2019 operejam
1398 1952 1631 2021 supersit
1647 1969 1660 2018 ;
1679 1952 1881 2022 reliqua

301 2035 722 2103 interciderunt,
754 2047 934 2092 utrum
963 2053 1090 2092 casu
1146 2048 1516 2110 temporumve
1547 2041 1765 2110 injuria,
1813 2057 1879 2095 an

297 2127 369 2182 ob
403 2129 599 2184 acerba
630 2129 698 2184 de
745 2128 1110 2186 Hildebraudo
1151 2130 1350 2200 judicia
1400 2132 1537 2205 (14),
1587 2134 1877 2189 nescimus.

301 2219 452 2277 Unus
476 2221 677 2277 etenim
704 2223 861 2278 modo
890 2233 1068 2279 exstat
1096 2226 1285 2291 codex,
1316 2226 1444 2281 olim
1471 2226 1878 2292 Rebdorfensis,

295 2312 658 2380 chartaceus,
699 2313 887 2370 forma:
936 2316 1245 2385 quadratae,
1279 2332 1324 2371 s.
1379 2332 1445 2370 xv
1494 2326 1727 2372 exeunte
1776 2333 1880 2374 una

296 2418 463 2457 manu
511 2403 766 2458 continua
820 2404 891 2459 ita
939 2416 1214 2471 exaratus,
1266 2415 1325 2461 ut
1371 2408 1572 2473 scriba,
1624 2406 1883 2464 Erasmus

296 2492 687 2564 Pintzberger,
742 2494 874 2550 Vitae
921 2498 1094 2551 sancti
1136 2497 1451 2554 Wunibaldi
1509 2509 1673 2570 atque
1720 2499 1884 2554 Adal-

264 2631 271 2637 .
296 2583 440 2639 berti
469 2585 770 2640 narrationi
799 2586 865 2641 de
894 2589 1229 2642 monasterio
1265 2588 1740 2646 lleidcuheimcnsi
1767 2600 1879 2645 sta-

301 2672 396 2727 tim
436 2672 757 2730 Haserensis
804 2690 940 2746 opus
988 2676 1297 2746 subjiceret,
1352 2680 1506 2749 quasi
1555 2695 1680 2749 pars
1735 2690 1882 2737 esset

298 2762 655 2832 Adalbertini,
710 2766 885 2838 spatio
926 2765 1071 2823 nullo
1119 2782 1293 2839 neque
1339 2768 1491 2825 titulo
1540 2770 1879 2840 distinctum,

299 2871 436 2911 nova
467 2859 838 2914 tantummodo
866 2859 1007 2915 linea
1034 2860 1333 2932 incipiens;
1367 2871 1423 2917 at
1472 2879 1577 2919 non
1607 2872 1777 2920 totum
1809 2894 1881 2906 —-

296 2948 484 3012 procul
516 2948 677 3004 dubio
725 2950 778 3004 in
827 2951 1012 3006 codice
1049 2968 1212 3022 quem
1263 2952 1505 3024 excepit,
1558 2962 1725 3009 totum
1772 2970 1878 3011 non

294 3038 408 3110 jam
460 3041 560 3094 t'ult
607 3071 678 3081 —
725 3042 817 3096 sed
864 3057 983 3096 eam
1035 3052 1242 3097 tantum
1295 3052 1524 3114 partem,
1579 3061 1740 3116 quam
1792 3046 1880 3101 hic

297 3130 459 3199 primi
515 3132 865 3207 proponimus
903 3135 1190 3205 integram.
1248 3135 1538 3191 Gretserus
1592 3136 1756 3202 enim,
1787 3139 1875 3207 qui

299 3221 443 3276 hunc
472 3239 644 3292 Ipsum
675 3224 914 3279 codicem
948 3225 1155 3291 habuit,
1189 3240 1254 3280 ex
1286 3240 1351 3281 eo
1378 3226 1650 3283 Adalberti
1684 3227 1878 3283 librum

301 3312 591 3384 integrum,
630 3326 874 3370 nostrum
906 3327 1224 3388 excerptum
1257 3327 1466 3373 tantum
1519 3318 1663 3374 dedit
1693 3319 1744 3373 in
1772 3319 1879 3375 Ca-

302 3407 481 3478 talogo
516 3409 896 3481 episcoporum
930 3410 1337 3479 Eistetensiutn,
1376 3412 1684 3484 lngolstadii
1720 3411 1876 3478 1617,

298 3498 381 3552 4ο.
435 3495 545 3552 Nos
598 3498 846 3552 eumdem
900 3499 1141 3554 codicem
1181 3500 1279 3554 viri
1337 3516 1547 3557 summe
1599 3501 1881 3558 reverendi

301 3586 523 3644 Davidis
548 3588 716 3660 Popp,
759 3589 1031 3659 praepositi
1084 3589 1429 3657 Eistetensis,
1485 3592 1680 3663 insigni
1716 3590 1880 3648 bene-

302 3678 530 3734 volentia
594 3681 791 3746 nacti,
850 3690 1103 3736 accurate
1154 3696 1278 3735 eum
1333 3683 1743 3752 expressimus,
1806 3685 1880 3739 ita

306 3779 487 3844 tamen
527 3778 579 3824 ut
637 3786 757 3841 qua:
802 3770 855 3825 in
899 3770 1248 3843 o.tographia
1275 3773 1470 3829 scriba:
1508 3787 1628 3830 esse
1655 3789 1882 3846 appare-

304 3869 408 3925 ret,
457 3858 617 3915 veluti
648 3877 676 3915 e
715 3861 802 3916 ubi
851 3877 949 3931 pro
996 3878 1063 3928 az,
1103 3880 1131 3916 c
1180 3878 1279 3933 pro
1328 3871 1348 3916 t
1401 3861 1576 3918 ubivis
1622 3864 1878 3934 positum,

302 3952 466 4009 tacite
524 3964 859 4009 mutaremus
917 3956 1282 4011 correctiones
1334 3971 1470 4026 quas
1533 3956 1637 4012 alia
1688 3973 1881 4014 manus

302 4059 482 4101 coaeva
524 4061 620 4118 per
656 4055 827 4107 totum
859 4048 1104 4103 codicem
1133 4047 1262 4103 fecit
1290 4063 1356 4103 ex
1409 4048 1525 4119 ipso
1572 4058 1630 4103 ut
1660 4058 1882 4121 apparet

304 4133 444 4191 libro
474 4137 775 4203 vetustiori,
809 4138 862 4192 in
895 4147 1097 4194 textum
1129 4139 1531 4210 reciperemus;
1573 4149 1630 4196 et
1665 4143 1731 4198 de
1780 4158 1880 4199 no-

302 4232 419 4282 stro
444 4242 658 4298 quoque
682 4270 697 4294 ,
739 4243 858 4299 quae
891 4239 1124 4300 prietera
1155 4231 1497 4288 emendanaa
1541 4233 1878 4300 viderentur,

302 4319 752 4385 emendaremus;
781 4336 999 4376 —nam
1047 4321 1226 4377 scriba
1265 4321 1448 4393 digitis
1493 4330 1725 4389 tantum,
1774 4339 1880 4377 non

303 4405 518 4477 ingenio
558 4423 687 4465 usus
715 4417 798 4465 est
845 4425 967 4465 cum
1018 4410 1321 4476 scriberet;
1372 4410 1466 4466 sed
1534 4411 1652 4467 haec
1707 4411 1893 4467 ubivis’

1905 3184 1953 3248 C

1982 1943 2264 2013 a'grotanti
2289 1940 2494 2011 jugiter
2523 1939 2851 2005 assidebam,
2883 1954 3053 2010 pauca
3102 1938 3198 1993 tibi
3227 1938 3294 1994 de
3328 1938 3566 1994 novissL

1984 2034 2089 2087 mis
2119 2035 2138 2064 '
2170 2032 2287 2102 ejus
2330 2033 2672 2087 edisseram:
2719 2047 2781 2086 ea
2836 2030 3086 2087 videlicet
3137 2029 3457 2099 intentione,
3509 2040 3570 2087 ut

1982 2124 2430 2194 quotiescumque
2486 2123 2586 2177 hee
2635 2122 2959 2193 inspexeris,
3008 2122 3202 2176 anima:
3248 2122 3366 2191 ejus
3408 2130 3569 2177 teter-

1984 2231 2110 2269 nam
2140 2215 2196 2270 in
2246 2215 2464 2271 Christo
2498 2215 2740 2285 requiem
2794 2214 3123 2283 depreceris.
3162 2213 3227 2269 Et
3279 2215 3407 2286 quia
3458 2231 3568 2270 non

1983 2317 2156 2371 solum
2191 2317 2503 2372 novissimis
2532 2316 2650 2387 ejus
2682 2331 2786 2370 non
2820 2314 3132 2380 interfuisti,
3174 2329 3362 2369 verum
3399 2313 3567 2370 etiam

1984 2406 2037 2462 in
2082 2407 2192 2463 vita
2242 2408 2411 2478 ipsius
2461 2407 2740 2463 rarissime
2792 2421 2915 2461 cum
2962 2420 3026 2462 eo
3079 2413 3432 2461 conversatus
3481 2418 3563 2469 es,

1982 2499 2107 2568 quia
2136 2514 2266 2553 vero
2296 2499 2341 2554 is
2367 2514 2468 2570 ego
2501 2515 2643 2565 sum,
2679 2513 2838 2568 quem
2875 2498 3000 2553 dum
3051 2497 3348 2560 adviveret,
3382 2512 3565 2553 secre‘

1985 2600 2162 2646 torum
2214 2608 2434 2646 suorum
2488 2606 2680 2662 magna
2732 2607 2798 2645 ex
2829 2601 2982 2661 parte
3010 2588 3215 2645 lecer..t
3246 2591 3563 2646 conscium:

1982 2697 2082 2736 nec
2132 2682 2399 2753 ingratum
2439 2698 2537 2736 nec
2588 2680 2777 2735 inutile
2826 2691 2938 2734 tum
2972 2681 3067 2735 tibi
3103 2690 3212 2734 tum
3247 2681 3409 2735 etiam
3441 2680 3568 2735 aliis

1981 2770 2240 2834 arbitror,
2254 2770 2299 2824 si
2320 2770 2384 2825 de
2399 2773 2503 2825 vita
2519 2768 2635 2838 ejus
2656 2770 2803 2841 prius
2818 2770 2994 2840 aliqua
3007 2770 3325 2840 premisero,
3347 2778 3569 2843 tumque

1982 2860 2196 2916 demum
2215 2861 2279 2917 de
2295 2862 2446 2917 obitu
2469 2861 2611 2917 illius
2626 2879 2743 2934 quae
2757 2862 2968 2933 prolatu
2983 2862 3142 2934 digna
3156 2862 3563 2933 suntadjcccro.

2051 2953 2106 3006 2.
2145 2952 2317 3024 igitur
2369 2954 2601 3024 qualiter
2649 2954 2715 3007 ad
2775 2953 3140 3025 pontiﬁcalem
3190 2955 3503 3026 pervenerit
3544 2951 3566 2986 ³

1982 3045 2297 3116 dignitatem
2328 3083 2342 3109 ,
2398 3046 2514 3116 ipse
2568 3044 2808 3100 breviter
2855 3046 3203 3118 composuit,
3254 3055 3310 3101 et
3360 3044 3565 3101 eisdem

1982 3150 2131 3205 pzene
2179 3136 2376 3204 quibus
2405 3133 2542 3189 infra
2593 3146 2834 3192 notatum
2866 3146 2949 3193 est
2980 3137 3161 3193 verbis
3207 3136 3261 3191 in
3294 3136 3567 3192 nonnullis

1981 3225 2135 3279 libris
2182 3224 2293 3293 (l5)
2330 3223 2591 3295 scriptum
2642 3225 2948 3297 dereliquit.
2995 3226 3183 3296 Neque
3228 3227 3370 3280 enim
3418 3226 3567 3282 aliud

1983 3313 2196 3368 initium
2225 3314 2351 3370 huic
2379 3315 2651 3371 breviario
2687 3317 2827 3372 volui
2866 3318 2996 3373 dare
3026 3352 3041 3382 ,
3096 3333 3257 3387 quam
3294 3317 3436 3387 quod
3484 3320 3569 3389 ipl-

1982 3421 2099 3459 sum
2130 3412 2349 3460 constat
2386 3405 2643 3471 dictasse,
2677 3407 2728 3461 in
2759 3424 2865 3477 quo
2894 3408 3136 3463 onmium
3163 3398 3562 3463 antecessorutn

1980 3511 2205 3552 suorum
2259 3496 2531 3553 sessiones
2596 3506 2652 3552 et
2699 3497 2879 3553 obitus
2949 3497 3228 3553 dulcisona
3300 3498 3566 3552 brevitate

1982 3585 2413 3655 comprehendit,
2447 3595 2503 3641 et
2535 3594 2659 3657 post
2688 3586 2792 3642 hoc
2821 3588 2889 3642 de
2912 3602 2971 3643 se
3006 3589 3230 3658 su'sque
3259 3586 3420 3643 rebus
3454 3603 3563 3643 non

1981 3679 2155 3747 magis
2208 3679 2588 3749 compendiose
2636 3694 2797 3749 quam
2834 3680 3137 3735 humillime
3187 3678 3415 3750 subjecit
3463 3680 3567 3734 hoc.

1944 3769 2183 3856 .ntodo:
2222 3768 2332 3824 Hec
2359 3781 2482 3825 sunt
2530 3773 2745 3827 nomina
2794 3773 3155 3843 episcoporum
3201 3782 3398 3826 sancta:
3449 3771 3563 3825 Au-

1983 3864 2232 3917 reatensis
2261 3863 2491 3918 ecclesia:
2545 3865 2601 3919 in
2651 3865 2847 3919 honore
2905 3866 3073 3919 sancti
3103 3862 3389 3919 Saluatoris
3440 3880 3567 3918 con~

1980 3964 2216 4010 Structus.
2261 3954 2414 4010 Anno
2461 3957 2525 4011 ab
2578 3957 2616 4010 ἰ.
2679 3956 2746 4011 D.
2804 3957 2927 4012 781.
2961 3966 3172 4012 sanctus
3227 3944 3566 4009 Willibaldus

1982 4047 2248 4117 confessor
2301 4046 2496 4102 Christi
2546 4051 2828 4120 pretiosus,
2868 4048 3013 4102 Non.
3062 4047 3197 4102 Julii
3247 4047 3567 4101 consortium

1982 4137 2278 4191 conscendit
2311 4136 2639 4208 angelorum.
2674 4136 2968 4208 Episcopus
3019 4148 3192 4192 autem
3222 4137 3394 4205 factus
3447 4153 3566 4190 cum

1982 4236 2112 4280 esset
2144 4226 2206 4280 41
2243 4244 2504 4281 annorum
2535 4227 2646 4300 (16)
2677 4229 2809 4283 sedit
2838 4230 2893 4281 in
2930 4228 3229 4298 episcopatu
3272 4228 3340 4281 56
3375 4241 3564 4280 annos.

1986 4313 2222 4371 Ger/ioci:
2271 4319 2395 4373 obiit
2442 4318 2495 4372 4.
2553 4320 2697 4375 Νοη.
2731 4317 2894 4374 Febr.
2937 4322 3147 4389 Aganus
3193 4318 3369 4374 8.1d.
3422 4315 3564 4372 Nov.

1982 4407 2223 4464 Adalunc
2251 4411 2306 4466 8.
2339 4409 2466 4465 Kal.
2497 4410 2633 4482 Aug.
2684 4410 2877 4466 Altune
2899 4410 2951 4466 8.
2985 4408 3111 4466 Kal.
3141 4411 3163 4442 ⁵
3192 4410 3355 4467 Mart.
3409 4409 3568 4466 Ollis-

1624 4543 1857 4600 VARIE
1895 4544 2305 4604 LECTIONES.

374 4676 393 4753 ξ
428 4680 608 4753 abimo
636 4682 755 4753 cod.
832 4682 854 4711 ’
888 4679 1239 4753 devotissime
1267 4677 1697 4753 cod._rf.__statirn
1727 4691 1840 4749 post
1866 4696 1886 4736 :
1924 4683 2047 4751 quia
2086 4698 2194 4737 non
2239 4682 2410 4738 solum
2443 4682 2769 4737 novissimis.
2821 4692 2868 4736 et
2912 4689 3196 4753 :dtumque
3238 4682 3455 4740 demum
3495 4682 3569 4742 do

300 4749 451 4806 obitu
478 4751 643 4807 illius.
719 4752 747 4782 ⁸
782 4753 1091 4820 perveniret
1114 4750 1236 4804 cod.
1310 4748 1335 4778 ⁵
1379 4750 1433 4803 8.
1490 4748 1610 4803 Kal.
1661 4748 1803 4821 Ang.
1861 4748 2059 4808 Altum:
2113 4755 2300 4807 desunt
2358 4754 2477 4808 cod.
2524 4754 2755 4824 suppleri
2804 4768 2870 4806 ex
2919 4751 3097 4808 Gund.

1807 4888 2037 4966 nom.

372 4994 449 5069 (3)
495 5002 561 5058 C.
609 4995 662 5058 1.

294 5211 728 5310 ηιιιὸὲοιιιιὶηιιιν
756 5211 936 5310 operis
979 5212 1148 5310 fuisse
1194 5224 1564 5310 parngn,,non
1614 5227 1757 5295 opus.
1778 5228 1877 5283 per

294 5297 356 5310 nn
383 5284 581 5310 ΑΔξι---υ-
640 5291 857 5310 annua-nl
900 5296 963 5310 Δ-
994 5285 1169 5310 ..η-Ι-έη
1196 5284 1233 5310 γη
1297 5284 1366 5310 ’Ζίξ
1421 5292 1474 5310 ..Ι
1526 5284 1709 5310 ...ιι-...ἶ

1904 5008 1961 5069 D
2004 5006 2008 5010 Α
2054 5005 2131 5078 (8)
2163 5004 2285 5078 Jan}
2315 5000 2634 5078 deperdltis,
2665 5022 2715 5064 c.
2746 5005 2800 5060 3.

2056 5076 2133 5147 (9)
2163 5076 2226 5147 ο.
2255 5076 2314 5141 3,
2344 5076 2399 5142 5;
2429 5078 2482 5144 7,
2513 5077 2567 5133 9.

2054 5146 2167 5218 (ιο)
2198 5146 2260 5218 (ι.
2289 5147 2348 5203 7.

2057 5219 2168 5289 (11)
2205 5217 2267 5273 C.
2301 5218 2340 5273 2
2366 5229 2421 5275 et
2447 5217 2670 5289 passim.
