  <div class='ocr_page' id='page_1' title='image "/cluster/home/n/w/nwhite01/storage/ocr_20150623/146/hvd.32044015471832/519.png"; bbox 0 0 4076 5310; ppageno 0'>
   <div class='ocr_carea' id='block_1_1' title="bbox 798 101 825 113">
    <p class='ocr_par' dir='ltr' id='par_1_1' title="bbox 798 101 825 113">
     <span class='ocr_line' id='line_1_1' title="bbox 798 101 825 113; baseline 0 -3"><span class='ocrx_word' id='word_1_1' title='bbox 798 101 825 113; x_wconf 64' lang='grc' dir='ltr'><strong>..α</strong></span> 
     </span>
    </p>
   </div>
   <div class='ocr_carea' id='block_1_2' title="bbox 551 142 682 206">
    <p class='ocr_par' dir='ltr' id='par_1_2' title="bbox 551 142 682 206">
     <span class='ocr_line' id='line_1_2' title="bbox 551 142 682 206; baseline -0.031 -9"><span class='ocrx_word' id='word_1_2' title='bbox 551 142 682 206; x_wconf 69' lang='grc' dir='ltr'><strong>ΜΣι</strong></span> 
     </span>
    </p>
   </div>
   <div class='ocr_carea' id='block_1_3' title="bbox 1649 106 2708 198">
    <p class='ocr_par' dir='ltr' id='par_1_3' title="bbox 1649 106 2708 198">
     <span class='ocr_line' id='line_1_3' title="bbox 1649 106 2708 198; baseline -0.009 0"><span class='ocrx_word' id='word_1_3' title='bbox 1649 106 2000 198; x_wconf 72' lang='lat' dir='ltr'><strong>APPENDlx</strong></span> <span class='ocrx_word' id='word_1_4' title='bbox 2034 137 2126 194; x_wconf 70' lang='lat' dir='ltr'><strong>an</strong></span> <span class='ocrx_word' id='word_1_5' title='bbox 2163 111 2708 197; x_wconf 67' lang='lat' dir='ltr'><strong>cunnecnaaun.</strong></span> 
     </span>
    </p>
   </div>
   <div class='ocr_carea' id='block_1_4' title="bbox 3689 114 3833 174">
    <p class='ocr_par' dir='ltr' id='par_1_4' title="bbox 3689 114 3833 174">
     <span class='ocr_line' id='line_1_4' title="bbox 3689 114 3833 174; baseline -0.042 0"><span class='ocrx_word' id='word_1_6' title='bbox 3689 114 3833 174; x_wconf 60' lang='lat' dir='ltr'><strong>illi</strong></span> 
     </span>
    </p>
   </div>
   <div class='ocr_carea' id='block_1_5' title="bbox 550 228 3836 327">
    <p class='ocr_par' dir='ltr' id='par_1_5' title="bbox 550 228 3836 327">
     <span class='ocr_line' id='line_1_5' title="bbox 550 228 3836 327; baseline -0.007 -15"><span class='ocrx_word' id='word_1_7' title='bbox 550 259 754 313; x_wconf 78' lang='lat' dir='ltr'><strong>aiendi.</strong></span> <span class='ocrx_word' id='word_1_8' title='bbox 781 254 1002 313; x_wconf 84' lang='lat' dir='ltr'><strong>Solebat</strong></span> <span class='ocrx_word' id='word_1_9' title='bbox 1040 255 1238 327; x_wconf 79' lang='lat' dir='ltr'><strong>quippe</strong></span> <span class='ocrx_word' id='word_1_10' title='bbox 1281 246 1445 312; x_wconf 86' lang='lat' dir='ltr'><strong>antea</strong></span> <span class='ocrx_word' id='word_1_11' title='bbox 1474 255 1787 313; x_wconf 88' lang='lat' dir='ltr'><strong>multotiens</strong></span> <span class='ocrx_word' id='word_1_12' title='bbox 1815 255 1999 309; x_wconf 87' lang='lat' dir='ltr'><strong>venire</strong></span> <span class='ocrx_word' id='word_1_13' title='bbox 2026 262 2138 307; x_wconf 85' lang='lat' dir='ltr'><strong>tum</strong></span> <span class='ocrx_word' id='word_1_14' title='bbox 2168 257 2215 311; x_wconf 78' lang='grc' dir='ltr'><strong>Δ</strong></span> <span class='ocrx_word' id='word_1_15' title='bbox 2241 262 2362 317; x_wconf 70' lang='lat' dir='ltr'><strong>quae</strong></span> <span class='ocrx_word' id='word_1_16' title='bbox 2408 247 2480 301; x_wconf 82' lang='lat' dir='ltr'><strong>ibi</strong></span> <span class='ocrx_word' id='word_1_17' title='bbox 2538 246 2687 315; x_wconf 86' lang='lat' dir='ltr'><strong>prius</strong></span> <span class='ocrx_word' id='word_1_18' title='bbox 2709 243 2908 298; x_wconf 80' lang='lat' dir='ltr'><strong>fiebant</strong></span> <span class='ocrx_word' id='word_1_19' title='bbox 2970 242 3217 312; x_wconf 84' lang='lat' dir='ltr'><strong>plurima.</strong></span> <span class='ocrx_word' id='word_1_20' title='bbox 3271 241 3342 297; x_wconf 89' lang='lat' dir='ltr'><strong>Ut</strong></span> <span class='ocrx_word' id='word_1_21' title='bbox 3386 237 3529 294; x_wconf 80' lang='lat' dir='ltr'><strong>enim</strong></span> <span class='ocrx_word' id='word_1_22' title='bbox 3586 228 3836 307; x_wconf 73' lang='lat' dir='ltr'><strong>majores</strong></span> 
     </span>
    </p>
   </div>
   <div class='ocr_carea' id='block_1_6' title="bbox 548 343 2135 415">
    <p class='ocr_par' dir='ltr' id='par_1_6' title="bbox 548 343 2135 415">
     <span class='ocr_line' id='line_1_6' title="bbox 548 343 2135 415; baseline -0.003 -14"><span class='ocrx_word' id='word_1_23' title='bbox 548 347 819 413; x_wconf 70' lang='lat' dir='ltr'><strong>orationis</strong></span> <span class='ocrx_word' id='word_1_24' title='bbox 845 362 1006 415; x_wconf 87' lang='lat' dir='ltr'><strong>causa</strong></span> <span class='ocrx_word' id='word_1_25' title='bbox 1034 346 1099 400; x_wconf 85' lang='lat' dir='ltr'><strong>ad</strong></span> <span class='ocrx_word' id='word_1_26' title='bbox 1129 346 1386 402; x_wconf 86' lang='lat' dir='ltr'><strong>Sanctum</strong></span> <span class='ocrx_word' id='word_1_27' title='bbox 1418 345 1808 410; x_wconf 87' lang='lat' dir='ltr'><strong>Willibaldum,</strong></span> <span class='ocrx_word' id='word_1_28' title='bbox 1839 353 1951 399; x_wconf 91' lang='lat' dir='ltr'><strong>tum</strong></span> <span class='ocrx_word' id='word_1_29' title='bbox 1973 343 2135 398; x_wconf 88' lang='lat' dir='ltr'><strong>etiam</strong></span> 
     </span>
    </p>
   </div>
   <div class='ocr_carea' id='block_1_7' title="bbox 551 433 2159 507">
    <p class='ocr_par' dir='ltr' id='par_1_7' title="bbox 551 433 2159 507">
     <span class='ocr_line' id='line_1_7' title="bbox 551 433 2159 507; baseline -0.001 -18"><span class='ocrx_word' id='word_1_30' title='bbox 551 435 943 497; x_wconf 73' lang='lat' dir='ltr'><strong>familiaritatis</strong></span> <span class='ocrx_word' id='word_1_31' title='bbox 973 434 1039 489; x_wconf 87' lang='lat' dir='ltr'><strong>ad</strong></span> <span class='ocrx_word' id='word_1_32' title='bbox 1071 436 1325 493; x_wconf 87' lang='lat' dir='ltr'><strong>amicum.</strong></span> <span class='ocrx_word' id='word_1_33' title='bbox 1358 436 1522 507; x_wconf 82' lang='lat' dir='ltr'><strong>Cujus</strong></span> <span class='ocrx_word' id='word_1_34' title='bbox 1563 435 1853 490; x_wconf 84' lang='lat' dir='ltr'><strong>venerandi</strong></span> <span class='ocrx_word' id='word_1_35' title='bbox 1906 433 2159 488; x_wconf 87' lang='lat' dir='ltr'><strong>senioris-</strong></span> 
     </span>
    </p>
   </div>
   <div class='ocr_carea' id='block_1_8' title="bbox 554 524 2139 597">
    <p class='ocr_par' dir='ltr' id='par_1_8' title="bbox 554 524 2139 597">
     <span class='ocr_line' id='line_1_8' title="bbox 554 524 2139 597; baseline -0.002 -16"><span class='ocrx_word' id='word_1_36' title='bbox 554 527 724 591; x_wconf 85' lang='lat' dir='ltr'><strong>nostri</strong></span> <span class='ocrx_word' id='word_1_37' title='bbox 750 525 1119 597; x_wconf 83' lang='lat' dir='ltr'><strong>epytapbium,</strong></span> <span class='ocrx_word' id='word_1_38' title='bbox 1147 527 1289 597; x_wconf 90' lang='lat' dir='ltr'><strong>quod</strong></span> <span class='ocrx_word' id='word_1_39' title='bbox 1315 527 1430 597; x_wconf 90' lang='lat' dir='ltr'><strong>ipse</strong></span> <span class='ocrx_word' id='word_1_40' title='bbox 1445 528 1572 581; x_wconf 88' lang='lat' dir='ltr'><strong>dum</strong></span> <span class='ocrx_word' id='word_1_41' title='bbox 1601 526 1875 580; x_wconf 88' lang='lat' dir='ltr'><strong>adviveret</strong></span> <span class='ocrx_word' id='word_1_42' title='bbox 1900 524 2139 580; x_wconf 87' lang='lat' dir='ltr'><strong>sibimet-</strong></span> 
     </span>
    </p>
   </div>
   <div class='ocr_carea' id='block_1_9' title="bbox 555 613 2137 687">
    <p class='ocr_par' dir='ltr' id='par_1_9' title="bbox 555 613 2137 687">
     <span class='ocr_line' id='line_1_9' title="bbox 555 613 2137 687; baseline -0.004 -12"><span class='ocrx_word' id='word_1_43' title='bbox 555 618 654 687; x_wconf 85' lang='lat' dir='ltr'><strong>ipsi</strong></span> <span class='ocrx_word' id='word_1_44' title='bbox 711 616 860 680; x_wconf 85' lang='lat' dir='ltr'><strong>fecit,</strong></span> <span class='ocrx_word' id='word_1_45' title='bbox 899 617 954 671; x_wconf 90' lang='lat' dir='ltr'><strong>in</strong></span> <span class='ocrx_word' id='word_1_46' title='bbox 989 616 1143 677; x_wconf 88' lang='lat' dir='ltr'><strong>libris</strong></span> <span class='ocrx_word' id='word_1_47' title='bbox 1187 619 1301 673; x_wconf 88' lang='lat' dir='ltr'><strong>suis</strong></span> <span class='ocrx_word' id='word_1_48' title='bbox 1348 618 1622 679; x_wconf 78' lang='lat' dir='ltr'><strong>inventum</strong></span> <span class='ocrx_word' id='word_1_49' title='bbox 1673 618 1760 672; x_wconf 93' lang='lat' dir='ltr'><strong>bic</strong></span> <span class='ocrx_word' id='word_1_50' title='bbox 1805 615 2029 680; x_wconf 88' lang='lat' dir='ltr'><strong>inserui,</strong></span> <span class='ocrx_word' id='word_1_51' title='bbox 2082 613 2137 668; x_wconf 91' lang='lat' dir='ltr'><strong>in</strong></span> 
     </span>
    </p>
   </div>
   <div class='ocr_carea' id='block_1_10' title="bbox 559 688 2139 778">
    <p class='ocr_par' dir='ltr' id='par_1_10' title="bbox 559 688 2139 778">
     <span class='ocr_line' id='line_1_10' title="bbox 559 688 2139 778; baseline -0.002 -17"><span class='ocrx_word' id='word_1_52' title='bbox 559 708 757 778; x_wconf 81' lang='lat' dir='ltr'><strong>quibus</strong></span> <span class='ocrx_word' id='word_1_53' title='bbox 786 696 972 764; x_wconf 87' lang='lat' dir='ltr'><strong>videre</strong></span> <span class='ocrx_word' id='word_1_54' title='bbox 1027 716 1113 763; x_wconf 90' lang='lat' dir='ltr'><strong>est</strong></span> <span class='ocrx_word' id='word_1_55' title='bbox 1146 718 1389 765; x_wconf 87' lang='lat' dir='ltr'><strong>sanctam</strong></span> <span class='ocrx_word' id='word_1_56' title='bbox 1431 702 1551 777; x_wconf 85' lang='lat' dir='ltr'><strong>ejus</strong></span> <span class='ocrx_word' id='word_1_57' title='bbox 1584 688 1993 776; x_wconf 32' lang='lat' dir='ltr'><strong>‘simplicitatem</strong></span> <span class='ocrx_word' id='word_1_58' title='bbox 2044 703 2139 758; x_wconf 82' lang='lat' dir='ltr'><strong>do-</strong></span> 
     </span>
    </p>
   </div>
   <div class='ocr_carea' id='block_1_11' title="bbox 554 794 2141 869">
    <p class='ocr_par' dir='ltr' id='par_1_11' title="bbox 554 794 2141 869">
     <span class='ocr_line' id='line_1_11' title="bbox 554 794 2141 869; baseline -0.002 -17"><span class='ocrx_word' id='word_1_59' title='bbox 554 807 808 869; x_wconf 81' lang='lat' dir='ltr'><strong>clamque</strong></span> <span class='ocrx_word' id='word_1_60' title='bbox 832 798 1209 862; x_wconf 83' lang='lat' dir='ltr'><strong>rusticitatem.</strong></span> <span class='ocrx_word' id='word_1_61' title='bbox 1240 796 1409 866; x_wconf 81' lang='lat' dir='ltr'><strong>Hujus</strong></span> <span class='ocrx_word' id='word_1_62' title='bbox 1454 796 1721 866; x_wconf 87' lang='lat' dir='ltr'><strong>psalteriis</strong></span> <span class='ocrx_word' id='word_1_63' title='bbox 1749 811 1853 856; x_wconf 89' lang='lat' dir='ltr'><strong>non</strong></span> <span class='ocrx_word' id='word_1_64' title='bbox 1882 803 2009 851; x_wconf 92' lang='lat' dir='ltr'><strong>sunt</strong></span> <span class='ocrx_word' id='word_1_65' title='bbox 2057 794 2141 853; x_wconf 88' lang='lat' dir='ltr'><strong>in-</strong></span> 
     </span>
    </p>
   </div>
   <div class='ocr_carea' id='block_1_12' title="bbox 555 884 2136 954">
    <p class='ocr_par' dir='ltr' id='par_1_12' title="bbox 555 884 2136 954">
     <span class='ocr_line' id='line_1_12' title="bbox 555 884 2136 954; baseline -0.001 -12"><span class='ocrx_word' id='word_1_66' title='bbox 555 898 715 944; x_wconf 90' lang='lat' dir='ltr'><strong>venta</strong></span> <span class='ocrx_word' id='word_1_67' title='bbox 755 889 969 953; x_wconf 87' lang='lat' dir='ltr'><strong>similia,</strong></span> <span class='ocrx_word' id='word_1_68' title='bbox 1022 898 1101 944; x_wconf 92' lang='lat' dir='ltr'><strong>tot</strong></span> <span class='ocrx_word' id='word_1_69' title='bbox 1153 888 1358 943; x_wconf 93' lang='lat' dir='ltr'><strong>intimis</strong></span> <span class='ocrx_word' id='word_1_70' title='bbox 1400 887 1736 943; x_wconf 82' lang='lat' dir='ltr'><strong>orationibus</strong></span> <span class='ocrx_word' id='word_1_71' title='bbox 1786 893 1843 941; x_wconf 90' lang='lat' dir='ltr'><strong>et</strong></span> <span class='ocrx_word' id='word_1_72' title='bbox 1880 884 2136 954; x_wconf 65' lang='lat' dir='ltr'><strong>multipli-e</strong></span> 
     </span>
    </p>
   </div>
   <div class='ocr_carea' id='block_1_13' title="bbox 555 976 2138 1051">
    <p class='ocr_par' dir='ltr' id='par_1_13' title="bbox 555 976 2138 1051">
     <span class='ocr_line' id='line_1_13' title="bbox 555 976 2138 1051; baseline -0.004 -12"><span class='ocrx_word' id='word_1_73' title='bbox 555 981 708 1041; x_wconf 84' lang='lat' dir='ltr'><strong>cibus</strong></span> <span class='ocrx_word' id='word_1_74' title='bbox 734 980 934 1051; x_wconf 75' lang='lat' dir='ltr'><strong>vigiliis</strong></span> <span class='ocrx_word' id='word_1_75' title='bbox 963 980 1239 1036; x_wconf 87' lang='lat' dir='ltr'><strong>decorata.</strong></span> <span class='ocrx_word' id='word_1_76' title='bbox 1272 978 1510 1049; x_wconf 75' lang='lat' dir='ltr'><strong>Singula:</strong></span> <span class='ocrx_word' id='word_1_77' title='bbox 1535 979 1678 1033; x_wconf 91' lang='lat' dir='ltr'><strong>enim</strong></span> <span class='ocrx_word' id='word_1_78' title='bbox 1714 976 1862 1032; x_wconf 69' lang='lat' dir='ltr'><strong>feria:</strong></span> <span class='ocrx_word' id='word_1_79' title='bbox 1899 977 2138 1045; x_wconf 78' lang='lat' dir='ltr'><strong>singulas</strong></span> 
     </span>
    </p>
   </div>
   <div class='ocr_carea' id='block_1_14' title="bbox 555 1069 2137 1143">
    <p class='ocr_par' dir='ltr' id='par_1_14' title="bbox 555 1069 2137 1143">
     <span class='ocr_line' id='line_1_14' title="bbox 555 1069 2137 1143; baseline -0.001 -18"><span class='ocrx_word' id='word_1_80' title='bbox 555 1072 757 1139; x_wconf 75' lang='lat' dir='ltr'><strong>habent</strong></span> <span class='ocrx_word' id='word_1_81' title='bbox 801 1072 1035 1143; x_wconf 74' lang='lat' dir='ltr'><strong>vigilfas,</strong></span> <span class='ocrx_word' id='word_1_82' title='bbox 1096 1087 1203 1131; x_wconf 90' lang='lat' dir='ltr'><strong>non</strong></span> <span class='ocrx_word' id='word_1_83' title='bbox 1268 1072 1426 1126; x_wconf 82' lang='lat' dir='ltr'><strong>modo</strong></span> <span class='ocrx_word' id='word_1_84' title='bbox 1477 1070 1796 1126; x_wconf 88' lang='lat' dir='ltr'><strong>lectionibus</strong></span> <span class='ocrx_word' id='word_1_85' title='bbox 1834 1071 1925 1125; x_wconf 88' lang='lat' dir='ltr'><strong>sed</strong></span> <span class='ocrx_word' id='word_1_86' title='bbox 1973 1069 2137 1125; x_wconf 90' lang='lat' dir='ltr'><strong>etiam</strong></span> 
     </span>
    </p>
   </div>
   <div class='ocr_carea' id='block_1_15' title="bbox 556 1163 2140 1239">
    <p class='ocr_par' dir='ltr' id='par_1_15' title="bbox 556 1163 2140 1239">
     <span class='ocr_line' id='line_1_15' title="bbox 556 1163 2140 1239; baseline -0.001 -21"><span class='ocrx_word' id='word_1_87' title='bbox 556 1163 869 1233; x_wconf 17' lang='lat' dir='ltr'><strong>attaipbonis</strong></span> <span class='ocrx_word' id='word_1_88' title='bbox 939 1172 994 1220; x_wconf 90' lang='lat' dir='ltr'><strong>et</strong></span> <span class='ocrx_word' id='word_1_89' title='bbox 1068 1163 1424 1239; x_wconf 89' lang='lat' dir='ltr'><strong>responsoriis</strong></span> <span class='ocrx_word' id='word_1_90' title='bbox 1495 1163 1782 1223; x_wconf 82' lang='lat' dir='ltr'><strong>autentieis</strong></span> <span class='ocrx_word' id='word_1_91' title='bbox 1863 1163 2140 1235; x_wconf 79' lang='lat' dir='ltr'><strong>eleganter</strong></span> 
     </span>
    </p>
   </div>
   <div class='ocr_carea' id='block_1_16' title="bbox 555 1252 822 1311">
    <p class='ocr_par' dir='ltr' id='par_1_16' title="bbox 555 1252 822 1311">
     <span class='ocr_line' id='line_1_16' title="bbox 555 1252 822 1311; baseline 0.007 -3"><span class='ocrx_word' id='word_1_92' title='bbox 555 1252 822 1311; x_wconf 86' lang='lat' dir='ltr'><strong>variatas.</strong></span> 
     </span>
    </p>
   </div>
   <div class='ocr_carea' id='block_1_17' title="bbox 631 1344 2142 1419">
    <p class='ocr_par' dir='ltr' id='par_1_17' title="bbox 631 1344 2142 1419">
     <span class='ocr_line' id='line_1_17' title="bbox 631 1344 2142 1419; baseline 0.001 -20"><span class='ocrx_word' id='word_1_93' title='bbox 631 1344 719 1400; x_wconf 67' lang='grc' dir='ltr'><strong>η.</strong></span> <span class='ocrx_word' id='word_1_94' title='bbox 763 1344 1025 1419; x_wconf 77' lang='lat' dir='ltr'><strong>Postlios</strong></span> <span class='ocrx_word' id='word_1_95' title='bbox 1078 1344 1415 1402; x_wconf 81' lang='lat' dir='ltr'><strong>venerabiles</strong></span> <span class='ocrx_word' id='word_1_96' title='bbox 1450 1353 1634 1416; x_wconf 88' lang='lat' dir='ltr'><strong>patres</strong></span> <span class='ocrx_word' id='word_1_97' title='bbox 1661 1345 1980 1418; x_wconf 80' lang='lat' dir='ltr'><strong>Riginoldus</strong></span> <span class='ocrx_word' id='word_1_98' title='bbox 2026 1346 2142 1418; x_wconf 61' lang='lat' dir='ltr'><strong>cpi.</strong></span> 
     </span>
    </p>
   </div>
   <div class='ocr_carea' id='block_1_18' title="bbox 559 1434 2136 1515">
    <p class='ocr_par' dir='ltr' id='par_1_18' title="bbox 559 1434 2136 1515">
     <span class='ocr_line' id='line_1_18' title="bbox 559 1434 2136 1515; baseline 0.004 -24"><span class='ocrx_word' id='word_1_99' title='bbox 559 1451 757 1506; x_wconf 73' lang='lat' dir='ltr'><strong>scopas</strong></span> <span class='ocrx_word' id='word_1_100' title='bbox 784 1434 959 1493; x_wconf 77' lang='lat' dir='ltr'><strong>factus</strong></span> <span class='ocrx_word' id='word_1_101' title='bbox 994 1448 1097 1503; x_wconf 66' lang='lat' dir='ltr'><strong>est,</strong></span> <span class='ocrx_word' id='word_1_102' title='bbox 1130 1439 1334 1495; x_wconf 86' lang='lat' dir='ltr'><strong>carnali</strong></span> <span class='ocrx_word' id='word_1_103' title='bbox 1382 1442 1599 1512; x_wconf 83' lang='lat' dir='ltr'><strong>quidem</strong></span> <span class='ocrx_word' id='word_1_104' title='bbox 1649 1443 1844 1500; x_wconf 87' lang='lat' dir='ltr'><strong>nobilis</strong></span> <span class='ocrx_word' id='word_1_105' title='bbox 1869 1445 2136 1515; x_wconf 88' lang='lat' dir='ltr'><strong>prosapia,</strong></span> 
     </span>
    </p>
   </div>
   <div class='ocr_carea' id='block_1_19' title="bbox 561 1529 2139 1599">
    <p class='ocr_par' dir='ltr' id='par_1_19' title="bbox 561 1529 2139 1599">
     <span class='ocr_line' id='line_1_19' title="bbox 561 1529 2139 1599; baseline 0.004 -16"><span class='ocrx_word' id='word_1_106' title='bbox 561 1529 661 1585; x_wconf 90' lang='lat' dir='ltr'><strong>sed</strong></span> <span class='ocrx_word' id='word_1_107' title='bbox 691 1529 923 1586; x_wconf 83' lang='lat' dir='ltr'><strong>nobilior</strong></span> <span class='ocrx_word' id='word_1_108' title='bbox 956 1529 1210 1599; x_wconf 82' lang='lat' dir='ltr'><strong>scientia;</strong></span> <span class='ocrx_word' id='word_1_109' title='bbox 1260 1532 1456 1589; x_wconf 82' lang='lat' dir='ltr'><strong>litteris</strong></span> <span class='ocrx_word' id='word_1_110' title='bbox 1503 1550 1608 1590; x_wconf 83' lang='lat' dir='ltr'><strong>non</strong></span> <span class='ocrx_word' id='word_1_111' title='bbox 1653 1535 1825 1591; x_wconf 90' lang='lat' dir='ltr'><strong>solum</strong></span> <span class='ocrx_word' id='word_1_112' title='bbox 1856 1535 2060 1591; x_wconf 87' lang='lat' dir='ltr'><strong>Latinis</strong></span> <span class='ocrx_word' id='word_1_113' title='bbox 2085 1545 2139 1590; x_wconf 89' lang='lat' dir='ltr'><strong>et</strong></span> 
     </span>
    </p>
   </div>
   <div class='ocr_carea' id='block_1_20' title="bbox 555 1618 2135 1695">
    <p class='ocr_par' dir='ltr' id='par_1_20' title="bbox 555 1618 2135 1695">
     <span class='ocr_line' id='line_1_20' title="bbox 555 1618 2135 1695; baseline 0.004 -21"><span class='ocrx_word' id='word_1_114' title='bbox 555 1618 771 1684; x_wconf 86' lang='lat' dir='ltr'><strong>Grecis,</strong></span> <span class='ocrx_word' id='word_1_115' title='bbox 803 1622 899 1676; x_wconf 88' lang='lat' dir='ltr'><strong>sed</strong></span> <span class='ocrx_word' id='word_1_116' title='bbox 925 1622 1089 1681; x_wconf 85' lang='lat' dir='ltr'><strong>etiam</strong></span> <span class='ocrx_word' id='word_1_117' title='bbox 1120 1622 1354 1680; x_wconf 79' lang='lat' dir='ltr'><strong>Hebreis</strong></span> <span class='ocrx_word' id='word_1_118' title='bbox 1376 1624 1631 1693; x_wconf 88' lang='lat' dir='ltr'><strong>imbutus,</strong></span> <span class='ocrx_word' id='word_1_119' title='bbox 1664 1636 1718 1680; x_wconf 92' lang='lat' dir='ltr'><strong>et</strong></span> <span class='ocrx_word' id='word_1_120' title='bbox 1747 1626 1888 1695; x_wconf 92' lang='lat' dir='ltr'><strong>quod</strong></span> <span class='ocrx_word' id='word_1_121' title='bbox 1916 1628 2135 1682; x_wconf 91' lang='lat' dir='ltr'><strong>unicum</strong></span> 
     </span>
    </p>
   </div>
   <div class='ocr_carea' id='block_1_21' title="bbox 555 1706 2141 1787">
    <p class='ocr_par' dir='ltr' id='par_1_21' title="bbox 555 1706 2141 1787">
     <span class='ocr_line' id='line_1_21' title="bbox 555 1706 2141 1787; baseline 0.004 -20"><span class='ocrx_word' id='word_1_122' title='bbox 555 1718 613 1767; x_wconf 83' lang='lat' dir='ltr'><strong>et</strong></span> <span class='ocrx_word' id='word_1_123' title='bbox 640 1706 910 1783; x_wconf 82' lang='lat' dir='ltr'><strong>singulare</strong></span> <span class='ocrx_word' id='word_1_124' title='bbox 973 1710 1026 1768; x_wconf 86' lang='lat' dir='ltr'><strong>in</strong></span> <span class='ocrx_word' id='word_1_125' title='bbox 1051 1728 1115 1769; x_wconf 92' lang='lat' dir='ltr'><strong>eo</strong></span> <span class='ocrx_word' id='word_1_126' title='bbox 1172 1713 1291 1781; x_wconf 89' lang='lat' dir='ltr'><strong>fuit,</strong></span> <span class='ocrx_word' id='word_1_127' title='bbox 1344 1719 1579 1787; x_wconf 86' lang='lat' dir='ltr'><strong>optimus</strong></span> <span class='ocrx_word' id='word_1_128' title='bbox 1652 1717 1814 1787; x_wconf 85' lang='lat' dir='ltr'><strong>hujus</strong></span> <span class='ocrx_word' id='word_1_129' title='bbox 1883 1718 2141 1787; x_wconf 88' lang='lat' dir='ltr'><strong>temporis</strong></span> 
     </span>
    </p>
   </div>
   <div class='ocr_carea' id='block_1_22' title="bbox 556 1803 2140 1877">
    <p class='ocr_par' dir='ltr' id='par_1_22' title="bbox 556 1803 2140 1877">
     <span class='ocr_line' id='line_1_22' title="bbox 556 1803 2140 1877; baseline 0.003 -16"><span class='ocrx_word' id='word_1_130' title='bbox 556 1803 816 1861; x_wconf 81' lang='lat' dir='ltr'><strong>musicus.</strong></span> <span class='ocrx_word' id='word_1_131' title='bbox 849 1804 945 1861; x_wconf 90' lang='lat' dir='ltr'><strong>llic</strong></span> <span class='ocrx_word' id='word_1_132' title='bbox 972 1805 1239 1876; x_wconf 87' lang='lat' dir='ltr'><strong>imprimis</strong></span> <span class='ocrx_word' id='word_1_133' title='bbox 1257 1808 1537 1864; x_wconf 86' lang='lat' dir='ltr'><strong>historiam</strong></span> <span class='ocrx_word' id='word_1_134' title='bbox 1561 1812 1733 1865; x_wconf 78' lang='lat' dir='ltr'><strong>sancti</strong></span> <span class='ocrx_word' id='word_1_135' title='bbox 1766 1809 1967 1867; x_wconf 71' lang='grc' dir='ltr'><strong>Νῆροιεί</strong></span> <span class='ocrx_word' id='word_1_136' title='bbox 1989 1810 2140 1877; x_wconf 78' lang='lat' dir='ltr'><strong>fecit,</strong></span> 
     </span>
    </p>
   </div>
   <div class='ocr_carea' id='block_1_23' title="bbox 556 1897 2143 1971">
    <p class='ocr_par' dir='ltr' id='par_1_23' title="bbox 556 1897 2143 1971">
     <span class='ocr_line' id='line_1_23' title="bbox 556 1897 2143 1971; baseline 0.003 -19"><span class='ocrx_word' id='word_1_137' title='bbox 556 1905 612 1952; x_wconf 91' lang='lat' dir='ltr'><strong>ct</strong></span> <span class='ocrx_word' id='word_1_138' title='bbox 638 1912 735 1967; x_wconf 90' lang='lat' dir='ltr'><strong>per</strong></span> <span class='ocrx_word' id='word_1_139' title='bbox 767 1897 869 1951; x_wconf 91' lang='lat' dir='ltr'><strong>boc</strong></span> <span class='ocrx_word' id='word_1_140' title='bbox 904 1898 1264 1969; x_wconf 81' lang='lat' dir='ltr'><strong>episcopalem</strong></span> <span class='ocrx_word' id='word_1_141' title='bbox 1300 1899 1617 1971; x_wconf 84' lang='lat' dir='ltr'><strong>dignitatem</strong></span> <span class='ocrx_word' id='word_1_142' title='bbox 1671 1903 1989 1971; x_wconf 82' lang='lat' dir='ltr'><strong>promeruit.</strong></span> <span class='ocrx_word' id='word_1_143' title='bbox 2037 1902 2143 1957; x_wconf 85' lang='lat' dir='ltr'><strong>Ac-</strong></span> 
     </span>
    </p>
   </div>
   <div class='ocr_carea' id='block_1_24' title="bbox 557 1989 2144 2063">
    <p class='ocr_par' dir='ltr' id='par_1_24' title="bbox 557 1989 2144 2063">
     <span class='ocr_line' id='line_1_24' title="bbox 557 1989 2144 2063; baseline 0.003 -19"><span class='ocrx_word' id='word_1_144' title='bbox 557 1997 718 2059; x_wconf 87' lang='lat' dir='ltr'><strong>cepto</strong></span> <span class='ocrx_word' id='word_1_145' title='bbox 745 1997 925 2043; x_wconf 89' lang='lat' dir='ltr'><strong>autem</strong></span> <span class='ocrx_word' id='word_1_146' title='bbox 966 1989 1299 2059; x_wconf 85' lang='lat' dir='ltr'><strong>episcopatu,</strong></span> <span class='ocrx_word' id='word_1_147' title='bbox 1336 2007 1552 2047; x_wconf 89' lang='lat' dir='ltr'><strong>summo</strong></span> <span class='ocrx_word' id='word_1_148' title='bbox 1594 1992 1775 2047; x_wconf 84' lang='lat' dir='ltr'><strong>studio</strong></span> <span class='ocrx_word' id='word_1_149' title='bbox 1827 2009 2144 2063; x_wconf 88' lang='lat' dir='ltr'><strong>summaque</strong></span> 
     </span>
    </p>
   </div>
   <div class='ocr_carea' id='block_1_25' title="bbox 557 2076 2142 2138">
    <p class='ocr_par' dir='ltr' id='par_1_25' title="bbox 557 2076 2142 2138">
     <span class='ocr_line' id='line_1_25' title="bbox 557 2076 2142 2138; baseline 0.002 -4"><span class='ocrx_word' id='word_1_150' title='bbox 557 2077 844 2136; x_wconf 77' lang='lat' dir='ltr'><strong>devotione</strong></span> <span class='ocrx_word' id='word_1_151' title='bbox 883 2076 1141 2133; x_wconf 87' lang='lat' dir='ltr'><strong>historica</strong></span> <span class='ocrx_word' id='word_1_152' title='bbox 1193 2088 1258 2134; x_wconf 86' lang='lat' dir='ltr'><strong>de</strong></span> <span class='ocrx_word' id='word_1_153' title='bbox 1301 2090 1495 2136; x_wconf 83' lang='lat' dir='ltr'><strong>sancto</strong></span> <span class='ocrx_word' id='word_1_154' title='bbox 1546 2081 1857 2138; x_wconf 86' lang='lat' dir='ltr'><strong>Willibaldo</strong></span> <span class='ocrx_word' id='word_1_155' title='bbox 1904 2084 2142 2137; x_wconf 80' lang='lat' dir='ltr'><strong>carmina</strong></span> 
     </span>
    </p>
   </div>
   <div class='ocr_carea' id='block_1_26' title="bbox 556 2168 2144 2240">
    <p class='ocr_par' dir='ltr' id='par_1_26' title="bbox 556 2168 2144 2240">
     <span class='ocr_line' id='line_1_26' title="bbox 556 2168 2144 2240; baseline 0.003 -16"><span class='ocrx_word' id='word_1_156' title='bbox 556 2168 861 2240; x_wconf 81' lang='lat' dir='ltr'><strong>conposuit,</strong></span> <span class='ocrx_word' id='word_1_157' title='bbox 894 2178 1169 2239; x_wconf 74' lang='lat' dir='ltr'><strong>totamque</strong></span> <span class='ocrx_word' id='word_1_158' title='bbox 1196 2170 1436 2226; x_wconf 67' lang='lat' dir='ltr'><strong>scientfa:</strong></span> <span class='ocrx_word' id='word_1_159' title='bbox 1462 2187 1572 2228; x_wconf 73' lang='lat' dir='ltr'><strong>sua:</strong></span> <span class='ocrx_word' id='word_1_160' title='bbox 1614 2173 1720 2226; x_wconf 90' lang='lat' dir='ltr'><strong>vim</strong></span> <span class='ocrx_word' id='word_1_161' title='bbox 1759 2173 1810 2228; x_wconf 91' lang='lat' dir='ltr'><strong>in</strong></span> <span class='ocrx_word' id='word_1_162' title='bbox 1858 2172 1944 2228; x_wconf 89' lang='lat' dir='ltr'><strong>bis</strong></span> <span class='ocrx_word' id='word_1_163' title='bbox 1985 2174 2144 2228; x_wconf 89' lang='lat' dir='ltr'><strong>deco-</strong></span> 
     </span>
    </p>
   </div>
   <div class='ocr_carea' id='block_1_27' title="bbox 554 2262 2145 2333">
    <p class='ocr_par' dir='ltr' id='par_1_27' title="bbox 554 2262 2145 2333">
     <span class='ocr_line' id='line_1_27' title="bbox 554 2262 2145 2333; baseline 0.006 -19"><span class='ocrx_word' id='word_1_164' title='bbox 554 2262 743 2319; x_wconf 86' lang='lat' dir='ltr'><strong>randis</strong></span> <span class='ocrx_word' id='word_1_165' title='bbox 777 2270 941 2333; x_wconf 84' lang='lat' dir='ltr'><strong>atque</strong></span> <span class='ocrx_word' id='word_1_166' title='bbox 998 2262 1317 2320; x_wconf 85' lang='lat' dir='ltr'><strong>mirabiliter</strong></span> <span class='ocrx_word' id='word_1_167' title='bbox 1361 2265 1635 2321; x_wconf 89' lang='lat' dir='ltr'><strong>variandis</strong></span> <span class='ocrx_word' id='word_1_168' title='bbox 1682 2267 1961 2322; x_wconf 80' lang='lat' dir='ltr'><strong>excitavit.</strong></span> <span class='ocrx_word' id='word_1_169' title='bbox 2005 2267 2145 2331; x_wconf 85' lang='lat' dir='ltr'><strong>llinc</strong></span> 
     </span>
    </p>
   </div>
   <div class='ocr_carea' id='block_1_28' title="bbox 557 2354 2146 2431">
    <p class='ocr_par' dir='ltr' id='par_1_28' title="bbox 557 2354 2146 2431">
     <span class='ocr_line' id='line_1_28' title="bbox 557 2354 2146 2431; baseline 0.006 -23"><span class='ocrx_word' id='word_1_170' title='bbox 557 2362 640 2413; x_wconf 84' lang='lat' dir='ltr'><strong>est</strong></span> <span class='ocrx_word' id='word_1_171' title='bbox 663 2354 828 2419; x_wconf 88' lang='lat' dir='ltr'><strong>enim,</strong></span> <span class='ocrx_word' id='word_1_172' title='bbox 858 2355 1000 2424; x_wconf 91' lang='lat' dir='ltr'><strong>quod</strong></span> <span class='ocrx_word' id='word_1_173' title='bbox 1031 2355 1378 2425; x_wconf 86' lang='lat' dir='ltr'><strong>quisbusdam</strong></span> <span class='ocrx_word' id='word_1_174' title='bbox 1417 2359 1772 2428; x_wconf 90' lang='lat' dir='ltr'><strong>responsoriis</strong></span> <span class='ocrx_word' id='word_1_175' title='bbox 1816 2360 2146 2431; x_wconf 82' lang='lat' dir='ltr'><strong>longissimis</strong></span> 
     </span>
    </p>
   </div>
   <div class='ocr_carea' id='block_1_29' title="bbox 556 2441 2146 2519">
    <p class='ocr_par' dir='ltr' id='par_1_29' title="bbox 556 2441 2146 2519">
     <span class='ocr_line' id='line_1_29' title="bbox 556 2441 2146 2519; baseline 0.005 -21"><span class='ocrx_word' id='word_1_176' title='bbox 556 2443 614 2498; x_wconf 86' lang='lat' dir='ltr'><strong>in</strong></span> <span class='ocrx_word' id='word_1_177' title='bbox 664 2441 773 2500; x_wconf 84' lang='lat' dir='ltr'><strong>ﬁne</strong></span> <span class='ocrx_word' id='word_1_178' title='bbox 807 2444 1020 2499; x_wconf 88' lang='lat' dir='ltr'><strong>notulas</strong></span> <span class='ocrx_word' id='word_1_179' title='bbox 1050 2448 1315 2516; x_wconf 89' lang='lat' dir='ltr'><strong>apposuit,</strong></span> <span class='ocrx_word' id='word_1_180' title='bbox 1373 2448 1685 2519; x_wconf 87' lang='lat' dir='ltr'><strong>eisdemque</strong></span> <span class='ocrx_word' id='word_1_181' title='bbox 1737 2451 1937 2507; x_wconf 87' lang='lat' dir='ltr'><strong>notulis</strong></span> <span class='ocrx_word' id='word_1_182' title='bbox 1976 2453 2146 2506; x_wconf 86' lang='lat' dir='ltr'><strong>versi-</strong></span> 
     </span>
    </p>
   </div>
   <div class='ocr_carea' id='block_1_30' title="bbox 558 2531 2145 2615">
    <p class='ocr_par' dir='ltr' id='par_1_30' title="bbox 558 2531 2145 2615">
     <span class='ocr_line' id='line_1_30' title="bbox 558 2531 2145 2615; baseline 0.004 -26"><span class='ocrx_word' id='word_1_183' title='bbox 558 2531 709 2615; x_wconf 84' lang='lat' dir='ltr'><strong>culcs</strong></span> <span class='ocrx_word' id='word_1_184' title='bbox 749 2533 921 2590; x_wconf 90' lang='lat' dir='ltr'><strong>instar</strong></span> <span class='ocrx_word' id='word_1_185' title='bbox 964 2534 1366 2604; x_wconf 76' lang='lat' dir='ltr'><strong>sequentiarum</strong></span> <span class='ocrx_word' id='word_1_186' title='bbox 1398 2537 1694 2609; x_wconf 84' lang='lat' dir='ltr'><strong>subjnnxit.</strong></span> <span class='ocrx_word' id='word_1_187' title='bbox 1729 2537 1881 2606; x_wconf 89' lang='lat' dir='ltr'><strong>Quod</strong></span> <span class='ocrx_word' id='word_1_188' title='bbox 1928 2540 2145 2610; x_wconf 87' lang='lat' dir='ltr'><strong>quidem</strong></span> 
     </span>
    </p>
   </div>
   <div class='ocr_carea' id='block_1_31' title="bbox 557 2625 2149 2702">
    <p class='ocr_par' dir='ltr' id='par_1_31' title="bbox 557 2625 2149 2702">
     <span class='ocr_line' id='line_1_31' title="bbox 557 2625 2149 2702; baseline 0.004 -20"><span class='ocrx_word' id='word_1_189' title='bbox 557 2625 618 2683; x_wconf 82' lang='lat' dir='ltr'><strong>in</strong></span> <span class='ocrx_word' id='word_1_190' title='bbox 646 2626 828 2688; x_wconf 87' lang='lat' dir='ltr'><strong>tertio,</strong></span> <span class='ocrx_word' id='word_1_191' title='bbox 858 2635 1012 2682; x_wconf 82' lang='lat' dir='ltr'><strong>sexto</strong></span> <span class='ocrx_word' id='word_1_192' title='bbox 1042 2638 1097 2683; x_wconf 91' lang='lat' dir='ltr'><strong>et</strong></span> <span class='ocrx_word' id='word_1_193' title='bbox 1125 2644 1268 2685; x_wconf 87' lang='lat' dir='ltr'><strong>nono</strong></span> <span class='ocrx_word' id='word_1_194' title='bbox 1292 2629 1443 2695; x_wconf 86' lang='lat' dir='ltr'><strong>fecit,</strong></span> <span class='ocrx_word' id='word_1_195' title='bbox 1472 2640 1526 2686; x_wconf 92' lang='lat' dir='ltr'><strong>et</strong></span> <span class='ocrx_word' id='word_1_196' title='bbox 1560 2631 1718 2686; x_wconf 89' lang='lat' dir='ltr'><strong>tertio</strong></span> <span class='ocrx_word' id='word_1_197' title='bbox 1746 2648 1946 2702; x_wconf 86' lang='lat' dir='ltr'><strong>paucos</strong></span> <span class='ocrx_word' id='word_1_198' title='bbox 1977 2635 2149 2691; x_wconf 64' lang='lat' dir='ltr'><strong>versi«</strong></span> 
     </span>
    </p>
   </div>
   <div class='ocr_carea' id='block_1_32' title="bbox 560 2715 2147 2793">
    <p class='ocr_par' dir='ltr' id='par_1_32' title="bbox 560 2715 2147 2793">
     <span class='ocr_line' id='line_1_32' title="bbox 560 2715 2147 2793; baseline 0.008 -23"><span class='ocrx_word' id='word_1_199' title='bbox 560 2715 734 2782; x_wconf 85' lang='lat' dir='ltr'><strong>culos,</strong></span> <span class='ocrx_word' id='word_1_200' title='bbox 764 2726 917 2772; x_wconf 82' lang='lat' dir='ltr'><strong>sexto</strong></span> <span class='ocrx_word' id='word_1_201' title='bbox 943 2717 1145 2788; x_wconf 89' lang='lat' dir='ltr'><strong>plures.</strong></span> <span class='ocrx_word' id='word_1_202' title='bbox 1188 2736 1330 2775; x_wconf 92' lang='lat' dir='ltr'><strong>nono</strong></span> <span class='ocrx_word' id='word_1_203' title='bbox 1356 2722 1503 2777; x_wconf 83' lang='lat' dir='ltr'><strong>dedit</strong></span> <span class='ocrx_word' id='word_1_204' title='bbox 1548 2723 1827 2793; x_wconf 80' lang='lat' dir='ltr'><strong>plurimos,</strong></span> <span class='ocrx_word' id='word_1_205' title='bbox 1867 2724 1973 2781; x_wconf 88' lang='lat' dir='ltr'><strong>Sed</strong></span> <span class='ocrx_word' id='word_1_206' title='bbox 2023 2727 2147 2783; x_wconf 90' lang='lat' dir='ltr'><strong>vide</strong></span> 
     </span>
    </p>
   </div>
   <div class='ocr_carea' id='block_1_33' title="bbox 520 2810 2149 2895">
    <p class='ocr_par' dir='ltr' id='par_1_33' title="bbox 520 2810 2149 2895">
     <span class='ocr_line' id='line_1_33' title="bbox 520 2810 2149 2895; baseline 0.008 -32"><span class='ocrx_word' id='word_1_207' title='bbox 520 2888 526 2895; x_wconf 33' lang='grc' dir='ltr'><strong>Ι</strong></span> <span class='ocrx_word' id='word_1_208' title='bbox 561 2810 806 2865; x_wconf 89' lang='lat' dir='ltr'><strong>ordinem</strong></span> <span class='ocrx_word' id='word_1_209' title='bbox 831 2810 843 2864; x_wconf 90' lang='lat'><strong>!</strong></span> <span class='ocrx_word' id='word_1_210' title='bbox 877 2810 1072 2867; x_wconf 80' lang='lat' dir='ltr'><strong>Tercle</strong></span> <span class='ocrx_word' id='word_1_211' title='bbox 1102 2814 1383 2869; x_wconf 90' lang='lat' dir='ltr'><strong>minimum</strong></span> <span class='ocrx_word' id='word_1_212' title='bbox 1411 2816 1535 2884; x_wconf 89' lang='lat' dir='ltr'><strong>iter,</strong></span> <span class='ocrx_word' id='word_1_213' title='bbox 1562 2816 1612 2873; x_wconf 91' lang='lat' dir='ltr'><strong>id</strong></span> <span class='ocrx_word' id='word_1_214' title='bbox 1642 2829 1724 2873; x_wconf 92' lang='lat' dir='ltr'><strong>est</strong></span> <span class='ocrx_word' id='word_1_215' title='bbox 1756 2819 1968 2874; x_wconf 91' lang='lat' dir='ltr'><strong>initium</strong></span> <span class='ocrx_word' id='word_1_216' title='bbox 1992 2836 2149 2891; x_wconf 90' lang='lat' dir='ltr'><strong>pere-</strong></span> 
     </span>
    </p>
   </div>
   <div class='ocr_carea' id='block_1_34' title="bbox 564 2900 2218 2990">
    <p class='ocr_par' dir='ltr' id='par_1_34' title="bbox 564 2900 2218 2990">
     <span class='ocr_line' id='line_1_34' title="bbox 564 2900 2218 2990; baseline 0.008 -37"><span class='ocrx_word' id='word_1_217' title='bbox 564 2900 888 2970; x_wconf 82' lang='lat' dir='ltr'><strong>grinationis</strong></span> <span class='ocrx_word' id='word_1_218' title='bbox 933 2903 1200 2970; x_wconf 82' lang='lat' dir='ltr'><strong>attribuit,</strong></span> <span class='ocrx_word' id='word_1_219' title='bbox 1233 2904 1443 2963; x_wconf 77' lang='lat' dir='ltr'><strong>scilicet</strong></span> <span class='ocrx_word' id='word_1_220' title='bbox 1485 2908 1575 2962; x_wconf 88' lang='lat' dir='ltr'><strong>ubi</strong></span> <span class='ocrx_word' id='word_1_221' title='bbox 1625 2908 1693 2965; x_wconf 90' lang='lat' dir='ltr'><strong>de</strong></span> <span class='ocrx_word' id='word_1_222' title='bbox 1731 2912 1901 2981; x_wconf 91' lang='lat' dir='ltr'><strong>patria</strong></span> <span class='ocrx_word' id='word_1_223' title='bbox 1936 2912 2141 2979; x_wconf 82' lang='lat' dir='ltr'><strong>exivit;</strong></span> <span class='ocrx_word' id='word_1_224' title='bbox 2175 2928 2218 2990; x_wconf 73' lang='grc' dir='ltr'><strong>ρ</strong></span> 
     </span>
    </p>
   </div>
   <div class='ocr_carea' id='block_1_35' title="bbox 563 2991 2144 3067">
    <p class='ocr_par' dir='ltr' id='par_1_35' title="bbox 563 2991 2144 3067">
     <span class='ocr_line' id='line_1_35' title="bbox 563 2991 2144 3067; baseline 0.007 -22"><span class='ocrx_word' id='word_1_225' title='bbox 563 2997 720 3047; x_wconf 77' lang='lat' dir='ltr'><strong>sexto</strong></span> <span class='ocrx_word' id='word_1_226' title='bbox 765 2991 959 3063; x_wconf 79' lang='lat' dir='ltr'><strong>majus,</strong></span> <span class='ocrx_word' id='word_1_227' title='bbox 1014 3008 1121 3064; x_wconf 90' lang='lat' dir='ltr'><strong>quo</strong></span> <span class='ocrx_word' id='word_1_228' title='bbox 1176 2995 1376 3053; x_wconf 89' lang='lat' dir='ltr'><strong>Ioniam</strong></span> <span class='ocrx_word' id='word_1_229' title='bbox 1415 2998 1591 3064; x_wconf 87' lang='lat' dir='ltr'><strong>venit;</strong></span> <span class='ocrx_word' id='word_1_230' title='bbox 1640 3016 1781 3056; x_wconf 88' lang='lat' dir='ltr'><strong>nono</strong></span> <span class='ocrx_word' id='word_1_231' title='bbox 1828 3003 2144 3067; x_wconf 85' lang='lat' dir='ltr'><strong>maximum,</strong></span> 
     </span>
    </p>
   </div>
   <div class='ocr_carea' id='block_1_36' title="bbox 570 3078 2148 3156">
    <p class='ocr_par' dir='ltr' id='par_1_36' title="bbox 570 3078 2148 3156">
     <span class='ocr_line' id='line_1_36' title="bbox 570 3078 2148 3156; baseline 0.009 -23"><span class='ocrx_word' id='word_1_232' title='bbox 570 3093 680 3149; x_wconf 88' lang='lat' dir='ltr'><strong>quo</strong></span> <span class='ocrx_word' id='word_1_233' title='bbox 724 3078 1133 3138; x_wconf 87' lang='lat' dir='ltr'><strong>lerosolimitani</strong></span> <span class='ocrx_word' id='word_1_234' title='bbox 1170 3085 1383 3142; x_wconf 88' lang='lat' dir='ltr'><strong>itineris</strong></span> <span class='ocrx_word' id='word_1_235' title='bbox 1420 3087 1731 3156; x_wconf 86' lang='lat' dir='ltr'><strong>qualitatem</strong></span> <span class='ocrx_word' id='word_1_236' title='bbox 1772 3089 1825 3144; x_wconf 94' lang='lat' dir='ltr'><strong>in</strong></span> <span class='ocrx_word' id='word_1_237' title='bbox 1866 3092 2148 3147; x_wconf 82' lang='lat' dir='ltr'><strong>versiculis</strong></span> 
     </span>
    </p>
   </div>
   <div class='ocr_carea' id='block_1_37' title="bbox 564 3168 2153 3251">
    <p class='ocr_par' dir='ltr' id='par_1_37' title="bbox 564 3168 2153 3251">
     <span class='ocr_line' id='line_1_37' title="bbox 564 3168 2153 3251; baseline 0.009 -29"><span class='ocrx_word' id='word_1_238' title='bbox 564 3168 696 3224; x_wconf 90' lang='lat' dir='ltr'><strong>noni</strong></span> <span class='ocrx_word' id='word_1_239' title='bbox 720 3172 1049 3241; x_wconf 88' lang='lat' dir='ltr'><strong>responsorii</strong></span> <span class='ocrx_word' id='word_1_240' title='bbox 1084 3184 1312 3232; x_wconf 87' lang='lat' dir='ltr'><strong>conatus</strong></span> <span class='ocrx_word' id='word_1_241' title='bbox 1339 3185 1421 3232; x_wconf 92' lang='lat' dir='ltr'><strong>est</strong></span> <span class='ocrx_word' id='word_1_242' title='bbox 1442 3179 1767 3248; x_wconf 83' lang='lat' dir='ltr'><strong>exprimere.</strong></span> <span class='ocrx_word' id='word_1_243' title='bbox 1802 3178 1933 3234; x_wconf 77' lang='lat' dir='ltr'><strong>Nam</strong></span> <span class='ocrx_word' id='word_1_244' title='bbox 1961 3198 2153 3251; x_wconf 84' lang='lat' dir='ltr'><strong>quem-</strong></span> 
     </span>
    </p>
   </div>
   <div class='ocr_carea' id='block_1_38' title="bbox 566 3259 2146 3335">
    <p class='ocr_par' dir='ltr' id='par_1_38' title="bbox 566 3259 2146 3335">
     <span class='ocr_line' id='line_1_38' title="bbox 566 3259 2146 3335; baseline 0.006 -20"><span class='ocrx_word' id='word_1_245' title='bbox 566 3259 858 3321; x_wconf 80' lang='lat' dir='ltr'><strong>admodum</strong></span> <span class='ocrx_word' id='word_1_246' title='bbox 922 3264 1300 3335; x_wconf 75' lang='lat' dir='ltr'><strong>sanctissimus</strong></span> <span class='ocrx_word' id='word_1_247' title='bbox 1358 3269 1537 3323; x_wconf 89' lang='lat' dir='ltr'><strong>viator</strong></span> <span class='ocrx_word' id='word_1_248' title='bbox 1576 3279 1762 3324; x_wconf 83' lang='lat' dir='ltr'><strong>noster</strong></span> <span class='ocrx_word' id='word_1_249' title='bbox 1796 3271 1861 3323; x_wconf 84' lang='lat' dir='ltr'><strong>de</strong></span> <span class='ocrx_word' id='word_1_250' title='bbox 1895 3271 2043 3325; x_wconf 81' lang='lat' dir='ltr'><strong>Italia</strong></span> <span class='ocrx_word' id='word_1_251' title='bbox 2094 3272 2146 3325; x_wconf 92' lang='lat' dir='ltr'><strong>in</strong></span> 
     </span>
    </p>
   </div>
   <div class='ocr_carea' id='block_1_39' title="bbox 564 3350 2147 3428">
    <p class='ocr_par' dir='ltr' id='par_1_39' title="bbox 564 3350 2147 3428">
     <span class='ocr_line' id='line_1_39' title="bbox 564 3350 2147 3428; baseline 0.004 -22"><span class='ocrx_word' id='word_1_252' title='bbox 564 3350 840 3418; x_wconf 80' lang='lat' dir='ltr'><strong>Greciam,</strong></span> <span class='ocrx_word' id='word_1_253' title='bbox 875 3353 943 3410; x_wconf 88' lang='lat' dir='ltr'><strong>de</strong></span> <span class='ocrx_word' id='word_1_254' title='bbox 967 3353 1161 3413; x_wconf 85' lang='lat' dir='ltr'><strong>Greeia</strong></span> <span class='ocrx_word' id='word_1_255' title='bbox 1184 3357 1238 3414; x_wconf 92' lang='lat' dir='ltr'><strong>in</strong></span> <span class='ocrx_word' id='word_1_256' title='bbox 1265 3355 1513 3424; x_wconf 84' lang='lat' dir='ltr'><strong>Judeam,</strong></span> <span class='ocrx_word' id='word_1_257' title='bbox 1540 3359 1844 3428; x_wconf 88' lang='lat' dir='ltr'><strong>iterumque</strong></span> <span class='ocrx_word' id='word_1_258' title='bbox 1872 3359 1937 3415; x_wconf 89' lang='lat' dir='ltr'><strong>de</strong></span> <span class='ocrx_word' id='word_1_259' title='bbox 1979 3359 2147 3415; x_wconf 82' lang='lat' dir='ltr'><strong>Judea</strong></span> 
     </span>
    </p>
   </div>
   <div class='ocr_carea' id='block_1_40' title="bbox 563 3440 2149 3514">
    <p class='ocr_par' dir='ltr' id='par_1_40' title="bbox 563 3440 2149 3514">
     <span class='ocr_line' id='line_1_40' title="bbox 563 3440 2149 3514; baseline 0.006 -17"><span class='ocrx_word' id='word_1_260' title='bbox 563 3440 620 3497; x_wconf 85' lang='lat' dir='ltr'><strong>in</strong></span> <span class='ocrx_word' id='word_1_261' title='bbox 648 3442 920 3511; x_wconf 87' lang='lat' dir='ltr'><strong>Greciam,</strong></span> <span class='ocrx_word' id='word_1_262' title='bbox 972 3446 1039 3501; x_wconf 91' lang='lat' dir='ltr'><strong>de</strong></span> <span class='ocrx_word' id='word_1_263' title='bbox 1086 3445 1280 3505; x_wconf 85' lang='lat' dir='ltr'><strong>Grecia</strong></span> <span class='ocrx_word' id='word_1_264' title='bbox 1310 3450 1364 3504; x_wconf 92' lang='lat' dir='ltr'><strong>in</strong></span> <span class='ocrx_word' id='word_1_265' title='bbox 1397 3449 1626 3514; x_wconf 85' lang='lat' dir='ltr'><strong>italiam,</strong></span> <span class='ocrx_word' id='word_1_266' title='bbox 1669 3459 1724 3504; x_wconf 90' lang='lat' dir='ltr'><strong>ct</strong></span> <span class='ocrx_word' id='word_1_267' title='bbox 1768 3451 1893 3506; x_wconf 90' lang='lat' dir='ltr'><strong>inde</strong></span> <span class='ocrx_word' id='word_1_268' title='bbox 1922 3453 2027 3506; x_wconf 90' lang='lat' dir='ltr'><strong>buc</strong></span> <span class='ocrx_word' id='word_1_269' title='bbox 2081 3453 2149 3511; x_wconf 87' lang='lat' dir='ltr'><strong>ad</strong></span> 
     </span>
    </p>
   </div>
   <div class='ocr_carea' id='block_1_41' title="bbox 564 3534 2152 3608">
    <p class='ocr_par' dir='ltr' id='par_1_41' title="bbox 564 3534 2152 3608">
     <span class='ocr_line' id='line_1_41' title="bbox 564 3534 2152 3608; baseline 0.006 -20"><span class='ocrx_word' id='word_1_270' title='bbox 564 3534 667 3589; x_wconf 80' lang='lat' dir='ltr'><strong>nos</strong></span> <span class='ocrx_word' id='word_1_271' title='bbox 693 3549 866 3605; x_wconf 89' lang='lat' dir='ltr'><strong>usque</strong></span> <span class='ocrx_word' id='word_1_272' title='bbox 894 3535 1077 3592; x_wconf 90' lang='lat' dir='ltr'><strong>salvus</strong></span> <span class='ocrx_word' id='word_1_273' title='bbox 1104 3539 1385 3608; x_wconf 88' lang='lat' dir='ltr'><strong>pervenit:</strong></span> <span class='ocrx_word' id='word_1_274' title='bbox 1423 3540 1495 3594; x_wconf 91' lang='lat' dir='ltr'><strong>ita</strong></span> <span class='ocrx_word' id='word_1_275' title='bbox 1527 3540 1936 3598; x_wconf 88' lang='lat' dir='ltr'><strong>sollertissimus</strong></span> <span class='ocrx_word' id='word_1_276' title='bbox 1966 3552 2152 3598; x_wconf 89' lang='lat' dir='ltr'><strong>noster</strong></span> 
     </span>
    </p>
   </div>
   <div class='ocr_carea' id='block_1_42' title="bbox 568 3622 2147 3700">
    <p class='ocr_par' dir='ltr' id='par_1_42' title="bbox 568 3622 2147 3700">
     <span class='ocr_line' id='line_1_42' title="bbox 568 3622 2147 3700; baseline 0.006 -23"><span class='ocrx_word' id='word_1_277' title='bbox 568 3622 817 3681; x_wconf 89' lang='lat' dir='ltr'><strong>musicus</strong></span> <span class='ocrx_word' id='word_1_278' title='bbox 847 3627 1023 3697; x_wconf 90' lang='lat' dir='ltr'><strong>primo</strong></span> <span class='ocrx_word' id='word_1_279' title='bbox 1065 3628 1309 3695; x_wconf 90' lang='lat' dir='ltr'><strong>Latinos,</strong></span> <span class='ocrx_word' id='word_1_280' title='bbox 1332 3630 1456 3685; x_wconf 91' lang='lat' dir='ltr'><strong>dein</strong></span> <span class='ocrx_word' id='word_1_281' title='bbox 1484 3630 1706 3697; x_wconf 88' lang='lat' dir='ltr'><strong>Grecos,</strong></span> <span class='ocrx_word' id='word_1_282' title='bbox 1733 3648 1855 3687; x_wconf 82' lang='lat' dir='ltr'><strong>mox</strong></span> <span class='ocrx_word' id='word_1_283' title='bbox 1888 3632 2147 3700; x_wconf 86' lang='lat' dir='ltr'><strong>Hebreos,</strong></span> 
     </span>
    </p>
   </div>
   <div class='ocr_carea' id='block_1_43' title="bbox 568 3711 2152 3784">
    <p class='ocr_par' dir='ltr' id='par_1_43' title="bbox 568 3711 2152 3784">
     <span class='ocr_line' id='line_1_43' title="bbox 568 3711 2152 3784; baseline 0.006 -15"><span class='ocrx_word' id='word_1_284' title='bbox 568 3711 878 3784; x_wconf 89' lang='lat' dir='ltr'><strong>lterumque</strong></span> <span class='ocrx_word' id='word_1_285' title='bbox 903 3715 1127 3780; x_wconf 85' lang='lat' dir='ltr'><strong>Grecos,</strong></span> <span class='ocrx_word' id='word_1_286' title='bbox 1156 3718 1221 3773; x_wconf 88' lang='lat' dir='ltr'><strong>ad</strong></span> <span class='ocrx_word' id='word_1_287' title='bbox 1258 3720 1484 3774; x_wconf 91' lang='lat' dir='ltr'><strong>ultimun</strong></span> <span class='ocrx_word' id='word_1_288' title='bbox 1511 3720 1733 3777; x_wconf 76' lang='lat' dir='ltr'><strong>Latinos</strong></span> <span class='ocrx_word' id='word_1_289' title='bbox 1766 3722 1892 3777; x_wconf 90' lang='lat' dir='ltr'><strong>fecit</strong></span> <span class='ocrx_word' id='word_1_290' title='bbox 1917 3725 2152 3780; x_wconf 81' lang='lat' dir='ltr'><strong>versicu-</strong></span> 
     </span>
    </p>
   </div>
   <div class='ocr_carea' id='block_1_44' title="bbox 566 3798 2152 3877">
    <p class='ocr_par' dir='ltr' id='par_1_44' title="bbox 566 3798 2152 3877">
     <span class='ocr_line' id='line_1_44' title="bbox 566 3798 2152 3877; baseline 0.011 -27"><span class='ocrx_word' id='word_1_291' title='bbox 566 3798 670 3862; x_wconf 78' lang='lat' dir='ltr'><strong>l-zs.</strong></span> <span class='ocrx_word' id='word_1_292' title='bbox 711 3800 864 3859; x_wconf 84' lang='lat' dir='ltr'><strong>Fecit</strong></span> <span class='ocrx_word' id='word_1_293' title='bbox 890 3806 1053 3861; x_wconf 87' lang='lat' dir='ltr'><strong>etiam</strong></span> <span class='ocrx_word' id='word_1_294' title='bbox 1104 3808 1443 3877; x_wconf 76' lang='lat' dir='ltr'><strong>perpulerant</strong></span> <span class='ocrx_word' id='word_1_295' title='bbox 1493 3809 1561 3864; x_wconf 89' lang='lat' dir='ltr'><strong>de</strong></span> <span class='ocrx_word' id='word_1_296' title='bbox 1588 3821 1777 3866; x_wconf 86' lang='lat' dir='ltr'><strong>sancto</strong></span> <span class='ocrx_word' id='word_1_297' title='bbox 1814 3811 2152 3868; x_wconf 82' lang='lat' dir='ltr'><strong>Wunebaldo</strong></span> 
     </span>
    </p>
   </div>
   <div class='ocr_carea' id='block_1_45' title="bbox 567 3891 1866 3963">
    <p class='ocr_par' dir='ltr' id='par_1_45' title="bbox 567 3891 1866 3963">
     <span class='ocr_line' id='line_1_45' title="bbox 567 3891 1866 3963; baseline 0.013 -18"><span class='ocrx_word' id='word_1_298' title='bbox 567 3891 870 3960; x_wconf 74' lang='lat' dir='ltr'><strong>historiam,</strong></span> <span class='ocrx_word' id='word_1_299' title='bbox 901 3905 956 3951; x_wconf 92' lang='lat' dir='ltr'><strong>et</strong></span> <span class='ocrx_word' id='word_1_300' title='bbox 986 3897 1052 3955; x_wconf 89' lang='lat' dir='ltr'><strong>de</strong></span> <span class='ocrx_word' id='word_1_301' title='bbox 1071 3908 1257 3955; x_wconf 86' lang='lat' dir='ltr'><strong>saneto</strong></span> <span class='ocrx_word' id='word_1_302' title='bbox 1288 3898 1464 3955; x_wconf 84' lang='lat' dir='ltr'><strong>Blasio</strong></span> <span class='ocrx_word' id='word_1_303' title='bbox 1490 3902 1866 3963; x_wconf 75' lang='lat' dir='ltr'><strong>novissimam.</strong></span> 
     </span>
    </p>
   </div>
   <div class='ocr_carea' id='block_1_46' title="bbox 574 3985 2153 4069">
    <p class='ocr_par' dir='ltr' id='par_1_46' title="bbox 574 3985 2153 4069">
     <span class='ocr_line' id='line_1_46' title="bbox 574 3985 2153 4069; baseline 0.008 -27"><span class='ocrx_word' id='word_1_304' title='bbox 574 3998 575 4001; x_wconf 78' lang='lat'>‘</span> <span class='ocrx_word' id='word_1_305' title='bbox 641 3985 732 4043; x_wconf 76' lang='grc'><strong>13.</strong></span> <span class='ocrx_word' id='word_1_306' title='bbox 773 3986 906 4047; x_wconf 85' lang='lat' dir='ltr'><strong>Cum</strong></span> <span class='ocrx_word' id='word_1_307' title='bbox 967 4001 1147 4049; x_wconf 87' lang='lat' dir='ltr'><strong>autem</strong></span> <span class='ocrx_word' id='word_1_308' title='bbox 1207 3994 1592 4049; x_wconf 80' lang='lat' dir='ltr'><strong>monasterium</strong></span> <span class='ocrx_word' id='word_1_309' title='bbox 1645 3995 1759 4069; x_wconf 70' lang='lat'><strong>(25)</strong></span> <span class='ocrx_word' id='word_1_310' title='bbox 1822 3998 2153 4067; x_wconf 88' lang='lat' dir='ltr'><strong>ampliﬁcare</strong></span> 
     </span>
    </p>
   </div>
   <div class='ocr_carea' id='block_1_47' title="bbox 567 4081 2151 4158">
    <p class='ocr_par' dir='ltr' id='par_1_47' title="bbox 567 4081 2151 4158">
     <span class='ocr_line' id='line_1_47' title="bbox 567 4081 2151 4158; baseline 0.009 -25"><span class='ocrx_word' id='word_1_311' title='bbox 567 4081 855 4151; x_wconf 81' lang='lat' dir='ltr'><strong>cogitaret,</strong></span> <span class='ocrx_word' id='word_1_312' title='bbox 896 4085 1292 4156; x_wconf 88' lang='lat' dir='ltr'><strong>consiliumque</strong></span> <span class='ocrx_word' id='word_1_313' title='bbox 1322 4090 1685 4158; x_wconf 84' lang='lat' dir='ltr'><strong>prcuominati</strong></span> <span class='ocrx_word' id='word_1_314' title='bbox 1724 4092 1891 4146; x_wconf 77' lang='lat' dir='ltr'><strong>,aneti</strong></span> <span class='ocrx_word' id='word_1_315' title='bbox 1916 4091 2151 4148; x_wconf 84' lang='lat' dir='ltr'><strong>Odalrici</strong></span> 
     </span>
    </p>
   </div>
   <div class='ocr_carea' id='block_1_48' title="bbox 569 4172 2154 4251">
    <p class='ocr_par' dir='ltr' id='par_1_48' title="bbox 569 4172 2154 4251">
     <span class='ocr_line' id='line_1_48' title="bbox 569 4172 2154 4251; baseline 0.006 -24"><span class='ocrx_word' id='word_1_316' title='bbox 569 4172 812 4242; x_wconf 84' lang='lat' dir='ltr'><strong>episcopi</strong></span> <span class='ocrx_word' id='word_1_317' title='bbox 844 4189 1003 4244; x_wconf 88' lang='lat' dir='ltr'><strong>super</strong></span> <span class='ocrx_word' id='word_1_318' title='bbox 1033 4178 1135 4232; x_wconf 91' lang='lat' dir='ltr'><strong>bac</strong></span> <span class='ocrx_word' id='word_1_319' title='bbox 1183 4192 1244 4233; x_wconf 88' lang='lat' dir='ltr'><strong>re</strong></span> <span class='ocrx_word' id='word_1_320' title='bbox 1289 4193 1387 4247; x_wconf 82' lang='lat' dir='ltr'><strong>per</strong></span> <span class='ocrx_word' id='word_1_321' title='bbox 1428 4178 1659 4250; x_wconf 83' lang='lat' dir='ltr'><strong>legatum</strong></span> <span class='ocrx_word' id='word_1_322' title='bbox 1709 4182 2028 4251; x_wconf 79' lang='lat' dir='ltr'><strong>inquireret,</strong></span> <span class='ocrx_word' id='word_1_323' title='bbox 2071 4185 2154 4237; x_wconf 89' lang='lat' dir='ltr'><strong>vir</strong></span> 
     </span>
    </p>
   </div>
   <div class='ocr_carea' id='block_1_49' title="bbox 2240 332 3837 409">
    <p class='ocr_par' dir='ltr' id='par_1_49' title="bbox 2240 332 3837 409">
     <span class='ocr_line' id='line_1_49' title="bbox 2240 332 3837 409; baseline -0.008 -18"><span class='ocrx_word' id='word_1_324' title='bbox 2240 347 2457 392; x_wconf 89' lang='lat' dir='ltr'><strong>nostros</strong></span> <span class='ocrx_word' id='word_1_325' title='bbox 2487 350 2628 405; x_wconf 72' lang='lat' dir='ltr'><strong>saepe</strong></span> <span class='ocrx_word' id='word_1_326' title='bbox 2656 333 3066 394; x_wconf 74' lang='lat' dir='ltr'><strong>audivi‘dieere,</strong></span> <span class='ocrx_word' id='word_1_327' title='bbox 3093 332 3559 409; x_wconf 71' lang='lat' dir='ltr'><strong>appropinquante</strong></span> <span class='ocrx_word' id='word_1_328' title='bbox 3582 336 3837 396; x_wconf 77' lang='lat' dir='ltr'><strong>quotan-</strong></span> 
     </span>
    </p>
   </div>
   <div class='ocr_carea' id='block_1_50' title="bbox 2240 417 3843 482">
    <p class='ocr_par' dir='ltr' id='par_1_50' title="bbox 2240 417 3843 482">
     <span class='ocr_line' id='line_1_50' title="bbox 2240 417 3843 482; baseline -0.009 0"><span class='ocrx_word' id='word_1_329' title='bbox 2240 428 2325 482; x_wconf 86' lang='lat' dir='ltr'><strong>nis</strong></span> <span class='ocrx_word' id='word_1_330' title='bbox 2355 427 2643 482; x_wconf 79' lang='lat' dir='ltr'><strong>festivitate</strong></span> <span class='ocrx_word' id='word_1_331' title='bbox 2667 423 2839 480; x_wconf 85' lang='lat' dir='ltr'><strong>sancti</strong></span> <span class='ocrx_word' id='word_1_332' title='bbox 2864 420 3153 477; x_wconf 84' lang='lat' dir='ltr'><strong>Willibaldi</strong></span> <span class='ocrx_word' id='word_1_333' title='bbox 3191 427 3338 474; x_wconf 79' lang='lat' dir='ltr'><strong>tanta</strong></span> <span class='ocrx_word' id='word_1_334' title='bbox 3389 417 3685 474; x_wconf 81' lang='lat' dir='ltr'><strong>multitudo</strong></span> <span class='ocrx_word' id='word_1_335' title='bbox 3722 430 3843 469; x_wconf 74' lang='lat' dir='ltr'><strong>ca:-</strong></span> 
     </span>
    </p>
   </div>
   <div class='ocr_carea' id='block_1_51' title="bbox 2240 508 3847 582">
    <p class='ocr_par' dir='ltr' id='par_1_51' title="bbox 2240 508 3847 582">
     <span class='ocr_line' id='line_1_51' title="bbox 2240 508 3847 582; baseline -0.009 -8"><span class='ocrx_word' id='word_1_336' title='bbox 2240 534 2447 582; x_wconf 87' lang='lat' dir='ltr'><strong>eorum,</strong></span> <span class='ocrx_word' id='word_1_337' title='bbox 2506 517 2840 577; x_wconf 81' lang='lat' dir='ltr'><strong>claudorum,</strong></span> <span class='ocrx_word' id='word_1_338' title='bbox 2896 526 3228 574; x_wconf 79' lang='lat' dir='ltr'><strong>mancorum,</strong></span> <span class='ocrx_word' id='word_1_339' title='bbox 3274 508 3723 565; x_wconf 80' lang='lat' dir='ltr'><strong>demoniaoormn</strong></span> <span class='ocrx_word' id='word_1_340' title='bbox 3780 513 3847 561; x_wconf 83' lang='lat' dir='ltr'><strong>ct</strong></span> 
     </span>
    </p>
   </div>
   <div class='ocr_carea' id='block_1_52' title="bbox 2240 599 3844 672">
    <p class='ocr_par' dir='ltr' id='par_1_52' title="bbox 2240 599 3844 672">
     <span class='ocr_line' id='line_1_52' title="bbox 2240 599 3844 672; baseline -0.009 -8"><span class='ocrx_word' id='word_1_341' title='bbox 2240 607 2532 664; x_wconf 89' lang='lat' dir='ltr'><strong>multifarie</strong></span> <span class='ocrx_word' id='word_1_342' title='bbox 2559 606 2814 663; x_wconf 85' lang='lat' dir='ltr'><strong>debilium</strong></span> <span class='ocrx_word' id='word_1_343' title='bbox 2840 603 3122 665; x_wconf 72' lang='lat' dir='ltr'><strong>conﬁnxit,</strong></span> <span class='ocrx_word' id='word_1_344' title='bbox 3147 610 3208 656; x_wconf 91' lang='lat' dir='ltr'><strong>ut</strong></span> <span class='ocrx_word' id='word_1_345' title='bbox 3234 600 3473 672; x_wconf 87' lang='lat' dir='ltr'><strong>porticus</strong></span> <span class='ocrx_word' id='word_1_346' title='bbox 3504 599 3595 653; x_wconf 90' lang='lat' dir='ltr'><strong>illa</strong></span> <span class='ocrx_word' id='word_1_347' title='bbox 3623 611 3844 668; x_wconf 74' lang='lat' dir='ltr'><strong>magna</strong></span> 
     </span>
    </p>
   </div>
   <div class='ocr_carea' id='block_1_53' title="bbox 2238 696 3846 765">
    <p class='ocr_par' dir='ltr' id='par_1_53' title="bbox 2238 696 3846 765">
     <span class='ocr_line' id='line_1_53' title="bbox 2238 696 3846 765; baseline -0.009 -10"><span class='ocrx_word' id='word_1_348' title='bbox 2238 700 2305 755; x_wconf 88' lang='lat' dir='ltr'><strong>ad</strong></span> <span class='ocrx_word' id='word_1_349' title='bbox 2337 699 2594 754; x_wconf 86' lang='lat' dir='ltr'><strong>Sanctum</strong></span> <span class='ocrx_word' id='word_1_350' title='bbox 2628 696 2914 751; x_wconf 77' lang='lat' dir='ltr'><strong>Martinam</strong></span> <span class='ocrx_word' id='word_1_351' title='bbox 2962 707 3299 765; x_wconf 88' lang='lat' dir='ltr'><strong>nequaquam</strong></span> <span class='ocrx_word' id='word_1_352' title='bbox 3326 705 3422 746; x_wconf 89' lang='lat' dir='ltr'><strong>eos</strong></span> <span class='ocrx_word' id='word_1_353' title='bbox 3453 703 3655 759; x_wconf 84' lang='lat' dir='ltr'><strong>capere</strong></span> <span class='ocrx_word' id='word_1_354' title='bbox 3701 702 3846 758; x_wconf 85' lang='lat' dir='ltr'><strong>pos—</strong></span> 
     </span>
    </p>
   </div>
   <div class='ocr_carea' id='block_1_54' title="bbox 2239 780 3841 860">
    <p class='ocr_par' dir='ltr' id='par_1_54' title="bbox 2239 780 3841 860">
     <span class='ocr_line' id='line_1_54' title="bbox 2239 780 3841 860; baseline -0.007 -14"><span class='ocrx_word' id='word_1_355' title='bbox 2239 799 2343 857; x_wconf 87' lang='lat' dir='ltr'><strong>set,</strong></span> <span class='ocrx_word' id='word_1_356' title='bbox 2394 798 2682 860; x_wconf 83' lang='lat' dir='ltr'><strong>tantusque</strong></span> <span class='ocrx_word' id='word_1_357' title='bbox 2709 787 2911 843; x_wconf 89' lang='lat' dir='ltr'><strong>stridor</strong></span> <span class='ocrx_word' id='word_1_358' title='bbox 2937 785 3005 841; x_wconf 89' lang='lat' dir='ltr'><strong>ab</strong></span> <span class='ocrx_word' id='word_1_359' title='bbox 3037 787 3118 842; x_wconf 88' lang='lat' dir='ltr'><strong>eis</strong></span> <span class='ocrx_word' id='word_1_360' title='bbox 3147 786 3198 839; x_wconf 93' lang='lat' dir='ltr'><strong>in</strong></span> <span class='ocrx_word' id='word_1_361' title='bbox 3228 783 3409 852; x_wconf 78' lang='lat' dir='ltr'><strong>vigilia</strong></span> <span class='ocrx_word' id='word_1_362' title='bbox 3435 781 3608 838; x_wconf 83' lang='lat' dir='ltr'><strong>sancti</strong></span> <span class='ocrx_word' id='word_1_363' title='bbox 3640 780 3841 846; x_wconf 82' lang='lat' dir='ltr'><strong>ﬁeret,</strong></span> 
     </span>
    </p>
   </div>
   <div class='ocr_carea' id='block_1_55' title="bbox 2237 869 3842 951">
    <p class='ocr_par' dir='ltr' id='par_1_55' title="bbox 2237 869 3842 951">
     <span class='ocr_line' id='line_1_55' title="bbox 2237 869 3842 951; baseline -0.005 -17"><span class='ocrx_word' id='word_1_364' title='bbox 2237 890 2299 939; x_wconf 91' lang='lat' dir='ltr'><strong>ut</strong></span> <span class='ocrx_word' id='word_1_365' title='bbox 2324 893 2602 951; x_wconf 86' lang='lat' dir='ltr'><strong>vesperam</strong></span> <span class='ocrx_word' id='word_1_366' title='bbox 2647 878 2796 933; x_wconf 88' lang='lat' dir='ltr'><strong>illam</strong></span> <span class='ocrx_word' id='word_1_367' title='bbox 2840 875 3285 947; x_wconf 79' lang='lat' dir='ltr'><strong>iocundissimum</strong></span> <span class='ocrx_word' id='word_1_368' title='bbox 3317 871 3559 931; x_wconf 78' lang='lat' dir='ltr'><strong>nonnihil</strong></span> <span class='ocrx_word' id='word_1_369' title='bbox 3588 869 3842 942; x_wconf 74' lang='lat' dir='ltr'><strong>impedi-</strong></span> 
     </span>
    </p>
   </div>
   <div class='ocr_carea' id='block_1_56' title="bbox 2238 962 3844 1037">
    <p class='ocr_par' dir='ltr' id='par_1_56' title="bbox 2238 962 3844 1037">
     <span class='ocr_line' id='line_1_56' title="bbox 2238 962 3844 1037; baseline -0.009 -10"><span class='ocrx_word' id='word_1_370' title='bbox 2238 979 2390 1037; x_wconf 88' lang='lat' dir='ltr'><strong>rent;</strong></span> <span class='ocrx_word' id='word_1_371' title='bbox 2422 979 2792 1028; x_wconf 85' lang='lat' dir='ltr'><strong>verumtamen</strong></span> <span class='ocrx_word' id='word_1_372' title='bbox 2844 975 3131 1037; x_wconf 87' lang='lat' dir='ltr'><strong>antequam</strong></span> <span class='ocrx_word' id='word_1_373' title='bbox 3178 965 3343 1020; x_wconf 87' lang='lat' dir='ltr'><strong>missa</strong></span> <span class='ocrx_word' id='word_1_374' title='bbox 3395 963 3450 1017; x_wconf 86' lang='lat' dir='ltr'><strong>in</strong></span> <span class='ocrx_word' id='word_1_375' title='bbox 3486 962 3576 1017; x_wconf 88' lang='lat' dir='ltr'><strong>die</strong></span> <span class='ocrx_word' id='word_1_376' title='bbox 3632 968 3844 1015; x_wconf 81' lang='lat' dir='ltr'><strong>saneto</strong></span> 
     </span>
    </p>
   </div>
   <div class='ocr_carea' id='block_1_57' title="bbox 2239 1056 3846 1128">
    <p class='ocr_par' dir='ltr' id='par_1_57' title="bbox 2239 1056 3846 1128">
     <span class='ocr_line' id='line_1_57' title="bbox 2239 1056 3846 1128; baseline -0.009 -10"><span class='ocrx_word' id='word_1_377' title='bbox 2239 1063 2392 1119; x_wconf 85' lang='lat' dir='ltr'><strong>finita</strong></span> <span class='ocrx_word' id='word_1_378' title='bbox 2440 1063 2652 1128; x_wconf 79' lang='lat' dir='ltr'><strong>fuisset,</strong></span> <span class='ocrx_word' id='word_1_379' title='bbox 2698 1060 2869 1117; x_wconf 89' lang='lat' dir='ltr'><strong>ferme</strong></span> <span class='ocrx_word' id='word_1_380' title='bbox 2915 1073 3103 1115; x_wconf 90' lang='lat' dir='ltr'><strong>omnes</strong></span> <span class='ocrx_word' id='word_1_381' title='bbox 3147 1056 3322 1113; x_wconf 83' lang='lat' dir='ltr'><strong>sanati</strong></span> <span class='ocrx_word' id='word_1_382' title='bbox 3371 1056 3484 1110; x_wconf 88' lang='lat' dir='ltr'><strong>Deo</strong></span> <span class='ocrx_word' id='word_1_383' title='bbox 3524 1060 3846 1121; x_wconf 76' lang='lat' dir='ltr'><strong>sanctoque</strong></span> 
     </span>
    </p>
   </div>
   <div class='ocr_carea' id='block_1_58' title="bbox 2239 1142 3840 1223">
    <p class='ocr_par' dir='ltr' id='par_1_58' title="bbox 2239 1142 3840 1223">
     <span class='ocr_line' id='line_1_58' title="bbox 2239 1142 3840 1223; baseline -0.011 -11"><span class='ocrx_word' id='word_1_384' title='bbox 2239 1155 2548 1212; x_wconf 78' lang='lat' dir='ltr'><strong>Willibaldo</strong></span> <span class='ocrx_word' id='word_1_385' title='bbox 2576 1154 2783 1209; x_wconf 91' lang='lat' dir='ltr'><strong>debitas</strong></span> <span class='ocrx_word' id='word_1_386' title='bbox 2806 1152 3007 1223; x_wconf 83' lang='lat' dir='ltr'><strong>gratias</strong></span> <span class='ocrx_word' id='word_1_387' title='bbox 3033 1148 3318 1204; x_wconf 89' lang='lat' dir='ltr'><strong>referrent.</strong></span> <span class='ocrx_word' id='word_1_388' title='bbox 3344 1146 3410 1200; x_wconf 83' lang='lat' dir='ltr'><strong>Et</strong></span> <span class='ocrx_word' id='word_1_389' title='bbox 3436 1144 3562 1199; x_wconf 86' lang='lat' dir='ltr'><strong>hinc</strong></span> <span class='ocrx_word' id='word_1_390' title='bbox 3586 1142 3840 1199; x_wconf 80' lang='lat' dir='ltr'><strong>eundem</strong></span> 
     </span>
    </p>
   </div>
   <div class='ocr_carea' id='block_1_59' title="bbox 2239 1235 3843 1317">
    <p class='ocr_par' dir='ltr' id='par_1_59' title="bbox 2239 1235 3843 1317">
     <span class='ocr_line' id='line_1_59' title="bbox 2239 1235 3843 1317; baseline -0.009 -16"><span class='ocrx_word' id='word_1_391' title='bbox 2239 1246 2545 1317; x_wconf 88' lang='lat' dir='ltr'><strong>episcopum</strong></span> <span class='ocrx_word' id='word_1_392' title='bbox 2574 1242 2927 1312; x_wconf 80' lang='lat' dir='ltr'><strong>antiphonam</strong></span> <span class='ocrx_word' id='word_1_393' title='bbox 2976 1239 3120 1293; x_wconf 83' lang='lat' dir='ltr'><strong>illam</strong></span> <span class='ocrx_word' id='word_1_394' title='bbox 3164 1235 3366 1293; x_wconf 77' lang='lat' dir='ltr'><strong>Surdas</strong></span> <span class='ocrx_word' id='word_1_395' title='bbox 3413 1250 3601 1300; x_wconf 70' lang='lat' dir='ltr'><strong>meos,</strong></span> <span class='ocrx_word' id='word_1_396' title='bbox 3652 1243 3843 1287; x_wconf 77' lang='lat' dir='ltr'><strong>mutos</strong></span> 
     </span>
    </p>
   </div>
   <div class='ocr_carea' id='block_1_60' title="bbox 2239 1325 3846 1401">
    <p class='ocr_par' dir='ltr' id='par_1_60' title="bbox 2239 1325 3846 1401">
     <span class='ocr_line' id='line_1_60' title="bbox 2239 1325 3846 1401; baseline -0.009 -10"><span class='ocrx_word' id='word_1_397' title='bbox 2239 1336 2452 1391; x_wconf 73' lang='lat' dir='ltr'><strong>araneas</strong></span> <span class='ocrx_word' id='word_1_398' title='bbox 2479 1334 2673 1391; x_wconf 85' lang='lat' dir='ltr'><strong>fecisse</strong></span> <span class='ocrx_word' id='word_1_399' title='bbox 2700 1343 2755 1388; x_wconf 92' lang='lat' dir='ltr'><strong>et</strong></span> <span class='ocrx_word' id='word_1_400' title='bbox 2784 1331 2948 1401; x_wconf 85' lang='lat' dir='ltr'><strong>priori</strong></span> <span class='ocrx_word' id='word_1_401' title='bbox 2977 1328 3307 1401; x_wconf 76' lang='lat' dir='ltr'><strong>prannisisse</strong></span> <span class='ocrx_word' id='word_1_402' title='bbox 3334 1325 3614 1389; x_wconf 74' lang='lat' dir='ltr'><strong>Miraculis</strong></span> <span class='ocrx_word' id='word_1_403' title='bbox 3650 1325 3846 1392; x_wconf 75' lang='lat' dir='ltr'><strong>signa-</strong></span> 
     </span>
    </p>
   </div>
   <div class='ocr_carea' id='block_1_61' title="bbox 2241 1417 3642 1497">
    <p class='ocr_par' dir='ltr' id='par_1_61' title="bbox 2241 1417 3642 1497">
     <span class='ocr_line' id='line_1_61' title="bbox 2241 1417 3642 1497; baseline -0.008 -17"><span class='ocrx_word' id='word_1_404' title='bbox 2241 1442 2460 1497; x_wconf 77' lang='lat' dir='ltr'><strong>rumque</strong></span> <span class='ocrx_word' id='word_1_405' title='bbox 2487 1424 2650 1479; x_wconf 81' lang='lat' dir='ltr'><strong>variis</strong></span> <span class='ocrx_word' id='word_1_406' title='bbox 2677 1422 2952 1479; x_wconf 75' lang='lat' dir='ltr'><strong>virtutibus</strong></span> <span class='ocrx_word' id='word_1_407' title='bbox 2983 1426 3351 1489; x_wconf 62' lang='lat' dir='ltr'><strong>pra’powntem</strong></span> <span class='ocrx_word' id='word_1_408' title='bbox 3374 1417 3642 1486; x_wconf 60' lang='lat' dir='ltr'><strong>eiecerat.</strong></span> 
     </span>
    </p>
   </div>
   <div class='ocr_carea' id='block_1_62' title="bbox 2285 1508 3839 1586">
    <p class='ocr_par' dir='ltr' id='par_1_62' title="bbox 2285 1508 3839 1586">
     <span class='ocr_line' id='line_1_62' title="bbox 2285 1508 3839 1586; baseline -0.01 -14"><span class='ocrx_word' id='word_1_409' title='bbox 2285 1517 2399 1572; x_wconf 69' lang='lat'><strong>&#39;14.</strong></span> <span class='ocrx_word' id='word_1_410' title='bbox 2442 1516 2707 1586; x_wconf 85' lang='lat' dir='ltr'><strong>Diligebat</strong></span> <span class='ocrx_word' id='word_1_411' title='bbox 2746 1522 2926 1567; x_wconf 87' lang='lat' dir='ltr'><strong>autem</strong></span> <span class='ocrx_word' id='word_1_412' title='bbox 2956 1510 3096 1565; x_wconf 88' lang='lat' dir='ltr'><strong>idem</strong></span> <span class='ocrx_word' id='word_1_413' title='bbox 3117 1508 3402 1578; x_wconf 89' lang='lat' dir='ltr'><strong>episcopus</strong></span> <span class='ocrx_word' id='word_1_414' title='bbox 3432 1511 3839 1576; x_wconf 70' lang='lat' dir='ltr'><strong>prmpotentem</strong></span> 
     </span>
    </p>
   </div>
   <div class='ocr_carea' id='block_1_63' title="bbox 2173 1590 3843 1677">
    <p class='ocr_par' dir='ltr' id='par_1_63' title="bbox 2173 1590 3843 1677">
     <span class='ocr_line' id='line_1_63' title="bbox 2173 1590 3843 1677; baseline -0.01 -13"><span class='ocrx_word' id='word_1_415' title='bbox 2173 1590 2212 1647; x_wconf 71' lang='grc' dir='ltr'><strong>Β</strong></span> <span class='ocrx_word' id='word_1_416' title='bbox 2241 1608 2509 1677; x_wconf 85' lang='lat' dir='ltr'><strong>quandam</strong></span> <span class='ocrx_word' id='word_1_417' title='bbox 2539 1606 2808 1660; x_wconf 85' lang='lat' dir='ltr'><strong>dominam</strong></span> <span class='ocrx_word' id='word_1_418' title='bbox 2840 1603 2932 1659; x_wconf 73' lang='lat' dir='ltr'><strong>l’ia</strong></span> <span class='ocrx_word' id='word_1_419' title='bbox 2971 1609 3238 1663; x_wconf 86' lang='lat' dir='ltr'><strong>vocatam,</strong></span> <span class='ocrx_word' id='word_1_420' title='bbox 3272 1613 3392 1668; x_wconf 71' lang='lat' dir='ltr'><strong>qua:</strong></span> <span class='ocrx_word' id='word_1_421' title='bbox 3434 1611 3630 1651; x_wconf 68' lang='lat' dir='ltr'><strong>omnes</strong></span> <span class='ocrx_word' id='word_1_422' title='bbox 3688 1595 3843 1648; x_wconf 82' lang='lat' dir='ltr'><strong>illius</strong></span> 
     </span>
    </p>
   </div>
   <div class='ocr_carea' id='block_1_64' title="bbox 2244 1686 3841 1767">
    <p class='ocr_par' dir='ltr' id='par_1_64' title="bbox 2244 1686 3841 1767">
     <span class='ocr_line' id='line_1_64' title="bbox 2244 1686 3841 1767; baseline -0.009 -14"><span class='ocrx_word' id='word_1_423' title='bbox 2244 1697 2501 1767; x_wconf 88' lang='lat' dir='ltr'><strong>temporis</strong></span> <span class='ocrx_word' id='word_1_424' title='bbox 2528 1695 2757 1752; x_wconf 82' lang='lat' dir='ltr'><strong>feminas</strong></span> <span class='ocrx_word' id='word_1_425' title='bbox 2801 1692 3153 1747; x_wconf 80' lang='lat' dir='ltr'><strong>artiﬁciorum</strong></span> <span class='ocrx_word' id='word_1_426' title='bbox 3206 1688 3504 1743; x_wconf 85' lang='lat' dir='ltr'><strong>subtilitate</strong></span> <span class='ocrx_word' id='word_1_427' title='bbox 3556 1686 3841 1754; x_wconf 59' lang='lat' dir='ltr'><strong>incompao</strong></span> 
     </span>
    </p>
   </div>
   <div class='ocr_carea' id='block_1_65' title="bbox 2245 1776 3844 1854">
    <p class='ocr_par' dir='ltr' id='par_1_65' title="bbox 2245 1776 3844 1854">
     <span class='ocr_line' id='line_1_65' title="bbox 2245 1776 3844 1854; baseline -0.01 -9"><span class='ocrx_word' id='word_1_428' title='bbox 2245 1790 2485 1845; x_wconf 88' lang='lat' dir='ltr'><strong>rabiliter</strong></span> <span class='ocrx_word' id='word_1_429' title='bbox 2552 1787 2753 1842; x_wconf 88' lang='lat' dir='ltr'><strong>dicitur</strong></span> <span class='ocrx_word' id='word_1_430' title='bbox 2800 1797 3106 1854; x_wconf 87' lang='lat' dir='ltr'><strong>superasse.</strong></span> <span class='ocrx_word' id='word_1_431' title='bbox 3163 1779 3286 1834; x_wconf 68' lang='lat' dir='ltr'><strong>limo</strong></span> <span class='ocrx_word' id='word_1_432' title='bbox 3342 1776 3523 1831; x_wconf 89' lang='lat' dir='ltr'><strong>multis</strong></span> <span class='ocrx_word' id='word_1_433' title='bbox 3572 1786 3632 1830; x_wconf 91' lang='lat' dir='ltr'><strong>ct</strong></span> <span class='ocrx_word' id='word_1_434' title='bbox 3679 1777 3844 1830; x_wconf 84' lang='lat' dir='ltr'><strong>miris</strong></span> 
     </span>
    </p>
   </div>
   <div class='ocr_carea' id='block_1_66' title="bbox 2243 1867 3842 1937">
    <p class='ocr_par' dir='ltr' id='par_1_66' title="bbox 2243 1867 3842 1937">
     <span class='ocr_line' id='line_1_66' title="bbox 2243 1867 3842 1937; baseline -0.01 -1"><span class='ocrx_word' id='word_1_435' title='bbox 2243 1882 2525 1937; x_wconf 89' lang='lat' dir='ltr'><strong>ornatibus</strong></span> <span class='ocrx_word' id='word_1_436' title='bbox 2553 1878 2840 1934; x_wconf 88' lang='lat' dir='ltr'><strong>ecclesiam</strong></span> <span class='ocrx_word' id='word_1_437' title='bbox 2889 1886 3129 1930; x_wconf 90' lang='lat' dir='ltr'><strong>nostram</strong></span> <span class='ocrx_word' id='word_1_438' title='bbox 3165 1870 3458 1936; x_wconf 87' lang='lat' dir='ltr'><strong>decoravit,</strong></span> <span class='ocrx_word' id='word_1_439' title='bbox 3495 1885 3602 1924; x_wconf 89' lang='lat' dir='ltr'><strong>non</strong></span> <span class='ocrx_word' id='word_1_440' title='bbox 3651 1867 3842 1926; x_wconf 70' lang='lat' dir='ltr'><strong>solum</strong></span> 
     </span>
    </p>
   </div>
   <div class='ocr_carea' id='block_1_67' title="bbox 2243 1960 3842 2043">
    <p class='ocr_par' dir='ltr' id='par_1_67' title="bbox 2243 1960 3842 2043">
     <span class='ocr_line' id='line_1_67' title="bbox 2243 1960 3842 2043; baseline -0.009 -14"><span class='ocrx_word' id='word_1_441' title='bbox 2243 1989 2341 2043; x_wconf 81' lang='lat' dir='ltr'><strong>per</strong></span> <span class='ocrx_word' id='word_1_442' title='bbox 2366 1972 2712 2041; x_wconf 90' lang='lat' dir='ltr'><strong>semetipsam</strong></span> <span class='ocrx_word' id='word_1_443' title='bbox 2730 1968 3004 2040; x_wconf 87' lang='lat' dir='ltr'><strong>operando</strong></span> <span class='ocrx_word' id='word_1_444' title='bbox 3025 1982 3117 2021; x_wconf 88' lang='lat' dir='ltr'><strong>seu</strong></span> <span class='ocrx_word' id='word_1_445' title='bbox 3147 1964 3427 2028; x_wconf 86' lang='lat' dir='ltr'><strong>tradendo,</strong></span> <span class='ocrx_word' id='word_1_446' title='bbox 3451 1977 3644 2017; x_wconf 80' lang='lat' dir='ltr'><strong>verum</strong></span> <span class='ocrx_word' id='word_1_447' title='bbox 3666 1960 3842 2015; x_wconf 83' lang='lat' dir='ltr'><strong>etiam</strong></span> 
     </span>
    </p>
   </div>
   <div class='ocr_carea' id='block_1_68' title="bbox 2244 2052 3843 2126">
    <p class='ocr_par' dir='ltr' id='par_1_68' title="bbox 2244 2052 3843 2126">
     <span class='ocr_line' id='line_1_68' title="bbox 2244 2052 3843 2126; baseline -0.01 -5"><span class='ocrx_word' id='word_1_448' title='bbox 2244 2064 2380 2121; x_wconf 86' lang='lat' dir='ltr'><strong>alias</strong></span> <span class='ocrx_word' id='word_1_449' title='bbox 2407 2063 2601 2118; x_wconf 75' lang='lat' dir='ltr'><strong>multas</strong></span> <span class='ocrx_word' id='word_1_450' title='bbox 2630 2061 2796 2115; x_wconf 87' lang='lat' dir='ltr'><strong>multa</strong></span> <span class='ocrx_word' id='word_1_451' title='bbox 2824 2058 3174 2115; x_wconf 88' lang='lat' dir='ltr'><strong>artiﬁciorum</strong></span> <span class='ocrx_word' id='word_1_452' title='bbox 3202 2071 3405 2126; x_wconf 79' lang='lat' dir='ltr'><strong>genera</strong></span> <span class='ocrx_word' id='word_1_453' title='bbox 3457 2053 3731 2109; x_wconf 75' lang='lat' dir='ltr'><strong>docendo.</strong></span> <span class='ocrx_word' id='word_1_454' title='bbox 3758 2052 3843 2106; x_wconf 76' lang='lat' dir='ltr'><strong>Ad</strong></span> 
     </span>
    </p>
   </div>
   <div class='ocr_carea' id='block_1_69' title="bbox 2246 2144 3844 2227">
    <p class='ocr_par' dir='ltr' id='par_1_69' title="bbox 2246 2144 3844 2227">
     <span class='ocr_line' id='line_1_69' title="bbox 2246 2144 3844 2227; baseline -0.009 -18"><span class='ocrx_word' id='word_1_455' title='bbox 2246 2156 2492 2209; x_wconf 86' lang='lat' dir='ltr'><strong>ultimum</strong></span> <span class='ocrx_word' id='word_1_456' title='bbox 2527 2153 2767 2227; x_wconf 84' lang='lat' dir='ltr'><strong>perfecte</strong></span> <span class='ocrx_word' id='word_1_457' title='bbox 2795 2165 3059 2208; x_wconf 86' lang='lat' dir='ltr'><strong>conversa</strong></span> <span class='ocrx_word' id='word_1_458' title='bbox 3089 2149 3154 2203; x_wconf 84' lang='lat' dir='ltr'><strong>ad</strong></span> <span class='ocrx_word' id='word_1_459' title='bbox 3195 2148 3498 2209; x_wconf 85' lang='lat' dir='ltr'><strong>Dominum,</strong></span> <span class='ocrx_word' id='word_1_460' title='bbox 3555 2144 3608 2198; x_wconf 88' lang='lat' dir='ltr'><strong>in</strong></span> <span class='ocrx_word' id='word_1_461' title='bbox 3654 2145 3844 2212; x_wconf 73' lang='lat' dir='ltr'><strong>proxi-</strong></span> 
     </span>
    </p>
   </div>
   <div class='ocr_carea' id='block_1_70' title="bbox 2246 2235 3841 2305">
    <p class='ocr_par' dir='ltr' id='par_1_70' title="bbox 2246 2235 3841 2305">
     <span class='ocr_line' id='line_1_70' title="bbox 2246 2235 3841 2305; baseline -0.011 0"><span class='ocrx_word' id='word_1_462' title='bbox 2246 2266 2335 2305; x_wconf 91' lang='lat' dir='ltr'><strong>mo</strong></span> <span class='ocrx_word' id='word_1_463' title='bbox 2359 2248 2660 2305; x_wconf 73' lang='lat' dir='ltr'><strong>consuuxit</strong></span> <span class='ocrx_word' id='word_1_464' title='bbox 2689 2243 3074 2300; x_wconf 84' lang='lat' dir='ltr'><strong>menasterium</strong></span> <span class='ocrx_word' id='word_1_465' title='bbox 3122 2236 3592 2295; x_wconf 85' lang='lat' dir='ltr'><strong>sanctimonialum</strong></span> <span class='ocrx_word' id='word_1_466' title='bbox 3623 2235 3841 2305; x_wconf 78' lang='lat' dir='ltr'><strong>Bergen</strong></span> 
     </span>
    </p>
   </div>
   <div class='ocr_carea' id='block_1_71' title="bbox 2247 2327 3843 2408">
    <p class='ocr_par' dir='ltr' id='par_1_71' title="bbox 2247 2327 3843 2408">
     <span class='ocr_line' id='line_1_71' title="bbox 2247 2327 3843 2408; baseline -0.011 -13"><span class='ocrx_word' id='word_1_467' title='bbox 2247 2350 2496 2395; x_wconf 88' lang='lat' dir='ltr'><strong>vocatum</strong></span> <span class='ocrx_word' id='word_1_468' title='bbox 2526 2335 2662 2408; x_wconf 75' lang='lat'><strong>(‘26),</strong></span> <span class='ocrx_word' id='word_1_469' title='bbox 2720 2335 2864 2404; x_wconf 86' lang='lat' dir='ltr'><strong>quod</strong></span> <span class='ocrx_word' id='word_1_470' title='bbox 2922 2331 3213 2403; x_wconf 82' lang='lat' dir='ltr'><strong>regalibus,</strong></span> <span class='ocrx_word' id='word_1_471' title='bbox 3260 2338 3317 2384; x_wconf 89' lang='lat' dir='ltr'><strong>ut</strong></span> <span class='ocrx_word' id='word_1_472' title='bbox 3363 2338 3484 2383; x_wconf 85' lang='lat' dir='ltr'><strong>erat</strong></span> <span class='ocrx_word' id='word_1_473' title='bbox 3539 2327 3843 2386; x_wconf 82' lang='lat' dir='ltr'><strong>ditissima.</strong></span> 
     </span>
    </p>
   </div>
   <div class='ocr_carea' id='block_1_72' title="bbox 2247 2423 3840 2497">
    <p class='ocr_par' dir='ltr' id='par_1_72' title="bbox 2247 2423 3840 2497">
     <span class='ocr_line' id='line_1_72' title="bbox 2247 2423 3840 2497; baseline -0.012 -10"><span class='ocrx_word' id='word_1_474' title='bbox 2247 2431 2543 2487; x_wconf 72' lang='lat' dir='ltr'><strong>reddiiibus</strong></span> <span class='ocrx_word' id='word_1_475' title='bbox 2572 2427 2951 2497; x_wconf 83' lang='lat' dir='ltr'><strong>locupletatum</strong></span> <span class='ocrx_word' id='word_1_476' title='bbox 2978 2434 3045 2478; x_wconf 34' lang='lat' dir='ltr'><strong>et,</strong></span> <span class='ocrx_word' id='word_1_477' title='bbox 3071 2423 3215 2477; x_wconf 89' lang='lat' dir='ltr'><strong>omni</strong></span> <span class='ocrx_word' id='word_1_478' title='bbox 3255 2427 3704 2481; x_wconf 85' lang='lat' dir='ltr'><strong>ornamentorum</strong></span> <span class='ocrx_word' id='word_1_479' title='bbox 3742 2433 3840 2486; x_wconf 79' lang='lat' dir='ltr'><strong>ge-</strong></span> 
     </span>
    </p>
   </div>
   <div class='ocr_carea' id='block_1_73' title="bbox 2250 2510 3840 2578">
    <p class='ocr_par' dir='ltr' id='par_1_73' title="bbox 2250 2510 3840 2578">
     <span class='ocr_line' id='line_1_73' title="bbox 2250 2510 3840 2578; baseline -0.011 0"><span class='ocrx_word' id='word_1_480' title='bbox 2250 2540 2376 2578; x_wconf 78' lang='lat' dir='ltr'><strong>nere</strong></span> <span class='ocrx_word' id='word_1_481' title='bbox 2403 2520 2754 2576; x_wconf 82' lang='lat' dir='ltr'><strong>multifariam</strong></span> <span class='ocrx_word' id='word_1_482' title='bbox 2783 2518 3117 2577; x_wconf 88' lang='lat' dir='ltr'><strong>decoratum,</strong></span> <span class='ocrx_word' id='word_1_483' title='bbox 3150 2513 3405 2567; x_wconf 73' lang='lat' dir='ltr'><strong>Romana:</strong></span> <span class='ocrx_word' id='word_1_484' title='bbox 3433 2510 3684 2565; x_wconf 71' lang='lat' dir='ltr'><strong>ecclesia:</strong></span> <span class='ocrx_word' id='word_1_485' title='bbox 3710 2525 3840 2578; x_wconf 78' lang='lat' dir='ltr'><strong>spe-</strong></span> 
     </span>
    </p>
   </div>
   <div class='ocr_carea' id='block_1_74' title="bbox 2248 2601 3845 2676">
    <p class='ocr_par' dir='ltr' id='par_1_74' title="bbox 2248 2601 3845 2676">
     <span class='ocr_line' id='line_1_74' title="bbox 2248 2601 3845 2676; baseline -0.01 -5"><span class='ocrx_word' id='word_1_486' title='bbox 2248 2615 2456 2671; x_wconf 75' lang='lat' dir='ltr'><strong>cialiter</strong></span> <span class='ocrx_word' id='word_1_487' title='bbox 2495 2608 2733 2667; x_wconf 84' lang='lat' dir='ltr'><strong>tradidit.</strong></span> <span class='ocrx_word' id='word_1_488' title='bbox 2762 2610 2934 2676; x_wconf 81' lang='lat' dir='ltr'><strong>Quatn</strong></span> <span class='ocrx_word' id='word_1_489' title='bbox 2984 2606 3328 2660; x_wconf 85' lang='lat' dir='ltr'><strong>traditionem</strong></span> <span class='ocrx_word' id='word_1_490' title='bbox 3381 2601 3662 2655; x_wconf 80' lang='lat' dir='ltr'><strong>Jobannes</strong></span> <span class='ocrx_word' id='word_1_491' title='bbox 3710 2611 3845 2655; x_wconf 75' lang='lat' dir='ltr'><strong>tunc</strong></span> 
     </span>
    </p>
   </div>
   <div class='ocr_carea' id='block_1_75' title="bbox 2249 2693 3844 2780">
    <p class='ocr_par' dir='ltr' id='par_1_75' title="bbox 2249 2693 3844 2780">
     <span class='ocr_line' id='line_1_75' title="bbox 2249 2693 3844 2780; baseline -0.016 -13"><span class='ocrx_word' id='word_1_492' title='bbox 2249 2707 2572 2780; x_wconf 80' lang='lat' dir='ltr'><strong>apostolicus</strong></span> <span class='ocrx_word' id='word_1_493' title='bbox 2600 2703 2879 2774; x_wconf 82' lang='lat' dir='ltr'><strong>privilegio</strong></span> <span class='ocrx_word' id='word_1_494' title='bbox 2923 2716 3043 2762; x_wconf 86' lang='lat' dir='ltr'><strong>suo,</strong></span> <span class='ocrx_word' id='word_1_495' title='bbox 3073 2698 3214 2767; x_wconf 84' lang='lat' dir='ltr'><strong>quod</strong></span> <span class='ocrx_word' id='word_1_496' title='bbox 3248 2696 3512 2763; x_wconf 85' lang='lat' dir='ltr'><strong>hodieque</strong></span> <span class='ocrx_word' id='word_1_497' title='bbox 3550 2693 3844 2745; x_wconf 76' lang='lat' dir='ltr'><strong>nobiscum</strong></span> 
     </span>
    </p>
   </div>
   <div class='ocr_carea' id='block_1_76' title="bbox 2248 2783 3844 2864">
    <p class='ocr_par' dir='ltr' id='par_1_76' title="bbox 2248 2783 3844 2864">
     <span class='ocr_line' id='line_1_76' title="bbox 2248 2783 3844 2864; baseline -0.012 -8"><span class='ocrx_word' id='word_1_498' title='bbox 2248 2795 2724 2864; x_wconf 87' lang='lat' dir='ltr'><strong>est,conﬁrmavit,</strong></span> <span class='ocrx_word' id='word_1_499' title='bbox 2753 2804 2808 2848; x_wconf 87' lang='lat' dir='ltr'><strong>et</strong></span> <span class='ocrx_word' id='word_1_500' title='bbox 2828 2808 3016 2846; x_wconf 84' lang='lat' dir='ltr'><strong>omnes</strong></span> <span class='ocrx_word' id='word_1_501' title='bbox 3038 2790 3211 2844; x_wconf 71' lang='grc' dir='ltr'><strong>ρὶίΙι-ιιι</strong></span> <span class='ocrx_word' id='word_1_502' title='bbox 3244 2785 3572 2840; x_wconf 80' lang='lat' dir='ltr'><strong>monasterio</strong></span> <span class='ocrx_word' id='word_1_503' title='bbox 3599 2783 3844 2851; x_wconf 75' lang='lat' dir='ltr'><strong>aliquant</strong></span> 
     </span>
    </p>
   </div>
   <div class='ocr_carea' id='block_1_77' title="bbox 2250 2876 3697 2962">
    <p class='ocr_par' dir='ltr' id='par_1_77' title="bbox 2250 2876 3697 2962">
     <span class='ocr_line' id='line_1_77' title="bbox 2250 2876 3697 2962; baseline -0.014 -14"><span class='ocrx_word' id='word_1_504' title='bbox 2250 2890 2566 2962; x_wconf 86' lang='lat' dir='ltr'><strong>iujustitiam</strong></span> <span class='ocrx_word' id='word_1_505' title='bbox 2603 2889 2863 2944; x_wconf 86' lang='lat' dir='ltr'><strong>facientes</strong></span> <span class='ocrx_word' id='word_1_506' title='bbox 2894 2883 3160 2939; x_wconf 84' lang='lat' dir='ltr'><strong>terribiler</strong></span> <span class='ocrx_word' id='word_1_507' title='bbox 3191 2876 3697 2937; x_wconf 78' lang='lat' dir='ltr'><strong>auatbeinatizavit.</strong></span> 
     </span>
    </p>
   </div>
   <div class='ocr_carea' id='block_1_78' title="bbox 2319 2962 3845 3048">
    <p class='ocr_par' dir='ltr' id='par_1_78' title="bbox 2319 2962 3845 3048">
     <span class='ocr_line' id='line_1_78' title="bbox 2319 2962 3845 3048; baseline -0.014 -8"><span class='ocrx_word' id='word_1_508' title='bbox 2319 2985 2407 3040; x_wconf 79' lang='grc'><strong>15.</strong></span> <span class='ocrx_word' id='word_1_509' title='bbox 2449 2984 2712 3039; x_wconf 88' lang='lat' dir='ltr'><strong>Defuncto</strong></span> <span class='ocrx_word' id='word_1_510' title='bbox 2762 2980 2943 3048; x_wconf 86' lang='lat' dir='ltr'><strong>itaque</strong></span> <span class='ocrx_word' id='word_1_511' title='bbox 3009 2974 3304 3045; x_wconf 80' lang='lat' dir='ltr'><strong>Reginoldo</strong></span> <span class='ocrx_word' id='word_1_512' title='bbox 3372 2970 3632 3040; x_wconf 88' lang='lat' dir='ltr'><strong>episcopo</strong></span> <span class='ocrx_word' id='word_1_513' title='bbox 3688 2962 3845 3037; x_wconf 79' lang='lat'><strong>(989)</strong></span> 
     </span>
    </p>
   </div>
   <div class='ocr_carea' id='block_1_79' title="bbox 2249 3057 3846 3143">
    <p class='ocr_par' dir='ltr' id='par_1_79' title="bbox 2249 3057 3846 3143">
     <span class='ocr_line' id='line_1_79' title="bbox 2249 3057 3846 3143; baseline -0.013 -11"><span class='ocrx_word' id='word_1_514' title='bbox 2249 3075 2511 3137; x_wconf 85' lang='lat' dir='ltr'><strong>successit</strong></span> <span class='ocrx_word' id='word_1_515' title='bbox 2545 3070 2954 3143; x_wconf 82' lang='lat' dir='ltr'><strong>Megingaudus,</strong></span> <span class='ocrx_word' id='word_1_516' title='bbox 2975 3062 3301 3120; x_wconf 87' lang='lat' dir='ltr'><strong>antecessori</strong></span> <span class='ocrx_word' id='word_1_517' title='bbox 3335 3076 3434 3116; x_wconf 87' lang='lat' dir='ltr'><strong>suo</strong></span> <span class='ocrx_word' id='word_1_518' title='bbox 3462 3069 3571 3114; x_wconf 88' lang='lat' dir='ltr'><strong>tam</strong></span> <span class='ocrx_word' id='word_1_519' title='bbox 3596 3057 3846 3113; x_wconf 84' lang='lat' dir='ltr'><strong>moribus</strong></span> 
     </span>
    </p>
   </div>
   <div class='ocr_carea' id='block_1_80' title="bbox 2248 3146 3841 3236">
    <p class='ocr_par' dir='ltr' id='par_1_80' title="bbox 2248 3146 3841 3236">
     <span class='ocr_line' id='line_1_80' title="bbox 2248 3146 3841 3236; baseline -0.015 -16"><span class='ocrx_word' id='word_1_520' title='bbox 2248 3182 2408 3236; x_wconf 89' lang='lat' dir='ltr'><strong>quam</strong></span> <span class='ocrx_word' id='word_1_521' title='bbox 2462 3162 2689 3218; x_wconf 88' lang='lat' dir='ltr'><strong>scientia</strong></span> <span class='ocrx_word' id='word_1_522' title='bbox 2729 3155 3136 3213; x_wconf 83' lang='lat' dir='ltr'><strong>dissimillimus.</strong></span> <span class='ocrx_word' id='word_1_523' title='bbox 3191 3152 3284 3207; x_wconf 91' lang='lat' dir='ltr'><strong>llle</strong></span> <span class='ocrx_word' id='word_1_524' title='bbox 3329 3149 3529 3220; x_wconf 77' lang='lat' dir='ltr'><strong>quippe</strong></span> <span class='ocrx_word' id='word_1_525' title='bbox 3570 3146 3841 3214; x_wconf 85' lang='lat' dir='ltr'><strong>adprime,</strong></span> 
     </span>
    </p>
   </div>
   <div class='ocr_carea' id='block_1_81' title="bbox 2250 3235 3843 3312">
    <p class='ocr_par' dir='ltr' id='par_1_81' title="bbox 2250 3235 3843 3312">
     <span class='ocr_line' id='line_1_81' title="bbox 2250 3235 3843 3312; baseline -0.015 0"><span class='ocrx_word' id='word_1_526' title='bbox 2250 3235 2341 3312; x_wconf 89' lang='lat' dir='ltr'><strong>bic</strong></span> <span class='ocrx_word' id='word_1_527' title='bbox 2370 3268 2500 3309; x_wconf 86' lang='lat' dir='ltr'><strong>vero</strong></span> <span class='ocrx_word' id='word_1_528' title='bbox 2557 3248 2903 3306; x_wconf 90' lang='lat' dir='ltr'><strong>mediocriter</strong></span> <span class='ocrx_word' id='word_1_529' title='bbox 2929 3252 3047 3301; x_wconf 89' lang='lat' dir='ltr'><strong>erat</strong></span> <span class='ocrx_word' id='word_1_530' title='bbox 3087 3243 3389 3304; x_wconf 85' lang='lat' dir='ltr'><strong>litteratus;</strong></span> <span class='ocrx_word' id='word_1_531' title='bbox 3439 3238 3529 3293; x_wconf 85' lang='lat' dir='ltr'><strong>ille</strong></span> <span class='ocrx_word' id='word_1_532' title='bbox 3584 3235 3737 3289; x_wconf 89' lang='lat' dir='ltr'><strong>mitis</strong></span> <span class='ocrx_word' id='word_1_533' title='bbox 3786 3244 3843 3288; x_wconf 86' lang='lat' dir='ltr'><strong>et</strong></span> 
     </span>
    </p>
   </div>
   <div class='ocr_carea' id='block_1_82' title="bbox 2249 3325 3846 3415">
    <p class='ocr_par' dir='ltr' id='par_1_82' title="bbox 2249 3325 3846 3415">
     <span class='ocr_line' id='line_1_82' title="bbox 2249 3325 3846 3415; baseline -0.016 -13"><span class='ocrx_word' id='word_1_534' title='bbox 2249 3345 2532 3415; x_wconf 86' lang='lat' dir='ltr'><strong>benignus,</strong></span> <span class='ocrx_word' id='word_1_535' title='bbox 2583 3341 2670 3396; x_wconf 88' lang='lat' dir='ltr'><strong>bic</strong></span> <span class='ocrx_word' id='word_1_536' title='bbox 2698 3351 2921 3394; x_wconf 85' lang='lat' dir='ltr'><strong>severus</strong></span> <span class='ocrx_word' id='word_1_537' title='bbox 2959 3346 3015 3391; x_wconf 91' lang='lat' dir='ltr'><strong>et</strong></span> <span class='ocrx_word' id='word_1_538' title='bbox 3058 3332 3380 3396; x_wconf 88' lang='lat' dir='ltr'><strong>iracundus;</strong></span> <span class='ocrx_word' id='word_1_539' title='bbox 3422 3328 3475 3382; x_wconf 91' lang='lat' dir='ltr'><strong>in</strong></span> <span class='ocrx_word' id='word_1_540' title='bbox 3522 3325 3616 3381; x_wconf 82' lang='lat' dir='ltr'><strong>illo</strong></span> <span class='ocrx_word' id='word_1_541' title='bbox 3656 3325 3846 3396; x_wconf 64' lang='lat' dir='ltr'><strong>perfu-</strong></span> 
     </span>
    </p>
   </div>
   <div class='ocr_carea' id='block_1_83' title="bbox 2251 3417 3843 3508">
    <p class='ocr_par' dir='ltr' id='par_1_83' title="bbox 2251 3417 3843 3508">
     <span class='ocr_line' id='line_1_83' title="bbox 2251 3417 3843 3508; baseline -0.014 -16"><span class='ocrx_word' id='word_1_542' title='bbox 2251 3437 2397 3508; x_wconf 77' lang='lat' dir='ltr'><strong>gium</strong></span> <span class='ocrx_word' id='word_1_543' title='bbox 2426 3433 2664 3497; x_wconf 90' lang='lat' dir='ltr'><strong>miseris,</strong></span> <span class='ocrx_word' id='word_1_544' title='bbox 2697 3431 2750 3486; x_wconf 91' lang='lat' dir='ltr'><strong>in</strong></span> <span class='ocrx_word' id='word_1_545' title='bbox 2771 3431 2876 3485; x_wconf 85' lang='lat' dir='ltr'><strong>isto</strong></span> <span class='ocrx_word' id='word_1_546' title='bbox 2900 3424 3204 3487; x_wconf 88' lang='lat' dir='ltr'><strong>communis</strong></span> <span class='ocrx_word' id='word_1_547' title='bbox 3227 3431 3343 3479; x_wconf 90' lang='lat' dir='ltr'><strong>erat</strong></span> <span class='ocrx_word' id='word_1_548' title='bbox 3363 3418 3635 3491; x_wconf 87' lang='lat' dir='ltr'><strong>pernicies</strong></span> <span class='ocrx_word' id='word_1_549' title='bbox 3660 3417 3843 3471; x_wconf 84' lang='lat' dir='ltr'><strong>malis.</strong></span> 
     </span>
    </p>
   </div>
   <div class='ocr_carea' id='block_1_84' title="bbox 2254 3512 3843 3594">
    <p class='ocr_par' dir='ltr' id='par_1_84' title="bbox 2254 3512 3843 3594">
     <span class='ocr_line' id='line_1_84' title="bbox 2254 3512 3843 3594; baseline -0.016 -10"><span class='ocrx_word' id='word_1_550' title='bbox 2254 3527 2328 3586; x_wconf 84' lang='lat' dir='ltr'><strong>De</strong></span> <span class='ocrx_word' id='word_1_551' title='bbox 2357 3527 2458 3582; x_wconf 89' lang='lat' dir='ltr'><strong>isto</strong></span> <span class='ocrx_word' id='word_1_552' title='bbox 2487 3524 2742 3594; x_wconf 84' lang='lat' dir='ltr'><strong>episcopo</strong></span> <span class='ocrx_word' id='word_1_553' title='bbox 2773 3530 2880 3576; x_wconf 88' lang='lat' dir='ltr'><strong>tam</strong></span> <span class='ocrx_word' id='word_1_554' title='bbox 2909 3518 3075 3574; x_wconf 85' lang='lat' dir='ltr'><strong>multa</strong></span> <span class='ocrx_word' id='word_1_555' title='bbox 3103 3526 3320 3585; x_wconf 83' lang='lat' dir='ltr'><strong>tamque</strong></span> <span class='ocrx_word' id='word_1_556' title='bbox 3344 3512 3482 3567; x_wconf 84' lang='lat' dir='ltr'><strong>mira</strong></span> <span class='ocrx_word' id='word_1_557' title='bbox 3522 3520 3843 3571; x_wconf 73' lang='lat' dir='ltr'><strong>narrantur,</strong></span> 
     </span>
    </p>
   </div>
   <div class='ocr_carea' id='block_1_85' title="bbox 2252 3605 3843 3674">
    <p class='ocr_par' dir='ltr' id='par_1_85' title="bbox 2252 3605 3843 3674">
     <span class='ocr_line' id='line_1_85' title="bbox 2252 3605 3843 3674; baseline -0.013 0"><span class='ocrx_word' id='word_1_558' title='bbox 2252 3629 2310 3674; x_wconf 87' lang='lat' dir='ltr'><strong>ut</strong></span> <span class='ocrx_word' id='word_1_559' title='bbox 2341 3619 2530 3673; x_wconf 90' lang='lat' dir='ltr'><strong>melius</strong></span> <span class='ocrx_word' id='word_1_560' title='bbox 2559 3623 2703 3671; x_wconf 89' lang='lat' dir='ltr'><strong>esset</strong></span> <span class='ocrx_word' id='word_1_561' title='bbox 2737 3612 2958 3669; x_wconf 91' lang='lat' dir='ltr'><strong>omnino</strong></span> <span class='ocrx_word' id='word_1_562' title='bbox 2984 3609 3213 3666; x_wconf 88' lang='lat' dir='ltr'><strong>reticere</strong></span> <span class='ocrx_word' id='word_1_563' title='bbox 3237 3605 3305 3663; x_wconf 86' lang='lat' dir='ltr'><strong>de</strong></span> <span class='ocrx_word' id='word_1_564' title='bbox 3330 3619 3395 3659; x_wconf 89' lang='lat' dir='ltr'><strong>eo</strong></span> <span class='ocrx_word' id='word_1_565' title='bbox 3443 3616 3611 3673; x_wconf 85' lang='lat' dir='ltr'><strong>quam</strong></span> <span class='ocrx_word' id='word_1_566' title='bbox 3640 3615 3843 3670; x_wconf 78' lang='lat' dir='ltr'><strong>parum</strong></span> 
     </span>
    </p>
   </div>
   <div class='ocr_carea' id='block_1_86' title="bbox 2252 3690 3846 3780">
    <p class='ocr_par' dir='ltr' id='par_1_86' title="bbox 2252 3690 3846 3780">
     <span class='ocr_line' id='line_1_86' title="bbox 2252 3690 3846 3780; baseline -0.014 -15"><span class='ocrx_word' id='word_1_567' title='bbox 2252 3711 2450 3780; x_wconf 83' lang='lat' dir='ltr'><strong>aliquid</strong></span> <span class='ocrx_word' id='word_1_568' title='bbox 2476 3709 2700 3771; x_wconf 79' lang='lat' dir='ltr'><strong>dicere;</strong></span> <span class='ocrx_word' id='word_1_569' title='bbox 2734 3704 2835 3760; x_wconf 89' lang='lat' dir='ltr'><strong>nisi</strong></span> <span class='ocrx_word' id='word_1_570' title='bbox 2875 3690 3094 3766; x_wconf 73' lang='lat' dir='ltr'><strong>scirem,</strong></span> <span class='ocrx_word' id='word_1_571' title='bbox 3142 3698 3286 3769; x_wconf 86' lang='lat' dir='ltr'><strong>quod</strong></span> <span class='ocrx_word' id='word_1_572' title='bbox 3332 3696 3435 3750; x_wconf 83' lang='lat' dir='ltr'><strong>hoc</strong></span> <span class='ocrx_word' id='word_1_573' title='bbox 3474 3700 3576 3748; x_wconf 84' lang='lat' dir='ltr'><strong>aut</strong></span> <span class='ocrx_word' id='word_1_574' title='bbox 3624 3690 3846 3746; x_wconf 65' lang='lat' dir='ltr'><strong>invidiae</strong></span> 
     </span>
    </p>
   </div>
   <div class='ocr_carea' id='block_1_87' title="bbox 2252 3787 3847 3874">
    <p class='ocr_par' dir='ltr' id='par_1_87' title="bbox 2252 3787 3847 3874">
     <span class='ocr_line' id='line_1_87' title="bbox 2252 3787 3847 3874; baseline -0.017 -12"><span class='ocrx_word' id='word_1_575' title='bbox 2252 3806 2600 3874; x_wconf 86' lang='lat' dir='ltr'><strong>deputarctur</strong></span> <span class='ocrx_word' id='word_1_576' title='bbox 2634 3808 2727 3857; x_wconf 89' lang='lat' dir='ltr'><strong>aut</strong></span> <span class='ocrx_word' id='word_1_577' title='bbox 2754 3797 2999 3853; x_wconf 68' lang='lat' dir='ltr'><strong>inscitiaa.</strong></span> <span class='ocrx_word' id='word_1_578' title='bbox 3041 3794 3224 3847; x_wconf 87' lang='lat' dir='ltr'><strong>Dicam</strong></span> <span class='ocrx_word' id='word_1_579' title='bbox 3253 3803 3382 3860; x_wconf 84' lang='lat' dir='ltr'><strong>ergo</strong></span> <span class='ocrx_word' id='word_1_580' title='bbox 3404 3787 3487 3841; x_wconf 88' lang='lat' dir='ltr'><strong>vel</strong></span> <span class='ocrx_word' id='word_1_581' title='bbox 3512 3799 3712 3857; x_wconf 85' lang='lat' dir='ltr'><strong>pauca,</strong></span> <span class='ocrx_word' id='word_1_582' title='bbox 3740 3797 3847 3837; x_wconf 77' lang='lat' dir='ltr'><strong>nec</strong></span> 
     </span>
    </p>
   </div>
   <div class='ocr_carea' id='block_1_88' title="bbox 2253 3879 3845 3972">
    <p class='ocr_par' dir='ltr' id='par_1_88' title="bbox 2253 3879 3845 3972">
     <span class='ocr_line' id='line_1_88' title="bbox 2253 3879 3845 3972; baseline -0.015 -17"><span class='ocrx_word' id='word_1_583' title='bbox 2253 3901 2615 3972; x_wconf 87' lang='lat' dir='ltr'><strong>predictorum</strong></span> <span class='ocrx_word' id='word_1_584' title='bbox 2671 3909 2904 3966; x_wconf 83' lang='lat' dir='ltr'><strong>arguar;</strong></span> <span class='ocrx_word' id='word_1_585' title='bbox 2947 3888 3186 3945; x_wconf 86' lang='lat' dir='ltr'><strong>reticebo</strong></span> <span class='ocrx_word' id='word_1_586' title='bbox 3240 3893 3418 3940; x_wconf 87' lang='lat' dir='ltr'><strong>autem</strong></span> <span class='ocrx_word' id='word_1_587' title='bbox 3472 3879 3664 3945; x_wconf 86' lang='lat' dir='ltr'><strong>multa,</strong></span> <span class='ocrx_word' id='word_1_588' title='bbox 3718 3892 3845 3933; x_wconf 68' lang='lat' dir='ltr'><strong>nea</strong></span> 
     </span>
    </p>
   </div>
   <div class='ocr_carea' id='block_1_89' title="bbox 2256 3981 3083 4074">
    <p class='ocr_par' dir='ltr' id='par_1_89' title="bbox 2256 3981 3083 4074">
     <span class='ocr_line' id='line_1_89' title="bbox 2256 3981 3083 4074; baseline -0.012 -31"><span class='ocrx_word' id='word_1_589' title='bbox 2256 3999 2537 4074; x_wconf 79' lang='lat' dir='ltr'><strong>proposno</strong></span> <span class='ocrx_word' id='word_1_590' title='bbox 2562 3986 2775 4055; x_wconf 79' lang='lat' dir='ltr'><strong>longius</strong></span> <span class='ocrx_word' id='word_1_591' title='bbox 2802 3981 3083 4052; x_wconf 87' lang='lat' dir='ltr'><strong>impediar.</strong></span> 
     </span>
    </p>
   </div>
   <div class='ocr_carea' id='block_1_90' title="bbox 2325 4059 3843 4149">
    <p class='ocr_par' dir='ltr' id='par_1_90' title="bbox 2325 4059 3843 4149">
     <span class='ocr_line' id='line_1_90' title="bbox 2325 4059 3843 4149; baseline -0.015 -13"><span class='ocrx_word' id='word_1_592' title='bbox 2325 4083 2410 4136; x_wconf 76' lang='grc'><strong>16.</strong></span> <span class='ocrx_word' id='word_1_593' title='bbox 2454 4079 2622 4149; x_wconf 83' lang='lat' dir='ltr'><strong>Hujus</strong></span> <span class='ocrx_word' id='word_1_594' title='bbox 2658 4074 2895 4145; x_wconf 78' lang='lat' dir='ltr'><strong>episcOpi</strong></span> <span class='ocrx_word' id='word_1_595' title='bbox 2924 4071 3251 4125; x_wconf 90' lang='lat' dir='ltr'><strong>mentionem</strong></span> <span class='ocrx_word' id='word_1_596' title='bbox 3279 4065 3443 4121; x_wconf 88' lang='lat' dir='ltr'><strong>etiam</strong></span> <span class='ocrx_word' id='word_1_597' title='bbox 3476 4062 3532 4118; x_wconf 93' lang='lat' dir='ltr'><strong>in</strong></span> <span class='ocrx_word' id='word_1_598' title='bbox 3569 4059 3843 4129; x_wconf 83' lang='lat' dir='ltr'><strong>superiori</strong></span> 
     </span>
    </p>
   </div>
   <div class='ocr_carea' id='block_1_91' title="bbox 2257 4153 3841 4234">
    <p class='ocr_par' dir='ltr' id='par_1_91' title="bbox 2257 4153 3841 4234">
     <span class='ocr_line' id='line_1_91' title="bbox 2257 4153 3841 4234; baseline -0.017 -5"><span class='ocrx_word' id='word_1_599' title='bbox 2257 4174 2437 4230; x_wconf 89' lang='lat' dir='ltr'><strong>libello</strong></span> <span class='ocrx_word' id='word_1_600' title='bbox 2490 4171 2613 4234; x_wconf 83' lang='lat' dir='ltr'><strong>feci,</strong></span> <span class='ocrx_word' id='word_1_601' title='bbox 2665 4183 2786 4223; x_wconf 90' lang='lat' dir='ltr'><strong>cum</strong></span> <span class='ocrx_word' id='word_1_602' title='bbox 2832 4168 2898 4220; x_wconf 89' lang='lat' dir='ltr'><strong>de</strong></span> <span class='ocrx_word' id='word_1_603' title='bbox 2943 4161 3181 4219; x_wconf 76' lang='lat' dir='ltr'><strong>Vastolfo</strong></span> <span class='ocrx_word' id='word_1_604' title='bbox 3231 4155 3542 4219; x_wconf 87' lang='lat' dir='ltr'><strong>Haserensi,</strong></span> <span class='ocrx_word' id='word_1_605' title='bbox 3600 4153 3841 4213; x_wconf 79' lang='lat' dir='ltr'><strong>narravi,</strong></span> 
     </span>
    </p>
   </div>
   <div class='ocr_carea' id='block_1_92' title="bbox 571 4244 2146 4345">
    <p class='ocr_par' dir='ltr' id='par_1_92' title="bbox 571 4265 2146 4345">
     <span class='ocr_line' id='line_1_92' title="bbox 571 4265 2146 4345; baseline 0.008 -28"><span class='ocrx_word' id='word_1_606' title='bbox 571 4274 791 4321; x_wconf 69' lang='lat' dir='ltr'><strong>sanctus</strong></span> <span class='ocrx_word' id='word_1_607' title='bbox 819 4265 1122 4338; x_wconf 88' lang='lat' dir='ltr'><strong>bujusmodi</strong></span> <span class='ocrx_word' id='word_1_608' title='bbox 1149 4287 1462 4340; x_wconf 89' lang='lat' dir='ltr'><strong>responsum</strong></span> <span class='ocrx_word' id='word_1_609' title='bbox 1493 4272 1723 4339; x_wconf 88' lang='lat' dir='ltr'><strong>remisit,</strong></span> <span class='ocrx_word' id='word_1_610' title='bbox 1763 4289 1860 4329; x_wconf 89' lang='lat' dir='ltr'><strong>nec</strong></span> <span class='ocrx_word' id='word_1_611' title='bbox 1885 4290 2020 4345; x_wconf 90' lang='lat' dir='ltr'><strong>opus</strong></span> <span class='ocrx_word' id='word_1_612' title='bbox 2051 4291 2146 4329; x_wconf 79' lang='lat' dir='ltr'><strong>nec</strong></span> 
     </span>
    </p>
   </div>
   <div class='ocr_carea' id='block_1_93' title="bbox 2246 4244 3839 4345">
    <p class='ocr_par' dir='ltr' id='par_1_93' title="bbox 2256 4244 3839 4337">
     <span class='ocr_line' id='line_1_93' title="bbox 2256 4244 3839 4337; baseline -0.016 -17"><span class='ocrx_word' id='word_1_613' title='bbox 2256 4282 2414 4337; x_wconf 87' lang='lat' dir='ltr'><strong>quem</strong></span> <span class='ocrx_word' id='word_1_614' title='bbox 2465 4264 2517 4319; x_wconf 88' lang='lat' dir='ltr'><strong>in</strong></span> <span class='ocrx_word' id='word_1_615' title='bbox 2563 4257 2974 4317; x_wconf 87' lang='lat' dir='ltr'><strong>conﬁrmatione</strong></span> <span class='ocrx_word' id='word_1_616' title='bbox 3021 4251 3294 4308; x_wconf 82' lang='lat' dir='ltr'><strong>Ezzoltum</strong></span> <span class='ocrx_word' id='word_1_617' title='bbox 3334 4246 3499 4319; x_wconf 85' lang='lat' dir='ltr'><strong>jussit</strong></span> <span class='ocrx_word' id='word_1_618' title='bbox 3538 4244 3839 4299; x_wconf 86' lang='lat' dir='ltr'><strong>nominari.</strong></span> 
     </span>
    </p>
   </div>
   <div class='ocr_carea' id='block_1_94' title="bbox 568 4355 2147 4434">
    <p class='ocr_par' dir='ltr' id='par_1_94' title="bbox 568 4355 2147 4434">
     <span class='ocr_line' id='line_1_94' title="bbox 568 4355 2147 4434; baseline 0.007 -26"><span class='ocrx_word' id='word_1_619' title='bbox 568 4355 766 4411; x_wconf 84' lang='lat' dir='ltr'><strong>bonum</strong></span> <span class='ocrx_word' id='word_1_620' title='bbox 803 4358 903 4413; x_wconf 90' lang='lat' dir='ltr'><strong>sibi</strong></span> <span class='ocrx_word' id='word_1_621' title='bbox 932 4360 1035 4416; x_wconf 81' lang='lat' dir='ltr'><strong>hoc</strong></span> <span class='ocrx_word' id='word_1_622' title='bbox 1054 4361 1223 4417; x_wconf 87' lang='lat' dir='ltr'><strong>videri</strong></span> <span class='ocrx_word' id='word_1_623' title='bbox 1251 4380 1264 4426; x_wconf 86' lang='lat'><strong>;</strong></span> <span class='ocrx_word' id='word_1_624' title='bbox 1291 4365 1424 4418; x_wconf 82' lang='lat' dir='ltr'><strong>satis</strong></span> <span class='ocrx_word' id='word_1_625' title='bbox 1446 4380 1694 4434; x_wconf 86' lang='lat' dir='ltr'><strong>magnam</strong></span> <span class='ocrx_word' id='word_1_626' title='bbox 1719 4381 1836 4421; x_wconf 85' lang='lat' dir='ltr'><strong>esse</strong></span> <span class='ocrx_word' id='word_1_627' title='bbox 1861 4367 2147 4420; x_wconf 71' lang='lat' dir='ltr'><strong>ecclesiam</strong></span> 
     </span>
    </p>
   </div>
   <div class='ocr_carea' id='block_1_95' title="bbox 571 4446 2146 4525">
    <p class='ocr_par' dir='ltr' id='par_1_95' title="bbox 571 4446 2146 4525">
     <span class='ocr_line' id='line_1_95' title="bbox 571 4446 2146 4525; baseline 0.006 -27"><span class='ocrx_word' id='word_1_628' title='bbox 571 4446 891 4513; x_wconf 72' lang='lat' dir='ltr'><strong>qrtantitate,</strong></span> <span class='ocrx_word' id='word_1_629' title='bbox 945 4451 1230 4506; x_wconf 82' lang='lat' dir='ltr'><strong>maximam</strong></span> <span class='ocrx_word' id='word_1_630' title='bbox 1268 4468 1394 4508; x_wconf 86' lang='lat' dir='ltr'><strong>vero</strong></span> <span class='ocrx_word' id='word_1_631' title='bbox 1443 4455 1750 4521; x_wconf 81' lang='lat' dir='ltr'><strong>sanctitate;</strong></span> <span class='ocrx_word' id='word_1_632' title='bbox 1795 4471 1968 4525; x_wconf 88' lang='lat' dir='ltr'><strong>neque</strong></span> <span class='ocrx_word' id='word_1_633' title='bbox 2003 4457 2146 4509; x_wconf 88' lang='lat' dir='ltr'><strong>enim</strong></span> 
     </span>
    </p>
   </div>
   <div class='ocr_carea' id='block_1_96' title="bbox 571 4540 2150 4617">
    <p class='ocr_par' dir='ltr' id='par_1_96' title="bbox 571 4540 2150 4617">
     <span class='ocr_line' id='line_1_96' title="bbox 571 4540 2150 4617; baseline 0.009 -28"><span class='ocrx_word' id='word_1_634' title='bbox 571 4552 631 4599; x_wconf 78' lang='lat' dir='ltr'><strong>se</strong></span> <span class='ocrx_word' id='word_1_635' title='bbox 668 4553 900 4607; x_wconf 88' lang='lat' dir='ltr'><strong>unquam</strong></span> <span class='ocrx_word' id='word_1_636' title='bbox 945 4540 997 4595; x_wconf 92' lang='lat' dir='ltr'><strong>in</strong></span> <span class='ocrx_word' id='word_1_637' title='bbox 1035 4542 1193 4598; x_wconf 87' lang='lat' dir='ltr'><strong>ullam</strong></span> <span class='ocrx_word' id='word_1_638' title='bbox 1242 4546 1477 4611; x_wconf 89' lang='lat' dir='ltr'><strong>venisse,</strong></span> <span class='ocrx_word' id='word_1_639' title='bbox 1508 4547 1560 4600; x_wconf 89' lang='lat' dir='ltr'><strong>in</strong></span> <span class='ocrx_word' id='word_1_640' title='bbox 1587 4562 1689 4615; x_wconf 90' lang='lat' dir='ltr'><strong>qua</strong></span> <span class='ocrx_word' id='word_1_641' title='bbox 1735 4547 1924 4603; x_wconf 82' lang='lat' dir='ltr'><strong>melius</strong></span> <span class='ocrx_word' id='word_1_642' title='bbox 1966 4558 2150 4617; x_wconf 82' lang='lat' dir='ltr'><strong>posset</strong></span> 
     </span>
    </p>
   </div>
   <div class='ocr_carea' id='block_1_97' title="bbox 571 4629 2141 4708">
    <p class='ocr_par' dir='ltr' id='par_1_97' title="bbox 571 4629 2141 4708">
     <span class='ocr_line' id='line_1_97' title="bbox 571 4629 2141 4708; baseline 0.007 -28"><span class='ocrx_word' id='word_1_643' title='bbox 571 4642 751 4683; x_wconf 89' lang='lat' dir='ltr'><strong>orare.</strong></span> <span class='ocrx_word' id='word_1_644' title='bbox 785 4629 896 4686; x_wconf 83' lang='lat' dir='ltr'><strong>Hoc</strong></span> <span class='ocrx_word' id='word_1_645' title='bbox 922 4647 1180 4704; x_wconf 87' lang='lat' dir='ltr'><strong>responso</strong></span> <span class='ocrx_word' id='word_1_646' title='bbox 1206 4637 1477 4706; x_wconf 89' lang='lat' dir='ltr'><strong>paululum</strong></span> <span class='ocrx_word' id='word_1_647' title='bbox 1501 4646 1783 4693; x_wconf 83' lang='lat' dir='ltr'><strong>revocatus</strong></span> <span class='ocrx_word' id='word_1_648' title='bbox 1810 4638 1879 4693; x_wconf 88' lang='lat' dir='ltr'><strong>ab</strong></span> <span class='ocrx_word' id='word_1_649' title='bbox 1910 4640 2141 4708; x_wconf 87' lang='lat' dir='ltr'><strong>incepto,</strong></span> 
     </span>
    </p>
   </div>
   <div class='ocr_carea' id='block_1_98' title="bbox 570 4724 2143 4794">
    <p class='ocr_par' dir='ltr' id='par_1_98' title="bbox 570 4724 2143 4794">
     <span class='ocr_line' id='line_1_98' title="bbox 570 4724 2143 4794; baseline 0.006 -22"><span class='ocrx_word' id='word_1_650' title='bbox 570 4728 695 4794; x_wconf 82' lang='lat' dir='ltr'><strong>post</strong></span> <span class='ocrx_word' id='word_1_651' title='bbox 735 4730 911 4777; x_wconf 87' lang='lat' dir='ltr'><strong>tamen</strong></span> <span class='ocrx_word' id='word_1_652' title='bbox 960 4724 1215 4781; x_wconf 86' lang='lat' dir='ltr'><strong>satisfecit</strong></span> <span class='ocrx_word' id='word_1_653' title='bbox 1269 4742 1368 4781; x_wconf 90' lang='lat' dir='ltr'><strong>suo</strong></span> <span class='ocrx_word' id='word_1_654' title='bbox 1406 4727 1692 4783; x_wconf 88' lang='lat' dir='ltr'><strong>desiderio.</strong></span> <span class='ocrx_word' id='word_1_655' title='bbox 1749 4726 2143 4785; x_wconf 87' lang='lat' dir='ltr'><strong>Occidentalem</strong></span> 
     </span>
    </p>
   </div>
   <div class='ocr_carea' id='block_1_99' title="bbox 572 4816 2149 4890">
    <p class='ocr_par' dir='ltr' id='par_1_99' title="bbox 572 4816 2149 4890">
     <span class='ocr_line' id='line_1_99' title="bbox 572 4816 2149 4890; baseline 0.006 -24"><span class='ocrx_word' id='word_1_656' title='bbox 572 4828 807 4883; x_wconf 88' lang='lat' dir='ltr'><strong>namque</strong></span> <span class='ocrx_word' id='word_1_657' title='bbox 837 4816 1016 4887; x_wconf 87' lang='lat' dir='ltr'><strong>templi</strong></span> <span class='ocrx_word' id='word_1_658' title='bbox 1067 4829 1298 4888; x_wconf 90' lang='lat' dir='ltr'><strong>partem,</strong></span> <span class='ocrx_word' id='word_1_659' title='bbox 1346 4819 1499 4888; x_wconf 91' lang='lat' dir='ltr'><strong>prius</strong></span> <span class='ocrx_word' id='word_1_660' title='bbox 1539 4819 1736 4874; x_wconf 88' lang='lat' dir='ltr'><strong>ceteris</strong></span> <span class='ocrx_word' id='word_1_661' title='bbox 1771 4820 1943 4876; x_wconf 92' lang='lat' dir='ltr'><strong>tribus</strong></span> <span class='ocrx_word' id='word_1_662' title='bbox 1975 4834 2149 4890; x_wconf 71' lang='lat' dir='ltr'><strong>mqua-</strong></span> 
     </span>
    </p>
   </div>
   <div class='ocr_carea' id='block_1_100' title="bbox 570 4901 2149 4979">
    <p class='ocr_par' dir='ltr' id='par_1_100' title="bbox 570 4901 2149 4979">
     <span class='ocr_line' id='line_1_100' title="bbox 570 4901 2149 4979; baseline 0.006 -24"><span class='ocrx_word' id='word_1_663' title='bbox 570 4901 701 4970; x_wconf 82' lang='lat' dir='ltr'><strong>lem,</strong></span> <span class='ocrx_word' id='word_1_664' title='bbox 750 4904 867 4974; x_wconf 84' lang='lat' dir='ltr'><strong>ejus</strong></span> <span class='ocrx_word' id='word_1_665' title='bbox 922 4909 1090 4976; x_wconf 88' lang='lat' dir='ltr'><strong>partis</strong></span> <span class='ocrx_word' id='word_1_666' title='bbox 1144 4909 1424 4979; x_wconf 88' lang='lat' dir='ltr'><strong>ampliavit</strong></span> <span class='ocrx_word' id='word_1_667' title='bbox 1471 4909 1791 4978; x_wconf 73' lang='lat' dir='ltr'><strong>adiectione,</strong></span> <span class='ocrx_word' id='word_1_668' title='bbox 1841 4924 1959 4978; x_wconf 77' lang='lat' dir='ltr'><strong>qnze</strong></span> <span class='ocrx_word' id='word_1_669' title='bbox 2007 4925 2149 4965; x_wconf 91' lang='lat' dir='ltr'><strong>nunc</strong></span> 
     </span>
    </p>
   </div>
   <div class='ocr_carea' id='block_1_101' title="bbox 571 4997 2147 5057">
    <p class='ocr_par' dir='ltr' id='par_1_101' title="bbox 571 4997 2147 5057">
     <span class='ocr_line' id='line_1_101' title="bbox 571 4997 2147 5057; baseline 0.004 -12"><span class='ocrx_word' id='word_1_670' title='bbox 571 5005 761 5055; x_wconf 83' lang='lat' dir='ltr'><strong>versus</strong></span> <span class='ocrx_word' id='word_1_671' title='bbox 782 5008 1033 5051; x_wconf 80' lang='lat' dir='ltr'><strong>occasum</strong></span> <span class='ocrx_word' id='word_1_672' title='bbox 1063 5006 1146 5052; x_wconf 91' lang='lat' dir='ltr'><strong>est</strong></span> <span class='ocrx_word' id='word_1_673' title='bbox 1188 4998 1449 5053; x_wconf 88' lang='lat' dir='ltr'><strong>hodierna</strong></span> <span class='ocrx_word' id='word_1_674' title='bbox 1498 4997 1640 5051; x_wconf 88' lang='lat' dir='ltr'><strong>sacri</strong></span> <span class='ocrx_word' id='word_1_675' title='bbox 1692 4997 1856 5052; x_wconf 87' lang='lat' dir='ltr'><strong>fontis</strong></span> <span class='ocrx_word' id='word_1_676' title='bbox 1893 4999 2147 5057; x_wconf 84' lang='lat' dir='ltr'><strong>statione.</strong></span> 
     </span>
    </p>
   </div>
   <div class='ocr_carea' id='block_1_102' title="bbox 574 5079 2150 5160">
    <p class='ocr_par' dir='ltr' id='par_1_102' title="bbox 574 5079 2150 5160">
     <span class='ocr_line' id='line_1_102' title="bbox 574 5079 2150 5160; baseline -0.003 -14"><span class='ocrx_word' id='word_1_677' title='bbox 574 5079 652 5146; x_wconf 67' lang='lat' dir='ltr'><strong>Ex</strong></span> <span class='ocrx_word' id='word_1_678' title='bbox 675 5097 744 5143; x_wconf 85' lang='lat' dir='ltr'><strong>eo</strong></span> <span class='ocrx_word' id='word_1_679' title='bbox 771 5094 1010 5159; x_wconf 87' lang='lat' dir='ltr'><strong>tempore</strong></span> <span class='ocrx_word' id='word_1_680' title='bbox 1035 5088 1290 5160; x_wconf 90' lang='lat' dir='ltr'><strong>paulatim</strong></span> <span class='ocrx_word' id='word_1_681' title='bbox 1319 5090 1603 5144; x_wconf 87' lang='lat' dir='ltr'><strong>cessabant</strong></span> <span class='ocrx_word' id='word_1_682' title='bbox 1631 5086 1781 5158; x_wconf 85' lang='lat' dir='ltr'><strong>signa</strong></span> <span class='ocrx_word' id='word_1_683' title='bbox 1806 5097 1860 5141; x_wconf 92' lang='lat' dir='ltr'><strong>et</strong></span> <span class='ocrx_word' id='word_1_684' title='bbox 1886 5090 2150 5160; x_wconf 86' lang='lat' dir='ltr'><strong>prodigia,</strong></span> 
     </span>
    </p>
   </div>
   <div class='ocr_carea' id='block_1_103' title="bbox 2254 4341 3841 4427">
    <p class='ocr_par' dir='ltr' id='par_1_103' title="bbox 2254 4341 3841 4427">
     <span class='ocr_line' id='line_1_103' title="bbox 2254 4341 3841 4427; baseline -0.018 -14"><span class='ocrx_word' id='word_1_685' title='bbox 2254 4359 2371 4427; x_wconf 81' lang='lat' dir='ltr'><strong>Ipse</strong></span> <span class='ocrx_word' id='word_1_686' title='bbox 2404 4394 2413 4399; x_wconf 89' lang='grc'><strong>-</strong></span> <span class='ocrx_word' id='word_1_687' title='bbox 2447 4354 2803 4409; x_wconf 88' lang='lat' dir='ltr'><strong>libentissime</strong></span> <span class='ocrx_word' id='word_1_688' title='bbox 2858 4345 3218 4419; x_wconf 81' lang='lat' dir='ltr'><strong>manducavit,</strong></span> <span class='ocrx_word' id='word_1_689' title='bbox 3274 4341 3503 4407; x_wconf 88' lang='lat' dir='ltr'><strong>ideoque</strong></span> <span class='ocrx_word' id='word_1_690' title='bbox 3551 4350 3755 4390; x_wconf 88' lang='lat' dir='ltr'><strong>nomen</strong></span> <span class='ocrx_word' id='word_1_691' title='bbox 3808 4350 3841 4385; x_wconf 84' lang='lat' dir='ltr'><strong>a</strong></span> 
     </span>
    </p>
   </div>
   <div class='ocr_carea' id='block_1_104' title="bbox 2250 4426 3843 4522">
    <p class='ocr_par' dir='ltr' id='par_1_104' title="bbox 2250 4426 3843 4522">
     <span class='ocr_line' id='line_1_104' title="bbox 2250 4426 3843 4522; baseline -0.018 -16"><span class='ocrx_word' id='word_1_692' title='bbox 2250 4449 2459 4522; x_wconf 83' lang='lat' dir='ltr'><strong>jejunio</strong></span> <span class='ocrx_word' id='word_1_693' title='bbox 2482 4450 2698 4502; x_wconf 81' lang='lat' dir='ltr'><strong>ductum</strong></span> <span class='ocrx_word' id='word_1_694' title='bbox 2729 4444 2830 4500; x_wconf 87' lang='lat' dir='ltr'><strong>sibi</strong></span> <span class='ocrx_word' id='word_1_695' title='bbox 2854 4438 3145 4511; x_wconf 89' lang='lat' dir='ltr'><strong>displicuit.</strong></span> <span class='ocrx_word' id='word_1_696' title='bbox 3187 4432 3406 4490; x_wconf 80' lang='lat' dir='ltr'><strong>Solebat</strong></span> <span class='ocrx_word' id='word_1_697' title='bbox 3433 4438 3614 4522; x_wconf 84' lang='lat' dir='ltr'><strong>autem</strong></span> <span class='ocrx_word' id='word_1_698' title='bbox 3647 4426 3843 4522; x_wconf 56' lang='lat' dir='ltr'><strong>sapis-</strong></span> 
     </span>
    </p>
   </div>
   <div class='ocr_carea' id='block_1_105' title="bbox 2255 4520 3838 4600">
    <p class='ocr_par' dir='ltr' id='par_1_105' title="bbox 2255 4520 3838 4600">
     <span class='ocr_line' id='line_1_105' title="bbox 2255 4520 3838 4600; baseline -0.02 0"><span class='ocrx_word' id='word_1_699' title='bbox 2255 4520 2393 4600; x_wconf 87' lang='lat' dir='ltr'><strong>sime</strong></span> <span class='ocrx_word' id='word_1_700' title='bbox 2446 4550 2846 4600; x_wconf 87' lang='lat' dir='ltr'><strong>antecessorum</strong></span> <span class='ocrx_word' id='word_1_701' title='bbox 2917 4547 3137 4588; x_wconf 85' lang='lat' dir='ltr'><strong>suorum</strong></span> <span class='ocrx_word' id='word_1_702' title='bbox 3211 4539 3363 4582; x_wconf 90' lang='lat' dir='ltr'><strong>more</strong></span> <span class='ocrx_word' id='word_1_703' title='bbox 3407 4523 3454 4553; x_wconf 84' lang='grc'>²²</span> <span class='ocrx_word' id='word_1_704' title='bbox 3531 4520 3838 4576; x_wconf 84' lang='lat' dir='ltr'><strong>celebrare.</strong></span> 
     </span>
    </p>
   </div>
   <div class='ocr_carea' id='block_1_106' title="bbox 2254 4608 3841 4703">
    <p class='ocr_par' dir='ltr' id='par_1_106' title="bbox 2254 4608 3841 4703">
     <span class='ocr_line' id='line_1_106' title="bbox 2254 4608 3841 4703; baseline -0.018 -14"><span class='ocrx_word' id='word_1_705' title='bbox 2254 4635 2357 4703; x_wconf 86' lang='lat' dir='ltr'><strong>Qui</strong></span> <span class='ocrx_word' id='word_1_706' title='bbox 2404 4648 2527 4688; x_wconf 88' lang='lat' dir='ltr'><strong>cum</strong></span> <span class='ocrx_word' id='word_1_707' title='bbox 2576 4629 2815 4684; x_wconf 88' lang='lat' dir='ltr'><strong>venisset</strong></span> <span class='ocrx_word' id='word_1_708' title='bbox 2855 4625 2999 4687; x_wconf 91' lang='lat' dir='ltr'><strong>illuc,</strong></span> <span class='ocrx_word' id='word_1_709' title='bbox 3029 4622 3330 4687; x_wconf 84' lang='lat' dir='ltr'><strong>fratresque</strong></span> <span class='ocrx_word' id='word_1_710' title='bbox 3350 4628 3476 4670; x_wconf 89' lang='lat' dir='ltr'><strong>eum</strong></span> <span class='ocrx_word' id='word_1_711' title='bbox 3501 4626 3656 4666; x_wconf 87' lang='lat' dir='ltr'><strong>more</strong></span> <span class='ocrx_word' id='word_1_712' title='bbox 3681 4608 3841 4663; x_wconf 81' lang='lat' dir='ltr'><strong>solito</strong></span> 
     </span>
    </p>
   </div>
   <div class='ocr_carea' id='block_1_107' title="bbox 2256 4698 3838 4792">
    <p class='ocr_par' dir='ltr' id='par_1_107' title="bbox 2256 4698 3838 4792">
     <span class='ocr_line' id='line_1_107' title="bbox 2256 4698 3838 4792; baseline -0.023 -7"><span class='ocrx_word' id='word_1_713' title='bbox 2256 4698 2532 4792; x_wconf 54' lang='lat' dir='ltr'><strong>suscipere</strong></span> <span class='ocrx_word' id='word_1_714' title='bbox 2575 4719 2791 4782; x_wconf 88' lang='lat' dir='ltr'><strong>vellent,</strong></span> <span class='ocrx_word' id='word_1_715' title='bbox 2839 4722 3054 4770; x_wconf 86' lang='lat' dir='ltr'><strong>cantato</strong></span> <span class='ocrx_word' id='word_1_716' title='bbox 3092 4709 3240 4765; x_wconf 88' lang='lat' dir='ltr'><strong>brevi</strong></span> <span class='ocrx_word' id='word_1_717' title='bbox 3287 4704 3497 4779; x_wconf 88' lang='lat' dir='ltr'><strong>psalmo</strong></span> <span class='ocrx_word' id='word_1_718' title='bbox 3536 4702 3718 4755; x_wconf 88' lang='lat' dir='ltr'><strong>innuit</strong></span> <span class='ocrx_word' id='word_1_719' title='bbox 3758 4698 3838 4751; x_wconf 86' lang='lat' dir='ltr'><strong>eis</strong></span> 
     </span>
    </p>
   </div>
   <div class='ocr_carea' id='block_1_108' title="bbox 2258 4793 3834 4880">
    <p class='ocr_par' dir='ltr' id='par_1_108' title="bbox 2258 4793 3834 4880">
     <span class='ocr_line' id='line_1_108' title="bbox 2258 4793 3834 4880; baseline -0.021 -10"><span class='ocrx_word' id='word_1_720' title='bbox 2258 4831 2326 4869; x_wconf 90' lang='lat' dir='ltr'><strong>ne</strong></span> <span class='ocrx_word' id='word_1_721' title='bbox 2354 4812 2580 4880; x_wconf 87' lang='lat' dir='ltr'><strong>amplius</strong></span> <span class='ocrx_word' id='word_1_722' title='bbox 2605 4809 2728 4879; x_wconf 84' lang='lat' dir='ltr'><strong>quid</strong></span> <span class='ocrx_word' id='word_1_723' title='bbox 2752 4810 3072 4866; x_wconf 87' lang='lat' dir='ltr'><strong>cantarent;</strong></span> <span class='ocrx_word' id='word_1_724' title='bbox 3121 4798 3423 4864; x_wconf 85' lang='lat' dir='ltr'><strong>sedensque</strong></span> <span class='ocrx_word' id='word_1_725' title='bbox 3465 4793 3534 4846; x_wconf 87' lang='lat' dir='ltr'><strong>ad</strong></span> <span class='ocrx_word' id='word_1_726' title='bbox 3566 4800 3834 4849; x_wconf 85' lang='lat' dir='ltr'><strong>mensam,</strong></span> 
     </span>
    </p>
   </div>
   <div class='ocr_carea' id='block_1_109' title="bbox 2258 4879 3839 4973">
    <p class='ocr_par' dir='ltr' id='par_1_109' title="bbox 2258 4879 3839 4973">
     <span class='ocr_line' id='line_1_109' title="bbox 2258 4879 3839 4973; baseline -0.02 -12"><span class='ocrx_word' id='word_1_727' title='bbox 2258 4915 2350 4971; x_wconf 88' lang='lat' dir='ltr'><strong>aut</strong></span> <span class='ocrx_word' id='word_1_728' title='bbox 2386 4879 2572 4973; x_wconf 83' lang='lat' dir='ltr'><strong>aprum</strong></span> <span class='ocrx_word' id='word_1_729' title='bbox 2616 4911 2867 4966; x_wconf 84' lang='lat' dir='ltr'><strong>magnum</strong></span> <span class='ocrx_word' id='word_1_730' title='bbox 2895 4902 2987 4947; x_wconf 87' lang='lat' dir='ltr'><strong>aut</strong></span> <span class='ocrx_word' id='word_1_731' title='bbox 3036 4891 3142 4946; x_wconf 90' lang='lat' dir='ltr'><strong>tale</strong></span> <span class='ocrx_word' id='word_1_732' title='bbox 3171 4887 3369 4957; x_wconf 88' lang='lat' dir='ltr'><strong>aliquid</strong></span> <span class='ocrx_word' id='word_1_733' title='bbox 3403 4882 3667 4938; x_wconf 89' lang='lat' dir='ltr'><strong>fratribus</strong></span> <span class='ocrx_word' id='word_1_734' title='bbox 3693 4879 3839 4931; x_wconf 80' lang='lat' dir='ltr'><strong>misit</strong></span> 
     </span>
    </p>
   </div>
   <div class='ocr_carea' id='block_1_110' title="bbox 2258 4975 3837 5055">
    <p class='ocr_par' dir='ltr' id='par_1_110' title="bbox 2258 4975 3837 5055">
     <span class='ocr_line' id='line_1_110' title="bbox 2258 4975 3837 5055; baseline -0.021 -5"><span class='ocrx_word' id='word_1_735' title='bbox 2258 4996 2463 5055; x_wconf 87' lang='lat' dir='ltr'><strong>dicens,</strong></span> <span class='ocrx_word' id='word_1_736' title='bbox 2496 4988 2599 5042; x_wconf 86' lang='lat' dir='ltr'><strong>Fer</strong></span> <span class='ocrx_word' id='word_1_737' title='bbox 2630 4988 2725 5040; x_wconf 80' lang='lat' dir='ltr'><strong>hoc</strong></span> <span class='ocrx_word' id='word_1_738' title='bbox 2772 4983 2877 5036; x_wconf 78' lang='lat' dir='ltr'><strong>illis</strong></span> <span class='ocrx_word' id='word_1_739' title='bbox 2903 4982 3001 5034; x_wconf 80' lang='lat' dir='ltr'><strong>Dei</strong></span> <span class='ocrx_word' id='word_1_740' title='bbox 3053 4979 3230 5041; x_wconf 73' lang='lat' dir='ltr'><strong>servis,</strong></span> <span class='ocrx_word' id='word_1_741' title='bbox 3278 4975 3368 5053; x_wconf 80' lang='lat' dir='ltr'><strong>qui</strong></span> <span class='ocrx_word' id='word_1_742' title='bbox 3414 4988 3500 5033; x_wconf 78' lang='lat' dir='ltr'><strong>me</strong></span> <span class='ocrx_word' id='word_1_743' title='bbox 3538 4986 3705 5040; x_wconf 79' lang='lat' dir='ltr'><strong>nuper</strong></span> <span class='ocrx_word' id='word_1_744' title='bbox 3732 4978 3837 5020; x_wconf 79' lang='lat' dir='ltr'><strong>tam</strong></span> 
     </span>
    </p>
   </div>
   <div class='ocr_carea' id='block_1_111' title="bbox 2257 5077 3102 5147">
    <p class='ocr_par' dir='ltr' id='par_1_111' title="bbox 2257 5077 3102 5147">
     <span class='ocr_line' id='line_1_111' title="bbox 2257 5077 3102 5147; baseline -0.022 -7"><span class='ocrx_word' id='word_1_745' title='bbox 2257 5086 2434 5145; x_wconf 77' lang='lat' dir='ltr'><strong>devote</strong></span> <span class='ocrx_word' id='word_1_746' title='bbox 2461 5090 2505 5132; x_wconf 84' lang='lat' dir='ltr'><strong>et</strong></span> <span class='ocrx_word' id='word_1_747' title='bbox 2531 5077 2721 5147; x_wconf 75' lang='lat' dir='ltr'><strong>optime</strong></span> <span class='ocrx_word' id='word_1_748' title='bbox 2747 5079 3102 5140; x_wconf 59' lang='lat' dir='ltr'><strong>susceperunt.</strong></span> 
     </span>
    </p>
   </div>
   <div class='ocr_carea' id='block_1_112' title="bbox 1855 5208 2523 5275">
    <p class='ocr_par' dir='ltr' id='par_1_112' title="bbox 1855 5208 2523 5275">
     <span class='ocr_line' id='line_1_112' title="bbox 1855 5208 2523 5275; baseline -0.013 -2"><span class='ocrx_word' id='word_1_749' title='bbox 1855 5208 2091 5273; x_wconf 76' lang='lat' dir='ltr'><strong>VARle</strong></span> <span class='ocrx_word' id='word_1_750' title='bbox 2128 5210 2523 5275; x_wconf 37' lang='lat' dir='ltr'><strong>LECTIUNES.</strong></span> 
     </span>
    </p>
   </div>
  </div>
