4076 5310
217 108 362 165 1015

1055 98 1439 156 AbONYMUS
1479 96 1566 151 DE
1604 91 1951 149 EPlSCOl‘IS
1986 88 2629 149 EliLIlSTETiiNSlBUS.

3325 81 3462 137 ι’)ιι

279 220 364 274 l7.
408 217 534 272 Erat
582 225 761 269 autem
810 211 1038 268 inomni
1079 211 1260 266 divino
1311 209 1534 264 servitio
1577 215 1784 261 amator
1813 212 1856 268 Λ
1888 207 1984 275 fer,
2021 205 2217 274 inquit,
2260 205 2514 257 manum!
2556 213 2608 256 ct
2646 199 2790 255 facto
2823 198 2875 253 in
2915 212 2978 253 eo
3023 196 3254 266 quodam
3293 211 3448 265 Signo

203 308 507 371 brevitatis,
536 319 855 374 semperque
882 303 1113 358 malebat
1141 302 1355 356 missam
1378 301 1599 355 brevem
1626 313 1786 368 quam

208 417 472 457 mensam.
507 398 751 466 Quodam
779 398 957 466 itaque
983 405 1221 465 tempore
1247 409 1367 448 cum
1400 391 1598 446 ibidem
1623 392 1674 444 in
1704 391 1790 445 die

205 501 396 549 Sancto
426 505 587 560 pasce
618 489 838 544 missam
868 487 1135 557 publicam
1167 493 1433 546 cantaret,
1469 483 1792 550 tandemque

205 587 274 639 ad
315 582 654 654 sequentiam
702 580 1025 636 cantandam
1081 587 1299 632 ventum
1347 586 1513 640 esset,
1564 589 1793 643 eamque

207 677 515 741 pra-center
552 667 713 722 solito
740 682 890 720 more
919 664 1286 733 sollempniter
1314 662 1547 718 elevat-et
1574 679 1586 713 :
1626 662 1794 715 iratus

204 763 493 832 episcopus
515 768 667 813 vocat,
695 758 1158 819 archidiaconum,
1181 755 1446 824 jnssitque
1473 771 1595 809 eam
1620 770 1793 823 quan-

207 852 387 906 tocius
440 851 615 919 legere
678 849 1028 919 cwangelium
1079 869 1092 904 :
1136 850 1246 913 Illi,
1290 850 1480 918 inquit,
1521 848 1791 902 insaniunt

205 952 258 995 et
312 942 533 994 nimium
587 941 679 993 diu
733 942 991 993 rantamlo
1029 940 1168 1009 [ante
1215 952 1260 994 et
1285 941 1371 993 siti
1425 957 1504 993 me
1531 940 1795 992 occidunt.

207 1029 418 1085 Stulte!
449 1030 739 1101 Antequam
772 1031 954 1098 ﬁerent
989 1032 1290 1102 sequentia',
1329 1031 1503 1099 plures
1543 1029 1648 1084 Deo
1679 1030 1793 1095 pla-

214 1123 338 1175 cita:
391 1130 616 1174 cantata:
670 1131 788 1174 sunt
839 1122 1028 1175 missce.
1093 1121 1530 1191 Quadragesima:
1591 1131 1802 1188 tempus

209 1227 398 1266 atumo
441 1211 543 1266 sibi
595 1213 773 1281 spatio
821 1211 1033 1282 longius
1061 1213 1366 1279 videbatur,
1408 1213 1634 1281 ideoque
1677 1213 1802 1266 dato

210 1299 484 1355 interdum
522 1301 701 1371 pretio
732 1298 993 1368 jejunium
1051 1302 1316 1357 redimere
1348 1303 1649 1356 consuevit.
1700 1301 1804 1356 Per

207 1389 455 1461 singulas
484 1392 627 1446 enim
668 1391 1162 1461 quadragesimales
1197 1393 1519 1454 dominicas.
1549 1408 1670 1445 cum
1696 1392 1806 1461 pri-

209 1500 301 1536 ma
333 1491 676 1546 cautaretnr,
729 1483 989 1539 liusonem
1041 1500 1292 1551 magnum
1326 1485 1378 1538 in
1411 1484 1586 1540 medio
1638 1484 1806 1539 choro

211 1668 373 1720 minis
436 1669 584 1730 meis,
610 1697 679 1706 —
717 1683 931 1737 semper
978 1670 1122 1722 enim
1171 1669 1364 1722 lratres
1404 1669 1736 1723 Eistetenses
1764 1671 1807 1699 ’³

215 1756 496 1828 appellare
551 1759 853 1822 consuevit,
880 1789 950 1797 —
977 1769 1029 1812 ut
1087 1759 1222 1813 lianc
1277 1760 1548 1812 caritatem
1586 1761 1808 1813 [iubeant

212 1851 411 1917 deme,
440 1862 697 1922 quatenus
735 1854 787 1906 in
826 1853 922 1905 hac
961 1853 1249 1907 ebdomada
1282 1856 1630 1924 tentpcssivius
1685 1857 1810 1910 milii

213 1943 374 1996 liceat
439 1945 724 1999 comedere.
793 1943 904 1998 llac
949 1945 1124 2013 pretio
1178 1946 1426 2000 conducti
1481 1963 1810 2015 quamquam

213 2031 380 2085 solito
410 2032 676 2087 maturius
700 2043 1003 2100 emtarent,
1041 2043 1217 2090 tamen
1251 2051 1372 2090 cum
1410 2037 1581 2104 prima
1628 2048 1813 2090 cauta-

215 2126 406 2188 batur,
433 2125 519 2179 ille
557 2127 857 2192 meridiem,
886 2159 958 2170 ——
981 2145 1102 2203 cum
1135 2132 1312 2193 tertia,
1343 2130 1430 2184 ille
1462 2147 1660 2186 nonam
1695 2147 1813 2186 esse

218 2216 462 2280 dicebat,
493 2219 786 2288 statimque
811 2220 876 2276 ad
917 2237 1156 2276 mensam
1183 2223 1497 2280 accedebat.

295 2307 385 2361 18.
427 2303 906 2366 Censet-rationem
977 2314 1249 2368 crismatis
1335 2324 1388 2368 et
1462 2315 1814 2372 ecclesiarum

221 2394 382 2449 Valde
413 2398 640 2466 Sltltplit'i
671 2414 753 2464 ον,
796 2410 856 2454 ιιι
900 2402 1104 2471 antiqui
1153 2402 1297 2456 soliti
1347 2415 1538 2467 erant,
1582 2406 1813 2476 agebat;

222 2487 592 2544 ordinatioztes
618 2505 746 2545 vero
769 2492 1086 2547 clericorum
1115 2497 1192 2548 sic
1223 2496 1490 2551 interdum
1541 2498 1817 2553 celebrare

228 2580 532 2640 ('OltSlleVll,
567 2590 622 2633 ut
671 2584 1042 2654 presbyterqu
1081 2602 1235 2641 smnn
1287 2589 1551 2644 duntaxat
1595 2572 1816 2646 missam

226 2683 254 2720 c
273 2677 447 2722 tutare
477 2669 698 2736 faceret,
724 2683 777 2726 et
813 2675 943 2728 liora
976 2677 1400 2734 consrcrationis
1426 2682 1618 2735 stolam
1646 2683 1815 2738 solatii

233 2757 502 2827 indueret,
541 2764 842 2834 sedensque
871 2782 1052 2821 coram
1086 2769 1246 2823 altari
1270 2771 1487 2826 ordines
1514 2773 1686 2838 daret,
1720 2775 1816 2828 sed

230 2858 285 2902 et
336 2850 603 2919 stipantcs
653 2869 711 2907 se
762 2855 814 2906 in
859 2856 1046 2910 odium
1103 2859 1273 2913 saneti
1333 2861 1620 2926 Villibaldi,
1674 2863 1817 2930 quod

238 2942 375 2995 tanti
403 2953 606 3008 essent,
643 2944 723 2999 ire
771 2943 1004 3014 inberet.
1031 2947 1203 3003 Crede
1247 2950 1400 3014 mihi,
1453 2951 1602 3006 hisce
1649 2954 1819 3007 oculis

231 3035 337 3089 vidi
387 3036 672 3092 nonnullos
722 3041 1058 3096 venerabi7es
1117 3043 1466 3111 presliiteros,
1520 3046 1610 3114 qui
1665 3061 1820 3100 vera-

233 3128 373 3181 citer
406 3130 635 3198 prolessr
690 3145 819 3186 sunt
865 3149 921 3187 se
961 3135 1028 3186 ab
1059 3134 1150 3187 illo
1187 3136 1236 3188 in
1283 3135 1687 3207 \Virzburgensi
1731 3155 1821 3193 ne-

235 3235 388 3274 more
435 3234 801 3277 conseeratos.
839 3225 901 3277 Et
937 3224 1168 3282 fortasse
1207 3232 1544 3284 consecratio
1574 3230 1690 3297 ejus
1715 3232 1824 3286 Deo

236 3311 512 3380 acceptior
537 3321 661 3367 tunc
684 3327 803 3369 erat
841 3316 890 3369 in
923 3318 1076 3380 silva,
1106 3335 1266 3389 quam
1299 3324 1652 3390 quorundam
1685 3341 1824 3378 nunc

240 3402 290 3454 iu
336 3403 583 3458 ecclesia.
628 3405 718 3462 Ille
748 3409 889 3462 enim
922 3426 1017 3478 per
1063 3413 1432 3483 duplicitatem
1482 3415 1643 3468 nichil
1690 3412 1824 3486 egit,

241 3497 325 3550 isti
364 3513 492 3552 vero
541 3501 747 3570 liquant
804 3504 1054 3573 culicem,
1107 3507 1370 3561 camelqu
1423 3516 1601 3563 autem
1638 3509 1825 3581 tlequ-

243 3589 380 3640 tiunt
409 3591 644 3658 (Matth.
673 3610 832 3659 χχιιι,
864 3595 934 3648 24
962 3597 1002 3662 ).

315 3681 380 3734 l9
421 3680 870 3755 Solebatquoque
892 3703 1277 3756 nonnunquam
1304 3688 1459 3742 facile
1483 3690 1828 3758 maledicere,

247 3785 429 3828 verum
461 3777 665 3844 absque
701 3777 808 3831 ulla
842 3777 978 3832 fellis
1013 3781 1393 3835 amaritudine.
1436 3781 1674 3850 Denique
1704 3799 1825 3836 cum

250 3861 475 3917 nontam
513 3865 684 3920 iturus
731 3878 948 3921 centum
1004 3869 1438 3925 maledictionum
1487 3872 1757 3924 licentiam
1783 3873 1829 3902 ’δ

253 3969 283 4006 a
345 3952 601 4010 fratribus
643 3958 964 4027 accepisset,
1012 3959 1216 4028 hasque
1274 3975 1462 4013 omnes
1511 3962 1830 4028 «piantneins

253 4055 544 4115 erogasset,
592 4047 818 4101 remisso
866 4057 922 4102 ut
969 4049 1120 4102 aiunt
1153 4049 1347 4102 nuncin
1377 4050 1634 4103 laxiorem
1669 4051 1832 4104 lieen-

261 4130 390 4185 tiam
446 4136 632 4202 petiit;
684 4152 844 4204 quam
879 4148 1054 4192 tamen
1102 4150 1286 4208 postea
1337 4141 1474 4193 ultra
1511 4143 1724 4194 modum
1777 4150 1831 4196 et

1893 293 2032 358 Ηυξ,
2071 296 2168 358 ait,
2202 294 2412 348 ostende
2437 293 2532 345 sibi
2562 291 2614 346 in
2645 290 3017 344 testiinoiiium.
3045 288 3162 353 Quo
3185 286 3374 339 audito
3413 293 3470 338 et
3536 312 3543 318 -

1893 386 2026 445 viso,
2062 384 2345 453 episcopus
2373 382 2510 435 ultra
2542 396 2702 448 quam
2728 380 2874 434 credi
2920 386 3095 448 potest
3122 376 3467 445 perterritus,

1895 485 2187 542 utcumque
2212 480 2388 525 tamen
2418 472 2597 524 mitior
2615 481 2697 525 est
2721 471 2914 524 factus.
2938 467 3317 522 Verumtamen
3341 466 3467 534 quia
3546 523 3553 528 _

1895 577 2146 621 naturam
2189 563 2403 618 diﬂirile
2437 573 2521 618 cst
2569 564 2864 635 corrigere,
2887 561 3165 631 antiquam
3217 559 3268 612 in
3309 559 3475 613 corri-

1895 663 2106 733 pieudis
2135 660 2464 730 quibuslibet
2492 696 2520 728 ι,
2543 659 2736 713 _rsonis
2760 657 3132 714 austeritatem
3159 655 3393 710 obtinuit
3417 663 3478 709 et

1898 772 2002 811 non
2033 755 2183 809 facile
2203 754 2518 823 cujusquam
2545 753 2796 806 delictum
2823 752 3054 808 reticuit.

1967 848 2055 903 9.1).
2087 846 2218 900 Cum
2253 845 2508 899 transiret
2536 843 2824 914 aliquando
2851 844 2915 898 de
2946 841 3217 913 regalibus
3247 838 3467 912 quidam

1900 937 2280 998 servientibus,
2331 935 2471 988 inter
2523 951 2649 988 suos
2699 932 2943 986 nonnihil
2990 931 3275 1003 gloriosus,
3323 946 3482 1000 pran-

1902 1028 2158 1096 diumque
2197 1034 2432 1094 rogaret,
2486 1025 2851 1091 interrogatur
2895 1022 2962 1076 ab
2997 1022 3271 1091 episcopo,
3312 1036 3484 1089 quare

1905 1129 2012 1173 tam
2060 1117 2352 1188 longinquo
2399 1115 2826 1181 itincrc,——crat
2857 1113 3000 1166 enim
3046 1111 3255 1180 longius
3303 1109 3488 1164 nescio

1904 1227 2012 1280 quo
2042 1208 2584 1273 iturus,-—viaticum
2611 1205 2886 1275 proprium
2933 1219 3036 1258 non
3077 1201 3347 1272 portaret?
3378 1200 3482 1270 Qui

1903 1316 2027 1354 cum
2074 1314 2133 1355 se
2181 1299 2469 1368 quicquam
2513 1298 2653 1348 l'erre
2701 1302 2940 1365 negaret,
2995 1300 3050 1346 et
3106 1291 3486 1346 excusationes

1907 1392 2152 1459 frivolas,
2186 1401 2244 1446 ut
2269 1390 2460 1453 solent,
2486 1400 2781 1460 opponeret
2806 1407 2820 1444 :
2848 1388 3187 1458 impudenter
3209 1394 3487 1457 peccatum

1908 1485 2053 1540 malo
2082 1484 2299 1538 homine
2329 1482 2569 1553 percepit
2591 1481 2897 1536 obsonium.
2927 1480 3133 1549 Quippe
3165 1477 3306 1532 inter
3329 1492 3493 1548 pran-

204 1575 694 1643 jassitextendere
717 1591 840 1630 cum
882 1574 1186 1643 huiusmodi
1219 1575 1515 1644 legatione:
1568 1575 1665 1628 Dic
1714 1579 1806 1628 tltt-
1840 1548 2166 1643 ademtam,
2222 1593 2344 1630 cum
2397 1575 2670 1628 didit-isset
2733 1573 3037 1644 episcOpus,
3089 1571 3232 1641 quod
3287 1568 3491 1623 cibaria

1913 1689 2016 1725 non
2052 1687 2219 1740 pauca
2254 1685 2434 1724 secum
2469 1667 2657 1724 ferret.
2689 1665 3024 1718 abstractum
3057 1662 3122 1716 de
3154 1676 3335 1715 mensa
3365 1659 3495 1714 loris

1913 1763 2130 1832 aggredi
2177 1761 2365 1827 jussit,
2425 1767 2479 1810 et
2538 1757 2706 1811 oblito
2763 1755 3149 1809 domesticatus
3197 1751 3494 1811 consortio,

1914 1853 2254 1909 metulacinm
2286 1852 2396 1903 oris
2419 1853 2581 1903 dorso
2609 1847 2776 1917 iulligi
2803 1847 3074 1916 prteccpit,
3095 1841 3215 1898 Non
3239 1854 3494 1910 oportere,

1916 1945 2183 2014 inquiens,
2229 1942 2424 2009 regales
2459 1939 2737 1992 servientes
2777 1936 3006 1998 mentiri,
3056 1933 3346 2001 pra'sertim
3378 1947 3496 1983 cum

1915 2037 2022 2105 ipse
2051 2039 2184 2087 bona
2215 2050 2311 2086 sua
2341 2029 2610 2085 reracibus
2649 2036 2869 2096 paratus
2900 2027 2964 2078 sit
3001 2023 3205 2092 largiri.
3242 2021 3341 2087 Qui
3372 2037 3494 2074 cmn

1916 2129 2162 2182 vertisset
2199 2140 2256 2178 se
2290 2132 2344 2176 et
2374 2123 2512 2176 irato
2538 2119 2719 2172 animo
2743 2115 2900 2170 vellet
2924 2115 3327 2182 abire,accepta
3352 2127 3498 2165 utar-

1915 2220 2103 2273 deriua
2134 2229 2358 2270 cruseua
2393 2213 2502 2282 ('28)
2535 2209 2689 2264 talari
2717 2209 2970 2263 dimissus
2993 2218 3076 2260 est
3106 2206 3157 2259 in
3181 2218 3334 2275 pace,
3366 2200 3506 2256 ditiis

1916 2307 2328 2376 enitet-quidem
2372 2311 2670 2365 correctus,
2714 2299 2940 2355 honeste
2993 2313 3122 2351 vero
3169 2293 3398 2348 donatus
3446 2301 3498 2344 et

1917 2402 2145 2472 pleuitcr
2180 2397 2578 2453 reconciliatus.

1986 2492 2074 2546 21.
2106 2489 2226 2544 Alio
2254 2503 2469 2558 qttoque
2499 2495 2760 2553 tempore,
2783 2497 2903 2537 cum
2930 2480 3114 2550 junior
3141 2477 3357 2547 quidam
3387 2473 3501 2528 cle-

1922 2585 2066 2641 ricus
2113 2582 2379 2653 legatione
2439 2575 2685 2631 lllacelini
2741 2569 3218 2639 Wirzeburgcusis
3262 2565 3506 2635 episcopi

1920 2677 2136 2730 functus
2159 2674 2223 2727 ad
2253 2687 2372 2726 cum
2408 2669 2634 2732 veniret,
2668 2667 2855 2720 videns
2899 2680 3018 2716 cum
3052 2679 3078 2712 ιι
3119 2661 3273 2728 longe
3303 2656 3502 2724 accipi-

1922 2777 2058 2821 trem
2088 2766 2139 2818 in
2168 2779 2328 2818 manu
2374 2762 2660 2821 ferentem,
2695 2765 2852 2810 vocnt
2883 2769 3046 2808 unum
3095 2767 3159 2804 ex
3189 2746 3505 2802 canterariis

1923 2858 2036 2912 Suis
2066 2865 2120 2910 et
2142 2855 2216 2907 ait
2250 2871 2261 2906 :
2295 2850 2382 2906 Sic
2426 2862 2472 2903 et
2510 2851 2585 2902 sic
2611 2849 2773 2916 facito
2804 2860 2920 2898 cum
2958 2840 3263 2895 adveniente
3292 2835 3481 2889 clerico

1921 2945 2109 3002 Atille
2148 2944 2383 3000 venienti
2431 2952 2745 3002 occurrens,
2791 2943 2844 2988 ct
2893 2928 3266 2987 descendentis
3308 2939 3512 2996 equum

1924 3041 2115 3094 devote
2141 3035 2463 3104 suscipiens,
2490 3029 2695 3086 addidit
2718 3045 2729 3058 ο
2759 3025 2888 3079 Date
2925 3022 3052 3075 milii
3080 3020 3148 3073 ad
3190 3015 3504 3071 servandum

1923 3142 1969 3185 et
2018 3131 2126 3197 (“29)
2161 3127 2478 3194 accipitrem,
2521 3123 2682 3174 donec
2735 3128 2960 3174 vestram
2995 3111 3240 3182 peragitis
3288 3108 3502 3177 legatio~

1927 3241 2060 3278 nem.
2118 3221 2358 3275 Clericus
2401 3232 2530 3272 vero
2583 3214 2716 3268 nihil
2767 3210 2890 3265 mali
2940 3207 3265 3278 suspicatus,
3319 3201 3500 3258 statim

1929 3315 2152 3370 tradidit
2183 3313 2386 3366 alitem.
2431 3310 2501 3361 At
2543 3307 2630 3358 ille
2665 3305 3060 3374 apprehensum
3108 3314 3203 3368 per
3233 3297 3431 3365 liguras
3463 3293 3511 3322 ³³

1927 3405 2262 3474 accipitrem,
2290 3411 2370 3455 ter
2399 3409 2454 3454 et
2480 3406 2673 3468 quater
2701 3396 2752 3449 in
2782 3393 2972 3462 faciem
3004 3389 3184 3443 clerici
3217 3385 3508 3458 percussit,

1927 3498 2194 3568 Furcifer,
2229 3495 2500 3564 inquiens,
2533 3489 2791 3561 quomodo
2817 3503 2979 3540 ausus
3024 3501 3076 3537 es
3115 3483 3183 3536 ad
3213 3483 3509 3550 episcopum

1928 3591 2099 3645 renire
2127 3586 2428 3656 Imjusmodi
2460 3583 2638 3636 alitem
2671 3579 2882 3650 ferens?
2909 3574 3178 3631 Confusus
3220 3582 3273 3626 et
3316 3569 3513 3624 dolens.

1929 3683 2158 3736 clericus
2184 3677 2484 3748 ingreditur
2511 3674 2576 3728 ad
2607 3672 2940 3741 episcopum,
2959 3665 3191 3735 nonjam
3220 3659 3512 3731 legationis

1930 3786 2094 3826 causa
2125 3770 2216 3824 sed
2263 3766 2628 3837 querelarum,
2663 3761 2918 3815 minitans
2951 3757 3090 3810 hanc
3119 3769 3177 3808 se
3224 3761 3508 3806 contume-

1932 3863 2055 3916 liam
2103 3859 2322 3914 domino
2371 3874 2466 3910 suo
2499 3851 2907 3910 lacrimabiliter
2936 3855 3376 3916 eonquesturmn.
3410 3842 3511 3894 Cui

1929 3953 2213 4021 episcopus
2243 3967 2256 4002 :
2287 3946 2457 4001 Immo
2487 3962 2599 4015 ego,
2633 3945 2827 4013 inquit,
2879 3941 2976 3994 nisi
3018 3940 3274 4008 patienter
3303 3933 3514 4002 feratis,

1930 4042 2192 4096 mandabo
2222 4039 2432 4092 domino
2463 4047 2652 4095 vestro,
2674 4049 2831 4101 quam
2862 4031 3116 4086 inurbane
3159 4025 3227 4078 ad
3255 4040 3334 4079 me
3368 4022 3513 4077 veni-

1932 4135 2046 4196 sis,
2079 4141 2124 4185 et
2163 4147 2265 4184 non
2305 4129 2472 4182 solum
2500 4127 2724 4196 gratiam
2753 4123 2888 4192 ejus,
2914 4121 3001 4174 sed
3025 4129 3070 4172 et
3101 4119 3233 4171 bona
3265 4124 3433 4170 vestra
3464 4125 3508 4166 et

254 4238 532 4280 numerum
563 4228 813 4282 excessit.
841 4227 972 4282 Cum
993 4240 1171 4283 autem
1211 4229 1470 4284 fatniliam
1497 4233 1608 4301 (27)
1648 4232 1825 4285 sancti

1931 4226 2098 4292 ipsum
2145 4221 2376 4274 ordinem
2424 4219 2640 4287 perdam
2695 4214 2856 4269 vobis.
2923 4211 3023 4266 Vos
3075 4211 3310 4280 equidem
3353 4204 3513 4259 stulte-

257 4314 548 4372 Willibaldi
573 4319 816 4389 inprimis
831 4321 1017 4375 durius
1037 4329 1344 4385 tractasset,
1365 4323 1690 4391 tandemque
1711 4323 1824 4375 ela-

259 4422 376 4462 mor
394 4425 582 4464 eorum
615 4412 681 4465 ad
696 4427 854 4466 aures
875 4413 1280 4468 clementissimi
1306 4416 1515 4483 patroni
1549 4417 1826 4485 pervenis-

258 4507 360 4562 set,
395 4502 628 4570 quadam
670 4513 829 4557 nocte
867 4505 1006 4557 beno
1044 4505 1271 4572 quodam
1297 4507 1612 4575 presbytero
1655 4507 1829 4562 Wall.)

259 4591 404 4646 dicto
428 4605 830 4650 sacrosanctam
849 4595 964 4664 ejus
987 4609 1226 4666 cryptam
1250 4599 1510 4652 orationis
1532 4597 1646 4667 ejus
1667 4616 1827 4656 causa

264 4679 518 4749 intrante,
545 4695 764 4740 sanctus
793 4687 885 4742 Dei
917 4687 1108 4756 prwsul
1135 4687 1419 4742 trianil‘este
1440 4704 1706 4758 apparens
1728 4690 1831 4745 sibi

263 4767 394 4824 dixit
419 4774 482 4826 ad
527 4789 651 4828 eum
683 4792 696 4827 :
743 4775 884 4829 Vade
920 4786 966 4830 et
999 4776 1084 4829 dic
1112 4778 1371 4847 episcOpo,
1399 4779 1498 4830 nisi
1532 4780 1646 4833 velit
1677 4781 1836 4848 fami-

265 4856 386 4912 liam
412 4881 577 4918 meam
622 4864 920 4920 clementius
963 4877 1208 4932 tractare,
1238 4869 1549 4938 quantocius
1583 4871 1726 4924 debet
1755 4871 1835 4926 lo-

268 4964 379 5004 cum
407 4955 612 5008 meliori
637 4958 781 5011 dare.
812 4959 911 5025 Qui
943 4974 1064 5013 cum
1105 4959 1332 5021 diceret,
1363 4973 1702 5030 nequaquam
1733 4978 1832 5016 au-

269 5037 392 5098 dere
435 5054 541 5099 tam
573 5047 799 5104 mirabili
847 5050 917 5103 illi
943 5050 1190 5120 epi..copo
1215 5051 1329 5104 lucc
1360 5051 1615 5104 nuntiare
1650 5071 1662 5104 :
1694 5050 1835 5105 Pro-

1931 4317 2139 4383 egis!i.s;
2172 4311 2325 4366 stulte
2371 4310 2471 4379 egit
2518 4319 2564 4362 et
2610 4321 2790 4370 meus;
2832 4304 3123 4359 condonate
3177 4299 3521 4359 alterutrum,

1934 4406 2069 4476 quod
2093 4394 2311 4458 invicem
2333 4403 2581 4470 peccaslis
2596 4416 2613 4464 ;
2631 4409 2676 4452 et
2700 4410 2870 4452 cavete
2889 4399 2953 4450 de
2973 4406 3162 4460 cetero,
3180 4411 3241 4446 ne
3266 4407 3512 4462 umquam

1935 4500 2001 4551 ad
2029 4515 2106 4550 me
2137 4497 2212 4551 vel
2240 4497 2308 4550 ad
2332 4495 2553 4566 aliquem
2581 4494 2874 4564 episcopum
2904 4505 3009 4545 tam
3033 4488 3405 4560 lirregulariter
3429 4502 3515 4539 ves

1936 4593 2113 4644 nimis.
2145 4589 2348 4645 Deinde
2376 4589 2606 4642 donatus
2625 4596 2679 4641 et
2708 4587 2819 4656 ipse
2848 4601 2952 4640 non
2982 4583 3070 4637 vili
3099 4597 3338 4643 munere,
3365 4579 3512 4631 abdi-

1936 4694 2056 4738 cata
2090 4682 2283 4751 injuria
2313 4680 2537 4734 recessit
2570 4680 2621 4732 in
2653 4695 2802 4748 pace.

2008 4775 2096 4829 ‘22.
2129 4772 2610 4830 llabebantautem
2643 4771 2713 4824 hii
2738 4770 2844 4824 duo
2863 4764 3237 4837 episcopi(50)
3268 4773 3519 4826 magnam

1938 4866 2077 4920 inter
2105 4878 2163 4920 se
2200 4861 2627 4919 familiaritatem
2659 4871 2878 4929 propter
2913 4855 3195 4926 assiduam
3239 4862 3528 4903 munerum

1938 4958 2272 5014 missuonem.
2322 4951 2514 5007 Noster
2544 4952 2774 5005 husnnes
2799 4960 2868 5004 et-
2898 4944 3079 5001 serica
3128 4940 3325 4996 vellera
3357 4933 3523 4986 subti-

1940 5053 2128 5122 lesquc
2155 5063 2388 5122 pannos,
2419 5047 2618 5118 quibus
2667 5042 3046 5103 habundabat,
3086 5039 3302 5094 mittere
3326 5028 3392 5092 ³⁸,
3437 5027 3534 5084 ille

1573 5162 1806 5217 Vitlile
1847 5163 2256 5221 LECTIONES.

357 5241 405 5278 ³³
423 5243 669 5302 dominos
697 5251 950 5304 excidisse
977 5249 1194 5306 videtur.
1227 5251 1272 5293 ³⁵
1295 5249 1520 5305 licencia
1545 5254 1664 5310 cod.

1739 5257 1784 5287 ³⁵
1813 5256 1851 5307 i.
1880 5269 1931 5310 α.
1972 5254 2253 5310 Iiaaturas.

2331 5250 2375 5287 ²⁶
2400 5249 2453 5305 in
2487 5250 2680 5303 itinere
2714 5247 2808 5300 cod
