4076 5310
610 318 615 325 ο

570 346 670 370 {'I.

570 349 591 370 Γ*
641 346 670 366 ⁸

535 345 670 402 1....)

1629 322 1975 439 APPENDlX
2009 353 2101 410 AD
2134 344 2684 412 GUNDECHARUM.

3662 340 3819 401 £025

527 470 755 516 econtra
794 458 977 515 vinum
1012 459 1298 531 optimum,
1332 461 1484 537 cujus
1536 463 1639 525 sibi
1677 480 1869 536 magna
1916 465 2105 536 copia,
2135 467 2187 530 Α
2212 467 2461 536 Sponensi
2485 470 2637 521 daret
2665 458 3391 534 servitium,archiepiscopo
3416 460 3648 518 cuilibet
3673 471 3826 516 nor-.-

528 552 732 606 s-niori
763 562 942 608 autem
974 569 1080 608 non
1120 570 1283 625 parva
1333 566 1451 611 erat
1495 558 1742 627 penuria,
1788 559 2112 615 retribuere.

525 641 621 699 ille
653 653 895 698 nostrum
929 644 1181 709 interius,
1222 655 1408 703 noster
1439 647 1588 707 illum
1631 650 1872 705 exterius
1921 664 2117 721 procu-

528 734 714 799 rabat,
752 742 813 790 et
850 734 929 789 sic
979 734 1232 790 muniﬁca
1285 752 1475 792 manus
1522 738 1817 797 amicitiam
1874 748 2115 795 mutuam

534 828 910 884 continuabat.
929 826 1171 896 Quodam
1200 838 1379 895 autem
1404 841 1700 905 autumpno
1728 831 1909 889 missis
1931 843 2119 889 noster

533 917 850 977 muneribus
869 915 1041 972 solitis
1060 932 1182 974 cum
1208 928 1479 989 speratam
1495 920 1604 975 vini
1629 922 2117 979 remunerationem

534 1009 805 1080 pendulus
833 1019 1168 1081 expectaret.
1206 1012 1367 1067 sodes
1410 1010 1525 1081 ejus
1554 1012 1927 1084 sollempuiter
1945 1012 2118 1084 iocari

533 1101 743 1169 volens,
772 1104 960 1158 decem
994 1102 1502 1173 quidem'carradas
1531 1105 1744 1160 delicati
1790 1107 1898 1161 vini
1946 1107 2116 1173 misit,

533 1209 723 1248 verum
783 1196 989 1249 urbane
1041 1195 1086 1226 ’⁷
1150 1193 1299 1249 illum
1354 1195 1505 1265 prius
1559 1195 1742 1252 elusit.
1801 1195 2119 1252 Prasmissus

535 1284 733 1354 quippe
764 1284 993 1365 mincius
1012 1282 1128 1365 ejus
1170 1298 1379 1350 saccos,
1424 1286 1618 1356 quibus
1642 1285 1836 1340 vellera
1864 1286 2118 1340 fereban-

533 1385 647 1441 tur,
702 1383 883 1431 musto
933 1362 1187 1455 impletos
1231 1391 1414 1432 coram
1464 1376 1720 1447 episcopo
1770 1377 2122 1447 indignanter

532 1466 764 1539 proiecit
796 1476 851 1523 et
879 1467 1379 1546 nullasalutatione
1408 1460 1708 1539 ‘premissa,
1742 1468 1893 1535 Ecce,
1923 1469 2120 1540 inquit,

535 1558 780 1614 dbminus
824 1548 969 1614 meus
1020 1546 1218 1614 remisit
1270 1560 1413 1615 vobis
1461 1548 1776 1617 munuscula
1820 1572 1986 1615 vestra
2018 1561 2121 1615 sibi

533 1648 778 1721 indigna,
802 1650 945 1708 vobis
967 1651 1281 1711 necessaria.
1304 1649 1386 1711 Ad
1406 1652 1505 1707 hec
1527 1650 1833 1722 episcopus,
1850 1649 2118 1720 Furcifer,

537 1732 737 1812 inquit,
769 1754 891 1806 tuus
916 1743 1160 1798 dominus
1194 1759 1295 1811 non
1338 1753 1452 1798 erat
1504 1742 1696 1799 talibus
1725 1744 1879 1797 donis
1905 1743 2117 1813 dignus,

2216 558 2347 615 nihil
2381 558 2796 621 lbrmidandum.
2826 554 2922 614 Cui
2955 573 3077 614 cum
3108 558 3289 629 regius
3314 557 3523 627 legatus
3558 553 3823 625 singula-

2216 651 2312 706 tim
2346 665 2466 721 qua:
2508 650 2682 706 danda
2725 659 2905 706 essent
2952 649 3234 718 magnifice
3283 655 3665 712 enumeraret,
3695 655 3833 701 tan-

2156 808 2160 812 _
2217 740 2448 811 demque
2473 741 2539 796 ad
2569 741 2886 796 immensam
2912 740 3023 794 vini
3049 754 3355 795 mensuram
3378 746 3609 792 ventum
3642 745 3829 804 esset,

2218 829 2491 887 Pessime!
2515 833 2712 902 inquit,
2737 832 2980 886 dominus
3026 841 3147 885 tuus
3190 839 3367 899 aperte
3397 830 3626 883 insanit.
3661 827 3833 885 Unde

2219 923 2457 978 deberem
2490 923 2590 977 sibi
2623 932 2825 978 tantum
2864 922 3134 978 servitium
3164 921 3312 985 dare,
3352 921 3443 991 qui
3465 936 3562 974 nec
3597 927 3836 972 memet—

2218 1019 2387 1090 ipsum
2434 1018 2564 1071 satis
2592 1034 2722 1089 queo
2777 1016 3025 1087 pascere?
3068 1015 3180 1086 Ego
3215 1016 3425 1087 quidem
3474 1014 3663 1067 socius
3704 1010 3835 1081 ejus

2219 1125 2363 1162 eram
2388 1125 2603 1178 genere;
2628 1108 2718 1162 sed
2749 1108 2857 1178 ipse
2878 1107 2999 1177 fecit
3029 1108 3178 1161 rebus
3199 1108 3350 1180 quasi
3373 1121 3673 1177 pauperem
3701 1121 3839 1173 par-

2221 1200 2608 1266 rochianum,et
2628 1216 2766 1254 nunc
2787 1198 2959 1269 regale
2982 1198 3142 1269 poscit
3161 1216 3191 1251 a
3220 1215 3299 1252 me
3318 1198 3592 1251 servitium
3614 1196 3644 1248 1’
3670 1194 3839 1248 Unde

2219 1293 2319 1348 sibi
2372 1302 2445 1347 tot
2492 1293 2746 1346 carradas
2797 1291 2944 1346 vini?
2990 1291 3100 1364 Ego
3148 1291 3356 1362 quidem
3406 1290 3473 1343 de
3525 1289 3660 1342 nino
3694 1286 3839 1340 nihil

2221 1382 2383 1436 habeo
2434 1383 2535 1435 nisi
2580 1399 2740 1436 unum
2792 1381 3065 1452 parvulam
3117 1381 3419 1447 carradam,
3470 1395 3640 1451 quam
3681 1376 3835 1431 dedit

2221 1472 2350 1525 mihi
2406 1473 2553 1528 sodes
2621 1488 2765 1526 meus
2816 1470 3059 1525 diabolus
3130 1471 3476 1540 Angustensis
3538 1469 3839 1538 episcopus

2222 1573 2425 1619 tantum
2468 1566 2535 1618 ad
2568 1565 2890 1633 sacriﬁcium
2912 1563 3212 1618 —dicebat
3257 1572 3440 1619 autem
3471 1561 3837 1624 Brunonem.

2224 1659 2389 1730 ipsius
2434 1657 2778 1729 imperatoris
2826 1671 3140 1727 germanum
3188 1653 3451 1718 fratrem;
3484 1668 3683 1723 -per
3703 1668 3841 1704 san-

2226 1762 2387 1815 ctum,
2410 1750 2603 1819 inquit,
2636 1748 3026 1813 Willibaldum,
3071 1764 3134 1800 ne
3164 1764 3268 1800 una
3292 1746 3505 1817 quidem
3537 1753 3703 1814 gutta
3736 1743 3839 1794 ha-

537 1830 758 1904 ideoque
792 1823 939 1904 ju‘ste
978 1833 1198 1898 remisit,
1229 1849 1348 1907 quae
1384 1848 1494 1887 suae
1519 1833 1807 1886 conditioni
1835 1810 2124 1903 incongrua

2234 1845 2314 1911 ius
2363 1844 2466 1898 uini
2501 1843 2546 1875 "
2584 1841 2799 1897 intrabit
2841 1842 2895 1894 in
2942 1857 2999 1894 os
3026 1840 3227 1893 domini
3269 1840 3369 1892 tui.
3416 1837 3673 1892 Tandem
3708 1850 3839 1887 cum

541 1940 655 1985 esse
682 1916 994 1998 recognouit.
1011 1918 1215 1981 Fatuus
1242 1937 1335 1976 rex
1352 1920 1477 1993 quid
1498 1919 1689 1989 faceret
1712 1921 1988 1989 ignoravit,
2009 1936 2128 1977 cum

541 2018 640 2076 tali
678 2017 836 2073 talem
867 2014 1233 2088 episcopatum
1282 2014 1445 2069 dedit.
1480 2012 1633 2069 Tunc
1679 2012 1887 2085 legatus
1935 2012 2130 2067 stricto

540 2111 717 2167 cultro
740 2124 929 2167 saccos
957 2117 1160 2165 temere
1181 2096 1420 2173 discidit,
1444 2113 1498 2162 et
1523 2104 1692 2163 ell‘uso
1718 2113 1895 2161 musto
1920 2104 2130 2176 episco-

538 2220 668 2277 pum
696 2204 749 2260 in
777 2204 915 2258 iram
933 2202 1226 2263 maximam
1252 2200 1588 2267 provocavit.
1608 2199 1950 2255 Exclamavit
1981 2196 2129 2252 enim

540 2310 679 2351 voce
727 2310 920 2367 magna
966 2303 1024 2350 et
1077 2293 1212 2348 dixit
1247 2309 1262 2346 :
1292 2289 1469 2346 Filius
1516 2291 1825 2357 meretricis,
1884 2289 2131 2345 dominus

541 2398 664 2447 tuus
689 2384 832 2440 itane
860 2395 1036 2455 aperte
1059 2399 1220 2437 ausus
1240 2392 1315 2438 est
1339 2382 1467 2437 mihi
1492 2379 1871 2436 illudereIPer
1890 2391 2129 2435 sanctum

544 2475 915 2532 Willibaldunt
941 2474 1119 2531 oculos
1167 2484 1285 2551 tuos
1317 2490 1422 2529 non
1463 2472 1675 2543 auferes
1700 2490 1733 2526 a
1759 2488 1862 2527 me.
1894 2472 2127 2541 lnterea,

539 2554 623 2634 ut.
649 2580 770 2640 erat
815 2568 1251 2643 prenrdinatum,
1306 2568 1511 2623 intrant
1555 2565 1843 2622 ordinatim
1888 2563 2131 2636 plaustra

542 2662 796 2731 ducentia
827 2662 1032 2719 vinum.
1066 2659 1204 2717 Tum
1235 2673 1365 2715 vero
1385 2658 1596 2728 legatus
1621 2665 1936 2714 reverenter
1964 2670 2128 2712 acce-

543 2760 700 2821 dens,
748 2754 1007 2809 Dominus
1038 2769 1203 2818 meus,
1235 2740 1430 2823 inquit,
1460 2751 1676 2805 mandat
1706 2736 1865 2814 vobis,
1899 2748 2130 2819 domine,

544 2849 818 2916 servitium
852 2862 1007 2909 suum
1042 2855 1088 2899 et
1133 2860 1285 2903 omne
1329 2844 1541 2901 bonum.
1599 2829 1771 2916 Quem
1813 2841 2132 2897 terribiliter

545 2939 777 3005 intuitus
802 2937 1087 3011 episcopus
1107 2936 1243 2991 dixit
1263 2953 1279 2988 ι
1296 2934 1435 2998 Eho,
1458 2933 1784 3003 trifurcifer!
1806 2933 1935 2999 Quis
1960 2943 2131 2987 autem

544 3029 635 3094 ille
663 3028 909 3089 deminus
944 3037 1065 3085 tutts
1088 3026 1201 3092 est?
1220 3034 1365 3086 totne
1391 3023 1630 3081 dominos
1669 3022 1844 3076 habes.
1879 3040 1897 3073 ι
1919 3020 2132 3091 Epist

544 3136 667 3190 pus,
697 3118 896 3188 inquit,
924 3127 999 3174 est
1029 3115 1509 3189 Wirzeburgensis,
1532 3124 1580 3167 et
1609 3114 1705 3171 has
1733 3114 1910 3167 decem
1948 3130 2132 3170 carra—

555 3204 655 3271 das
681 3210 785 3265 vini
814 3208 953 3274 misit
978 3208 1171 3267 vultis.»
1191 3207 1344 3268 Tunc
1375 3205 1466 3268 ille
1487 3205 1667 3267 alacer
1694 3214 1745 3260 et
1773 3204 2134 3275 laetabundus,

556 3299 781 3365 Serione
824 3309 904 3366 tu,
933 3299 1037 3371 ait,
1065 3300 1177 3356 lta’c
1207 3300 1364 3367 dicis,
1393 3319 1463 3357 an
1511 3304 1700 3360 iterum
1741 3301 1919 3356 ludis?
1944 3300 2136 3367 Credo,

548 3399 609 3453 ut
631 3398 706 3445 est
738 3389 946 3447 ridendi
976 3388 1151 3461 splene
1175 3391 1452 3455 cachinno,
1483 3409 1672 3461 aquam
1701 3391 1841 3445 misit
1871 3406 1964 3461 pro
1996 3393 2134 3445 vino.

550 3479 790 3546 Econtra
823 3480 999 3557 legato
1022 3481 1284 3550 optimum
1315 3482 1499 3536 vinum
1525 3496 1647 3541 esse
1676 3480 1996 3542 afﬁrmante,
2023 3478 2139 3548 epi-

553 3589 720 3629 curus
748 3572 1036 3651 cpiscopus
1081 3570 1195 3645 jam
1226 3572 1384 3643 plane
1434 3572 1769 3634 lmtissimus,
1801 3570 2134 3634 Benedictus,

552 3665 749 3734 inquit,
790 3662 1012 3729 Domino
1060 3662 1367 3727 Deo~sodes
1396 3679 1541 3718 meus
1570 3661 1959 3732 dilectissimus,
1988 3660 2141 3715 bene-

553 3757 697 3815 dicta
719 3772 934 3823 munera
951 3756 1101 3826 ejus'
1131 3754 1328 3809 Revera
1354 3754 1511 3808 decus
1533 3764 1607 3808 est
1621 3746 2139 3822 Wirzeburgeusium

553 3845 842 3918 presulum.
892 3847 1117 3918 Sapiens
1147 3850 1433 3917 imperator
1460 3863 1717 3917 nusquam
1761 3847 1948 3900 melius
1980 3844 2142 3899 collo-

558 3958 680 4004 care
712 3951 913 4011 poterat
950 3942 1089 3994 hunc
1133 3940 1386 4011 Optimum
1438 3938 1813 4009 episcopatum.
1860 3937 1992 3992 Tam
2032 3937 2142 3992 cito

558 4029 884 4101 vituperatio
910 4029 1000 4082 illa
1025 4044 1181 4084 versa
1212 4038 1295 4083 est
1326 4029 1379 4083 in
1411 4027 1644 4092 laudem,
1671 4037 1778 4084 tam
1806 4030 1913 4084 cito
1942 4044 2006 4085 ex
2033 4038 2144 4093 tam

561 4121 654 4177 vili
686 4129 795 4191 tam
823 4121 1049 4194 insignis
1076 4121 1251 4187 iactus
1274 4131 1358 4179 est
1384 4122 1688 4193 episcopus.
1726 4122 1879 4182 llnne
1906 4121 2141 4190 legatum

562 4211 909 4285 nequaquam
955 4212 1146 4270 credas
1199 4221 1491 4282 utcumque
1541 4214 1652 4283 (31)
1717 4212 1995 4265 donatum.
2054 4209 2144 4264 Sic

560 4303 730 4358 homo.
755 4312 902 4369 erat;
935 4316 1057 4363 cum
1089 4316 1260 4371 nuper
1288 4302 1539 4375 maxime
1558 4301 1825 4363 fervebat,
1845 4299 2004 4369 paulo
2026 4306 2145 4366 post

562 4407 673 4452 tam
704 4396 945 4471 placidus
972 4404 1031 4451 ut
1058 4395 1176 4461 ovis
1220 4394 1400 4450 (iebat.
1433 4395 1677 4471 Denique
1703 4410 1824 4448 cum
1858 4391 2145 4460 aliquando

2231 1933 2550 1991 defervisset
2606 1933 2687 1988 ira
2734 1932 2871 2003 ejus,
2920 1931 3187 2000 pretiosos
3232 1927 3553 1999 imperatori
3618 1926 3839 1993 aliquot

2231 2041 2437 2097 pannos
2472 2025 2643 2089 misit,
2673 2033 2728 2079 et
2758 2021 2936 2093 legato
2972 2020 3111 2077 dixit
3144 2039 3157 2075 :
3196 2018 3314 2073 Hoc
3363 2019 3534 2073 voluit
3571 2015 3837 2069 dominus

2231 2129 2375 2182 tuus,
2413 2118 2510 2170 hoc
2540 2116 2761 2181 habeat;
2793 2115 2891 2168 hoc
2933 2124 3007 2168 est
3041 2112 3412 2169 Eistetensium
3451 2111 3837 2180 cpisc0porum

2229 2211 2403 2280 potius
2421 2224 2578 2279 quam
2601 2208 2807 2271 plenum
2842 2206 3044 2278 regibus
3072 2204 3199 2257 dare
3224 2203 3523 2258 seruitium.

2268 2296 2389 2355 '24.
2419 2300 2643 2368 Quando
2672 2298 2739 2353 ad
2785 2299 2992 2353 curiam
3021 2297 3189 2361 venit,
3238 2295 3283 2349 si
3332 2295 3419 2348 via
3468 2293 3656 2349 lutosa
3687 2302 3834 2356 erat,

2232 2407 2402 2462 usque
2450 2391 2515 2444 ad
2552 2391 2721 2460 ipsam
2767 2388 2963 2459 regalis
3011 2386 3244 2442 cubiculi
3288 2385 3521 2456 ianuam
3574 2384 3837 2454 equitare

2231 2482 2458 2537 solebat.
2489 2479 2642 2548 Quod
2690 2494 2812 2534 cum
2864 2478 2953 2533 alii
2990 2477 3223 2549 episcopi
3277 2475 3684 2532 inconveniens
3710 2489 3837 2529 esse

2231 2574 2515 2635 dicereut,
2573 2570 2679 2626 biis
2727 2570 2908 2625 verbis
2954 2567 3285 2639 compescuit
3335 2582 3456 2631 eos,
3506 2565 3707 2621 dicens
3744 2563 3836 2618 :0

2230 2665 2395 2727 stulti,
2423 2679 2584 2734 egone
2614 2661 2849 2716 deberem
2888 2669 3096 2729 propter
3139 2658 3322 2712 inanes
3366 2656 3597 2727 facetias
3627 2664 3835 2710 vestras

2230 2757 2381 2828 quasi
2414 2755 2511 2810 vile
2556 2753 2874 2822 mancipium
2910 2751 3020 2814 luto
3060 2749 3308 2825 aspergi?
3336 2749 3481 2814 Quid
3507 2748 3644 2801 mihi
3664 2762 3839 2817 equus

2232 2848 2498 2912 caballus,
2562 2846 2608 2899 si
2663 2843 2735 2898 ad
2787 2843 2989 2903 curiam
3062 2842 3283 2901 venirem
3351 2839 3528 2897 uiator
3581 2835 3840 2892 lutosus?

2234 2934 2571 2989 Transeunte
2615 2946 2832 2991 cmsare.
2882 2944 3004 2985 cum
3047 2929 3135 2983 alii
3175 2928 3417 2999 episcopi
3448 2926 3638 2981 debita
3672 2942 3835 2982 reve-

2232 3026 2405 3087 rentia
2445 3032 2729 3095 surgerent
2777 3023 2972 3092 illeque
3020 3021 3297 3085 resideret,
3330 3018 3548 3073 cieteris
3589 3018 3700 3072 hoc
3730 3033 3835 3073 no~

2237 3117 2475 3172 tantibus
2509 3114 2829 3185 simpliciter
2882 3128 2941 3168 se
2986 3110 3319 3172 atzsoivebat,
3368 3107 3508 3178 Ego,
3546 3106 3837 3178 inquiens,

2234 3212 2409 3268 senior
2432 3226 2547 3265 sum
2576 3217 2852 3278 cognatus,
2889 3214 2935 3259 et
2976 3192 3231 3259 seniorem
3262 3202 3531 3261 honorare
3563 3208 3679 3252 tam
3709 3215 3839 3269 gen-

2236 3302 2351 3357 tiles
2388 3316 2544 3373 quam
2585 3313 2752 3353 sacra:
2773 3296 2960 3366 jubent
2988 3295 3197 3354 litteris.
3231 3289 3395 3345 Multa
3440 3290 3692 3344 scienter
3719 3302 3840 3359 pre-

2238 3402 2408 3455 terco,
2438 3392 2562 3461 quia
2593 3400 2645 3444 ct
2678 3389 2742 3443 dc
2774 3387 2893 3442 aliis
2929 3387 3111 3441 dicere
3152 3393 3204 3439 et
3240 3385 3306 3437 ad
3338 3383 3697 3453 propositum
3746 3396 3838 3436 re-

2240 3484 2354 3541 dire
2406 3483 2594 3542 debeo,
2648 3480 2879 3548 ideoque
2931 3477 2996 3532 de
3047 3475 3360 3532 novissimis
3408 3475 3532 3545 ejus
3586 3472 3843 3530 breviter

2238 3587 2665 3631 commemorare
2687 3570 2827 3624 volo.
3108 3580 3118 3588 '
3572 3564 3575 3567 λ

2309 3668 2398 3722 25.
2449 3664 2946 3722 Christianissimus
3000 3658 3647 3732 tntperator‘lleinricus
3709 3672 3840 3717 cum

2240 3755 2735 3823 Babeabergensem
2783 3752 2828 3784 ³⁵
2870 3751 3237 3821 episc0patum
3281 3748 3547 3817 regaliter
3596 3747 3840 3802 ditatum

2241 3860 2616 3902 consummare
2664 3859 2769 3898 non
2822 3851 3024 3913 posset,
3069 3842 3168 3896 nisi
3217 3857 3246 3894 a
3309 3838 3843 3910 circumiacentibus

2242 3937 2546 3994 diocesibus
2581 3933 2876 4003 parrochiae
2899 3934 3157 3987 terminos
3179 3929 3680 4003 redimeret,_solus
3709 3943 3843 3998 ago-

2242 4032 2379 4085 nista
2410 4037 2613 4087 uester,
2645 4036 2750 4077 tant
2790 4023 3026 4078 tnoribns
3061 4038 3220 4092 quam
3248 4036 3448 4092 genere
3479 3999 3680 4084 fretus,
3710 4019 3840 4073 viri-

2243 4120 2372 4179 liter
2399 4117 2499 4173 εἰμί
2527 4115 2748 4177 restitit,
2776 4121 2829 4168 et
2858 4112 2922 4165 ad
2947 4113 3069 4165 vitm
3096 4126 3263 4183 usque.
3293 4107 3457 4163 finem
3489 4109 3684 4177 iniquo
3710 4122 3841 4162 con-

2243 4208 2456 4267 cambio
2483 4204 2788 4258 nullatenus
2826 4201 3176 4270 acquiesCere
3202 4197 3393 4265 voluit.
3426 4196 3528 4251 Illo
3556 4211 3692 4251 vero
3720 4193 3841 4250 feli-

2246 4301 2382 4355 citer
2411 4297 2662 4351 defuncto
2691 4294 2892 4365 (10M),
2947 4293 3299 4347 Eistetensem
3330 4289 3744 4359 episcopatum,
3772 4286 3842 4341 ab

2248 4393 2401 4447 initio
2429 4408 2597 4461 usque
2625 4399 2750 4443 tunc
2787 4404 2815 4440 a
2848 4386 3119 4453 nobilibus
3150 4391 3205 4438 et
3241 4366 3489 4459 summis-
3516 4381 3657 4435 viris
3684 4378 3843 4434 babi-

566 4488 753 4544 ,ειη-ξας
784 4486 835 4543 in
865 4487 1096 4558 aliquem
1143 4487 1357 4544 saeviret
1402 4487 1709 4561 inpransus.
1753 4491 1876 4565 past
1900 4496 2141 4535 mensam
2175 4480 2222 4540 D
2250 4495 2389 4555 tum,
2418 4482 2727 4553 ingeniosus
2750 4479 3197 4546 imperatortnnc
3239 4473 3461 4526 demum
3499 4471 3691 4527 servili
3718 4484 3842 4541 per-

563 4573 813 4644 ﬂe‘itiiiter
842 4592 899 4632 se
919 4576 1092 4647 ipsum
1117 4575 1424 4638 accusabat,
1453 4575 1655 4639 dicens,
1685 4587 1742 4625 se
1761 4580 1983 4641 propter
2011 4585 2140 4624 vcn-

566 4668 668 4726 tris
709 4669 793 4724 sui
843 4668 1233 4739 impatientiam
1279 4667 1568 4722 innocuum
1621 4662 1795 4719 sancti
1848 4660 2139 4715 Willibaldi

566 4760 835 4821 licerasse
877 4760 1152 4815 familiam.
1184 4757 1297 4812 Nec
1326 4756 1544 4819 mirum,
1591 4754 1635 4808 si
1667 4754 1781 4807 haec
1806 4751 1886 4804 vel
1916 4750 2143 4805 subditis

567 4853 653 4908 γει
689 4852 985 4924 aequalibus
1027 4851 1174 4919 fecit,
1205 4848 1296 4920 qui
1335 4832 1454 4914 nec,
1480 4845 1589 4916 ipsi
1614 4841 1921 4927 imperatori
1951 4856 2141 4923 provo-

551 4961 601 5002 ‘c
620 4956 725 5000 itus
750 4946 1011 5016 pepercit.
1071 4949 1074 4951 “
1290 4950 1295 4956 ’

636 5036 728 5091 9.3.
758 5035 938 5113 Beata).
969 5036 1022 5090 in
1058 5034 1273 5091 Christo
1299 5029 1571 5113 memoriae
1599 5027 1881 5087 lieinricus
1919 5027 2147 5099 impera-

2249 4595 2394 4635 sonar,
2423 4576 2653 4638 aldixit;
2702 4582 2755 4625 et.
2805 4568 3048 4625 Gunzoni
3096 4561 3843 4633 cuidam,Babcubergcnsis

2250 4670 2490 4724 ecclesia:
2521 4663 2752 4726 custodi,
2785 4663 2885 4729 hoc
2919 4661 3092 4730 ipsum
3126 4656 3238 4725 (32)
3268 4662 3325 4710 tit
3363 4664 3634 4719 strueret,
3669 4654 3839 4709 dedit.

2251 4760 2362 4813 Sub
2392 4758 2491 4812 lioe
2517 4756 2770 4823 episcopo
2800 4767 2921 4808 cum
2947 4738 3117 4805 etcsar
3142 4746 3406 4818 propositi
3438 4746 3526 4800 sui
3572 4759 3846 4815 properus

2248 4850 2548 4921 predictum
2579 4842 2951 4900 concambium
3000 4826 3276 4894 maturare
3317 4834 3508 4900 vellet,
3567 4844 3627 4890 et
3671 4848 3845 4889 novus

2250 4940 2339 4996 ille
2368 4941 2649 5009 episcopus
2669 4933 3066 5003 rapellanorum
3095 4943 3158 4982 ac
3186 4925 3417 4979 militum
3450 4939 3685 4979 suorum
3718 4933 3847 4979 tunc

2251 5031 2646 5102 praecipitor-nm
2676 5022 2898 5082 cnnsilio
2940 5019 3109 5077 fretus
3150 5024 3474 5072 constanter
3521 5014 3844 5077 restitisset,
