4076 5310
262 303 399 362 1017

1108 293 1493 354 ANONYMUS
1533 295 1620 351 DE
1657 294 2007 354 EPISCOPIS
2036 270 2699 356 .EICHSTETENSIBUS.

3395 291 3531 353 Ιθιὸ

263 428 451 478 teram,
481 421 669 475 tecum,
699 410 790 482 qui
830 408 1091 479 ejusmodi
1126 426 1202 472 es,
1248 423 1362 462 sine
1412 405 1666 460 dilatione
1687 404 1844 476 perﬁ-
1878 410 1923 466 Α
1952 418 2058 460 non
2101 405 2258 475 juxta
2299 404 2499 461 Senum
2535 420 2628 459 seu
2660 404 2714 457 in
2739 404 2785 440 ⁸⁸
2817 401 2986 458 Gallia
3024 402 3212 459 doctus
3244 412 3389 469 erat,
3424 413 3532 460 tant

264 503 441 559 ciant?
470 499 626 566 Cave,
654 514 717 554 ne
740 514 969 568 unquam
992 497 1095 552 tale
1113 498 1240 569 quid
1262 496 1481 552 audiam
1506 512 1570 551 ex
1594 505 1666 562 te,
1696 497 1743 550 si
1771 494 1848 550 vel

264 595 624 664 episcopatum
654 588 731 644 vel
757 588 985 659 gratiam
1016 604 1185 643 meam
1205 586 1329 644 velis
1366 588 1612 643 retinere.
1644 585 1850 655 Quibus

267 686 490 750 auditis,
516 684 803 754 episcopus
828 681 1044 752 quidem
1089 680 1387 746 obmutuit;
1434 679 1613 736 clerus
1638 694 1769 735 vero
1796 686 1852 735 et

266 774 466 832 militia
514 773 566 825 in
616 770 1049 836 contradictione
1073 770 1452 840 perstiterunt,
1492 771 1627 824 adeo
1658 777 1716 824 ut
1754 769 1850 822 ab-

266 859 599 917 hominabile
641 859 1018 915 concambium
1060 866 1310 929 potenter
1346 858 1529 926 potius
1568 872 1730 927 quam
1758 870 1852 911 vo-

267 952 505 1007 luntarie
531 958 603 1005 Sil
634 950 855 1004 factum.
880 948 1020 1004 Hinc
1048 957 1150 1011 est,
1185 947 1328 1018 quod
1360 960 1498 1001 unus
1526 946 1592 1002 de
1619 945 1852 1001 seniori-

265 1042 372 1098 bus
418 1041 950 1112 Babenbergensium
986 1038 1215 1093 fratrum
1267 1038 1320 1091 in
1352 1037 1614 1092 extremis
1645 1036 1852 1107 positus

268 1135 374 1189 hoc
401 1132 553 1204 quasi
581 1131 881 1203 legitimum
912 1129 1298 1200 sempiternum
1331 1128 1532 1183 futuris
1564 1128 1852 1183 mandasse

265 1224 445 1284 fertur
491 1223 959 1296 generationibus,
996 1229 1055 1277 ut
1107 1222 1428 1294 Eystetense
1473 1218 1850 1275 concambium

267 1332 549 1389 nunquam
600 1316 805 1373 destrui
849 1323 1189 1386 paterentur,
1219 1311 1692 1381 Wirzeburgensis
1723 1325 1853 1364 vero

268 1409 626 1466 mutationem
681 1423 787 1463 non
844 1404 1071 1463 multum
1128 1404 1453 1468 abnuerent,
1502 1403 1599 1457 sed
1634 1402 1678 1433 ³⁰
1735 1401 1877 1470 ipsa

267 1501 593 1573 episcOpalis
644 1499 801 1557 sedes
828 1499 881 1554 in
924 1498 1013 1553 illa
1064 1496 1270 1553 diocesi
1326 1511 1424 1550 sua
1477 1510 1583 1549 non
1636 1493 1849 1547 fuisset.

267 1592 500 1663 Propter
554 1590 665 1664 (33)
731 1591 833 1645 hoc
885 1587 1217 1645 inlaudabile
1271 1585 1648 1642 concambium
1710 1584 1851 1639 idem

266 1683 558 1755 episcopus
595 1680 722 1737 fecit
761 1689 817 1737 et
861 1679 1006 1737 aliud
1036 1678 1283 1733 ecclesias
1331 1685 1535 1739 nostrae
1584 1690 1690 1729 non
1734 1688 1853 1727 me-

1951 496 2151 552 nullius
2178 494 2249 550 ab
2278 496 2533 566 episcopo
2560 494 2925 557 habitusest,
2958 500 3017 547 ut
3037 491 3214 562 ipsum
3248 490 3449 562 ejicere
3477 502 3535 549 et

1951 586 2116 643 alium
2157 586 2488 642 substituere
2531 586 2818 656 cogitaret.
2846 582 3045 639 Verum
3084 582 3174 640 ille
3209 592 3283 655 ut.
3304 598 3533 657 granum

1951 677 2168 749 synapis
2201 687 2442 747 tempore
2470 675 2875 746 tranquillitatis
2900 674 3089 741 latuit,
3140 684 3382 745 tempore
3399 688 3532 733 vero

1952 769 2296 826 contritionis
2332 769 2460 839 quid
2504 769 2649 829 intus
2686 777 2905 840 saperet
2929 768 3233 835 ,etlioaciter
3277 768 3534 825 ostendit.

1951 862 2287 918 Adveniente
2314 862 2458 917 enim
2482 861 2524 892 ³⁷
2556 860 2846 930 aliquando
2871 861 3080 916 famoso
3107 860 3198 915 illo
3223 860 3539 917 Wirzebur-

1952 956 2198 1026 gensium
2228 956 2488 1027 magistro
2513 954 2783 1021 Pernolt‘o,
2814 970 2937 1010 cum
2966 956 3251 1026 episcopus
3278 964 3386 1012 tam
3414 972 3537 1013 eum

1953 1054 2141 1117 utpote
2174 1047 2590 1116 compatriotam
2634 1046 2933 1111 honorare,
2980 1061 3144 1116 quam
3189 1056 3434 1102 nostrum
3480 1056 3540 1103 ut

1955 1135 2186 1191 invisum
2232 1135 2392 1191 vellet
2440 1135 2797 1200 confundere,
2827 1136 3061 1205 quadam
3109 1135 3197 1191 die
3237 1138 3305 1191 ad
3354 1137 3534 1193 scolas

1956 1227 2131 1292 venit,
2172 1234 2229 1281 et
2270 1236 2492 1297 accepto
2526 1226 2832 1281 aritmetico
2879 1224 3018 1281 libro
3046 1225 3315 1297 hospitem
3361 1227 3539 1297 magi-

1955 1326 2128 1373 strum
2157 1318 2335 1389 legere
2361 1327 2414 1374 et
2434 1326 2698 1381 nostrum,
2730 1326 2788 1371 ut
2825 1316 3156 1381 inferiorem,
3179 1316 3343 1386 jussit
3367 1325 3543 1373 atten-

1954 1407 2103 1461 dere.
2135 1406 2215 1460 Ad
2255 1408 2355 1463 hec
2397 1416 2580 1460 noster
2622 1404 2893 1474 intrepida
2934 1420 3070 1460 voce
3097 1406 3417 1475 respondit:
3453 1405 3542 1462 Ms

1955 1498 2129 1567 potius
2156 1506 2352 1566 o;:ortet
2401 1498 2484 1551 ltic
2513 1496 2711 1566 legere,
2753 1505 2802 1550 et
2851 1494 3002 1551 illum
3032 1490 3291 1551 auditoris
3319 1498 3541 1569 ofﬁcium

1956 1586 2163 1650 habere,
2193 1602 2284 1640 nec
2314 1586 2413 1639 nisi
2444 1585 2835 1640 rationabiliter
2868 1584 3165 1640 emendanti
3200 1586 3402 1640 cedere.
3442 1586 3538 1644 llis

1956 1678 2119 1733 dictis
2150 1679 2355 1746 recepit
2390 1678 2615 1743 librum,
2648 1686 2703 1732 et
2730 1677 3289 1749 inreprehensibililer
3315 1676 3545 1749 perlegit

268 1750 473 1830 dicere
509 1773 824 1842 dampnum.
890 1769 1027 1825 Nam
1076 1769 1206 1839 quia
1265 1766 1647 1822 venationibus
1709 1765 1852 1819 ultra
1888 1750 1930 1810 Β
1960 1771 2143 1825 folium
2187 1785 2373 1825 unum.
2421 1771 2541 1838 Quo
2588 1772 2773 1826 audito
2815 1771 3150 1826 adventicius
3196 1770 3546 1843 philosophus

267 1864 492 1923 modum
518 1863 729 1918 deditus
748 1870 887 1926 erat,
916 1860 1150 1930 regalem
1174 1860 1382 1917 curiam
1409 1860 1462 1913 in
1489 1858 1644 1913 Retia
1668 1856 1850 1919 sitam,

265 1957 630 2028 Nordelingcn
662 1957 775 2026 (54)
805 1955 1029 2018 dictam,
1062 1951 1443 2022 Ratisponensi
1477 1951 1730 2019 episcopo
1758 1963 1856 2020 pro

267 2051 559 2105 venatione
580 2048 1122 2120 quadamStederach
1150 2055 1336 2101 vocata
1363 2061 1529 2116 prope
1556 2043 1851 2115 Ungariatu

270 2141 380 2196 sita
408 2139 704 2211 delegavit;
760 2140 826 2192 de
881 2153 986 2208 qua
1026 2135 1317 2192 venatione
1367 2150 1558 2189 omnes
1586 2142 1707 2204 post
1732 2148 1855 2187 eum

268 2233 514 2313 episcopi
546 2248 613 2287 ne
662 2230 1068 2305 uniusquidem
1099 2230 1242 2285 oboli
1271 2228 1501 2301 pretium
1531 2228 1855 2282 habuerunt.

341 2322 431 2378 26.
477 2322 575 2377 llic
628 2338 734 2376 uno
782 2323 1063 2376 dumtaxat
1127 2321 1294 2375 lustro
1342 2330 1563 2390 peracto
1631 2317 1855 2389 (lOl9),

269 2412 564 2469 Waltheru
610 2414 851 2485 ejusdem
889 2413 931 2444 ³¹
995 2412 1323 2467 conditionis
1377 2412 1634 2489 episcOpo
1683 2410 1858 2465 locum

269 2502 451 2567 dedit,
485 2504 575 2575 qui
624 2514 677 2557 et
721 2504 836 2575 ipse
880 2513 1003 2575 post
1029 2505 1163 2559 duos
1207 2498 1594 2565 annos'eadetn
1626 2503 1713 2557 dic
1751 2518 1881 2583 qua.

270 2603 587 2650 antecessor
607 2609 735 2649 suus
759 2593 1063 2662 defunctus,
1090 2595 1345 2657 Ravenna
1374 2595 1506 2654 urbe
1526 2594 1860 2668 sepulturam

271 2685 484 2761 accepit
513 2683 718 2755 (1021).
1874 2736 1877 2739 ,

340 2776 432 2832 27.
459 2775 553 2835 llis
583 2787 690 2829 tam
720 2776 829 2838 cito
855 2776 1104 2843 sublatis,
1132 2777 1309 2834 denuo
1337 2778 1601 2835 nobilitati
1628 2779 1672 2811 "
1698 2779 1880 2853 cessit.

274 2884 405 2925 cura
435 2870 745 2939 pastoralis.
782 2870 1097 2926 lleribcrtus
1129 2887 1393 2942 namque,
1426 2871 1623 2928 nobilis
1643 2886 1861 2943 genere,

274 2961 511 3019 nobilior
539 2962 801 3026 moribus,
830 2963 913 3017 vir
931 2964 1493 3035 eleganterliteratus,
1523 2967 1695 3020 sancti
1721 2965 1865 3020 illius

275 3050 550 3107 lleriberti
612 3051 951 3108 Coloniensis
996 3052 1393 3124 archiepiscopi
1468 3066 1735 3126 cognatus
1809 3064 1865 3113 et

276 3140 620 3210 requivocus,
657 3141 836 3223 divina
868 3140 1084 3199 favente
1118 3144 1291 3213 gratia
1321 3143 1501 3204 factus
1529 3155 1613 3200 cst
1658 3146 1865 3214 episco-

276 3246 399 3313 pus.
428 3232 524 3287 llic
557 3231 832 3303 Herbipoli
853 3232 899 3265 ³³
930 3234 1199 3298 nutritus,
1236 3236 1492 3300 edoctus,
1521 3239 1734 3309 egregia
1783 3238 1866 3292 di-

276 3323 463 3392 ctandi
497 3323 610 3396 (35)
658 3324 944 3382 dulcedine
993 3327 1046 3380 in
1101 3336 1310 3386 tantum
1363 3329 1587 3393 enituit,
1635 3338 1688 3383 nl
1737 3340 1865 3387 tunc

279 3419 540 3487 temporis
568 3418 668 3473 hac
697 3419 749 3474 in
796 3427 916 3474 arte
946 3419 1077 3475 nulli
1106 3421 1376 3476 secundus
1408 3421 1590 3478 fuerit.
1625 3421 1722 3477 Hic
1751 3423 1866 3491 Spi-

278 3507 388 3564 ritu
415 3518 604 3564 sanclo
640 3509 882 3576 eﬂlatus,
931 3527 1026 3566 sex
1056 3526 1249 3583 ymnos
1286 3511 1684 3582 pulcherrimos
1716 3529 1866 3567 com-

280 3600 479 3670 posuit,
514 3616 679 3655 unum
719 3601 787 3656 de
824 3612 1011 3675 sancta
1059 3617 1223 3659 cruce
1252 3621 1265 3657 :
1300 3592 1452 3658 Salve
1479 3619 1611 3657 cruat
1638 3615 1864 3668 sancta;

282 3692 511 3764 alterum
540 3680 818 3771 de‘sancto
843 3693 1159 3749 Willibaldo
1187 3712 1201 3750 :
1232 3680 1406 3761 Mare,
1429 3694 1568 3764 fons,
1598 3692 1820 3749 hostium
1844 3712 1864 3762 ;

282 3783 501 3840 tertium
530 3784 614 3866 'de
655 3795 846 3841 sancta
892 3785 1187 3857 Wplpurga
1226 3804 1239 3840 :
1279 3787 1383 3840 Ave
1427 3788 1526 3856 ﬂos
1573 3786 1865 3857 virginum;

283 3890 535 3952 quartum
584 3884 652 3939 de
699 3884 871 3939 sancti
925 3883 1189 3952 Stephani
1221 3883 1265 3914 “
1299 3883 1613 3938 inventione
1656 3900 1669 3936 :
1725 3882 1865 3938 Deus

283 3972 498 4029 deorum
550 3960 801 4040 Domine;
856 3975 1107 4046 quintum
1155 3974 1221 4029 de
1273 3984 1463 4032 sancto
1524 3973 1862 4030 Laurentio:

284 4062 610 4119 Conscendat
649 4082 812 4143 usque
840 4067 1064 4136 sydera;
1101 4074 1315 4122 sextum
1351 4066 1419 4120 de
1452 4066 1705 4121 omnibus
1738 4081 1866 4122 san-

284 4157 424 4211 ctis:
455 4154 647 4213 Omnes
674 4144 886 4229 superni
914 4160 1145 4215 ordines.
1176 4159 1252 4215 De
1292 4167 1480 4215 sancta
1520 4157 1693 4213 Maria
1732 4175 1865 4216 vero

285 4246 412 4304 fecit
459 4252 698 4322 quinque
746 4252 968 4309 intimas
1014 4254 1574 4323 orationes,.qnarum
1624 4236 1877 4309 omnium

285 4352 568 4396 commune
594 4342 804 4396 initium
828 4352 911 4399 est
940 4362 952 4398 :
984 4344 1089 4399 Ave
1119 4344 1293 4398 Maria
1323 4346 1494 4413 gratia
1515 4343 1689 4414 plena.
1715 4344 1878 4400 Fecit'

1958 1862 2094 1917 dixit
2128 1862 2194 1915 ad
2220 1864 2529 1931 episcopum
2559 1879 2575 1917 :
2611 1863 2853 1927 Domine,
2884 1878 2976 1933 per
2998 1863 3154 1932 [idem
3175 1878 3333 1934 quam
3362 1862 3473 1918 Deo
3496 1873 3545 1917 et

1958 1955 2098 2009 vobis
2120 1954 2298 2016 debeo,
2329 1956 2427 2009 iste
2463 1954 2608 2008 locus
2640 1956 2738 2008 liae
2773 1956 3049 2022 superstite
3086 1955 3301 2011 meliore
3343 1956 3388 1989 ³⁸
3440 1971 3546 2010 non

1959 2047 2153 2116 indiget
2175 2057 2222 2101 et
2250 2048 2295 2079 ³³
2317 2048 2552 2101 doctiore
2573 2048 2861 2118 magistro;
2889 2058 2938 2102 et
2965 2049 3013 2103 si
3031 2065 3123 2120 ego
3146 2048 3546 2104 conclaustralis

1959 2141 2074 2209 ejus
2101 2156 2292 2204 essent,
2324 2138 2469 2193 vellet
2502 2138 2661 2194 nollet
2692 2139 2904 2195 cottidie
2941 2140 3212 2194 lectionem
3243 2140 3359 2210 ejus
3388 2132 3548 2193 audi-

1962 2249 2090 2287 rem.
2123 2232 2236 2299 Qua
2259 2233 2527 2287 sententia
2551 2247 2656 2287 non
2681 2233 2852 2304 magis
2878 2232 3026 2287 illum
3056 2247 3217 2302 quam
3245 2248 3304 2287 se
3326 2231 3567 2302 sapien--

1964 2334 2070 2381 tem
2114 2341 2234 2381 esse
2280 2327 2622 2381 monstravit.
2670 2325 2783 2381 Nisi
2832 2327 2975 2382 enim
3026 2327 3244 2397 sapiens
3273 2336 3329 2382 et
3374 2325 3550 2381 bonus

1962 2426 2126 2484 esset,
2155 2418 2319 2472 alium
2346 2434 2499 2488 atque
2528 2419 2824 2489 sapientem
2854 2422 3159 2490 nequetam
3198 2410 3369 2491 plane
3392 2417 3569 2473 diuo--

1963 2522 2137 2575 scere,
2167 2523 2346 2578 neque
2374 2517 2483 2563 tam
2514 2507 2747 2579 benigne
2772 2506 2996 2565 laudare
3034 2507 3380 2580 posset.:llac
3420 2520 3550 2578 ergo

1963 2590 2271 2657 laudatione
2284 2600 2362 2656 sic
2373 2600 2626 2672 episcopo
2646 2599 2991 2657 scolasticum
3007 2599 3398 2666 reconciliavit,
3413 2607 3472 2654 ut
3482 2598 3550 2653 ad

1965 2692 2089 2747 vitm
2114 2707 2284 2762 usque
2314 2692 2604 2747 terminum
2638 2707 2741 2747 non
2772 2685 3124 2748 modoalium
3158 2707 3262 2747 non
3292 2691 3548 2747 subordi-

1964 2794 2139 2844 naret,
2173 2798 2360 2838 verum
2390 2783 2556 2839 etiam
2587 2782 2729 2839 istud
2761 2781 3131 2852 .magisteriali
3177 2782 3383 2838 honore
3424 2796 3550 2853 per-

1965 2862 2127 2944 quam
2156 2873 2375 2942 dignum
2411 2873 2654 2927 duceret.

1990 3008 1995 3013 .
2035 2964 2125 3019 29.
2169 2963 2281 3019 Sub
2329 2964 2431 3019 hoc
2451 2963 2707 3033 episcopo
2750 2961 3003 3033 primitus
3049 2962 3192 3033 apud
3240 2976 3338 3017 nos
3385 2968 3552 3031 CtEpll

1966 3070 2211 3114 veterum
2239 3055 2593 3112 mdiliciorum
2614 3054 2847 3124 dejectio
2870 3062 2925 3110 et
2946 3069 3208 3108 novorum
3238 3055 3548 3109 aediﬁcatio.

1964 3151 2353 3205 Antecessores
2377 3147 2494 3216 ejus
2524 3146 2646 3201 imis
2670 3155 2725 3200 et
2752 3145 3116 3201 mediocribus
3150 3146 3392 3203 tediﬁciis
3421 3162 3554 3201 con-

1969 3242 2096 3298 tenti
2123 3248 2302 3305 erant,
2328 3253 2686 3308 magnamque
2708 3237 2760 3292 in
2782 3237 2885 3292 hiis
2905 3236 3325 3292 babundantiam
3348 3234 3553 3292 habere

1966 3333 2237 3388 volebant.
2273 3330 2379 3386 Iste
2408 3345 2538 3385 vero
2571 3328 2861 3399 episcopus
2899 3336 2954 3382 et
2982 3341 3171 3381 omnes
3205 3340 3553 3382 successores

1966 3424 2083 3495 ejus
2111 3432 2206 3480 aut
2232 3438 2402 3479 novas
2442 3418 2702 3477 ecclesias
2730 3427 2826 3473 aut
2862 3434 3001 3474 nova
3031 3417 3228 3487 palatia
3258 3426 3352 3471 aut
3383 3415 3550 3470 etiam

1966 3517 2188 3574 castella
2213 3515 2581 3580 aedificabant,
2610 3522 2664 3567 et
2696 3512 2797 3567 hec
2828 3510 3031 3582 jngiter
3054 3509 3356 3579 operando,
3386 3523 3555 3578 popu-

1967 3607 2079 3665 lum
2109 3608 2210 3664 sibi
2242 3607 2572 3663 serviturum
2597 3604 2788 3659 ultima
2824 3609 3143 3674 paupertate
3168 3599 3549 3656 attenuabaut.

1966 3700 2433 3771 Namguniversum
2451 3712 2604 3766 paene
2617 3705 2830 3766 tempus
2844 3692 3275 3758 stereorationis,
3291 3690 3556 3748 arationis

1967 3793 2243 3861 totiusque
2277 3788 2623 3860 agriculturae
2670 3786 2797 3840 dum
2849 3783 2981 3841 solis
3019 3781 3291 3853 lapidibus
3333 3796 3555 3854 compo-

1967 3885 2163 3941 nendis
2186 3883 2393 3954 jngiter
2418 3880 2771 3953 impenditur,
2809 3885 2864 3934 et
2896 3886 3075 3932 tamen
3111 3876 3353 3931 debitum
3384 3874 3556 3930 servi-

1967 3979 2101 4035 tium
2129 3990 2339 4032 sunnna
2375 3974 2669 4030 severitate
2711 3970 2969 4041 exigitur,
3004 3969 3152 4040 prior
3189 3966 3554 4024 habundantia

1968 4070 2033 4125 ad
2073 4067 2338 4138 inopiam,
2378 4074 2435 4121 et
2476 4066 2685 4121 summa
2734 4062 2920 4117 laetitia
2968 4076 3089 4131 qua:
3135 4060 3236 4116 sub
3278 4058 3555 4129 prioribus

1966 4158 2232 4229 episcopis
2269 4164 2417 4221 erat,
2467 4156 2534 4210 ad
2568 4153 2861 4208 maximam
2893 4151 3111 4206 redacta
3134 4158 3218 4205 est
3247 4149 3553 4205 tristiciam.

1967 4248 2122 4315 Quod
2158 4246 2227 4302 de
2260 4245 2416 4315 nobis
2437 4245 2483 4291 ‘9
2519 4244 2676 4311 dico,
2723 4242 2857 4297 satis
2892 4249 3081 4296 notum
3121 4239 3215 4295 tibi
3247 4242 3393 4306 scio,
3425 4240 3554 4310 quia

1966 4337 2541 4409 Wirzeburgcnsibus,
2570 4334 2715 4389 inter
2737 4347 2874 4403 quos
2895 4331 3132 4396 habitas,
3153 4329 3553 4402 quodammodo

286 4430 444 4485 etiam
473 4430 610 4487 duas
639 4434 740 4490 bas
768 4434 1011 4490 initiatos
1033 4435 1077 4467 ³⁵
1112 4434 1507 4491 modulationes
1537 4422 1861 4500 :‘Advertite,
1895 4433 1942 4493 D
1968 4428 2214 4485 naturale
2233 4435 2318 4483 est
2336 4427 2617 4482 destruere
2629 4435 2684 4480 et
2703 4422 2995 4487 aedificare,
3020 4421 3284 4491 quadrata
3306 4421 3553 4478 rotundis

286 4534 459 4577 omnes
485 4523 664 4593 populi
676 4540 700 4586 ;
738 4533 793 4580 et
823 4543 836 4579 :
871 4523 1209 4592 Peccatores,
1245 4527 1557 4596 peccatrices
1579 4527 1876 4596 quandam:

286 4606 481 4682 Hic,70
507 4615 801 4670 canonicos
837 4615 1194 4672 Eibstetensis
1235 4604 1673 4689 congregationis
1713 4616 1868 4696 inve.

287 4698 389 4769 uit,
417 4703 513 4760 sed
540 4704 730 4773 ejectis
756 4721 863 4761 una
892 4707 979 4763 die
1013 4706 1085 4761 20
1113 4706 1404 4773 fratribus,
1445 4706 1513 4762 ad
1538 4706 1609 4762 50
1641 4705 1868 4777 redegit.

288 4788 432 4934 l(suos
469 4801 648 4853 tamen
685 4812 910 4866 omnes,
948 4798 1248 4870 parrocbiis
1278 4799 1452 4865 datis,
1485 4799 1617 4855 satis
1639 4798 1864 4854 devotos

328 4882 495 4934 abuit.

328 4882 495 4940 abnit.

1969 4530 2179 4576 mutare
2209 4517 2345 4589 (36).
2373 4516 2489 4572 Hoc
2517 4530 2676 4586 opus,
2701 4514 2805 4569 hoc
2825 4511 3063 4568 studium
3091 4526 3214 4568 cum
3240 4510 3326 4568 bis
3344 4511 3552 4581 episeo-

1967 4615 2051 4684 pis
2075 4613 2244 4677 venit,
2273 4610 2470 4681 quibus
2516 4618 2634 4665 erat
2678 4616 2737 4663 et
2782 4615 2870 4663 est
2900 4604 3309 4661 hereditarium.
3351 4603 3430 4661 De
3462 4603 3552 4661 his

1967 4701 2124 4758 alias.

2039 4791 2129 4847 30.
2168 4791 2337 4864 igitur
2369 4795 2555 4845 noster
2600 4787 2723 4855 ille,
2763 4786 2962 4844 dirutis
2993 4785 3233 4858 antiquis
3262 4793 3318 4842 et
3346 4784 3556 4840 invete-

1967 4886 2102 4942 ratis
2128 4893 2371 4939 velernm
2398 4877 3076 4951 episcoporum'mdillciis,
3114 4894 3251 4933 nova
3279 4874 3557 4939 subvexit,

353 4973 442 5029 9-8.
484 4977 597 5031 Sub
634 4978 739 5034 hoc
778 4980 1028 5050 episcopo
1070 4982 1502 5036 Gnndcrammus
1554 4980 1866 5034 liihstetens
1962 4993 2137 5048 eaque
2167 4978 2217 5031 in
2248 4971 2474 5027 australi
2501 4971 2813 5026 monasterii
2852 4970 3054 5031 latere.
3100 4968 3191 5023 ubi
3223 4967 3373 5037 ρι’ἰιιε
3402 4963 3561 5015 (πευ-

286 5060 426 5122 siu'n
451 5069 719 5124 scolarutn
760 5074 1015 5144 magister
1044 5073 1248 5139 fuerat;
1281 5074 1375 5144 qui
1412 5072 1665 5142 quoniam
1695 5071 1861 5137 domi,

1965 5079 2137 5123 Sll‘tlltl
2189 5077 2443 5123 nostrum
2486 5072 2628 5130 erat,
2671 5061 2943 5133 apposuit.
2990 5056 3325 5115 Hodieruam
3381 5056 3569 5111 sancti

1469 5186 1472 5191 ”
1572 5201 1806 5252 vanum
1839 5199 2238 5252 mammas.
