4076 5310
468 192 605 249 1029

1577 191 1923 247 ΑΓΡΕΝΟΙΧ
1961 193 2053 247 AD
2087 167 2633 251 utilvotaenauuu.
2884 172 2885 175 γ

466 302 628 358 Blasii
680 301 945 372 capellam
986 317 1087 373 pro
1130 304 1352 375 antiqua
1391 304 1479 359 illa
1516 315 1718 360 sanctae
1749 304 2046 361 Gerdrutlis
2077 311 2126 383 Α
2220 303 2278 364 lii
2306 311 2410 365 hoc
2439 319 2618 367 autem
2668 308 2763 365 Dei
2793 308 2969 367 electo
3024 292 3337 385 specialiter
3379 312 3485 369 hoc
3530 282 3750 369 notati-ﬁ

469 394 772 457 subst‘tuit,
822 408 984 463 quam
1037 403 1219 463 postea
1282 396 1465 450 Victor
1521 411 1658 465 papa
1708 395 1952 450 mirificis
1996 404 2053 449 et

470 483 870 551 quodammodo
917 483 1056 539 vivis
1109 486 1335 555 picturis
1387 486 1693 542 adornavit.
1742 485 2049 542 Claustrum

471 589 603 627 vero
621 584 863 629 nostrum
891 589 920 628 a
945 577 1297 641 monasterio,
1326 585 1384 630 ut
1407 586 1565 640 nosti,
1594 592 1731 647 pene
1760 578 2050 643 alienavit;

473 668 615 735 quod
658 677 833 721 tamen
884 682 990 722 non
1033 668 1152 723 sine
1194 683 1361 725 causa
1408 668 1552 724 fecit.
1587 670 1811 725 Volebat
1858 669 2054 740 quippe

473 757 651 825 ipsum
679 755 933 827 templum
962 775 1028 812 ex
1056 770 1208 828 parte
1238 759 1563 821 transferre.
1597 760 1669 814 ita
1696 769 1753 813 ut
1786 775 1912 829 pars
1942 775 2055 814 mo-

475 850 721 914 nasterii,
744 864 863 919 quae
892 866 1036 905 nunc
1057 852 1336 907 orientalis
1363 861 1465 916 est,
1498 851 1849 907 occidentalis
1878 850 2053 918 fieret,

450 946 457 1009 ξ
474 942 662 1010 sicque
681 943 1071 997 monasterium
1098 946 1152 998 in
1169 944 1382 999 editiori
1405 944 1554 1001 urbis
1575 944 1692 999 loco
1711 944 2053 999 consisteret.

475 1036 642 1102 tlttjns
665 1050 815 1090 novae
842 1034 1058 1091 fabrica:
1092 1045 1326 1105 parietes
1359 1039 1546 1091 decem
1577 1039 1774 1106 pedum
1804 1050 2054 1092 mensura

474 1126 711 1180 vidimus
741 1125 982 1180 altiores.
1008 1127 1159 1192 Quod
1187 1127 1404 1195 quidem
1436 1129 1821 1181 monasterium
1865 1126 1910 1179 si
1937 1141 2058 1195 pero

476 1216 681 1274 fectum
724 1227 899 1284 esset,
937 1215 1064 1273 tunc
1099 1218 1287 1288 utique
1334 1218 1631 1297 claustrum
1656 1221 1717 1279 in
1759 1218 2059 1273 meridiano

475 1308 593 1377 ejus
628 1310 830 1375 latere,
876 1320 1034 1380 prout
1063 1310 1313 1377 deberet,
1358 1300 1701 1367 consisteret.
1744 1311 1898 1378 Quod
1930 1312 2057 1364 uuia

478 1410 670 1455 sancto
696 1398 1005 1455 Willibaldo
1033 1414 1138 1454 non
1182 1399 1383 1468 placuit
1408 1442 1421 1466 ,
1451 1410 1507 1456 ct
1539 1417 1702 1471 opera
1734 1413 1787 1455 et
1816 1416 2059 1469 nnpensa

477 1492 660 1562 periit.
693 1490 1077 1545 Monasterium
1121 1491 1174 1545 in
1220 1500 1404 1546 monte
1438 1493 1637 1548 veteris
1667 1491 1816 1545 urbis
1840 1490 1974 1561 (37),
2003 1499 2062 1544 ut

479 1596 565 1640 eat
593 1582 772 1644 hodie,
805 1583 1012 1653 primus
1036 1583 1323 1638 aedificavit
1345 1625 1358 1645 ,
1391 1592 1445 1639 et
1473 1581 1849 1639 monachicam
1875 1583 2060 1647 vitam,

480 1690 601 1747 quae
630 1690 795 1740 nunc,
816 1676 950 1744 prob
974 1674 1153 1731 dolori
1190 1675 1408 1744 defecit,
1441 1675 1785 1731 laudabiliter
1814 1674 1885 1731 ibi
1912 1674 2062 1730 insti-
2098 1662 2138 1720 Β

484 1765 605 1822 tuit.
637 1765 910 1837 Capellam
958 1768 1131 1821 sancti
1172 1766 1534 1822 Bartholomei
1566 1768 1619 1821 in
1660 1768 1849 1823 eodem
1885 1774 2065 1821 monte

481 1858 587 1912 hac
615 1856 682 1910 de
709 1871 875 1911 causa
907 1855 1051 1911 fecit.
1076 1856 1209 1912 Cum
1244 1858 1463 1929 quidam
1490 1857 1790 1929 hypocrita,
1816 1857 1868 1911 in
1900 1857 2065 1911 vesti-

479 1951 680 2006 mentis
705 1950 888 2005 oviam
928 1960 1282 2019 conspectus,
1332 1951 1658 2005 intrinsecus
1698 1962 1878 2003 autem
1911 1949 2068 2019 lupus

482 2043 889 2112 rapacissimus,
913 2041 1195 2097 brachium
1227 2048 1426 2097 sancta:
1438 2040 1747 2111 Walpurgm
1768 2052 1821 2095 et
1843 2041 2066 2096 calicem

482 2134 631 2189 illum
671 2148 893 2188 aureum
916 2173 931 2198 ,
956 2135 1023 2189 de
1048 2146 1155 2202 quo
1190 2148 1352 2202 supra
1380 2132 1647 2198 diximus,
1681 2131 1864 2186 furtim
1898 2131 2069 2186 surrio

481 2228 688 2298 puisset
719 2234 772 2281 et
801 2226 854 2281 in
885 2235 1063 2281 monte
1087 2224 1199 2295 jam
1235 2229 1379 2280 dicto
1400 2225 1454 2279 in
1475 2225 1709 2295 quodam
1738 2225 1915 2294 lapide
1939 2240 2069 2279 con-

482 2337 616 2376 cavo
647 2320 1054 2385 abscondisset,
1093 2319 1238 2374 nullo
1269 2318 1427 2373 modo
1472 2318 1596 2372 inde
1636 2318 1851 2373 auferre
1894 2331 2071 2387 neque

483 2416 599 2484 ipse
624 2428 807 2484 quoqu
828 2429 898 2466 un
931 2412 1107 2483 potuit
1143 2413 1312 2465 abire.
1341 2411 1491 2478 Quod
1529 2411 1822 2465 maximum
1852 2409 2072 2464 sacrile-

484 2506 632 2574 gium
662 2504 789 2573 quia
816 2503 867 2556 in
915 2503 1001 2556 die
1024 2501 1200 2557 sancti
1242 2498 1606 2555 Bartbotomei
1654 2499 1744 2553 Dei
1790 2499 1961 2569 gratia
1988 2510 2072 2553 est

486 2595 814 2658 revelatum,
864 2592 1246 2647 devotissimus
1288 2591 1572 2661 episcopus
1599 2590 1774 2645 eidem
1824 2588 2071 2658 apostolo

485 2685 748 2755 capellam
777 2685 850 2739 ibi
881 2684 993 2738 fieri
1019 2682 1216 2752 jussit,
1250 2690 1305 2737 et
1333 2689 1518 2752 postea
1552 2682 1607 2735 in
1636 2679 1774 2734 festo
1807 2678 1923 2747 ejns
1965 2679 2075 2734 sol-

485 2774 743 2829 lemniter
783 2771 1071 2826 dedicavit.
1105 2769 1380 2839 Capellam
1432 2767 1609 2823 sancti
1658 2767 1873 2821 Martini
1923 2767 2072 2837 prius

487 2882 711 2934 parvam
743 2880 838 2934 per
861 2871 1147 2934 cognatum
1177 2871 1421 2917 nostrum
1455 2862 1709 2916 domntnn
1742 2858 2070 2926 Wolfunetn,

2154 402 2300 465 dum,
2330 402 2494 457 immo
2522 402 2890 457 venerandum
2916 411 2996 458 est
3014 445 3030 473 ,
3055 403 3197 474 quod
3217 444 3231 470 ,
3268 418 3391 458 cum
3419 411 3567 459 esset
3594 411 3741 460 tem-

2153 508 2284 564 pore
2305 493 2673 556 conversionis
2689 493 2822 549 satis
2836 503 3106 565 provectae
3120 493 3297 549 aetatis
3331 494 3384 549 in
3404 492 3740 565 accipiendis

2158 598 2332 643 tamen
2373 588 2654 643 ordinibus
2692 597 2857 644 tantae
2894 587 3239 651 discretionis
3272 587 3471 653 extitit,
3507 595 3568 641 ut
3602 601 3745 641 non-

2156 680 2257 734 nisi
2308 693 2469 733 unum
2516 695 2617 733 una
2664 680 2777 733 vice
2817 679 3061 750 accipere
3104 688 3160 733 et
3203 678 3256 732 in
3297 693 3361 733 eo
3404 675 3739 749 aliquamdiu

2155 771 2471 826 obcdienter
2499 770 2655 824 vellet
2688 771 3018 825 ministrare.
3049 769 3125 825 Eo
3154 769 3511 839 promotionis
3548 777 3746 823 tenore

2157 865 2224 919 ad
2255 865 2576 935 presbyterii
2622 863 2941 935 dignitatem
2980 864 3253 933 pervenit,
3293 871 3348 917 et
3377 860 3739 932 quadraginta

2158 970 2326 1026 prope
2355 954 2512 1009 annis
2543 952 2595 1008 in
2623 954 2813 1008 eodem
2860 954 3051 1009 ordine
3085 953 3194 1009 Deo
3233 951 3580 1008 devotissime
3621 966 3747 1004 ser-

2159 1045 2328 1106 viens,
2352 1042 2731 1114 quinquennio
2759 1050 2880 1095 ante
2906 1042 3112 1096 obitum
3137 1042 3309 1097 instar
3334 1040 3533 1095 veteris
3555 1038 3747 1093 Tobiae

2159 1134 2329 1188 oculis
2360 1141 2547 1203 captus
2569 1142 2673 1187 est.
2703 1131 2807 1187 Sed
2830 1143 2883 1186 et
2913 1133 3052 1189 beati
3077 1132 3177 1188 Joh
3199 1132 3444 1201 exemplo
3472 1146 3597 1186 caro
3622 1129 3746 1198 ejus

2161 1228 2358 1299 partim
2394 1226 2740 1295 computruit.
2778 1226 2922 1292 Quas
2953 1226 3334 1295 temptationes
3363 1226 3436 1279 ita
3471 1225 3752 1296 patienter

2163 1318 2344 1387 itaque
2385 1316 2630 1371 hilariter
2670 1315 2920 1386 pertulit,
2955 1324 3012 1369 ut
3047 1332 3142 1370 sua
3182 1324 3374 1385 sponte
3411 1314 3614 1377 nullus,
3648 1327 3753 1370 ex-

2163 1411 2333 1478 ceptis
2383 1406 2868 1463 secretissimorum
2926 1405 3181 1470 arbitris,
3223 1406 3443 1461 omnino
3485 1402 3751 1458 senserit.

2164 1498 2239 1553 De
2262 1499 2362 1553 huc
2386 1498 2675 1552 venerabili
2706 1496 2987 1551 sacerdote
3007 1480 3428 1567 gloriosissimus
3450 1496 3753 1564 imperator

2165 1589 2471 1654 lleinricus,
2501 1601 2655 1659 pater
2693 1590 2849 1646 istius
2884 1604 3038 1660 mque
3071 1588 3322 1665 gloriosi,
3354 1587 3423 1643 ad
3463 1586 3752 1643 dominum

2167 1694 2410 1740 nostrum
2440 1684 2818 1741 Gcbehardnm
2854 1687 3167 1756 episcopum
3205 1684 3279 1739 ita
3317 1680 3509 1737 solitus
3546 1688 3633 1735 est
3663 1677 3756 1748 jo-

2166 1776 2311 1839 cari,
2365 1783 2425 1829 ut
2467 1775 2716 1830 irriderct
2767 1774 3146 1846 Eystctenses,
3172 1772 3388 1827 comitis
3429 1770 3652 1824 missam
3690 1783 3757 1823 se

2167 1868 2382 1924 audisse
2416 1881 2512 1924 aut
2548 1870 2828 1923 audituros
2864 1884 2985 1923 esse
3033 1866 3351 1936 siinpliciter
3388 1864 3662 1926 dicentes,
3698 1869 3759 1914 et

2168 1974 2370 2019 cetera.
2400 1962 2534 2018 Cum
2567 1973 2747 2018 autem
2785 1972 2996 2033 tempus
3027 1957 3481 2015 remunerationis
3519 1969 3631 2010 sua:
3658 1967 3760 2022 ap-

2169 2059 2594 2128 propinquaret,
2648 2059 2866 2127 ipscque
2921 2055 2989 2109 ad
3040 2053 3300 2109 Sanctum
3348 2048 3600 2120 Magnum
3637 2045 3756 2120 (40)

2170 2154 2314 2208 inter
2340 2153 2502 2223 Alpes
2527 2151 2856 2221 sepulturam
2893 2164 3044 2205 suam
3072 2147 3474 2219 prcordinatam
3502 2142 3756 2209 haberet,

2170 2253 2225 2299 et
2264 2243 2317 2298 in
2365 2243 2480 2312 ipso
2528 2243 2725 2296 itinere
2767 2240 2908 2311 apud
2937 2236 3330 2292 monasterium
3380 2249 3538 2290 suum
3590 2230 3760 2287 Gem-

2169 2337 2431 2407 phingen,
2457 2334 2601 2405 quod
2632 2334 2746 2403 ipse
2776 2330 3028 2395 instituit,
3052 2326 3339 2383 defunctus
3361 2333 3527 2387 esset,
3555 2338 3760 2393 corpus

2171 2431 2307 2503 ejus,
2341 2428 2409 2483 ab
2435 2428 2563 2499 ipsis
2591 2426 2913 2481 inhiantium
2942 2422 3192 2477 faucibus
3219 2427 3463 2489 ereptum
3501 2426 3558 2472 et
3590 2415 3763 2469 Eicit-

2172 2530 2279 2577 stat
2316 2520 2614 2574 honorifice
2652 2517 3025 2587 deportatum,
3059 2515 3111 2569 in
3145 2512 3323 2568 medio
3366 2515 3569 2564 sanctre
3603 2506 3757 2561 Wal-

2172 2630 2354 2684 purga:
2403 2612 2542 2682 quod
2599 2612 2709 2682 ipse
2755 2608 3061 2664 construxit
3108 2603 3459 2661 monasterio.
3519 2599 3578 2654 Ir.
3636 2598 3762 2670 ipso

2174 2692 2530 2776 depositionis
2558 2702 2797 2770 ejusdem
2837 2697 3220 2755 sacratissima:
3257 2694 3483 2765 virginis
3525 2692 3613 2747 die
3643 2688 3764 2744 oili-

2173 2797 2477 2853 ciosissime
2522 2794 2792 2865 sepultum
2839 2800 2944 2847 est.
2970 2787 3136 2858 Cujus
3170 2787 3352 2842 anima
3390 2794 3660 2847 exeunte,
3700 2788 3766 2834 ut

2174 2888 2550 2960 presbyterum
2583 2883 2682 2940 sibi
2709 2883 3035 2939 assidentem
3058 2878 3235 2934 audivi
3266 2875 3533 2931 veraciter
3553 2873 3762 2935 dicere,

491 2956 1207 3023 tunccamerarium,postea
1226 2954 1720 3024 .‘llerseburgensem
1736 2954 2071 3024 episcopum,
2100 3005 2144 3066 ε
2174 2954 2389 3033 ξιωηηςα
2423 2978 2593 3032 instar
2618 2973 2854 3029 candela,
2880 2973 2945 3028 de
2975 2986 3071 3026 ore
3103 2968 3221 3038 eius
3253 2966 3441 3030 exim,
3471 2974 3767 3031 mnusque

529 3046 738 3066 ,.__.I:__!
776 3056 818 3066 -n
860 3055 911 3066 -.ι
945 3047 1007 3066 1»Δ
1037 3047 1100 3066 Ιῗ-
1142 3058 1210 3066 --ι
1241 3047 1512 3066 -.--1ε--μ-.ε
1544 3048 1664 3066 ἔνι-ε.
1721 3048 1736 3066 I
1762 3049 1772 3066 ι
1799 3063 1858 3066 η.-
1902 3062 2041 3066 -____
3061 3064 3067 3066 Δ
3215 3062 3225 3066 Δ
3533 3057 3565 3066 η

489 3046 739 3115 ampliari
769 3056 823 3101 et
859 3055 915 3100 ut
945 3047 1107 3101 hodie
1133 3058 1216 3101 est
1240 3047 1513 3101 meliorari
1542 3048 1693 3102 fecit.
1720 3048 1864 3102 idem
1894 3062 2074 3101 came-

494 3141 672 3195 rarins
699 3150 938 3195 veterem
966 3139 1111 3195 illam
1145 3150 1200 3194 et
1229 3140 1627 3196 sanctissimam
1667 3150 1868 3196 sancta:
1895 3139 2076 3193 Maria:

494 3231 778 3301 capellam,
811 3232 865 3286 in
889 3247 993 3302 qua
1017 3246 1178 3300 supra
1214 3233 1447 3286 diximus
1472 3232 1873 3287 sanctissimum
1900 3229 2079 3286 Willi-

494 3325 710 3379 i:al.lum
755 3341 785 3380 a
835 3334 1025 3380 sancto
1071 3325 1348 3380 Bonifacio
1390 3326 1442 3379 in
1492 3325 1813 3398 presbyterii
1850 3325 2074 3397 gradum

494 3427 824 3488 promotum,
848 3417 1072 3488 dejccit,
1106 3422 1158 3472 et
1192 3417 1509 3472 hodiernam
1537 3418 1582 3451 δι
1612 3417 1775 3483 fecit,
1817 3416 2079 3486 majorem

495 3512 715 3580 quidem
750 3512 1061 3583 quantitate
1111 3511 1208 3566 sed
1249 3511 1408 3580 longe
1458 3510 1719 3579 imparem
1761 3511 2075 3565 sanctitate.

496 3608 629 3664 lzem
665 3608 1051 3663 monasterium
1091 3616 1293 3663 sanctae
1322 3604 1632 3676 Walpurga:
1665 3617 1762 3672 per
1799 3600 2077 3655 dominum

496 3700 886 3770 Leodegarium
913 3700 1209 3765 innovavit,
1240 3706 1295 3753 et
1327 3697 1645 3761 monachas,
1674 3708 1796 3749 cum
1819 3691 1973 3762 prius
1994 3702 2082 3743 es-

498 3802 621 3847 sent
648 3791 943 3847 canonica).
974 3789 1169 3844 ibidem
1196 3788 1447 3843 instituit.

568 3884 659 3937 5|.
702 3880 801 3936 llic
844 3891 929 3936 est
975 3890 1176 3934 sanetae
1226 3879 1500 3933 memoria:
1546 3876 1910 3947 Leodegarius
1962 3874 2080 3940 ille,

500 3973 590 4043 qui
631 3988 752 4026 eum
786 3980 931 4027 esset
955 3986 1153 4040 genere
1177 3978 1233 4024 ct
1261 3969 1502 4023 moribus
1530 3967 1841 4036 divitiisque
1874 3979 2081 4034 praepo-

502 4076 622 4121 tens
672 4077 855 4118 comes
900 4062 1045 4131 (58),
1098 4072 1376 4117 terrenum
1423 4060 1685 4114 honorem
1736 4072 1836 4127 pro
1884 4055 2082 4110 Christi

499 4169 689 4210 amore
736 4153 1053 4221 dereliquit,
1112 4162 1169 4208 ct
1228 4152 1474 4221 deposito
1531 4147 1707 4220 gladio
1765 4156 2086 4215 attonsaqne

500 4249 693 4311 barba,
722 4246 1019 4302 canonicus
1044 4246 1217 4300 sancti
1248 4243 1542 4299 Willibaldi
1570 4242 1748 4297 factus
1778 4248 1883 4301 est,
1911 4238 1999 4308 qui
2033 4245 2088 4291 et

502 4338 619 4411 ipse
648 4339 784 4410 (39),
820 4352 938 4393 cum
974 4347 1119 4393 esset
1156 4338 1299 4406 regis
1341 4336 1512 4399 filius,
1547 4348 1773 4405 regnum
1804 4332 1987 4385 mundi
2032 4339 2088 4384 et
2119 4347 2165 4404 ο

502 4444 720 4484 omnem
749 4438 1001 4482 ornatum
1047 4428 1214 4483 seculi
1254 4443 1351 4498 pro
1388 4427 1603 4482 Christo
1642 4422 1999 4492 contempsit,
2035 4428 2093 4474 et

506 4519 706 4574 terreni
735 4519 944 4588 imperii
971 4519 1313 4574 abdicatione.
1333 4517 1566 4573 cmlestis
1586 4515 1732 4585 regni
1757 4512 2088 4569 consortium

506 4611 647 4666 felici
675 4612 1002 4666 connnercio
1031 4611 1252 4665 laxavit.
1293 4610 1459 4676 Quem
1494 4608 1733 4663 imitatus
1765 4614 1820 4657 ct
1857 4604 1960 4656 iste
1992 4600 2087 4654 Dei

509 4700 763 4764 famulus,
796 4701 1157 4756 hercditarias
1183 4715 1319 4769 quas
1350 4698 1539 4754 habuit
1562 4696 1931 4766 possessiones
1959 4706 2085 4747 san-

509 4800 610 4847 cla:
643 4791 945 4862 Walpnrgaa
980 4791 1189 4846 scilicet
1216 4806 1279 4843 ea
1309 4791 1619 4845 conditione
1649 4785 1997 4847 contradidit,
2028 4791 2090 4835 ut

508 4892 568 4941 et
595 4884 1036 4954 congregationis
1068 4897 1326 4936 numerus
1363 4889 1652 4951 augeretur
1681 4887 1736 4932 et
1769 4874 2089 4930 monachica

508 4975 1000 5032 Sanctimonialiutn
1040 4973 1151 5028 vita
1191 4972 1387 5027 ibidem
1420 4971 1816 5026 institueretur.
1848 4964 2002 5032 Quod
2037 4971 2094 5016 ct

510 5061 717 5121 factum
748 5075 853 5122 est.

2177 3073 2373 3128 horror
2413 3079 2636 3125 cunctos
2677 3068 2767 3138 qui
2810 3066 3034 3121 aderant
3058 3062 3286 3124 invasit.
3313 3069 3373 3115 ut
3403 3057 3654 3113 omnibus
3700 3069 3767 3109 se

2177 3164 2619 3223 subtrahentibus
2647 3163 2733 3217 vix
2778 3164 2891 3232 ipse
2926 3156 3322 3233 perduravcrit.
3366 3150 3530 3219 Cujus
3566 3150 3763 3212 vitam,

2178 3258 2586 3314 conversionem
2616 3264 2670 3311 et
2689 3254 2893 3310 obitum
2934 3252 3171 3307 breviter
3192 3246 3465 3317 eloquitur
3499 3244 3602 3298 hoc
3640 3238 3767 3313 epi-

2180 3351 2419 3421 taphium
2445 3366 2459 3404 :

2301 3485 2393 3543 En,
2418 3482 2714 3542 Leodegari,
2737 3478 2903 3528 reddis
2926 3483 3072 3543 terva:
3087 3488 3172 3524 sua
3190 3473 3360 3543 matri;

2366 3538 2510 3601 Caelis
2534 3538 2646 3592 inde
2671 3538 2829 3590 datam
2866 3540 3152 3601 reddideras
3170 3538 3400 3601 annnam.

2306 3596 2579 3665 Pre~liyler
2605 3619 2664 3653 ex
2691 3606 2868 3653 comite
2897 3612 2981 3658 pro
3005 3599 3178 3665 Christi
3203 3596 3361 3665 factus
3390 3602 3579 3665 amore,

2366 3656 2504 3716 Tum:
2526 3675 2608 3714 tua
2636 3665 2913 3725 \V’alpnrgm
2938 3656 3225 3725 tradideras,
3256 3656 3396 3705 modo
3420 3661 3473 3725 te
3498 3666 3499 3669 ‘

2308 3728 2483 3778 Ultima
2512 3722 2768 3788 praesentis
2785 3722 2916 3788 vitae,
2941 3724 3027 3788 sed
3051 3723 3200 3788 prima
3222 3722 3457 3788 perennis

2368 3782 2854 3839 Nona'Kalendarutn
2879 3786 2957 3832 lux
2987 3784 3073 3831 tibi
3101 3782 3269 3831 Martis
3291 3789 3419 3827 erat.

2309 3851 2517 3903 Oramus
2541 3864 2626 3910 pro
2649 3855 2722 3908 te,
2749 3857 2801 3897 tu
2827 3860 2913 3909 pro
2937 3846 3095 3904 nobis,
3122 3850 3263 3910 pater
3287 3840 3434 3898 alme,

2373 3913 2432 3963 Ut
2457 3905 2619 3962 tecum
2645 3905 2810 3974 pacem
2828 3905 3186 3971 'possideamus.
3213 3905 3370 3953 Amen

2256 4038 2346 4092 52.
2380 4037 2472 4092 llis
2495 4032 2931 4105 compendiosius
2974 4044 3134 4101 quam
3182 4028 3261 4082 rei
3284 4020 3286 4023 ’
3309 4025 3546 4097 dignitas
3574 4030 3768 4095 postu-

2187 4131 2326 4186 laret
2351 4129 2643 4200 explicitis,
2677 4127 2744 4181 ad
2778 4126 3089 4196 episcopum
3127 4121 3239 4189 (4|)
3269 4119 3449 4181 redeo,
3482 4126 3541 4171 et
3581 4113 3768 4170 multis

2189 4224 2491 4294 compendii
2537 4237 2700 4277 causa
2750 4217 3150 4290 praetermissis,
3191 4215 3259 4270 de
3304 4211 3618 4268 novissimis
3648 4208 3770 4276 ejus

2194 4332 2362 4386 pauca
2391 4312 2698 4383 subjiciam.
2750 4311 2827 4364 Ex
2867 4324 2974 4379 quo
3030 4307 3346 4361 cathedram
3406 4300 3768 4373 episcopalem

2192 4416 2526 4477 susceperat,
2558 4403 2732 4459 modis
2752 4402 3005 4457 omnibus
3043 4399 3215 4454 solum
3247 4396 3352 4453 hoc
3386 4395 3580 4465 agebat
3597 4400 3772 4447 totus-

2190 4517 2295 4571 qne
2326 4501 2379 4554 in
2406 4500 2510 4554 hoc
2557 4504 2697 4563 erat,
2757 4503 2816 4548 ut
2852 4494 3219 4562 episcopatum
3257 4502 3412 4542 suum
3460 4481 3771 4539 Babenber-

2190 4589 2341 4659 ειεηεί
2375 4585 2691 4643 concambio
2737 4582 2899 4637 nimis
2940 4581 3290 4649 depravatum
3340 4573 3682 4635 meliorarct,
3714 4581 3771 4626 et

2190 4678 2540 4734 memorabile
2592 4673 2795 4746 aliquid
2851 4679 3036 4727 sancto
3079 4664 3388 4721 Willibaldo
3437 4662 3769 4733 aequireret.

2190 4770 2359 4839 llujns
2384 4770 2460 4824 rei
2494 4767 2668 4840 gratia
2706 4763 2906 4840 multas
2937 4758 3309 4830 expeditiones
3347 4754 3636 4809 admodum
3667 4750 3779 4807 dif-

2191 4862 2360 4917 ficiles
2382 4858 2609 4928 percgit,
2631 4863 2687 4912 et
2716 4855 2842 4909 dum
2886 4849 3123 4906 efﬁceret
3153 4847 3296 4915 quod
3328 4844 3521 4898 voluit.
3559 4857 3660 4896 nec
3695 4842 3773 4895 si—

2194 4955 2359 5009 bimet
2386 4951 2486 5022 ipsi
2513 4965 2612 5004 nec
2626 4948 2741 5003 suis
2766 4943 3029 5017 pepercit.
3061 4941 3140 4994 Ad
3175 4939 3418 4993 ultimum
3453 4936 3633 4989 victus
3670 4933 3777 4987 im-

2195 5052 2410 5114 perator
2436 5037 2785 5097 devotissima
2811 5034 3079 5092 servitute
3105 5030 3241 5108 ejus,
3288 5025 3774 5097 Nuenburgcnsem

1796 5162 2028 5221 νΑῐὶίᾸί
2071 5153 2472 5217 [ΕΟΤιΟΝΕΞρ

622 5269 668 5303 δι
711 5272 782 5310 {In
819 5272 983 5310 rnllnlr
1002 5288 1015 5301 ο
1055 5269 1217 5310 Ιιηάἰρ
1239 5282 1357 5310 pnm
1380 5273 1668 5310 πηγνεειον.

3591 174 3819 244 me“
