4076 5310
326 212 460 268 1021

1153 204 1536 264 ANONYMUS
1574 205 1662 263 DE
1698 204 2049 262 EPISCOPIS
2087 201 2734 260 ElCllSTETENSiBUS.

3451 195 3588 251 illi!

322 319 596 376 abbatiam
629 316 673 351 “
701 317 815 389 με)
858 316 1163 389 Eystetensi
1212 318 1550 388 episcopatui
1600 318 1903 373 attribuere
1932 324 1977 379 Α
2006 320 2242 389 episcopi
2301 318 2512 373 duobus
2579 314 2798 373 insimul
2850 314 3399 384 Wirzeburgensilius
3430 315 3587 371 datus

320 410 635 475 destinavit,
662 424 726 464 ea
757 408 967 465 Scilicet
990 407 1129 479 lege,
1166 417 1473 479 utcorpore
1523 410 1694 465 sancti
1731 407 1906 463 Willi-

319 504 468 560 baldi
524 502 653 558 illuc
703 502 994 570 translato,
1038 503 1362 574 episcopalis
1413 503 1572 559 sedes
1613 504 1667 558 in
1714 502 1903 559 eodem

321 595 751 651 constitueretur
773 594 908 650 loco.
951 593 1106 663 Quod
1135 596 1261 665 quia
1293 594 1645 650 sanctissimo
1675 603 1905 665 patrono

322 695 536 751 nostro,
565 689 710 742 hunc
736 686 911 741 locum
932 686 1244 756 specialiter
1265 685 1502 751 amanti,
1533 702 1638 740 non
1667 685 1902 756 placuit,

320 777 393 830 ad
439 775 688 832 eﬂectum
736 792 1079 847 nequaquam
1132 778 1415 849 pervenire
1468 778 1662 847 potuit.
1707 775 1812 831 Sed
1852 784 1907 831 et

317 864 776 935 Nncnburgeuses
831 867 1272 922 sanctimoniales
1347 867 1710 937 propitiatrici
1780 880 1897 921 sum

318 965 527 1011 sanctae
554 955 739 1010 Maria:
770 957 1230 1012 constantissimis
1273 957 1530 1027 precibus
1576 973 1749 1028 usque
1769 958 1905 1011 adeo

316 1044 640 1112 incubuere,
682 1046 854 1102 donec
879 1046 1130 1103 eﬂ'ectum
1156 1048 1753 1118 petitionisobtinuere.
1768 1046 1902 1102 Nam

317 1140 453 1195 dum
487 1142 773 1213 episcopus
801 1142 1028 1199 eandem
1067 1144 1343 1200 sbbatiam
1364 1143 1476 1213 jam
1504 1160 1625 1201 sese
1647 1145 1700 1199 in
1726 1145 1904 1200 mani-

314 1231 426 1287 bus
479 1233 678 1289 habere
698 1242 934 1303 putaret,
974 1243 1029 1290 et
1059 1232 1220 1304 hujus
1265 1236 1342 1291 rei
1395 1236 1566 1307 gratia
1597 1236 1664 1290 ad
1694 1235 1902 1290 curiam

314 1321 633 1383 laetissimus
671 1325 905 1391 veniret,
921 1334 1143 1397 repente
1165 1328 1308 1395 regis
1330 1328 1543 1382 animus
1559 1328 1901 1392 immutatur,

316 1421 378 1465 et
417 1422 529 1466 tam
553 1412 774 1468 diutinae
805 1414 1035 1485 presulis
1065 1416 1432 1485 expectationi
1462 1417 1681 1487 penitus
1704 1432 1903 1470 renun-

316 1502 522 1557 eiatur.
552 1501 670 1569 Quo
698 1504 789 1559 ille
819 1507 1004 1561 audito
1032 1507 1272 1577 graviter
1294 1508 1479 1563 animo
1498 1517 1898 1575 consternatus,

314 1592 376 1646 iu
411 1602 620 1648 tantum
646 1611 790 1667 :egre
815 1597 956 1657 tul-it,
985 1607 1045 1652 ut
1071 1608 1125 1653 et
1147 1598 1418 1671 lacryinas
1441 1615 1548 1655 non
1571 1601 1896 1665 contineret,

313 1693 371 1738 et
405 1683 583 1755 palam
610 1695 855 1742 sanctum
880 1668 1525 1761 Willibaldum‘rogaret,
1556 1707 1624 1746 ne
1657 1707 1895 1760 unquam
1930 1668 1974 1726 Β

309 1774 477 1831 vivus
521 1774 697 1831 Eistat
750 1779 970 1840 rediret.
1006 1779 1159 1847 Quod
1186 1790 1259 1847 et,
1314 1783 1450 1850 proh
1488 1782 1671 1836 dolor!
1701 1780 1900 1837 factum

311 1874 433 1932 est;
468 1882 590 1922 nam
628 1869 681 1922 in
711 1871 981 1925 redeundo
1006 1872 1381 1942 mgritudinem
1434 1871 1646 1935 incidit,
1669 1880 1723 1927 et
1750 1879 1904 1926 ante-

310 1974 484 2030 quam
509 1960 681 2016 Eistat
711 1963 1042 2032 perveniret,
1070 1963 1211 2020 inter
1242 1964 1358 2018 vias
1385 1963 1675 2018 defunctus
1714 1961 1899 2034 (1042,

312 2051 438 2105 Jul.
498 2054 674 2124 ηις),
728 2070 758 2107 a
812 2053 1150 2124 Frisingensi
1196 2056 1451 2125 episcOpo
1502 2056 1779 2126 Egilbertu
1812 2053 1902 2109 illo

308 2144 580 2209 mirabili,
613 2160 772 2214 quem
820 2145 871 2198 iu
911 2146 1019 2200 vita
1048 2147 1339 2216 plurimum
1385 2147 1569 2210 coluit,
1604 2148 1901 2201 accuratis-

308 2237 459 2292 sime
497 2237 741 2305 sepultns
782 2244 885 2291 est.
927 2237 984 2292 lu
1014 2226 1230 2293 tantum
1274 2253 1402 2293 vero
1431 2237 1629 2292 fratres
1660 2238 1724 2293 de
1749 2239 1899 2294 obitu

307 2335 429 2380 tam
482 2326 855 2395 benignissimi
903 2328 1073 2394 patris
1109 2328 1348 2385 doluisse
1395 2332 1679 2395 teruntur,
1724 2339 1784 2384 ut
1833 2331 1900 2385 ad

309 2414 581 2469 tumulum
609 2413 723 2482 ejus
758 2432 855 2484 per
886 2418 1031 2473 vices
1058 2433 1229 2488 usque
1271 2421 1339 2473 ad
1372 2419 1703 2474 tricesimum
1758 2421 1900 2475 diem

308 2523 359 2576 pi
382 2519 702 2564 rnoctanter
738 2511 1050 2578 vigilarent,
1101 2521 1156 2566 et
1193 2513 1361 2567 nimio
1400 2528 1587 2567 amore
1613 2513 1899 2582 persuasi,

308 2615 413 2669 pro
441 2610 628 2655 sancto
649 2616 773 2657 eum
804 2601 971 2657 ferme
1000 2602 1285 2661 haberent.
1326 2602 1493 2672 Cujus
1523 2602 1772 2673 sepulcro
1793 2602 1902 2657 tale

309 2692 625 2762 apposTtnm
655 2701 741 2748 est
782 2686 1117 2764 epitaphium
1140 2696 1208 2749 ab
1235 2697 1455 2766 egregio
1486 2694 1577 2749 illo
1622 2695 1902 2750 versiﬁca-

310 2790 438 2837 tore
496 2782 875 2841 Willerammo
940 2784 1166 2852 abbate,
1227 2787 1631 2857 consanguineo
1692 2785 1902 2843 scilicet

312 2890 443 2940 suo,
478 2877 871 2947 compositum:

310 2966 450 3018 Ecce
476 2968 568 3018 Dei
589 2982 765 3020 servus
788 2968 968 3033 pressat
996 2971 1139 3033 jaceo
1158 2971 1238 3020 hic
1265 2972 1574 3037 llerilierttts,
1600 2980 1647 3025 et
1678 2970 1897 3038 reliqua.

386 3060 481 3115 55.
526 3060 659 3116 lluie
711 3064 968 3135 episcopo
1022 3063 1193 3119 frater
1246 3084 1375 3121 suus
1423 3071 1802 3128 Goceuianuus
1847 3075 1899 3129 in

315 3150 635 3220 episcopatu
673 3156 954 3221 successit,
988 3157 1082 3211 sed
1132 3159 1346 3212 nonnisi
1391 3161 1596 3217 duobus
1626 3166 1903 3221 mensibus

317 3250 600 3309 Superstes
656 3243 776 3299 fuit.
829 3244 1213 3301 Verumtamen
1284 3250 1407 3304 licet
1465 3254 1611 3307 brevi
1661 3265 1903 3325 tempore

316 3330 607 3405 prefucrit,
634 3335 880 3391 nonnihil
928 3338 1278 3392 memorabile
1307 3343 1358 3393 in
1394 3344 1580 3398 diebus
1609 3347 1723 3400 suis
1754 3346 1899 3402 fecit.

317 3424 590 3493 Adjuucto
608 3442 840 3497 namque
868 3429 1117 3484 Brnnone
1144 3431 1587 3505 \‘l’irzcburgeusi
1613 3440 1867 3509 episcopo
1885 3481 1900 3506 ,

320 3516 696 3585 Supradictum
767 3529 970 3574 sancta:
1020 3520 1330 3593 Walpurgte
1394 3530 1782 3583 monasterium
1846 3530 1901 3583 in

319 3601 465 3659 festo
492 3607 662 3660 sancti
704 3606 1027 3674 Burchardi,
1082 3622 1143 3665 ut
1184 3624 1238 3667 et
1281 3615 1451 3683 ipsum
1501 3618 1587 3671 hic
1634 3619 1901 3674 celebrem

320 3693 549 3759 faceret,
592 3698 891 3765 dedicavit;
946 3711 1001 3755 ct
1029 3703 1224 3758 deinde
1254 3716 1374 3774 post
1414 3716 1525 3762 tres
1549 3709 1663 3763 dies
1708 3710 1901 3764 defun-

322 3795 448 3841 ctus
470 3787 654 3858 (1042,
683 3787 801 3845 Oct.
827 3792 981 3863 xvii),
1016 3808 1045 3847 a
1077 3796 1300 3862 prirfato
1329 3796 1767 3869 Wirzehurgcnsi
1790 3802 1903 3870 cpi-

321 3891 489 3949 seopo
508 3880 664 3948 juxta
694 3882 915 3937 fratrem
946 3902 1101 3940 suum
1127 3889 1424 3945 honoriﬁce
1452 3893 1699 3962 sepultus
1724 3903 1828 3947 est.

391 3969 483 4024 5-4.
519 3970 750 4027 Secutus
791 3983 875 4028 est
916 3975 1268 4033 Gebebardus
1322 3982 1627 4052 episcopus,
1673 3985 1764 4055 qui
1797 3986 1900 4039 uti-

323 4076 449 4117 nam
476 4074 567 4118 aut
596 4082 869 4136 nunquam
901 4070 1082 4138 presul
1110 4072 1286 4135 fieret,
1317 4085 1409 4129 aut
1433 4075 1607 4131 factus
1639 4087 1744 4133 tam
1789 4080 1901 4134 cito

323 4153 633 4213 subtractus
659 4175 763 4213 non
789 4162 965 4214 esset!
1009 4162 1366 4219 Tolerabilius
1416 4166 1559 4221 enim
1604 4179 1769 4231 esset,
1798 4170 1901 4224 tale

322 4242 523 4301 bonum
573 4249 794 4305 omnino
836 4253 1075 4307 nescisse
1111 4269 1272 4323 quam
1316 4258 1593 4326 cognitum
1629 4266 1739 4312 tam
1792 4260 1901 4314 cito

2006 414 2091 460 est
2123 404 2401 472 fratribus,
2430 405 2786 461 Cebehardus
2816 403 3226 474 Ratisponensis
3279 405 3586 475 episc0piis,

2006 498 2151 567 regis
2178 506 2430 564 patruus,
2460 497 2737 568 postulare
2766 496 2954 569 coepit,
2990 504 3050 550 ut
3101 511 3213 551 sua:
3248 495 3588 567 cognationis

2006 589 2180 661 gratia
2208 587 2453 644 Chunoui
2502 587 2931 659 archipreposito
2981 602 3080 644 suo
3132 587 3372 642 daretur.
3419 586 3586 657 Cujus

2007 680 2254 751 petitioni
2287 679 2552 750 benignus
2582 689 2845 749 angustus
2867 680 2919 732 in
2952 688 3160 733 tantum
3191 678 3498 749 acquievit,
3525 687 3587 733 ut

2008 772 2151 827 idem
2202 771 2510 842 prepositus
2558 770 2625 824 de
2675 770 2991 840 episcopatu
3059 779 3165 823 tam
3221 780 3405 825 certus
3465 786 3588 826 esse

2006 864 2198 928 vellet,
2250 872 2310 918 ut
2348 864 2512 917 etiam
2557 862 2895 933 quorundam
2934 862 3258 917 clericorum
3303 861 3585 918 servitium

2005 974 2159 1027 quas:
2177 956 2289 1025 jam
2317 957 2554 1011 debitum
2586 971 2690 1010 non
2719 963 3017 1010 recusaret.
3055 956 3354 1025 Comperto
3398 964 3584 1009 autem

2007 1049 2302 1118 imperator
2329 1047 2472 1118 quod
2514 1046 2818 1118 presbyteri
2864 1045 3006 1100 filius
3040 1054 3181 1101 esset
3224 1060 3343 1102 cum
3371 1045 3587 1115 penitus

2007 1142 2108 1197 sibi
2156 1142 2526 1212 episcopatum
2583 1139 2715 1194 dare
2763 1139 3052 1204 uoluisset,
3109 1148 3331 1208 patruus
3385 1138 3502 1209 ejus
3532 1139 3586 1193 in

2010 1246 2214 1290 tantum
2273 1235 2437 1305 cmpit
2479 1233 2772 1304 indignari,
2816 1240 2875 1286 ut
2919 1233 3160 1297 diceret,
3216 1248 3320 1287 non
3367 1240 3590 1301 propter

2004 1326 2804 1395 praedictamexcusationem,
2865 1325 2960 1379 sed
3012 1324 3185 1395 magis
3231 1333 3455 1393 propter
3503 1322 3587 1379 sui

2006 1417 2408 1487 despectiouem
2439 1417 2541 1473 hoc
2589 1418 2689 1472 sibi
2726 1416 3001 1485 denegari.
3045 1414 3216 1482 Quarti
3245 1415 3420 1482 patrui
3471 1431 3590 1469 sus-

2003 1510 2271 1579 picionem
2305 1526 2426 1565 cum
2466 1525 2638 1565 ciesar
2689 1508 2978 1563 excludere
3040 1508 3200 1562 vcllet
3234 1528 3244 1561 :
3276 1507 3343 1561 Ut
3382 1509 3587 1573 sciatis,

2006 1601 2201 1669 inquit,
2228 1618 2310 1655 me
2336 1600 2469 1655 nihil
2501 1617 2626 1670 erga
2662 1616 2751 1655 vos
2781 1601 2882 1654 nisi
2905 1600 3044 1668 quod
3067 1600 3259 1654 bonum
3284 1610 3359 1653 est
3390 1600 3586 1665 moliri,

2002 1691 2185 1760 o/ferte
2208 1691 2335 1744 milii
2360 1708 2719 1762 quemcunque
2744 1692 2987 1745 idoneum
3030 1707 3096 1746 ea:
3135 1692 3462 1757 vestratibus,
3491 1693 3588 1746 hoc

2002 1792 2204 1836 tantum
2234 1793 2465 1851 excepto,
2499 1793 2546 1835 et
2570 1782 2892 1837 voluntatem
2918 1791 3143 1836 vestram
3167 1783 3389 1836 libenter
3409 1783 3585 1836 adim-

2000 1872 2172 1941 plcbo.
2204 1872 2284 1926 Ad
2311 1873 2424 1928 haec
2455 1873 2543 1927 ille
2574 1889 2697 1927 cum
2730 1872 2944 1927 debitas
2969 1872 3175 1943 egisset
3205 1872 3431 1942 gratias,
3472 1871 3587 1926 Ila-

2003 1963 2114 2029 beo,
2151 1963 2348 2034 inquit,
2377 1965 2462 2016 Iiic
2489 1981 2690 2017 merum
2706 1965 2979 2032 juniorem
3000 1966 3262 2034 quendam
3307 1974 3589 2036 cognatum

2002 2070 2198 2118 meum,
2221 2056 2305 2107 cui
2340 2054 2382 2108 si
2418 2053 2702 2123 pra’futum
2739 2055 3093 2124 episcopatum
3137 2056 3407 2119 dederitis,
3431 2056 3591 2110 dero-

2002 2147 2262 2201 lissimum
2291 2163 2372 2200 me
2391 2162 2595 2213 semper
2621 2146 2675 2199 in
2712 2147 2952 2200 omnibus
2971 2146 3248 2202 habebitis.
3285 2148 3422 2202 Tum
3455 2148 3544 2205 ille
3570 2167 3585 2203 :

2004 2234 2208 2300 Facite,
2236 2236 2433 2306 inquit,
2466 2237 2616 2290 illum
2637 2237 2707 2290 ad
2730 2254 2822 2290 nos
2852 2238 3044 2292 venire.
3078 2240 3247 2305 Quem
3296 2240 3587 2293 adductum

2003 2343 2175 2382 caesar
2207 2328 2455 2392 intuitus,
2494 2326 2679 2392 l'alde,
2707 2312 3106 2398 ittquit,‘minor
3143 2340 3217 2383 est
3263 2340 3309 2383 ct
3345 2330 3415 2383 ad
3452 2330 3590 2385 lianc

2002 2419 2311 2487 dignitatem
2348 2419 2432 2471 ria:
2477 2418 2699 2472 idoneus
2728 2419 2857 2473 satis
2910 2418 3113 2473 Deinde
3139 2419 3404 2475 consultis
3424 2435 3590 2490 super

2001 2508 2103 2564 liae
2134 2524 2194 2563 re
2244 2510 2607 2564 assidentibns
2662 2511 2950 2580 episcopis,
3003 2521 3057 2565 et
3106 2510 3334 2564 diversis
3375 2512 3589 2569 diversa

2002 2600 2480 2670 respondentibus,
2526 2609 2749 2655 sanctus
2786 2601 2962 2655 Bardo
3015 2601 3365 2672 Moguntinus
3411 2602 3592 2656 archi-

2003 2692 2312 2761 episcopus,
2342 2692 2533 2747 subtus
2562 2691 2827 2746 eucnllam
2844 2707 2996 2746 suam
3022 2701 3081 2745 ut
3109 2691 3592 2747 solebatcoilectus

2003 2794 2056 2838 et
2083 2785 2303 2849 tacitus,
2334 2800 2460 2838 cum
2490 2792 2546 2837 et
2576 2784 2692 2852 ipse
2723 2784 2790 2837 ad
2820 2784 3253 2852 respondendum
3278 2792 3584 2853 rogaretur,

2001 2894 2291 2954 postquam
2346 2881 2548 2949 saepius
2593 2894 2719 2933 eum
2762 2880 2991 2933 intuitus
3017 2886 3121 2942 est,
3154 2878 3388 2932 demisso
3437 2877 3589 2930 vultu

2005 2974 2225 3029 tandem
2260 2973 2326 3026 ad
2358 2972 2747 3041 imperatorem
2783 2970 2890 3023 ait:
2939 2969 3186 3032 Domine,
3224 2969 3350 3022 bene
3377 2969 3591 3039 potestis

2004 3068 2138 3119 lianc
2163 3065 2262 3118 sibi
2283 3065 2413 3117 dare
2439 3072 2769 3131 potestatem,
2792 3063 2917 3132 quia
2939 3060 3229 3132 aliquando
3267 3062 3460 3115 dabitis
3489 3063 3591 3115 sibi

2004 3156 2281 3225 majorem.
2308 3154 2460 3220 Quod
2492 3170 2584 3207 rex
2603 3152 2896 3207 admodum
2926 3152 3179 3216 miratus,
3201 3154 3364 3219 Quid,
3393 3154 3591 3221 inquit,

2003 3256 2153 3315 pater
2189 3244 2373 3296 dixisti
2421 3242 2485 3296 de
2533 3242 2715 3310 futura
2760 3243 2975 3295 (latione
3010 3242 3233 3311 majoris
3274 3241 3593 3310 potestatis?

2003 3338 2073 3391 At
2109 3337 2196 3391 ille
2235 3335 2545 3397 subridens,
2573 3332 2640 3386 Et
2663 3344 2794 3397 tam,
2834 3334 3031 3403 inquit,
3060 3334 3117 3385 in
3138 3333 3360 3387 (licenda
3389 3334 3468 3399 ⁸³;
3514 3350 3595 3406 ve-

2005 3439 2295 3482 rumtamen
2323 3435 2378 3479 ut
2404 3426 2539 3490 dixi,
2568 3424 2692 3477 bene
2716 3424 2931 3493 potestis
2955 3424 3094 3477 hunc
3123 3421 3223 3476 sibi
3234 3423 3591 3492 episcopatum

2003 3519 2211 3589 largiri.
2244 3516 2361 3584 Quo
2393 3532 2487 3571 rex
2517 3516 2707 3569 audito
2744 3530 2972 3570 securus
3008 3513 3123 3582 jam
3169 3514 3303 3567 tanti
3352 3514 3457 3568 viri
3512 3521 3593 3567 te-

2003 3611 2280 3675 stimonio,
2315 3610 2532 3663 anulum
2563 3609 2664 3664 sibi
2700 3624 2821 3662 mox
2848 3608 3130 3663 dediteum
3161 3606 3353 3664 baculo
3382 3606 3588 3678 (1042).

2004 3703 2159 3770 Quod
2206 3718 2327 3756 cum
2383 3710 2537 3769 pater
2567 3701 2685 3769 eius
2732 3700 3045 3769 llartwigus
3083 3699 3345 3764 audisset,
3395 3714 3591 3770 magno

2003 3806 2063 3853 ut
2090 3797 2272 3850 decuit
2322 3795 2521 3863 gaudio
2565 3794 2829 3863 repletus,
2875 3792 3189 3848 sciscitatur
3235 3793 3422 3846 statim
3468 3792 3593 3862 quis

2002 3895 2148 3941 esset
2177 3886 2337 3953 hujus
2366 3885 2628 3954 episeopii
2660 3884 2705 3915 “
2732 3894 3017 3953 patronus.
3069 3882 3165 3937 Cui
3213 3898 3336 3938 cum
3368 3891 3593 3937 sanctus

2009 3978 2351 4033 Willibaldus
2393 3979 2792 4041 nominaretur,
2839 3976 3015 4045 l’ape.’
3053 3977 3248 4045 inquit,
3288 3976 3588 4046 sompnium

2002 4087 2174 4124 meum
2229 4087 2308 4125 me
2353 4070 2561 4139 fefellit.
2613 4070 2752 4125 Olim
2801 4069 3000 4138 quippe
3040 4070 3404 4137 sompniabat,
3445 4069 3591 4137 quod

2003 4161 2105 4217 iste
2131 4162 2273 4215 lilius
2302 4177 2433 4215 suus
2455 4161 2630 4215 sancti
2657 4158 2805 4215 Petri
2849 4168 3037 4227 pastor.
3061 4175 3182 4213 esse
3205 4160 3446 4213 deberet.
3482 4158 3590 4212 Sed

2004 4277 2239 4330 nondum
2267 4276 2418 4329 venit
2446 4275 2579 4329 hora
2603 4273 2743 4342 ejus.

324 4342 591 4398 amisisse.
636 4343 734 4400 llic
789 4355 943 4417 patre
989 4348 1285 4421 llartwigo,
1326 4363 1499 4407 matre
1553 4369 1681 4409 vero
1718 4354 1896 4409 Beliza

2071 4364 2160 4417 55.
2203 4364 2330 4416 Post
2359 4364 2459 4415 hec
2499 4362 2822 4415 sublimatus
2865 4361 3161 4427 pontiﬁcali
3206 4359 3371 4414 infula
3414 4361 3590 4415 domi-

325 4441 504 4501 natus,
536 4434 730 4491 Suevia
762 4440 1026 4495 oriundus
1076 4444 1258 4497 extitit
1303 4445 1440 4515 (43),
1462 4455 1512 4500 et
1546 4448 1710 4501 etiam
1743 4464 1899 4518 rega-

323 4518 452 4587 lem,
475 4534 534 4580 ut
578 4527 692 4596 ipse
725 4528 1010 4585 "cimices
1058 4532 1351 4600 imperator
1391 4535 1681 4601 fatebatur,
1716 4554 1902 4607 prosa.

324 4611 465 4680 piam
491 4630 555 4671 ex
582 4626 735 4687 parte
759 4621 961 4691 attigit.
989 4622 1159 4689 Quam
1190 4633 1369 4679 tamen
1425 4630 1813 4697 arrogantiam,
1841 4639 1900 4683 ut

327 4712 446 4761 Crat
472 4705 855 4778 facetissimus,
903 4714 1146 4769 suaviter
1178 4715 1266 4770 ille
1296 4718 1636 4782 declinabat,
1683 4720 1898 4790 dicens,

331 4808 390 4848 se
423 4799 638 4866 quidem
670 4801 832 4858 claris
860 4813 942 4858 sat
963 4815 1142 4859 ortum
1198 4810 1533 4876 parentibus,
1575 4811 1667 4864 sed
1699 4828 1901 4881 nequa—

327 4899 485 4955 quam
516 4893 583 4946 ad
614 4890 754 4948 hanc
798 4894 1112 4962 dignitatem
1160 4899 1575 4968 pertinentibus.
1634 4902 1730 4957 llic
1770 4919 1901 4960 vero

326 4975 758 5051 hac_occ:isione,
800 4988 966 5043 immo
1010 5000 1065 5045 ut
1096 4993 1277 5048 verius
1329 4981 1532 5058 dicam,
1583 4996 1761 5051 divina
1797 4999 1901 5054 hac

326 5074 666 5116 ονιιξηεῑιῖηηρ
699 5079 869 5116 fni-Inc
900 5090 978 5116 ac!
1008 5085 1287 5116 nl‘s:ohnnau.~
1342 5085 1635 5116 οητ-ιηηιι...
1686 5089 1865 5116 Αηερη..

2000 4470 2101 4508 nus
2143 4463 2327 4507 noster
2371 4452 2748 4513 Gebehardns,
2798 4452 2926 4507 licet
2973 4453 3157 4521 junior
3207 4461 3353 4507 esset
3404 4464 3584 4519 a-tatu,

2000 4545 2132 4598 nihil
2157 4553 2333 4597 tamen
2361 4544 2572 4612 puerile
2616 4544 2787 4613 gessit
2819 4545 2870 4597 in
2915 4560 3101 4614 opere,
3132 4547 3224 4599 sed
3273 4547 3345 4599 ita
3381 4546 3446 4600 de
3475 4547 3591 4599 vir-

2001 4643 2113 4687 tute
2145 4635 2199 4687 iu
2240 4634 2493 4688 virtutem
2529 4635 2778 4689 certatim
2811 4637 3088 4698 ascendit,
3124 4646 3181 4690 nt
3220 4638 3364 4690 inter
3395 4652 3589 4691 omnes

1999 4728 2150 4798 regni
2199 4727 2471 4796 principes
2512 4727 2702 4797 paucis
2744 4724 2990 4791 inferior,
3045 4729 3227 4784 multis
3267 4743 3396 4782 vero
3442 4738 3590 4781 esset

1998 4821 2268 4888 superior.
2320 4819 2561 4889 Denique
2602 4818 2744 4874 inter
2772 4828 2999 4874 cmteras
3030 4821 3261 4877 virtutes
3299 4819 3592 4889 specialem

2000 4914 2144 4969 hanc
2182 4910 2390 4975 habuit,
2421 4912 2563 4981 quod
2591 4911 2643 4966 in
2690 4911 3013 4968 exercendis
3043 4921 3151 4967 tam
3194 4912 3399 4968 divinis
3427 4924 3598 4978 quam

2002 5004 2255 5061 humanis
2281 5003 2501 5074 iudiciis
2530 5003 2653 5058 talis
2699 5003 2939 5058 scientiae
2973 5010 3245 5074 tantmque
3289 5000 3606 5057 velocitatis

2007 5096 2179 5116 ιι-αὲιὲι
2254 5101 2312 5116 -.ι
2343 5091 2447 5116 2η...
2491 5092 2757 5116 —n_.:-.....
2787 5088 3097 5116 manlnlznm
3130 5093 3229 5116 ι-...-
3258 5094 3313 5116 Β..
3353 5102 3411 5116 ..Α
3436 5103 3574 5116 eus-nn
