4076 5310
492 227 630 281 £325

1602 223 1944 280 APPENDIX
1985 223 2076 277 AD
2115 221 2661 279 GUNDECHARUM.

3592 227 3742 288 ιοει

489 341 775 410 adoptatus
804 353 833 394 ει
870 353 1072 395 caesare
1102 345 1185 394 est
1227 336 1281 392 in
1313 335 1833 393 administrationem
1860 336 2059 406 publici
2089 346 2137 403 Α
2165 338 2357 388 missas
2383 344 2563 403 ageret
2586 334 2951 404 interrogavit.
2977 333 3073 390 Cui
3101 351 3219 390 cum
3246 335 3333 393 ille
3353 339 3747 408 respondisset,

487 430 790 500 regiminis.
817 429 868 483 lu
900 444 1007 499 quo
1039 438 1161 483 actu
1195 439 1300 483 tant
1332 428 1612 496 multiplici
1645 428 1798 482 laude
1822 428 2060 497 resplen-

487 523 624 585 duit,
650 528 726 583 ut,
765 520 907 589 quod
933 519 1267 574 rarissimum
1298 528 1414 585 est,
1443 519 1699 573 invidiam
1729 518 1930 573 virtute
1973 534 2064 573 su-

486 610 714 680 peravit.
748 609 899 665 Unde
928 609 1126 664 factum
1154 616 1266 673 est,
1294 619 1353 662 ut
1382 608 1634 663 exulattte
1666 608 1732 662 ad
1770 606 2061 678 Ungariam

486 701 747 757 Cbunone
777 701 935 767 duce,
958 701 1073 772 ipse
1098 702 1351 756 ducatum
1387 701 1723 771 Bajoaricum
1755 701 1822 754 ad
1851 710 2061 770 tempus

486 784 786 862 susciperet
814 792 1127 861 regendum.
1174 794 1380 862 Quibus
1420 793 1611 848 diebus
1643 794 1783 847 inter
1812 793 1915 847 alia
1943 796 2059 863 glo-

485 882 628 936 riose
658 893 808 953 gesta
848 881 1188 949 Schireuses,
1220 884 1525 938 latrociniis
1554 894 1612 938 ut
1641 884 1906 953 hodieque
1935 893 2063 938 sunt

484 970 867 1041 deditisslmos,
892 973 945 1027 in
969 982 1174 1027 tantum
1199 975 1520 1038 devastavit,
1537 975 1835 1029 combussit
1857 991 2062 1030 accon—

485 1059 657 1123 trivit,
679 1068 739 1114 ut
762 1059 922 1129 hujus
946 1060 1248 1115 aﬂlictionis
1276 1071 1379 1116 tam
1403 1077 1595 1131 pet-pes
1617 1064 1874 1117 memoria
1897 1079 2060 1133 quam

485 1152 824 1218 querimonia
871 1166 1035 1221 penes
1065 1142 1281 1205 eosdem
1315 1153 1406 1206 sit.
1451 1152 1528 1207 Eo
1556 1160 1798 1222 tempore
1823 1167 1942 1206 cum
1972 1168 2061 1207 se-

483 1238 694 1297 cundus
733 1259 763 1296 a
798 1258 923 1313 rege
958 1251 1124 1308 esset,
1170 1259 1375 1314 rexque
1419 1259 1541 1300 eum
1578 1246 1694 1300 solo
1737 1246 1888 1316 regni
1926 1246 2061 1301 solio

485 1332 836 1400 prtecederet,
862 1332 1039 1386 caesar
1067 1320 1183 1401 ipse
1211 1332 1408 1401 aliique
1453 1322 1606 1388 multi
1636 1336 1904 1389 veraciter
1938 1351 2060 1390 cre-

482 1420 536 1474 di
561 1424 691 1485 lere,
728 1421 1066 1491 prophetiam
1100 1420 1245 1475 illam
1277 1423 1446 1475 sancti
1473 1422 1736 1479 Bardonis
1764 1425 1830 1478 tle
1857 1422 2062 1492 majore

483 1522 750 1581 potestate
777 1511 1000 1582 jatnjam
1049 1512 1323 1582 impletam
1354 1528 1492 1568 esse.
1520 1513 1639 1568 ‘Setl
1688 1529 1862 1582 neque
1889 1516 2064 1570 adhuc

483 1602 630 1656 venit
661 1604 808 1665 liora,
844 1619 947 1672 qua
974 1603 1240 1673 implenda
1271 1615 1389 1660 erat
1419 1606 1533 1660 htec
1554 1608 1844 1662 sententia.

2164 424 2453 495 quodjure
2492 427 2594 479 hoc
2622 439 2719 495 pro
2766 424 3058 480 interfectis
3095 427 3208 480 suis
3253 427 3475 493 faceret,
3522 430 3752 500 angelus

2162 516 2229 571 ad
2260 517 2380 579 hoc,
2411 514 2560 581 Noli,
2601 516 2793 585 inquit,
2843 533 2937 586 pro
2985 516 3241 586 defunctis
3292 520 3523 583 cantare,
3570 521 3754 590 potius

2169 623 2187 656 ι
2209 604 2394 660 Sancti
2416 605 2514 673 tui,
2544 604 2783 671 Domine,
2815 624 2834 658 ι
2875 605 2999 675 quia
3026 605 3249 675 pretiosa
3280 616 3353 660 est
3379 608 3434 660 in
3468 619 3754 678 conspectu

2162 692 2376 747 Domini
2421 710 2560 749 mors
2603 705 2902 749 sanctorum
2932 696 2985 749 in
3023 696 3115 750 illo
3147 697 3310 765 prelis
3337 711 3750 768 peremptorum.

2163 784 2332 850 Quam
2361 787 2576 840 missam
2606 782 2789 856 postea
2818 789 3057 842 cantavit
3085 803 3183 858 pro
3226 790 3328 844 illis
3368 793 3434 845 ad
3482 794 3605 846 vitae
3632 808 3753 847 sua:

2162 892 2333 948 usque
2378 880 2686 933 terminum.
2740 881 3218 950 Appropinquante
3268 893 3445 938 autem
3502 893 3754 956 tempore

2161 970 2461 1024 vocationis
2485 970 2625 1040 ejus,
2656 972 2788 1027 vidit
2836 973 2886 1026 itt
2932 974 3137 1028 visione
3173 976 3425 1045 juvenem
3473 978 3751 1045 quendam

2162 1059 2442 1128 papalibus
2469 1061 2708 1116 vestibus
2734 1062 2979 1116 indutum
3015 1065 3273 1119 accedere
3307 1065 3374 1119 ad
3401 1080 3480 1130 se,
3507 1076 3619 1122 tres
3648 1079 3754 1124 cat-

2163 1148 2293 1204 lices
2331 1151 2382 1204 in
2412 1152 2659 1207 manibus
2682 1163 2915 1226 portare.
2972 1144 3135 1224 Cujus
3164 1157 3390 1225 sompuii
3426 1158 3755 1228 interpreta-

2164 1242 2361 1297 tionem
2403 1259 2526 1298 mox
2571 1244 2978 1315 expergefactus
3003 1246 3079 1300 sic
3101 1249 3347 1317 exposuit
3376 1248 3487 1304 suis
3517 1248 3755 1304 familia-

2163 1334 2311 1386 ribus
2341 1334 2642 1403 :juniorem
2680 1335 2948 1404 quendam
2976 1344 3097 1404 post
3130 1351 3187 1390 se
3212 1351 3402 1407 papam
3429 1336 3673 1393 futurum
3696 1346 3755 1393 et

2163 1424 2374 1477 nonnisi
2415 1434 2525 1479 tres
2568 1442 2737 1481 annos
2787 1428 3075 1483 victurum.
3131 1429 3290 1484 Aliud
3342 1446 3555 1500 quoque
3612 1432 3755 1486 vidit

2164 1517 2463 1585 sompuium
2495 1517 2560 1570 de
2598 1518 2963 1589 Ililteprantlo,
3013 1529 3140 1574 tunc
3183 1522 3441 1591 temporis
3489 1521 3755 1577 Romana:

2164 1607 2405 1662 ecclesiae
2431 1609 2943 1675 archisubdiacono;
2977 1610 3184 1667 scilicet
3211 1627 3435 1682 cappam
3466 1629 3619 1668 suam
3652 1630 3756 1669 ar—

553 1698 642 1752 56.
686 1697 792 1752 illis
829 1697 1018 1754 diebus
1047 1710 1268 1755 sanctus
1296 1717 1428 1771 papa
1461 1700 1569 1755 Leo
1598 1701 1892 1755 Romanam
1924 1701 2063 1755 rexit
2093 1682 2136 1741 Β
2166 1698 2291 1753 dere
2316 1708 2369 1753 et
2394 1700 2635 1753 ﬂammas
2667 1714 2732 1753 ex
2774 1714 2831 1754 se
2869 1715 3250 1770 usquequaque
3278 1717 3551 1772 spargere.
3594 1704 3756 1771 Quod

483 1789 770 1843 ecclesiam
803 1789 1012 1857 (1049),
1037 1790 1128 1860 qui
1151 1788 1262 1858 jam
1292 1793 1559 1845 secundus
1584 1791 1925 1859 imperatoria
1950 1791 2062 1846 ele-

485 1880 667 1932 ctione
720 1880 1032 1947 apostolicae
1084 1882 1198 1935 sedi
1258 1882 1480 1951 prefuit.
1527 1880 1804 1950 Siquidem
1855 1883 2062 1952 primus

486 1968 812 2039 Sttidegertts
860 1971 1324 2044 thbenbergensis
1371 1975 1655 2044 episcopus
1713 1976 1925 2042 extitit;
1969 1976 2061 2046 qui

483 2061 808 2118 venerabilis
852 2074 1024 2133 pater,
1058 2073 1115 2118 ιιι
1144 2066 1500 2134 praemisimus
1541 2066 1592 2119 in
1634 2066 1811 2122 libello
1841 2068 2061 2137 Agnetis

484 2150 843 2222 imperauit-is
866 2153 1003 2227 (Η),
1029 2166 1244 2225 propter
1267 2157 1407 2210 hanc
1436 2156 1815 2212 necessitatem
1841 2158 1906 2211 ad
1935 2172 2063 2226 apo-

483 2243 686 2298 stoltcte
735 2245 878 2299 saiis
921 2255 1226 2315 assumptus
1274 2255 1357 2301 est
1404 2248 1873 2317 gubernationem.
1927 2249 2061 2303 Cum

483 2334 595 2388 anti
621 2351 704 2402 ,ω
740 2334 1104 2391 Romanorum
1141 2338 1368 2391 avaritia
1412 2338 1553 2392 inter
1591 2338 1692 2392 alia
1738 2339 1900 2393 etiam
1930 2347 2090 2409 apo-'

481 2426 727 2480 stolicatn
767 2428 947 2481 sedem
993 2427 1234 2483 venalem
1284 2426 1528 2493 faceret,
1574 2439 1630 2484 et
1689 2430 1848 2483 modo
1894 2430 2059 2495 hunc,

485 2514 644 2565 motio
674 2512 847 2578 illum,
878 2529 1020 2568 nunc
1049 2514 1212 2568 alium
1240 2530 1403 2583 ευμεν
1433 2515 1594 2569 alium
1617 2517 2016 2571 constituerent
2042 2529 2058 2579 ξ

480 2607 750 2675 glutiosus
798 2610 1092 2674 imperatur
1133 2608 1509 2678 indignitatem
1558 2610 1634 2665 rei
1689 2626 1794 2664 non
1840 2609 2058 2674 fet'ens,

481 2712 602 2751 ctnn
642 2714 835 2768 magno
864 2703 1104 2753 exercitu
1147 2698 1375 2753 Romam
1403 2701 1570 2764 venit,
1603 2709 1658 2754 et
1686 2700 1866 2754 habita
1902 2714 2085 2771 gene-'

487 2795 579 2847 rali
606 2798 812 2865 synodo
835 2793 1016 2863 (1046,
1045 2794 1166 2848 Dec.
1194 2794 1311 2858 ‘24),
1333 2795 1468 2849 duos
1488 2796 1814 2851 simoniacos
1844 2812 1950 2850 uno
1977 2796 2063 2850 die

482 2885 700 2952 aajecit,
738 2896 793 2937 et
818 2884 1031 2938 tertium
1058 2883 1379 2937 catholicum
1408 2884 1714 2953 apostolica:
1741 2885 1855 2939 sedi
1891 2886 2063 2955 impo-

482 2979 610 3039 suit,
643 2976 956 3045 praedictum
1006 2976 1212 3031 scilicet
1261 2977 1611 3048 Suitlegerum
1650 2977 2063 3050 Babenbergeu-

482 3082 595 3121 sent
626 3066 957 3133 episcopum,
994 3064 1321 3122 Clementem
1346 3068 1398 3122 in
1435 3075 1631 3138 papattt
1661 3077 1928 3123 vocatum.
1959 3067 2086 3134 Qui

482 3158 686 3212 eisdem
715 3157 1251 3228 Babenltergensibus
1284 3161 1385 3215 hoc
1416 3161 1755 3232 privilegium
1800 3161 1979 3226 dedit,
2004 3168 2065 3215 ttt

484 3252 538 3306 in
586 3251 813 3305 summis
845 3250 1226 3309 festivitatibus
1273 3262 1385 3307 tum
1416 3253 1652 3308 ministri
1702 3254 1912 3317 altaris,
1950 3262 2062 3307 tum

483 3342 646 3396 etiam
691 3344 871 3419 caueri
910 3343 1148 3399 seniores
1185 3345 1374 3400 mitras
1424 3345 1661 3401 habeant
1688 3344 1740 3400 in
1772 3346 2061 3416 capitibus.

551 3434 641 3489 37.
682 3433 795 3491 Hoc
821 3450 955 3507 papa
989 3436 1215 3493 feliciter
1242 3436 1495 3493 defuncto
1537 3426 1591 3493 et
1614 3438 1973 3509 Babettbergze
2009 3439 2062 3492 in

482 3527 648 3580 choro
679 3527 863 3583 Sancti
896 3522 1042 3582 Petri
1088 3528 1347 3598 singulari
1394 3527 1623 3583 fratrum
1653 3530 1942 3584 devotione
1981 3546 2065 3586 se-

484 3616 652 3687 pulto,
675 3618 937 3672 successit
955 3617 1145 3674 beatus
1170 3619 1257 3674 hic
1276 3620 1342 3674 de
1363 3635 1469 3690 quo
1492 3620 1724 3675 diximus
1748 3620 1855 3675 Leo
1880 3622 2062 3691 (1049,

486 3707 645 3764 Febr.
670 3709 780 3781 12).
800 3709 901 3777 Qui
928 3721 1035 3764 tam
1053 3710 1327 3765 immensae
1348 3710 1646 3765 clementia:
1666 3710 1836 3765 fuitut
1856 3706 2061 3781 capita-

484 3801 613 3854 lium
662 3802 952 3855 criminum
1005 3804 1110 3856 reis
1153 3802 1368 3856 nonnisi
1406 3810 1516 3857 tres
1556 3813 1738 3859 sextas
1771 3803 1936 3858 ferias
1967 3818 2065 3872 pro

484 3892 803 3960 poenitentia
852 3888 1188 3960 iniungeret,
1219 3900 1274 3946 et
1312 3900 1491 3947 cetera
1534 3893 1959 3948 misericorditer
1986 3892 2065 3944 itt-

484 3985 746 4056 dttlgeret.
773 3984 927 4053 Quod
953 4001 1072 4040 cum
1105 3987 1399 4042 familiares
1422 3989 1539 4059 ejus
1558 3998 1829 4051 notarent,
1858 3998 1909 4042 et
1938 3989 2065 4042 sitn-

485 4077 736 4145 pliciores
783 4091 1027 4148 quosque
1074 4079 1139 4132 ad
1180 4080 1480 4135 audendum
1530 4080 2065 4150 perpetrandumqne

484 4168 695 4223 facinus
724 4169 1043 4239 impunitate
1073 4170 1286 4224 incitari
1319 4171 1579 4233 dicerent,
1614 4168 2066 4223 clementissimus

483 4274 619 4329 papa
666 4260 904 4313 suaviter
930 4260 1237 4328 respondit,
1267 4269 1321 4314 et
1351 4269 1456 4314 tam
1488 4276 1612 4314 vera
1643 4274 1803 4328 quam
1836 4256 2061 4325 simplici

482 4347 749 4402 sententia
793 4358 1193 4403 murmurantes
1217 4334 1575 4417 compescuit.
1604 4347 1691 4400 Ait
1718 4346 1862 4400 enim
1895 4363 1907 4397 :
1942 4343 2061 4398 Non
2095 4358 2139 4414 D

486 4435 755 4502 displiceat
788 4437 951 4501 vobis,
982 4436 1172 4504 fratres
1191 4478 1206 4503 ,
1228 4439 1275 4491 si
1302 4454 1394 4507 ego
1435 4446 1677 4507 peccator
1704 4434 2063 4499 peccatoribus

482 4527 836 4580 condescendo
858 4545 879 4593 ;
905 4529 1061 4581 immo
1106 4528 1373 4597 displiceat
1408 4529 1600 4596 potius,
1631 4527 1768 4594 quod
1795 4534 2063 4593 peccantes

483 4617 693 4685 gravius
723 4619 955 4688 equidem
981 4637 1136 4690 quam
1163 4619 1269 4685 ille,
1293 4621 1381 4689 qui
1405 4627 1670 4684 peccatum
1697 4633 1797 4669 non
1820 4610 1939 4684 fecit
1973 4633 2064 4673 nec

483 4706 716 4761 inuentus
746 4718 817 4761 est
848 4707 1000 4762 dolus
1031 4709 1083 4761 in
1113 4725 1202 4761 ore
1238 4708 1373 4776 ejus,
1401 4708 1584 4775 punio.
1627 4704 1903 4774 Nusquam
1928 4707 2064 4761 enim

485 4798 781 4864 repperietis
808 4798 862 4851 in
887 4808 992 4851 toto
1019 4797 1308 4866 evangelio,
1331 4797 1468 4866 quod
1499 4794 1753 4848 Dominus
1776 4803 1949 4847 noster
1969 4793 2063 4847 Je-

480 4903 571 4939 sus
596 4887 819 4952 aliquem
850 4885 1065 4956 iejuniis
1092 4887 1169 4940 vel
1198 4886 1487 4945 verberibus
1518 4885 1774 4955 a/ﬂixerit.
1819 4884 1924 4939 Sed
1954 4901 2063 4954 po:-

482 4975 698 5029 uitcnti.‘
722 4995 739 5026 ι
777 4976 934 5041 Vaae,
959 4978 1055 5042 ait,
1083 4977 1136 5029 in
1157 4992 1302 5040 pace,
1328 4985 1374 5028 et
1407 4972 1629 5040 amplius
1654 4973 1760 5029 noli
1783 4990 2012 5040 peccare.
2039 4995 2057 5028 ι

484 5067 580 5121 Hic
628 5077 814 5123 contra
856 5067 1218 5126 Nortmanuos
1249 5081 1345 5136 pro
1381 5080 1511 5134 pace
1548 5065 1912 5123 ecclesiastica
1954 5067 2065 5122 bel-

481 5160 588 5202 lum
620 5162 851 5202 anteponit
907 5169 961 5202 nl
999 5160 1292 5202 maximum
1325 5173 1435 5202 sum.
1476 5157 1643 5202 nnrlis
1684 5157 2063 5202 detrimentum

2164 1787 2475 1857 prophetico
2504 1786 2715 1842 solvens
2751 1788 2864 1843 ait:
2893 1787 2952 1843 Si
2988 1806 3235 1859 unquam,
3294 1793 3433 1861 quod
3478 1792 3633 1855 absit,
3681 1791 3758 1845 ad

2163 1877 2334 1931 sedem
2365 1878 2702 1945 apostolicam
2724 1878 3040 1943 ascenderis,
3075 1889 3238 1932 totum
3270 1882 3519 1933 mundum
3549 1893 3761 1951 pertur-

2165 1967 2327 2020 babis.
2364 1966 2492 2033 Qum
2531 1967 2815 2037 prophetia
2842 1984 3000 2037 quam
3042 1983 3167 2022 vera
3202 1966 3382 2034 fuerit,
3432 1970 3551 2039 plus
3593 1988 3759 2037 atquo

2158 2055 2268 2126 jam
2302 2059 2435 2127 proh
2460 2058 2645 2112 dolor!
2675 2068 2727 2112 et
2751 2059 2890 2113 bono
2920 2058 2972 2110 itt
3002 2060 3200 2113 nostris
3225 2059 3620 2114 calamitatibus
3650 2078 3756 2131 ap-

2164 2152 2365 2221 paruit.
2764 2184 2769 2195 ~
2918 2152 2921 2155 ’

2233 2242 2321 2297 38.
2374 2242 2552 2298 Leone
2602 2258 2732 2313 ergo
2775 2258 2911 2312 papa
2972 2261 3077 2299 non
3130 2244 3445 2314 simpliciter
3494 2247 3759 2299 defuncto

2165 2333 2343 2404 (1054.
2394 2335 2521 2405 Apr.
2565 2335 2686 2404 19),
2746 2336 2838 2389 sed
2894 2334 3016 2391 vere
3054 2337 3107 2390 in
3167 2334 3389 2390 numero
3439 2338 3790 2391 sattctorum’

2165 2434 2500 2493 computata,
2553 2427 2811 2494 primates
2864 2424 3229 2481 Romanorum
3280 2425 3604 2497 Mogontiam
3659 2441 3759 2482 ve-

2164 2513 2338 2578 niunt,
2372 2530 2559 2585 papam
2587 2513 2690 2570 sibi
2730 2514 2798 2568 ab
2827 2515 3152 2584 imperatore
3199 2516 3513 2588 deposcunt,
3546 2529 3602 2572 et
3627 2528 3759 2588 post

2164 2603 2380 2675 longam
2414 2603 2857 2660 deliberationem
2905 2603 3106 2659 nullum
3138 2607 3241 2661 nisi
3273 2616 3513 2662 nostrum
3540 2607 3760 2677 episco.

2165 2714 2290 2768 ptttu
2344 2695 2720 2751 Gebehardunt
2774 2694 3020 2765 accipere
3064 2696 3347 2751 voluerunt
3388 2695 3596 2768 (Nam).
3648 2699 3756 2766 Qui

2167 2787 2291 2841 totis
2329 2787 2532 2841 viribus
2559 2786 2789 2851 renisus,
2834 2794 3035 2855 quanto
3083 2786 3199 2857 plus
3233 2787 3475 2841 'oblatam
3521 2788 3761 2858 dignita-

2166 2886 2272 2932 tcm
2332 2877 2618 2942 recusavit,
2684 2885 2836 2930 tanto
2887 2874 3252 2930 Romanorum
3300 2876 3623 2930 desiderium
3682 2876 3758 2930 ad

2163 2950 2509 3037 optinendum
2548 2983 2672 3022 eum
2710 2966 3040 3036 provocavit.
3084 2965 3331 3035 Denique
3359 2977 3642 3036 postquam
3676 2965 3759 3019 le-

2165 3068 2319 3129 gatus
2359 3075 2485 3114 suos
2513 3058 2674 3122 clam,
2707 3067 2764 3115 ttt
2789 3065 3030 3126 putatur,
3060 3055 3482 3121 Romam‘misit,
3512 3056 3602 3126 qui
3623 3070 3755 3110 eum

2164 3167 2229 3206 ex
2256 3149 2515 3203 industria
2542 3147 2759 3218 ﬂagitiis
2787 3146 3035 3216 plurimis
3065 3145 3387 3201 infatuarcttt
3416 3155 3470 3201 et
3499 3146 3759 3201 abhomi-

2165 3239 2397 3294 nubilem
2432 3238 2686 3294 Romanis
2716 3252 2932 3307 quoquo
2970 3238 3129 3293 modo
3161 3238 3399 3295 facerent
3421 3268 3495 3278 —
3518 3237 3611 3292 sed
3644 3237 3760 3291 fru-

2165 3341 2298 3397 stra,
2327 3361 2397 3371 —
2425 3340 2705 3400 postquam
2746 3329 2909 3383 etiam
2950 3342 3043 3399 per
3074 3330 3340 3385 doctiores
3381 3344 3647 3399 quosque,
3697 3330 3756 3384 in

2166 3425 2358 3494 quibus
2382 3430 2437 3476 et
2466 3431 2649 3475 noster
2674 3422 2952 3490 magiSIer,
2984 3420 3085 3474 sibi
3121 3419 3354 3474 faventia
3388 3436 3617 3490 quaeque
3659 3435 3759 3475 ca-

2167 3528 2365 3568 nonum
2410 3511 2627 3582 collegit
2668 3510 3101 3580 capitula—sed
3140 3518 3193 3565 et
3230 3511 3332 3564 hoc
3364 3509 3598 3575 frustra;
3644 3525 3758 3563 non

2164 3614 2238 3659 est
2272 3604 2433 3667 enim,
2475 3610 2534 3655 ut
2560 3600 2837 3669 Scriptura
2886 3600 3034 3663 dicit,
3086 3598 3343 3667 sapientia
3374 3613 3475 3651 non
3502 3609 3575 3651 est
3614 3614 3757 3665 pru-

2164 3694 2360 3755 denu’a,
2394 3708 2496 3745 non
2541 3700 2615 3744 est
2646 3675 2918 3745 consilium
2955 3698 3136 3741 contra
3178 3686 3499 3740 Dominum:
3528 3715 3602 3725 —
3624 3694 3757 3737 tam

2166 3780 2285 3840 deut
2319 3779 2625 3849 Ratispoua:
2662 3777 2903 3833 collectis
2934 3775 3200 3830 universis
3239 3775 3386 3845 regni
3426 3773 3756 3843 primatibus

2166 3870 2350 3942 (itt55.
2383 3869 2595 3940 illam),
2640 3868 2787 3945 omni
2831 3866 3274 3937 tergiversatione
3317 3863 3581 3935 deposita,
3616 3878 3769 3933 cun-g

2165 3978 2306 4023 ctam
2336 3966 2759 4021 controversiam
2808 3962 2959 4018 brevi
3006 3960 3221 4030 quidem
3252 3960 3345 4014 sed
3371 3956 3590 4013 notabili
3619 3971 3755 4011 con-

2165 4058 2455 4113 summavit
2479 4056 2764 4110 sententia.
2810 4053 2912 4118 En,
2949 4052 3124 4122 inquit
3151 4052 3217 4106 ad
3249 4065 3524 4112 cessarem,
3566 4059 3752 4102 sancto

2074 4162 2077 4163 '
2165 4147 2323 4202 Petro
2349 4158 2511 4201 totum
2541 4164 2639 4211 me,
2672 4148 2768 4200 hoc
2789 4155 2862 4199 est
2889 4161 3100 4214 corpore
3142 4153 3188 4198 et
3230 4143 3427 4207 anima,
3455 4141 3751 4204 contrado;

2164 4252 2210 4294 et
2235 4239 2350 4295 licet
2376 4250 2536 4297 tanta:
2564 4238 2855 4295 sanctitatis
2873 4237 2991 4293 sede
3013 4253 3093 4289 me
3117 4234 3539 4302 indignissimum
3560 4233 3749 4293 sciam,

2166 4330 2345 4385 vestris
2383 4340 2555 4386 tamen
2591 4327 2916 4398 jussionibus
2948 4316 3273 4394 iobtentpero,
3315 4339 3377 4376 ea
3417 4321 3610 4377 scilicet
3650 4339 3754 4390 pa-

2166 4424 2350 4484 ctione,
2383 4430 2436 4474 ut
2465 4430 2511 4473 et
2545 4436 2629 4477 vos
2660 4428 2840 4473 sancto
2886 4416 3041 4472 Petro
3081 4415 3308 4495 reddatis
3345 4429 3463 4484 qua:
3492 4412 3575 4471 sui
3602 4411 3750 4480 juris

2164 4525 2307 4569 sunt.
2348 4513 2460 4567 Hac
2497 4513 2783 4582 sponsione
2812 4527 2843 4565 a
2881 4509 3264 4582 benignissimo
3302 4508 3625 4575 imperatore
3653 4518 3750 4557 su,

2165 4615 2370 4673 sccpta,
2403 4604 2628 4663 Romam
2665 4604 2914 4659 hilariter
2958 4602 3132 4673 venit,
3169 4599 3426 4668 singulari
3463 4596 3753 4654 devotione

2166 4703 2443 4769 susceptus
2471 4701 2574 4756 est,
2604 4694 2655 4745 in
2678 4690 3083 4750 consecratione
3115 4690 3299 4769 Victor
3340 4687 3638 4760 appellatus
3663 4692 3754 4742 est

2166 4768 2314 4853 (Apr.
2347 4784 2455 4854 15),
2491 4783 2660 4839 tribus
2691 4783 2845 4841 annis
2878 4768 3433 4848 apostolicamscdem
3468 4776 3750 4849 gloriosis-

2166 4873 2300 4932 sime
2328 4873 2487 4934 rexit,
2518 4881 2785 4945 latumque
2827 4871 2966 4925 inter
2998 4880 3209 4925 ceteras
3245 4869 3475 4924 virtutes
3514 4864 3753 4920 liberali.

2168 4966 2293 5021 tatis
2333 4965 2528 5030 extitit,
2579 4974 2634 5017 ut
2679 4963 2904 5017 Romani
2953 4977 3059 5016 non
3103 4960 3272 5020 solum
3309 4959 3507 5015 viventi
3560 4973 3751 5017 verum

2167 5059 2327 5115 etiam
2367 5040 2576 5112 mortuo
2603 5056 2893 5125 singularia
2940 5055 3153 5108 laudum
3193 5054 3447 5124 precouia
3490 5052 3755 5107 attribues

2168 5160 2289 5202 rent
2320 5157 2375 5202 et
2403 5146 2662 5202 memoria
2686 5145 2800 5202 eius
2825 5144 3051 5201 celebris
3074 5143 3353 5199 habeatur.
3393 5144 3609 5198 Interim
3641 5156 3752 5202 non
