4076 5310
582 321 718 375 5027

1532 314 1884 374 LAMBERTI
1924 292 2489 374 uensmﬁwexszs
2527 318 2867 376 ANNALES.

3703 326 3857 385 «θέε

1728 662 1918 707 INTRA
1965 665 2189 709 ANNUM
2231 664 2639 710 MLXXIll-XVI

883 838 1928 1201 tumulis

1826 1318 2575 1448 PRO(EMIA

2171 1557 2263 1613 AD

820 1720 823 1723 Α
888 1736 1858 1897 LAMBERTI
1970 1740 3519 1902 HERSFELDENSIS

1713 2046 2714 2185 ANNALES.
2824 2140 2846 2169 .

2198 2160 2416 2210 ⁸..Α
2439 2160 2565 2208 -‘--.'
2581 2160 2682 2185 Μ
2824 2160 2845 2169 ⁷
2900 2160 2920 2223 Ῐ

2190 2224 2309 2270 λίμνη,
2322 2236 2367 2270 ,η
2458 2188 2545 2270 7"}
2571 2228 2603 2259 ς.
2618 2174 2771 2259 fil-’5‘;
2788 2202 2971 2255 milia“

2442 2189 2971 2270 ‘r«.'.....z....m

1040 2328 1515 2417 EDENTE
1589 2330 1706 2419 V.
1785 2189 2722 2416 ceﬁbbﬁrnm.
2796 2328 3163 2468 gesse
3236 2318 3349 2417 (ί),

749 2518 909 2582 SER.
948 2517 1241 2575 PRINCIPI
1283 2513 1976 2572 SCllWARZBUllGENSl
2014 2513 2059 2568 A
2098 2512 2435 2569 CONSILllS
2474 2513 2745 2570 AULICIS
2788 2514 2874 2569 ET
2911 2516 3306 2576 TABULARIO
3344 2518 3664 2579 PUBLICO.

1108 2654 1284 2729 (Apud
1321 2652 1523 2721 Pen'rz,
1555 2651 1897 2707 Monumcnta
1930 2645 2227 2702 Germanice
2265 2645 2535 2712 historica,
2570 2647 2769 2717 Seript.
2806 2655 2937 2704 tom.
2971 2649 3036 2715 V,
3061 2664 3182 2721 pag.
3214 2648 3353 2719 154.j

1980 2808 2301 2824 ῌ

649 2928 727 2986 De
770 2923 1047 2983 Lamberti
1094 2921 1269 2993 patria
1303 2917 1435 2973 nihil
1481 2916 1613 2972 certi
1658 2922 1892 2971 constat.
1935 2911 1984 2969 J.
2030 2912 2160 2969 Chr.
2194 2917 2239 2977 Α
2272 2911 2409 2967 1058
2445 2908 2521 2982 (2)
2553 2910 2882 2981 depravatus
2925 2921 2978 2966 et
3016 2911 3156 2968 male
3201 2912 3501 2968 intellectus
3524 2913 3691 2985 hujus
3729 2907 3855 2985 Opi.

578 3018 846 3077 Krausius
891 3014 999 3086 (1")
1047 3028 1169 3068 eum
1227 3008 1708 3064 Trausrhenanum
1754 3014 1880 3057 ortu
1945 3011 2000 3057 et
2047 3002 2161 3057 for-

583 3121 727 3165 tasse
753 3103 1102 3163 Leodicensis
1129 3099 1427 3168 disciplinae
1455 3098 1732 3153 alumnum
1762 3093 1950 3160 fuisse,
1987 3095 2164 3165 suspi-

581 3208 740 3255 catur
774 3215 786 3250 :
820 3196 878 3250 1ο
919 3210 986 3249 ex
1026 3192 1243 3247 nomine
1272 3186 1543 3243 Lambcrti
1566 3226 1580 3252 ,
1611 3186 1754 3256 quod
1800 3184 2164 3254 Lotharingite

586 3288 829 3343 inferiori
858 3285 973 3341 sive
1003 3283 1165 3339 terris
1208 3279 1445 3335 Mosanis
1475 3278 1588 3333 fere
1636 3276 1911 3347 peculiare
1962 3275 2159 3342 fuerit;

581 3381 641 3435 2°
682 3380 828 3442 ideo,
855 3376 996 3449 quod
1046 3372 1522 3444 Francogallorum
1562 3378 1617 3425 et
1665 3367 1958 3422 Walonum
2011 3382 2164 3423 more

580 3470 843 3527 vocabula
865 3468 1154 3537 exprimat,
1179 3474 1237 3519 ut
1258 3463 1662 3532 Ileschénewege
1680 3474 1779 3531 pro
1803 3457 2160 3529 Eschenwege,

582 3563 713 3619 Bato
746 3579 843 3634 pro
872 3562 1044 3627 Beda,
1075 3558 1356 3613 Ellenburc
1385 3572 1484 3627 pro
1516 3554 1875 3624 Nellenburg;
1921 3552 1979 3607 5·
2022 3553 2164 3622 quod

581 3656 635 3710 iu
665 3656 829 3711 rebus
854 3651 1221 3723 [.otharingirc
1245 3648 1518 3704 inferioris
1543 3655 1599 3701 et
1638 3645 1910 3701 Flandriae
1954 3643 2164 3699 descri-

579 3747 775 3804 bendis
803 3745 1073 3816 copiosior
1117 3742 1207 3797 sil.
1259 3740 1366 3794 Sed
1404 3740 1518 3793 lucc
1561 3745 1880 3809 argumenta
1909 3736 1978 3792 ad
2012 3749 2124 3790 rem
2147 3775 2163 3802 ,

580 3853 744 3909 quam
777 3844 1048 3906 spectant,
1075 3830 1411 3902 probandam
1429 3869 1445 3895 ,
1472 3845 1578 3884 non
1609 3828 1907 3884 sufficiunt.
1934 3826 2068 3882 Nam
2096 3828 2162 3881 ad

579 3927 814 3997 primum
843 3924 984 3996 quod
1012 3923 1227 3986 attinet,
1268 3934 1463 3975 nomen
1496 3919 1625 3974 illud
1674 3919 1811 3976 alias
1857 3920 2022 3974 etiam
2050 3927 2165 3974 ter-

581 4035 694 4085 ras,
724 4029 785 4074 ut
810 4015 1167 4085 Thuringiam
1217 4011 1593 4068 habitantibus
1630 4010 1901 4066 familiare
1932 4011 2054 4076 fuit,
2088 4010 2165 4064 ita

580 4120 642 4166 ut
669 4110 998 4181 eodemjure
1026 4106 1264 4176 scriptor
1296 4103 1363 4158 ad
1392 4102 1618 4158 comites
1642 4102 1999 4159 Gleichenses
2028 4116 2164 4172 quo-

584 4219 703 4258 rum
745 4200 1044 4272 majoribus
1083 4198 1137 4254 id
1181 4196 1441 4252 usitatum
1482 4194 1651 4251 fuisse
1697 4196 1920 4262 scimus,
1971 4194 2165 4250 referri

581 4299 799 4362 posset;
832 4262 1028 4345 deinde
1060 4303 1167 4343 non
1212 4286 1403 4356 liquet,
1434 4283 1784 4339 Lambertum
1817 4285 1990 4355 ipsum
2024 4284 2165 4339 hanc
2198 4262 2240 4321 Β

583 4384 772 4439 talium
822 4381 1208 4437 vocabulorum
1271 4379 1543 4434 scribendi
1591 4378 1855 4432 rationem
1915 4385 2161 4432 secutum

582 4489 724 4538 esse,
757 4486 880 4528 cum
908 4471 1125 4526 codices
1146 4486 1174 4524 a
1204 4470 1365 4526 nobis
1391 4469 1571 4525 collati
1607 4468 1658 4521 in
1684 4467 1751 4521 iis
1797 4466 2038 4532 varient;
2069 4466 2162 4521 de-

583 4567 749 4635 nique
782 4565 834 4618 in
881 4564 1042 4620 rebus
1087 4564 1312 4619 istarum
1360 4563 1640 4633 regionum
1691 4560 1855 4613 etiam
1908 4568 2163 4629 proptcra

585 4656 726 4726 quod
760 4656 939 4725 magni
983 4656 1242 4710 momenti
1285 4669 1405 4708 esse
1444 4662 1498 4706 et
1528 4651 1786 4705 memoria
1814 4650 1987 4718 digna:
2017 4650 2156 4704 vide-

586 4755 800 4811 rentur,
828 4745 1149 4801 enarrandis
1183 4746 1387 4799 diutius
1415 4743 1621 4796 lia-rere
1651 4749 1705 4795 et
1730 4740 1929 4794 morari
1974 4739 2164 4808 potuit.

558 4848 562 4855 ‘
660 4837 870 4908 [Neque
895 4834 1122 4903 majoris
1158 4850 1345 4889 eorum
1395 4831 1640 4887 habenda
1689 4839 1772 4885 est
1817 4829 2033 4899 opinio,
2073 4830 2164 4898 qui

556 5048 567 5123 ἱ

586 4928 940 4983 Lambertum
986 4925 1555 4995 Schafuabnrgeusem
1606 4923 1721 4976 sive
1760 4918 2167 4974 Asehafuabur-

561 4990 807 5090 Egensem
849 5017 1104 5072 dixerunt
1135 5017 1418 5084 ipsumque
1450 5015 1502 5067 in
1549 5013 1653 5066 hac
1692 5010 2007 5064 Franconiue
2035 5008 2168 5063 urbe

588 5119 778 5165 natum
842 5107 1013 5161 fuisse
1074 5111 1418 5169 statuerunt;
1471 5117 1593 5156 cum
1642 5097 1861 5153 nonnisi
1917 5096 2064 5150 locus
2113 5111 2165 5148 a.

2267 3003 2445 3057 nionis
2470 3018 2657 3058 ansam
2697 3004 2928 3057 dederit.
2955 3003 3070 3077 Ν]

2336 3095 2660 3151 Lamhcrtus
2698 3112 2801 3149 non
2831 3112 2859 3150 a
2895 3111 3063 3166 puero
3094 3097 3147 3151 in
3197 3100 3512 3156 monasterii
3558 3097 3852 3169 cujusdam

2268 3187 2456 3240 umbra
2489 3194 2543 3239 et
2577 3185 2870 3243 solitudine
2915 3187 3159 3254 latuisse,
3189 3190 3281 3244 sed
3304 3230 3320 3256 ,
3363 3201 3656 3262 antequam
3708 3191 3853 3246 Iler-

2267 3278 2509 3335 sfeldiam
2541 3295 2599 3335 se
2621 3280 2914 3349 conferret,
2940 3280 2994 3335 in
3019 3282 3141 3337 vitae
3173 3281 3397 3353 publicae
3437 3281 3556 3338 luce
3585 3291 3641 3338 et
3668 3283 3853 3339 boario

2266 3388 2395 3426 num
2429 3371 2737 3442 frequentia
2769 3382 3040 3439 versatus,
3074 3374 3273 3445 ingenii
3326 3374 3602 3445 animique
3645 3391 3786 3445 quas
3817 3390 3849 3429 a

2271 3469 2466 3517 natura
2496 3461 2729 3519 fautrice
2759 3473 2949 3519 nactus
2976 3474 3097 3519 erat
3139 3463 3425 3534 facultates
3464 3465 3577 3537 jam
3619 3474 3733 3520 tum
3763 3466 3851 3519 did

2267 3556 2503 3626 ligenter
2531 3558 2835 3613 excoluisse
2866 3577 2877 3613 :
2913 3567 2985 3621 ct,
3022 3559 3208 3614 intima
3242 3575 3362 3615 cum
3390 3560 3610 3631 optimis
3636 3559 3848 3614 Bonna-

2268 3663 2463 3703 norum
2496 3650 2852 3718 scriptoribus
2904 3650 3280 3709 familiaritate
3313 3659 3616 3715 contracta,
3647 3666 3847 3721 pururn

2268 3751 2322 3797 et
2351 3741 2569 3814 elegans
2599 3743 2810 3798 dicendi
2839 3758 3029 3812 genus,
3056 3746 3197 3816 quod
3228 3745 3280 3799 iu
3302 3759 3367 3799 eo
3386 3727 3684 3805 laudamus,
3713 3758 3851 3801 con-

2269 3840 2485 3888 secutus
2514 3848 2634 3887 esse
2667 3833 2899 3888 videtur.
2947 3834 3055 3890 Nec
3089 3845 3264 3890 tamen
3302 3835 3487 3907 negari
3510 3843 3705 3905 potest
3743 3835 3852 3890 has

2266 3926 2499 3981 virtutes
2529 3924 2789 3991 assiduis,
2817 3940 2938 3996 quae
2965 3926 3075 3981 otio
3122 3928 3423 3982 monastico
3454 3925 3661 3989 fruens,
3692 3924 3852 3981 Lati-

2270 4032 2353 4071 na:
2388 4016 2586 4087 lingua:
2631 4015 2915 4087 impendit,
2956 4017 3150 4072 studiis
3179 4026 3369 4073 auctas
3410 4027 3464 4072 et
3493 4016 3849 4072 confirmatas

2268 4122 2503 4178 eumque
2530 4122 2596 4163 eo
2621 4107 2966 4178 potissimum
2999 4118 3242 4178 tempore
3265 4109 3436 4164 libros
3465 4124 3679 4169 sacros.
3710 4124 3850 4179 quo-

2269 4216 2388 4255 rum
2420 4198 2729 4271 cognitione
2757 4214 2862 4253 non
2889 4197 3083 4255 leviter
3110 4199 3325 4262 tinctus,
3373 4200 3466 4254 sed
3504 4209 3645 4254 totus
3671 4198 3850 4255 imbu—

2271 4298 2358 4345 tus
2387 4297 2499 4354 est,
2532 4289 2727 4344 diurna
2755 4296 3133 4360 nocturnaque
3154 4306 3314 4345 manu
3348 4299 3628 4345 tractasse.

2342 4380 2641 4436 llersfeldia
2701 4379 3006 4436 litterarum
3057 4382 3315 4437 studiosis
3378 4368 3634 4451 optimam
3689 4378 3743 4433 in
3780 4378 3851 4433 iis

2269 4471 2583 4542 proﬁciendi
2633 4472 2912 4540 praebebat
2975 4473 3334 4527 occasionem.
3384 4471 3457 4525 Ea
3512 4471 3655 4526 enim
3706 4470 3852 4525 inter

2271 4563 2486 4618 scholas
2532 4563 2878 4619 monasteriis
2913 4562 3197 4634 adjunctas
3246 4574 3299 4618 et
3352 4579 3447 4634 per
3497 4560 3849 4618 Germaniam

2270 4651 2414 4707 fama
2444 4654 2686 4711 celebres
2711 4655 2911 4711 smculo
2942 4671 2994 4709 ιι
3024 4654 3139 4714 fere
3166 4654 3464 4727 principem
3508 4653 3725 4709 tenebat
3770 4651 3853 4704 ιη-

2269 4759 2412 4797 cum.
2442 4744 2703 4802 Albuinus
2728 4746 2888 4816 hujus
2914 4747 3114 4803 scholae
3128 4746 3358 4818 primum
3384 4742 3664 4816 magister,
3694 4748 3857 4813 post-

2270 4848 2332 4887 ea
2386 4832 2504 4902 ejus
2542 4836 2643 4891 loci
2690 4838 3043 4907 praepositus,
3094 4838 3326 4907 denique
3371 4834 3853 4907 Magdeburgensis

2270 4923 2437 4977 ahhas
2466 4940 2494 4978 a
2523 4924 2771 4981 Conrado
2798 4929 3126 4997 imperatore
3147 4938 3335 4982 mense
3352 4923 3609 4981 Januario
3626 4939 3682 4980 a.
3708 4921 3850 4978 i055

2271 5016 2623 5081 constitutus,
2654 5017 2723 5070 ob
2773 5016 3038 5087 insignem
3074 5030 3235 5086 quam
3284 5014 3388 5070 sibi
3433 5022 3850 5084 comparaverat

2270 5101 2627 5175 philosophia:
2655 5106 2940 5161 scientiam
2979 5113 3314 5163 memoratur
3337 5105 3438 5177 (5).
3473 5104 3708 5160 Maxime
3743 5102 3853 5159 {re

2094 5208 2322 5269 NOT/E.
