4076 5310
571 345 706 430 1039

1531 369 1876 426 LAMBERTI
1917 367 2485 428 IIERSFELDENSIS
2521 366 2860 426 ANNALES.

3683 370 3828 424 1049

571 490 821 543 stinctam
845 485 916 539 ita
950 491 1161 547 tractat,
1190 491 1248 537 ut
1277 497 1446 552 usque
1473 484 1540 538 ad
1565 499 1691 536 ann.
1726 483 1847 546 705,
1882 482 2017 538 nihil
2041 483 2144 536 nisi
2172 489 2218 545 Α
2249 481 2527 553 pontifice,
2555 481 2625 535 sit
2671 481 2905 544 habitus,
2940 487 2996 532 et
3039 475 3272 544 lludolli,
3303 479 3457 536 ducis
3504 478 3840 546 Suevorum,

573 579 686 636 sola
717 576 932 632 nomina
965 572 1173 638 afferat,
1205 582 1315 627 tum
1345 588 1474 627 vero
1517 574 1584 628 ad
1611 572 1846 643 singulos
1886 588 2056 628 annos
2082 589 2146 627 ea

576 677 783 723 tantum
828 665 994 730 facta,
1036 679 1155 732 qua:
1199 663 1265 717 ad
1303 671 1490 733 gentes
1537 662 1862 729 Germanim,
1915 662 2148 719 familias

575 757 897 828 principum,
922 769 1037 809 rem
1065 769 1295 818 sacram,
1320 753 1578 808 ecclesias
1590 763 1644 808 et
1665 755 2009 812 monasteria.
2038 763 2145 809 etc.

577 845 866 914 pertinent,
896 857 1014 912 qua:
1037 853 1336 896 memoratu
1367 843 1525 912 digna
1555 843 1890 907 viderentur,
1914 844 2152 897 breviter

575 939 864 993 admodum
889 949 1171 1008 percurrat
1189 947 1243 992 et
1273 947 1476 1008 tangat.
1494 954 1662 1008 usque
1680 939 1746 992 ad
1774 954 1972 993 annum
1993 939 2148 1004 1059,

577 1046 685 1099 quo
719 1029 999 1084 Conradus
1028 1029 1321 1099 imperator
1353 1030 1505 1083 obiit.
1544 1029 1696 1100 [Qme
1741 1030 1922 1084 omnia
1951 1045 2016 1084 ex
2047 1030 2154 1082 An-

580 1121 792 1177 nalibus
822 1122 874 1174 in
906 1122 1234 1176 monasterio
1259 1137 1357 1176 suo
1396 1120 1760 1176 Ilersfeldensi
1788 1121 2051 1176 confectis
2089 1123 2155 1175 ad

581 1213 804 1267 verbum
860 1213 973 1266 fere
1027 1211 1309 1280 desumpta
1359 1227 1518 1276 esse,
1570 1213 1680 1282 jam
1735 1214 2155 1282 supra‘dictum

580 1313 666 1359 est
697 1304 828 1376 (53).
861 1303 921 1358 lli
964 1303 1202 1357 Annales
1243 1304 1354 1372 jam
1391 1304 1674 1372 depcrditi,
1708 1305 1800 1359 sed
1852 1321 1882 1358 a
1930 1305 2158 1358 diversis

583 1396 797 1451 diverse
827 1393 1100 1462 exscripti,
1127 1393 1288 1447 etiam
1319 1409 1498 1448 rerum
1521 1395 1676 1449 annis
1697 1395 1951 1458 972-982,
1976 1405 2158 1462 gesta-

585 1503 706 1542 rum
752 1485 911 1555 paulo
949 1485 1262 1554 ampliorem
1300 1484 1592 1540 Historiam
1643 1487 1739 1555 ipsi
1789 1486 2161 1555 suppeditasse

585 1577 837 1632 videntur
867 1576 1003 1646 (54),
1045 1577 1295 1645 ipsosque
1352 1577 1405 1630 in
1461 1578 1790 1632 monasterio
1827 1586 2010 1646 postea
2063 1593 2164 1644 ope

537 1675 541 1678 '
585 1665 872 1720 Annalium
921 1663 1456 1720 Hildesheimcnsium
1502 1681 1669 1734 usque
1707 1663 1997 1720 ad'aunum
2029 1665 2164 1719 1040

539 1741 933 1812 leontinuatos
983 1754 1181 1819 fuisse,
1242 1756 1481 1810 Annales
1547 1757 1839 1811 ostendunt
1901 1758 2166 1812 Uttenhuo

2248 573 2508 627 electione
2527 571 2866 626 Forcbhemii
2891 585 2972 633 ιιι,
3003 570 3078 623 Id.
3107 570 3262 624 Mart.
3287 572 3565 625 ann.1077
3589 584 3840 640 peracta,

2249 664 2481 732 scriptor
2505 681 2524 714 ι
2565 678 2715 717 more
2751 663 2941 716 inertis
2968 671 3154 732 poeta),
3175 671 3422 716 extremo
3440 661 3552 728 jam
3585 665 3642 716 in
3669 679 3845 732 opere

2251 751 2604 822 languescens
2629 781 2700 792 --
2734 752 2786 806 in
2841 751 3057 821 longum
3105 751 3236 806 satis
3268 779 3337 790 —
3365 761 3647 820 protracto
3689 752 3847 808 volu-

2253 841 2384 895 mini
2423 859 2442 890 ι
2488 840 2648 894 finem
2701 840 2949 910 imponit,
3002 848 3061 894 ut
3112 857 3130 890 ι
3161 840 3251 909 qui
3296 849 3481 908 postea
3531 841 3849 895 scribenda:

2255 935 2472 1004 reliqum
2519 935 2679 1004 hujus
2727 935 2965 989 historia:
3011 935 3146 1005 parti
3197 951 3315 989 sese
3363 935 3720 989 accinctum:
3749 946 3847 997 sit,

2256 1024 2474 1087 habeat,
2508 1025 2649 1077 unde
2689 1033 2811 1093 apte
2853 1023 3090 1078 exordiri
3133 1025 3322 1093 possit.
3362 1044 3381 1076 ι
3428 1024 3508 1078 An
3538 1024 3629 1078 his
3659 1026 3848 1078 verbis

2260 1112 2566 1180 signiﬁcare
2596 1113 2847 1177 voluerit,
2883 1127 2942 1166 se
2988 1113 3130 1167 hunc
3164 1113 3359 1166 librmn
3397 1114 3506 1182 jam
3559 1122 3852 1167 senectute

2260 1204 2666 1270 ingravescente
2714 1200 3036 1261 confecisse.
3081 1202 3304 1255 definire
3346 1219 3449 1255 non
3495 1203 3717 1267 autsim;
3755 1202 3852 1255 sed

2259 1305 2380 1344 cum
2433 1291 2501 1343 ad
2551 1289 2957 1343 describemlam
3015 1290 3274 1358 reliquam
3330 1289 3579 1344 lIistorim
3637 1302 3852 1360 partem

2261 1377 2423 1432 alium
2471 1394 2846 1448 aggressurum
2888 1395 3010 1434 esse
3055 1391 3318 1450 speraret,
3366 1392 3513 1436 certe
3569 1384 3856 1437 nonnullis

2263 1471 2420 1522 annis
2445 1478 2588 1538 post,
2619 1468 2850 1523 fortasse
2877 1468 3108 1524 Rudolfo
3141 1471 3253 1540 jam
3290 1481 3519 1536 mortuo,
3550 1471 3642 1526 hic
3691 1472 3854 1526 finem

2264 1561 2458 1616 fecisse
2480 1561 2709 1614 videtur.

2336 1649 2680 1705 Summorum
2720 1649 2809 1718 qui
2861 1649 3000 1718 apud
3049 1649 3323 1705 Romanos
3347 1649 3655 1705 ﬂoruerunt
3687 1651 3858 1704 histo-

2267 1740 2504 1795 ricormn
2549 1731 2856 1808 exemplum
2895 1740 2961 1794 ad
2999 1740 3316 1794 imitandum
3349 1741 3447 1795 sibi
3499 1742 3862 1809 proposuisse

588 1845 707 1900 rani
739 1843 850 1914 ('55)
898 1859 1060 1912 supra
1106 1844 1257 1909 editi,
1301 1845 1392 1914 qui
1442 1861 1610 1915 usque
1662 1847 1727 1900 ad
1774 1846 1916 1900 hunc
1963 1863 2163 1900 annum

2270 1830 2638 1894 Lambertum,
2665 1844 2732 1884 ex
2757 1829 2992 1896 dicendi,
3016 1846 3122 1899 quo
3163 1845 3292 1885 usus
3335 1839 3438 1896 est,
3482 1845 3691 1900 genere
3727 1831 3862 1883 satis

595 1950 756 2004 quam
789 1934 1021 1987 maxime
1044 1950 1164 1988 cum
1189 1934 1476 1989 Lamberto
1517 1937 1842 1989 conveniunt
1867 1977 1880 1999 ,
1923 1939 2166 2005 quamvis

589 2044 684 2082 eos
713 2043 886 2096 neque
948 2027 1113 2096 ipsius
1169 2027 1362 2080 librum
1421 2041 1594 2096 neque
1649 2028 2165 2084 IIildesheimensem

589 2118 772 2183 illum,
803 2133 867 2173 ex
900 2133 1010 2187 quo
1043 2117 1158 2172 haec
1203 2118 1406 2171 notitize
1453 2128 1767 2181 manarunt,
1798 2118 1890 2172 sed
1935 2117 2169 2173 llersfet-

589 2212 785 2265 denses
813 2208 1055 2263 Annales
1076 2217 1290 2262 secutos
1324 2223 1460 2270 esse,
1492 2208 1650 2263 facile
1676 2209 1745 2263 sit
1774 2210 2165 2264 demonstratu.

592 2298 686 2354 llis
735 2299 988 2354 brevibus
1045 2298 1416 2353 natationibus
1473 2299 1800 2368 exscriptis,
1847 2300 2170 2354 Lambertns

590 2389 885 2445 lectoribus
937 2389 1264 2444 satisfecisse
1316 2389 1415 2444 sibi
1471 2391 1618 2444 visus
1666 2401 1769 2456 est,
1821 2392 1992 2461 iisque
2036 2392 2169 2446 nihil

589 2480 817 2544 addidit,
850 2481 954 2534 nisi
986 2480 1213 2534 fortasse
1241 2481 1482 2548 quaedam
1505 2496 1674 2550 eaque
1699 2482 2032 2546 brevissima,
2053 2499 2171 2552 qua:

593 2586 660 2626 ex
691 2570 990 2626 Annalibus
1030 2570 1265 2639 antiquis
1298 2571 1680 2628 Altahensibus
1725 2575 2003 2642 desumpta
2051 2591 2170 2629 esse

594 2661 848 2716 videntur
887 2661 1019 2730 (56),
1050 2659 1280 2714 fortasse
1311 2674 1439 2714 vero
1481 2659 1594 2726 jam
1633 2677 1663 2715 a
1701 2663 1955 2731 quopiam
1988 2664 2174 2716 Anna-

595 2750 728 2806 lium
750 2749 1206 2805 Hersleldensium
1233 2749 1404 2804 codici
1435 2749 1580 2803 illata
1603 2763 1758 2805 erant
1785 2753 1919 2820 (37).
1952 2752 2077 2806 Inde
2104 2754 2172 2808 ab

597 2859 650 2898 a.
700 2842 854 2897 1040.
907 2841 1228 2895 Lambertus
1275 2843 1492 2910 proprio
1538 2841 1705 2896 Marte
1761 2859 1846 2896 res
1878 2846 2173 2913 praecipuas

598 2935 935 2988 adnotandas
957 2935 1219 3001 suscepit;
1269 2934 1362 2986 sed
1393 2934 1458 2986 ad
1497 2948 1592 2986 sua
1645 2942 1880 3003 tempora
1911 2934 2172 2990 festinans

598 3037 775 3094 neque
805 3025 968 3078 multa
999 3025 1272 3078 memoriae
1320 3025 1566 3088 tradidit,
1604 3040 1776 3093 neque
1806 3028 1873 3080 ab
1899 3029 2172 3083 erroribus

598 3119 743 3168 cavit
779 3115 912 3182 (58).
951 3113 1065 3184 W.]
1092 3113 1340 3168 Secundo
1370 3114 1474 3168 hoc
1503 3115 1774 3169 volumine
1807 3124 2036 3184 tempus,
2065 3133 2172 3185 quo
2199 3147 2244 3208 ϐ

601 3205 890 3259 lleinricus
934 3202 1001 3256 IV
1025 3219 1249 3273 regnare
1295 3205 1478 3273 cmpit,
1523 3206 1882 3274 persequitur,
1934 3221 2056 3275 qua:
2090 3217 2173 3262 est

602 3293 1047 3364 praestantissima
1097 3304 1152 3350 et
1195 3294 1332 3348 lectu
1378 3295 1691 3363 dignissima
1726 3296 1846 3350 libri
1871 3312 2017 3366 pars,
2041 3312 2175 3365 quo-

605 3387 752 3441 niam
804 3388 963 3440 rebus
1006 3401 1141 3455 quas
1187 3387 1350 3441 tradit
1399 3395 1492 3441 aut
1544 3387 1655 3458 ipse
1695 3388 1958 3454 interfuit,
1993 3398 2050 3444 ut
2084 3390 2169 3454 iis,

602 3493 724 3547 qua:
774 3477 826 3531 in
872 3478 1198 3534 monasterio
1243 3477 1602 3534 Ilersfeldensi
1645 3480 1723 3534 vel
1764 3481 1816 3534 in
1864 3482 2020 3536 terris
2068 3497 2172 3536 non

602 3569 759 3640 longe
783 3569 852 3622 ab
889 3584 954 3623 eo
982 3571 1225 3634 remotis,
1253 3570 1547 3640 Thuringia
1579 3581 1632 3624 et
1668 3571 1922 3635 Saxonis,
1957 3574 2172 3628 accide-

554 3711 556 3713 ,
603 3667 749 3722 runt,
774 3667 867 3711 aut
889 3672 973 3723 ea,
1001 3675 1119 3728 qua:
1144 3660 1196 3712 in
1217 3661 1421 3714 exteris
1452 3661 1777 3728 regionibus,
1811 3663 1979 3729 Italia,
2011 3663 2174 3716 Flau—

605 3749 747 3812 dria,
776 3749 1124 3820 Lotbaringia
1166 3750 1428 3815 infcriori,
1457 3762 1586 3815 etc.,
1619 3761 1766 3822 gesta
1795 3764 1938 3819 sunt,
1963 3769 1992 3807 a
2026 3755 2178 3809 testi-

603 3839 704 3894 bus
735 3840 838 3893 fide
867 3839 1042 3908 dignis
1072 3839 1226 3894 facile
1254 3855 1578 3911 cognoscere
1609 3844 1798 3910 potuit.

675 3927 944 3993 Narratis,
985 3929 1179 3995 quibus
1229 3930 1512 3984 lleinricus
1565 3948 1654 3986 rex
1705 3934 2044 3990 conflictatus
2099 3946 2181 3990 est

605 4017 764 4072 malis
785 4028 839 4072 ct
860 4018 1276 4079 calamitatibus,
1307 4028 1360 4073 et
1387 4036 1548 4090 quam
1578 4023 1794 4094 indigne
1816 4036 1868 4079 et
1893 4027 2181 4082 crudeliter

604 4105 662 4163 In
722 4108 875 4164 Italia
923 4108 992 4164 ab
1042 4107 1402 4166 llildebraudo
1455 4111 1736 4186 (Gregorio
1787 4115 1919 4182 VII),
1971 4132 2184 4172 sutmno

2269 1934 2538 1990 superque
2559 1919 2753 1974 elucet.
2778 1917 2906 1986 Ejus
2936 1920 3084 1975 enim
3115 1920 3385 1990 ingenium
3417 1921 3584 1974 totius
3611 1921 3860 1978 antiqui-

2272 2015 2396 2069 tatis
2422 2014 2750 2084 cognitione,
2777 2015 3232 2084 0ptimorumque,
3262 2031 3398 2085 quos
3439 2016 3582 2078 tulit,
3621 2019 3862 2084 scripto-

2269 2121 2386 2160 rum
2419 2106 2654 2160 lectione
2699 2120 2804 2160 non
2852 2105 3041 2160 leviter
3070 2107 3317 2168 tinctum,
3357 2107 3450 2159 sed
3480 2107 3551 2159 ita
3583 2106 3856 2160 imbutum

2269 2195 2394 2258 fuit,
2425 2204 2483 2248 ut
2513 2211 2617 2248 non
2652 2194 3022 2264 imperitorum
3054 2205 3106 2250 et
3134 2194 3434 2264 ineptormn
3465 2197 3660 2249 mediae
3683 2196 3864 2250 «atatis

2272 2289 2662 2343 monachorum
2711 2302 2862 2342 more
2893 2289 3054 2343 anxie
3083 2297 3136 2342 et
3175 2289 3371 2341 infelici
3401 2305 3567 2357 opera
3594 2291 3766 2342 verba
3795 2303 3860 2342 ex

2271 2381 2338 2435 iis
2360 2381 2706 2449 conquireret
2744 2389 2799 2434 et
2839 2395 3031 2449 parum
3058 2391 3182 2450 apto
3203 2379 3322 2434 loco
3353 2383 3671 2450 pron'iiscue
3697 2380 3862 2434 collo-

2271 2482 2439 2536 caret,
2465 2473 2556 2526 sed
2572 2471 2812 2542 diligenti
2829 2472 3153 2541 optimorum
3177 2488 3628 2542 quorumcunque
3648 2471 3861 2527 delectu

2273 2563 2476 2627 habito,
2522 2564 2819 2618 orationem
2858 2579 3010 2618 suam
3051 2563 3448 2633 pulcherrimis,
3493 2581 3649 2634 quos.
3678 2581 3750 2620 ex
3799 2567 3870 2618 iis

2272 2653 2636 2720 decerpserat,
2664 2652 2899 2707 flosculis
2927 2660 3147 2707 ornaret
3171 2667 3236 2708 ac
3261 2653 3644 2723 distingueret.
3674 2654 3865 2722 Suspi-

2272 2749 2448 2803 cimus
2493 2730 2545 2802 iu
2597 2763 2662 2802 co
2712 2757 2768 2802 et
2817 2749 3152 2802 admiramur
3195 2748 3598 2816 simplicitatem
3639 2750 3864 2802 minime

2275 2840 2486 2905 rudem,
2528 2842 2766 2894 nativum
2809 2841 3095 2908 quemdam
3131 2841 3398 2895 orationis
3437 2840 3705 2903 colorem,
3748 2840 3854 2894 ele-

2274 2931 2619 3000 gantiamque
2650 2948 2788 2994 eam,
2823 2947 2941 3000 qua:
2969 2931 3037 2984 ab
3073 2930 3231 2999 hujus
3258 2932 3437 2986 szecufi
3469 2933 3747 3000 scriptore
3770 2934 3865 2985 vis:

2275 3023 2575 3092 ex5pectari
2629 3029 2824 3090 potest.
2881 3021 3087 3090 Ubique
3129 3037 3376 3092 magnam
3419 3022 3472 3074 in
3519 3022 3866 3090 exponendis

2277 3115 2438 3167 rebus
2467 3113 2634 3182 gestis
2664 3111 2873 3164 laudem
2905 3111 3130 3176 ordinis,
3164 3111 3568 3181 perspicuitatis
3589 3119 3647 3164 et
3667 3112 3867 3179 jucun-

2276 3205 2462 3259 ditatis
2509 3205 2725 3258 meruit.
2784 3203 2914 3256 Nam
2956 3201 3073 3268 ejus
3119 3203 3355 3257 narratio
3398 3202 3567 3255 variis
3620 3203 3863 3255 virorum

2278 3293 2659 3362 praeclarorum
2687 3291 3036 3360 imaginibus,
3067 3299 3319 3359 tanquam
3350 3279 3670 3355 luminibus,
3695 3291 3872 3345 collu-

2278 3401 2470 3457 strata,
2502 3392 2840 3447 sermonibus
2867 3407 3079 3457 eorum,
3106 3393 3320 3460 quibus,
3346 3393 3599 3460 antiquos
3641 3391 3869 3445 histori-

2277 3497 2373 3538 cos
2384 3483 2684 3545 :rmulatus,
2703 3498 2800 3535 nos
2813 3482 2970 3550 quasi
2985 3482 3039 3535 in
3055 3482 3285 3536 mediam
3307 3498 3420 3536 rem
3446 3483 3865 3551 rapit,animata

2279 3585 2333 3630 et
2375 3576 2604 3629 viridior
2640 3575 2868 3638 reddita,
2903 3585 2958 3627 et
2991 3589 3105 3638 ars,
3141 3589 3244 3644 qua
3284 3573 3536 3637 excellit,
3569 3588 3680 3628 uno
3719 3573 3869 3629 ferre

2283 3666 2608 3721 Iineamento
2641 3682 2820 3721 rerum
2861 3666 3054 3721 faciem
3095 3667 3444 3735 depingendi,
3475 3677 3532 3719 ut
3560 3681 3658 3721 cas
3688 3667 3871 3736 pictas

2284 3772 2507 3811 eernere
2537 3759 2836 3822 videamus,
2867 3759 3008 3812 sicut
3054 3758 3365 3812 Ileiuricmn
3419 3773 3540 3812 eum
3591 3772 3769 3814 uxore
3813 3767 3868 3812 et

2285 3846 2510 3914 reliquis
2550 3847 2838 3902 comitibus
2883 3848 3046 3916 Alpes
3092 3858 3459 3916 superantem,
3506 3849 3743 3904 lectores
3780 3849 3870 3903 vel

2288 3937 2486 3990 invitus
2515 3935 2682 3990 allicit
2708 3946 2762 3990 et
2790 3938 2927 3990 mira
2953 3937 3216 4003 suavitate
3241 3948 3401 3993 tenet.
3425 3938 3648 4000 Deinde,
3671 3939 3870 3993 ordine

2290 4036 2589 4094 temporum
2621 4029 2732 4081 fere
2765 4042 2978 4096 semper
3011 4029 3259 4098 religiose
3302 4038 3538 4092 servato,
3561 4042 3868 4096 nunquam,

2289 4119 2432 4186 quod
2456 4117 2544 4172 alii
2569 4118 2766 4184 solent,
2791 4118 2935 4172 filum
2979 4105 3310 4173 narrationis
3346 4117 3526 4172 subito
3572 4125 3631 4171 et
3667 4125 3873 4187 praeter

827 4287 1381 4365 haeevcrsusestotto
1404 4289 1512 4365 dux
1540 4289 1918 4365 Bajoariorum
1945 4292 1990 4323 "
2019 4301 2300 4365 accusatur
2336 4309 2459 4348 reus
2491 4295 2544 4349 in
2576 4306 2754 4364 regem
2785 4293 2893 4365 (an.
2932 4295 3087 4362 1070)
3119 4294 3457 4365 Moguntinus
3494 4291 3872 4365 archiepisco-

819 4372 919 4428 pus
940 4357 1236 4434 Sigefridns
1263 4361 1448 4434 aderat
1496 4357 1648 4434 (etc.)
1684 4360 1943 4434 Palatium
1973 4364 2194 4434 perditis
2223 4366 2460 4418 moribus
2490 4357 2704 4434 plemﬁn
2737 4357 2875 4417 erat.
2908 4367 2994 4418 Vae
3040 4357 3181 4417 enim
3206 4357 3320 4434 "tibi
3363 4373 3524 4434 terra,
3560 4357 3719 4434 cujus
3768 4376 3872 4434 rex

832 4499 991 4563 ciam,
1023 4499 1158 4551 alibi
1174 4499 1327 4569 plura
1356 4500 1623 4568 requirant
1669 4500 1740 4552 ".
1774 4509 1888 4568 (au.
1920 4499 2106 4568 1074.)

829 4444 962 4506 puer
985 4427 1295 4506 est_!ug_(et.c.)
1333 4427 1646 4506 Imperatrix
1669 4427 1985 4506 parvulum'
1994 4432 2205 4506 peperit
2230 4449 2410 4504 regem
2443 4427 2504 4489 in'
2525 4436 2808 4489 llerveldia
2857 4440 2968 4506 (an.
3020 4436 3154 4489 1071
3187 4432 3540 4505 (Sapientibus
3570 4427 3674 4488 ἰδέα
3708 4430 3872 4500 αι’ρο

889 4672 894 4676 ι
1927 4609 2159 4663 VARle
2194 4611 2590 4668 LECTIONES.

683 4701 734 4744 ³³
771 4701 1104 4761 haioriorum
1137 4719 1184 4756 c.
1273 4702 1319 4734 ”
1354 4716 1549 4754 annum
1589 4717 1689 4772 quo
1722 4702 1834 4754 Iure
1865 4703 2074 4772 scripsit
2113 4703 2269 4766 1513,
2299 4706 2446 4758 addit
2480 4705 2948 4760 llamersfebeusis.

2135 4795 2362 4852 ΝΟΤίΕ.

689 4891 800 4960 (‘53)
825 4887 924 4960 $75.
955 4886 1044 4960 Ill,
1074 4903 1129 4960 p7.
1156 4885 1246 4960 εῖτ
1273 4885 1648 4960 (Putrologiw,
1669 4896 1796 4938 (om.
1819 4883 2127 4960 CXXXIX.)
2216 4895 2265 4952 ι)
2291 4889 2596 4960 exscripsit,
2627 4891 2716 4960 vix
2745 4899 2850 4943 tam
2878 4905 3045 4960 pauca
3071 4889 3232 4944 verba
3261 4887 3476 4943 aliunde
3497 4891 3863 4959 repetivisset.

653 5031 664 5044 ‘
831 4955 1473 5044 X.'Giesebreclitvltnn.
1494 4955 1690 5044 [Al-tali.
1741 4972 1824 5044 pl.0
1840 4956 1930 5044 l1;),
1951 4965 2025 5044 ‘et
2068 4971 2188 5044 (ιιιέ

615 5022 804 5140 ἁὶιξέἓ
831 5027 1271 5098 Ephemeridibus
1298 5025 1463 5078 litter.
1492 5022 1916 5094 GottingIlSﬂ,
1950 5022 2187 5087 No.38,

617 5118 652 5140 η
695 5134 707 5140 -
793 5113 950 5140 ,ςρηι

617 5118 652 5140 η
695 5113 802 5140 :«xv.
830 5113 950 5140 Sull-

2295 4974 2415 5028 cum
2477 4959 2613 5012 alios
2669 4959 2841 5013 fontes
2886 4959 3110 5028 prorsus
3157 4960 3471 5028 negligeret.
3500 4959 3633 5015 Nam
3688 4977 3869 5028 neqtie

2297 5027 2590 5097 Reginonis
2636 5027 3064 5083 continuatorem
3105 5027 3277 5096 neque
3307 5028 3679 5084 Tbietmarum
3709 5027 3868 5084 mihi-

2295 5096 2532 5138 Ιιιιίἰίιιΐ
2588 5097 2800 5136 ςίηηιιὶι
2835 5098 2870 5136 ΙΙ
2928 5114 2961 5136 n
3019 5099 3158 5134 Ιίὶπὶ
3213 5113 3438 5134 "annon
3490 5099 3842 5132 Πηλέι-,1010

3019 5099 3117 5134 ιιιπ
3143 5099 3158 5134 ὶ
3213 5113 3385 5134 "anno
3410 5114 3438 5132 σι
