4076 5310
293 263 420 318 1041

1722 278 2052 340 ΡΠΟ(1·ΣΜῘ.1
2064 328 2075 339 .

3395 294 3528 352 101⁶ὶ

287 374 743 475 exspectationem
775 373 1066 446 abrumpit,
1087 381 1181 434 sed
1213 384 1458 450 producit
1482 390 1852 457 clrouliuual,
1886 401 1930 456 Α
1960 401 2158 465 potuit,
2199 411 2450 471 praestare
2474 413 2700 459 conatus
2730 413 2839 469 est,
2879 403 3003 459 licet
3053 407 3248 475 passim
3280 407 3347 462 de
3405 423 3531 464 san.

287 465 366 520 ita
409 472 470 518 ut
526 478 610 518 res
658 479 980 535 unoquoque
1017 481 1158 523 anno
1195 481 1345 527 actas
1379 477 1670 543 separatim
1704 495 1732 531 a
1775 495 1861 534 se-

285 555 502 625 quentis
542 553 776 609 Historia
816 565 1030 624 tractet,
1070 569 1125 614 et
1155 561 1393 617 virorum
1425 564 1719 632 clarorum,
1754 579 1862 625 tam

284 645 354 700 de
381 659 440 698 re
468 644 679 714 publica
714 661 875 714 quam
919 647 1157 704 Ecclesia
1189 653 1526 720 meritorum,
1555 657 1694 711 ineo
1720 675 1863 713 mor-

285 739 502 787 tuorum
527 736 842 789 memoriam
861 739 1089 803 recolat;
1110 743 1252 808 quod
1268 743 1436 798 forma
1463 747 1776 813 Annalium,
1807 750 1861 803 in

284 838 447 891 quam
476 824 670 877 librum
701 841 857 880 suum
883 828 1398 901 redegit,ilagitasse
1424 835 1861 900 vidctur,etcam

285 912 501 980 quidem
530 913 811 969 utilitatem
840 919 1143 986 praebet,ut
1179 938 1284 976 uno
1310 923 1520 990 obtutu,
1556 927 1682 996 quid
1703 923 1863 982 simul

283 1005 544 1064 evenerit.
562 1009 911 1078 contemplari
942 1027 1004 1066 ac
1021 1011 1314 1080 diiudicare
1339 1015 1515 1072 liceat.
1540 1018 1712 1074 Alfert
1737 1037 1864 1076 vero

285 1092 447 1146 etiam
469 1094 823 1160 incommoda,
846 1113 965 1168 qua:
993 1101 1226 1170 scriptor
1251 1106 1484 1160 sensisse
1505 1108 1743 1177 quidem,
1772 1112 1865 1166 sed

287 1185 588 1238 necessaria
619 1185 834 1242 duxisse
866 1205 964 1244 nec
990 1191 1261 1247 declinare
1293 1209 1457 1249 ausus
1481 1212 1602 1252 esse
1629 1199 1860 1253 videtur.

283 1270 552 1326 interdum
569 1282 744 1330 tamen
762 1279 1099 1348 angustiores
1111 1281 1209 1336 hos
1224 1285 1483 1341 terminos
1499 1296 1862 1358 transgressus

282 1358 505 1416 liberius
526 1375 770 1434 vagatur,
796 1377 846 1420 et
870 1383 954 1430 ea,
985 1385 1105 1440 qum
1131 1382 1284 1426 arcto
1317 1375 1459 1429 inter
1479 1392 1538 1431 se
1563 1395 1699 1433 nexa
1738 1390 1864 1435 sunt

282 1453 514 1517 vinculo,
551 1472 653 1510 non
678 1473 706 1510 a
730 1474 788 1512 se
822 1460 1048 1514 invicem
1081 1475 1301 1533 separat
1325 1477 1378 1523 et
1402 1469 1692 1541 disiungit;
1721 1475 1864 1541 quod

282 1548 424 1603 inter
452 1551 578 1613 alia,
603 1552 833 1607 liistoria
863 1560 1247 1613 controversiae
1269 1560 1335 1613 de
1374 1561 1590 1614 abhatia
1610 1561 1866 1618 Malmun-

280 1637 518 1696 dariensi
551 1643 750 1713 agitata
794 1645 905 1718 (59)
939 1656 996 1702 et
1038 1649 1316 1704 turbarum
1339 1651 1394 1705 in
1441 1650 1678 1708 Saxonia
1712 1664 1861 1710 orta-

282 1745 402 1786 rum
425 1731 536 1802 (40)
559 1741 810 1790 testatur.

317 1839 324 1842 '
354 1825 480 1893 Sed,
513 1836 572 1882 ut
608 1843 895 1897 pergamus
933 1831 984 1885 in
1013 1832 1380 1889 adnmhranda
1407 1836 1699 1903 virtutum,
1737 1840 1858 1908 qui-

281 1912 384 1968 bus
410 1923 593 1969 noster
615 1919 868 1986 praeditus
905 1929 1004 1984 est,
1040 1923 1300 1992 imagine,
1351 1926 1568 1982 excellit
1611 1929 1656 1982 is
1689 1929 1857 1984 etiam

283 2007 570 2061 verissimo
591 2019 644 2062 et
664 2013 928 2067 acerrimo
951 2014 1003 2067 in
1024 2025 1168 2069 recte
1194 2017 1525 2073 aestimandis
1553 2020 1859 2075 hominibus

281 2105 338 2150 et
380 2112 533 2166 aequa
586 2099 742 2155 lance
792 2103 1156 2170 ponderandis
1203 2121 1392 2161 eorum
1438 2106 1594 2164 factis
1613 2109 1858 2178 judicio,

283 2187 574 2259 animoque
628 2193 886 2260 pietatis.
963 2196 1317 2253 humanitatis
1370 2200 1861 2271 misericordiaque

281 2292 448 2332 sensu
485 2279 820 2346 plenissimo.
848 2282 1016 2340 Valde
1041 2287 1205 2341 etiam
1240 2287 1469 2343 lectores
1492 2289 1681 2355 allicit,
1709 2299 1764 2344 et
1795 2290 1862 2345 ad

284 2369 591 2425 satietatem
617 2371 901 2441 fngandam
933 2373 1163 2442 confert,
1194 2393 1313 2433 cum
1344 2382 1660 2450 scriptorem
1690 2383 1861 2450 ipsum

286 2457 369 2510 vel
423 2460 498 2513 rei
559 2463 839 2531 cujusdam
877 2466 1248 2537 indignatione
1297 2472 1378 2542 (ut
1415 2481 1652 2528 cruentae
1687 2482 1741 2529 et
1770 2489 1863 2529 ne-

286 2545 465 2600 t‘andaa
523 2548 666 2604 illius
700 2568 905 2622 pugna:
966 2555 1328 2615 Goslariensis
1393 2574 1444 2614 a.
1514 2562 1712 2634 1065),
1778 2565 1863 2619 vel

286 2637 657 2698 misericordia
683 2644 783 2714 '(ut
808 2646 1046 2704 Heinrici
1095 2666 1194 2720 per
1237 2653 1398 2710 silvas
1432 2664 1487 2710 et
1526 2658 1736 2713 deserta
1783 2658 1863 2712 fn-

290 2729 488 2800 gientis
525 2749 577 2790 a.
611 2736 810 2807 1075),
843 2740 926 2796 vel
957 2743 1353 2816 deniquejusta
1385 2749 1461 2804 ira
1503 2751 1581 2820 (ut
1626 2752 1678 2806 in
1705 2768 1861 2808 enar-

288 2824 504 2888 randis,
555 2841 689 2895 quas
721 2829 962 2886 Saxones
992 2849 1020 2887 a
1062 2836 1204 2904 regis
1230 2838 1493 2893 ministris
1527 2841 1862 2907 tolerarunt,

290 2914 664 2972 vexationibus
705 2935 755 2972 a.
813 2922 980 2986 1075,
1023 2926 1543 2983 autColoniensium
1582 2928 1784 2986 scelere
1811 2934 1864 2987 in

1964 501 2171 545 ctorum
2204 493 2474 547 miraculis
2503 494 2733 563 malique
2760 495 3038 556 daemonis.
3068 511 3202 565 qiuts
3226 495 3530 554 hominibus

1964 583 2230 636 struxisse
2254 583 2468 647 dicitur,
2495 583 2703 637 insidiis
2746 584 2868 637 talia
2894 571 3156 653 proferat,
3188 602 3307 653 qum
3332 600 3532 657 negare

1964 673 2048 725 vel
2081 673 2129 726 in
2162 671 2379 725 dubium
2413 687 2604 726 vocare
2628 713 2643 736 ,
2673 673 2762 725 illo
2790 688 2903 726 aevo
2926 672 3076 726 nefas
3101 683 3402 743 putaretur,
3433 691 3530 730 nos

1965 778 2112 824 vero,
2143 760 2365 815 meliora
2394 761 2592 824 edocti,
2628 762 2865 816 ridemus
2891 762 3024 832 (41).

2034 847 2254 903 Talibus
2273 849 2434 918 igitur
2462 849 2746 904 virtutibus
2776 864 2896 904 cum
2927 851 3248 920 conSpicuus
3273 853 3343 908 sit
3367 854 3529 909 Lam-

1970 937 2180 1004 bertus,
2213 952 2347 1007 quas
2382 951 2604 1002 omnes,
2635 937 2723 1006 qui
2755 939 2872 1008 ejus
2903 949 3102 1009 scripta
3151 951 3354 997 attente
3393 943 3535 1013 lege-

1967 1039 2128 1091 runt,
2185 1037 2486 1099 agnoscunt
2521 1036 2575 1081 et
2612 1027 2905 1098 przedicant
2931 1069 2946 1094 ,
2989 1046 3093 1083 non
3145 1040 3322 1086 tamen
3357 1032 3534 1088 ubivis

1966 1121 2208 1176 locorum
2229 1135 2448 1190 operam
2478 1119 2621 1174 dedit
2651 1120 2884 1174 sermoni
2913 1136 3076 1188 puro,
3103 1123 3415 1190 emendato,
3441 1124 3532 1193 qui

1965 1212 2222 1268 vocabula
2260 1225 2447 1279 parum
2473 1209 2687 1273 Latina,
2727 1219 2821 1264 aut
2850 1212 3089 1266 obsoleta
3129 1223 3219 1266 aut
3256 1225 3374 1284 post
3402 1227 3534 1269 asta-

1967 1314 2074 1360 tem
2107 1304 2332 1373 Augusti
2363 1303 2576 1357 deruunt
2603 1302 2656 1356 in
2687 1302 2827 1357 hanc
2849 1302 3084 1373 linguam
3108 1316 3322 1378 recepta
3352 1315 3410 1364 et
3434 1321 3533 1362 usu

1966 1395 2237 1466 probata,
2292 1393 2689 1462 verborumque
2766 1401 3070 1448 structuras
3130 1404 3187 1450 et
3237 1398 3535 1464 sententias

1965 1487 2162 1555 quibus
2203 1485 2390 1554 optimi
2448 1486 2738 1553 scriptores
2787 1493 2933 1537 recte
2973 1484 3286 1549 abstinent,
3356 1487 3568 1564 intcn-.

1969 1575 2172 1629 tissima
2227 1589 2355 1628 cura
2405 1572 2540 1642 fugit
2587 1582 2641 1626 et
2692 1572 2912 1626 devitat.
2954 1571 3080 1640 Ejus
3135 1575 3349 1644 generis
3388 1584 3531 1636 sunt,

1966 1671 2164 1732 praeter
2207 1659 2317 1728 ca,’
2349 1677 2468 1731 qua:
2522 1661 2606 1714 vel
2648 1661 2702 1715 in
2741 1660 3005 1731 glossario
3050 1662 3224 1716 locum
3283 1663 3538 1717 tenebunt

1892 1730 1938 1789 Β
1969 1755 2050 1810 vel
2091 1756 2143 1810 in
2177 1753 2614 1810 annotationibus
2641 1751 2754 1821 jam
2791 1753 3075 1808 deterioris
3103 1762 3243 1808 nota:
3268 1768 3388 1808 esse
3417 1769 3536 1808 mo-

1959 1847 2196 1912 nuimus,
2253 1847 2404 1917 plura
2433 1862 2554 1917 qua:
2587 1845 2832 1916 quamvis
2857 1847 2995 1915 apud
3040 1846 3322 1916 plerosque
3375 1845 3536 1900 medii

1959 1940 2055 1994 aevi
2083 1939 2378 2010 scriptores
2407 1949 2724 2005 occurrant,
2761 1939 2898 1993 infra
2937 1948 3112 1993 tamen
3143 1937 3409 1995 enotanda
3443 1953 3539 2007 pu-

1961 2031 2194 2084 tavimus
2241 2030 2374 2098 (42).
2446 2030 2520 2084 na
2558 2030 2764 2096 etiam,
2822 2038 2881 2084 ut
2936 2031 3038 2085 alia
3109 2040 3423 2099 taceamus,
3483 2031 3538 2084 in

1962 2121 2362 2175 constructione
2427 2121 2744 2174 verborum:
2797 2121 2968 2190 facere
3011 2122 3105 2190 (in
3150 2122 3540 2193 significatione

1963 2210 2230 2266 efficiendi
2266 2226 2386 2266 cum
2448 2210 2732 2272 infinitivo,
2767 2221 2823 2264 nt
2852 2211 2989 2264 idem
3019 2213 3087 2265 sit
3132 2213 3271 2282 quod
3301 2211 3536 2282 jubere),

1955 2301 2142 2370 jubere
2180 2309 2312 2355 utet
2364 2302 2615 2364 suadere,
2652 2300 2796 2368 quod
2851 2301 3008 2354 modo
3050 2300 3259 2354 infinito
3292 2300 3536 2370 junctum

1963 2391 2047 2446 vel
2079 2382 2358 2461 scriptoris
2409 2390 2784 2460 negligentiam
2837 2389 2919 2442 vel
2963 2400 3133 2460 poetae
3185 2392 3536 2445 imitationem

1963 2485 2175 2553 prodit,
2201 2484 2344 2554 leges
2373 2483 2608 2553 purioris
2633 2482 2916 2537 latinitatis
2939 2483 3195 2552 migrasse
3224 2483 3540 2537 existiman-

1966 2577 2066 2632 dus
2116 2585 2219 2631 est.
2272 2575 2383 2630 Nec
2405 2576 2580 2629 minus
2612 2575 2817 2646 ingrata
2837 2584 2922 2630 est
2950 2575 3197 2644 repetitio
3227 2577 3538 2630 earumdem

1965 2671 2256 2726 verborum
2296 2681 2352 2726 et
2395 2671 2755 2734 locutionum,
2805 2685 2831 2723 a
2859 2685 2964 2739 qua
3019 2671 3309 2740 scriptores
3339 2670 3539 2734 Latini,

1966 2762 2034 2817 ad
2081 2769 2378 2830 egestatem
2442 2761 2635 2831 lingua:
2675 2776 2784 2816 suae
2842 2762 3160 2831 tegendam,
3214 2762 3400 2815 sedulo
3435 2761 3539 2815 sibi

1967 2863 2205 2919 cavent,
2257 2869 2376 2922 qum
2425 2853 2476 2906 in
2504 2861 2691 2907 nostro
2715 2861 2822 2905 tam
2863 2850 3114 2920 frequens
3134 2861 3256 2916 est,
3310 2860 3368 2904 ut
3417 2867 3538 2904 cunt

1968 2943 2259 3013 aliquando
2289 2943 2467 3012 inopia
2499 2941 2782 2996 verborum
2807 2941 3098 3002 laborasse,
3129 2941 3362 3011 suspicio
3387 2940 3541 2994 nobis

289 3005 575 3061 Annonem
627 3012 1094 3084 archiepiscopum
1138 3020 1429 3075 commisso
1459 3036 1506 3072 a.
1545 3020 1724 3090 1074),
1773 3035 1864 3076 ve-

291 3096 571 3122 l.-....-...-_
603 3110 653 3122 Α,
681 3120 688 3122 _
815 3114 826 3122 .
984 3110 995 3120 ι
1021 3109 1032 3122 ι
1112 3118 1121 3122 Α
1249 3111 1290 3122 ι.
1548 3113 1562 3122 .
1681 3113 1692 3122 .

1969 3034 2303 3089 suboriatur.
2333 3033 2412 3088 Ex
2440 3047 2633 3103 magno
2653 3032 3058 3096 vocabulorum,
3085 3033 3384 3101 phrasimn,
3416 3047 3540 3085 sen-

290 3096 572 3195 meenler
596 3110 923 3195 ¢°"”“°""“
947 3109 1220 3163 ﬁdem"
1249 3111 1520 3182 Νιιείιιιεηι
1547 3113 1866 3169 Ιιλῐηδθτιιιε
1893 3096 1938 3134 ι’
1970 3126 2284 3191 tentiarum,‘
2315 3124 3537 3195 proverbiornm,troporum,metaphorarum,

289 3188 545 3246 llistorize
571 3194 886 3265 dignitatem
917 3199 1057 3254 laedit
1084 3216 1274 3270 magna
1299 3204 1547 3271 etgravia
1571 3205 1866 3261 minoribus

287 3290 343 3334 et
373 3281 664 3341 levioribus
695 3288 1102 3356 confundenda,
1148 3293 1247 3347 nisi
1275 3295 1397 3363 quis
1433 3311 1556 3350 eum
1591 3312 1713 3350 eum
1742 3296 1866 3349 Phi-

287 3370 434 3442 l'rppo
479 3375 852 3435 Meianchtone
906 3382 1024 3436 ideo
1060 3386 1454 3453 reprehendere
1482 3386 1640 3453 velit,
1677 3405 1694 3432 σ
1725 3387 1867 3455 quod

288 3464 536 3532 qtiredam
597 3468 945 3524 admiscuerit
991 3471 1056 3526 de
1121 3473 1346 3542 privatis
1419 3474 1577 3528 rebus
1651 3474 1867 3544 indigna

288 3564 632 3621 posterorum
658 3562 917 3615 memoria
943 3581 991 3627 ι,
1022 3580 1142 3633 qua:
1172 3572 1350 3619 tamen
1393 3565 1481 3619 hic
1528 3565 1610 3618 vir
1639 3566 1868 3621 eximius

287 3643 409 3698 sine
440 3645 602 3701 dubio
635 3647 686 3701 in
739 3651 908 3718 priori
955 3663 1162 3708 tantum
1210 3654 1331 3709 libri
1383 3665 1565 3724 parte,
1615 3658 1867 3711 nonnulla

288 3735 468 3806 exigui
496 3741 748 3794 momenti
778 3743 1185 3813 connplcctente,
1204 3745 1446 3800 invenire
1475 3747 1575 3800 sibi
1597 3747 1742 3801 visus
1763 3757 1865 3802 est.

363 3827 408 3880 Λ
449 3829 773 3899 scriptorum
799 3834 959 3904 hujus
989 3836 1168 3890 szeculi
1198 3837 1614 3906 superstitione,
1657 3839 1747 3907 qui
1790 3838 1870 3891 fa-

292 3917 452 3974 bulas
488 3922 663 3978 aniles
693 3933 747 3978 ct
776 3927 1006 3979 absurda
1039 3936 1343 3981 commenta
1380 3944 1476 3998 pro
1505 3929 1649 3983 veris
1689 3930 1868 3984 vendi-

291 4015 409 4065 tare
455 4012 667 4081 Solent,
708 4015 796 4071 hic
821 4031 878 4071 se
903 4017 1128 4072 liberum
1164 4025 1218 4074 et
1247 4020 1571 4085 immunem,
1609 4030 1867 4091 quantum

363 4207 474 4278 (39)
503 4208 566 4262 Α.
592 4210 748 4265 ιοδτς.

306 4287 308 4289 ’
363 4277 565 4345 (40)Α.
612 4281 766 4335 1075.

365 4345 498 4419 (41).
538 4349 654 4416 Quo
683 4352 955 4419 pertinent
986 4354 1222 4410 historia!
1253 4371 1268 4409 :
1299 4357 1365 4411 de
1397 4356 1737 4412 multitudine
1768 4359 1870 4412 mi-

1965 3225 2094 3279 etc.,
2138 3230 2258 3285 quae
2289 3216 2571 3268 adamasse
2591 3215 2833 3280 videtur,
2875 3228 3099 3267 numero
3128 3229 3298 3283 pauca
3329 3223 3532 3266 tantum

1968 3305 2107 3360 infra
2138 3304 2402 3358 delibasse
2431 3297 2666 3358 sufficiat
2692 3305 2825 3374 (45).
2891 3304 3090 3358 Eadem
3119 3315 3199 3358 est
3225 3305 3362 3357 ratio
3391 3303 3539 3358 loco-

1970 3412 2118 3460 rum,
2157 3411 2291 3465 quos
2320 3411 2387 3450 ex
2422 3395 2573 3449 libris
2615 3396 2787 3449 sacris
2815 3404 2868 3449 et
2895 3394 3136 3449 classicis
3173 3394 3538 3449 Romanorum

1969 3487 2362 3556 scriptoribus,
2409 3485 2700 3550 Cicerone,
2748 3484 2932 3548 Livio,
2984 3483 3200 3548 Tacito,
3251 3483 3533 3547 Terentio,

1969 3576 2195 3632 Horatio
2223 3617 2237 3642 ,
2287 3575 2480 3632 Ovidio
2518 3575 2638 3631 aliis
2691 3573 2873 3637 affert,
2907 3589 3133 3645 quorum
3173 3574 3314 3629 haud
3353 3575 3540 3644 paucis

1969 3668 2052 3724 bis
2079 3677 2136 3722 et
2175 3668 2372 3736 smpius
2400 3667 2451 3721 in
2479 3667 2638 3722 simili
2671 3683 2728 3721 re
2757 3667 2923 3719 utitur
2946 3665 3080 3735 (1-1).
3134 3666 3213 3718 Ad
3259 3676 3537 3734 poetarum

1969 3759 2282 3814 Latinorum
2333 3758 2573 3813 carmina
2638 3757 3006 3826 cognoscenda
3067 3769 3187 3808 cum
3248 3755 3538 3808 maximum

1970 3853 2263 3910 contulisse
2286 3850 2546 3919 {videatur
2577 3849 2848 3912 studium,
2890 3846 2941 3900 in
2979 3847 3118 3901 haud
3167 3844 3350 3914 paucis
3376 3845 3538 3898 etiam

1970 3945 2086 4015 ejus
2127 3943 2638 4000 commentariorum
2705 3940 2836 3996 locis
2894 3939 3068 3994 oratio
3140 3954 3300 4009 supra
3366 3954 3542 4008 prosae

1971 4036 2371 4108 simplicitatem
2449 4034 2873 4104 teuuitatemque
2931 4031 3166 4100 assurgit
3229 4040 3284 4086 et
3330 4032 3540 4104 poetico

1973 4217 2046 4288 (a.
2077 4215 2257 4288 1075)Σ
2287 4232 2376 4288 vas
2411 4212 2606 4288 diaboli
2634 4213 2707 4281 (a.
2748 4211 2928 4288 1074),
2967 4209 3127 4288 zelus.

2043 4288 2154 4356 (45)
2216 4276 2364 4356 ’ρτιίά
2420 4276 3038 4356 ['rtrtquusestjessel)
3096 4295 3146 4356 tt‘.
3187 4276 3542 4356 10350,

1974 4345 2120 4426 (his),
2138 4345 2289 4426 ’1075
2319 4345 2476 4420 (υἱέ),
2505 4345 2693 4426 tori,
2725 4345 2882 4426 1076'
2907 4345 3161 4426 (quater),
3210 4348 3346 4426 9933
3379 4346 3538 4426 (ing),

296 4403 607 4492 {geniorum
631 4403 1145 4492 circum
1898 4403 1944 4460 ί)
1969 4403 2219 4488 itu-lignis;
2433 4403 2728 4492 retinacula
2751 4403 3540 4492 (nursia.1070,1073,107li,

298 4484 422 4570 11οῌ
447 4491 557 4570 ade
586 4491 764 4570 Attilae
790 4484 970 4563 gladio
997 4495 1147 4560 ibid.,
1196 4496 1548 4570 de_d:emo_ne
1599 4496 1870 4570 seditiosis

295 4554 532 4631 Coloniae
596 4554 1224 4631 incolis'praecnrren'te,
1259 4565 1325 4618 de
1354 4565 1578 4620 muliere
1624 4565 1868 4620 homines

296 4629 521 4703 magicis
544 4629 1088 4703 artihust‘lementare
1114 4635 1368 4688 infamata
1396 4643 1451 4688 et
1477 4634 1543 4689 de
1568 4635 1868 4703 praesagiis,

294 4697 572 4774 {Solonium
595 4701 890 4774 diaboloin
915 4713 1240 4774 potestatem
1273 4704 1528 4758 traditum
1555 4697 1616 4758 iri
1641 4745 1656 4768 ,
1695 4697 1870 4766 signi-4

297 4766 666 4848 iicantibns_a.
698 4771 856 4834 107.1,
880 4766 952 4848 de
981 4775 1186 4848 visione
1210 4775 1490 4848 cujusdam
1501 4766 1706 4848 _c_leric.i
1744 4773 1870 4848 Spi-

296 4839 472 4911 rensis
499 4841 563 4911 de
595 4839 893 4896 linzmanni
917 4845 1148 4911 episcopi
1173 4839 1319 4897 obitu
1350 4859 1400 4896 a.
1431 4843 1600 4908 1075,
1647 4845 1714 4898 de
1746 4839 1869 4896 data

297 4905 514 4961 Satauze
545 4909 600 4981 in
629 4926 847 4964 carnem
883 4905 1119 4966 Aduenis
1147 4923 1412 4981 potestate
1447 4922 1502 4966 et
1522 4905 1595 4968 de
1622 4914 1871 4969 omnibus

297 4986 526 5050 mortem
561 4980 676 5047 ejus
697 4980 1156 5050 portendentibus
1172 4998 1221 5035 a.
1245 4983 1409 5037 1075.

301 5116 332 5126 Π
367 5046 479 5116 (42)
511 5046 812 5126 Aniaricare
842 5051 913 5119 (a.
956 5052 1135 5116 1075),
1186 5053 1438 5113 carnalis,
1469 5054 1526 5107 in
1557 5069 1747 5126 carne,
1777 5069 1873 5125 ι’ωέ

1972 4487 2212 4562 rumpere,
2246 4487 2307 4547 ἀ.
2338 4492 2490 4552 1070,
2533 4491 2696 4556 1072,
2725 4490 2861 4544 1075
2917 4487 3074 4558 (bis),
3125 4487 3290 4548 1073,
3317 4487 3543 4555 abjirere

1971 4581 2022 4618 τι.
2053 4564 2220 4628 1077;
2251 4579 2344 4630 pro
2369 4561 2505 4616 virili
2525 4563 2758 4630 portione
2778 4576 2829 4640 ξι.
2864 4558 3023 4638 1070,
3047 4557 3182 4611 1075
3209 4557 3355 4677 (bis),
3384 4555 3540 4620 1075;

1971 4635 2193 4677 nlmlpnt
2246 4641 2339 4677 nl:
2389 4630 2595 4677 "tacula
2638 4630 2815 4677 multis
2846 4628 3032 4677 seculis
3074 4643 3178 4677 mm
3207 4626 3305 4677 abo
3327 4627 3461 4677 emta
3488 4641 3540 4677 3.

1970 4626 2214 4694 abolere,
2246 4626 2340 4686 ut:
2389 4626 2595 4683 macula
2638 4630 2815 4682 multis
2846 4627 3032 4682 seculis
3074 4643 3178 4680 non
3207 4626 3461 4680 abolenda
3488 4641 3540 4679 a.

1971 4704 2131 4767 1076,
2163 4701 2221 4755 cf
2250 4718 2302 4757 a.
2334 4699 2494 4763 1075,
2546 4699 2720 4753 clades
2766 4701 2841 4764 (a.
2874 4697 3078 4767 1077),
3107 4695 3401 4767 ignominia
3426 4711 3556 4767 An_o_n

1971 4763 2226 4827 abolenda
2256 4788 2306 4826 a.
2341 4771 2496 4834 1075,
2521 4779 2649 4832 ctc.;
2676 4763 2858 4822 sanum
2882 4763 3081 4835 aliquid
3103 4763 3289 4836 sapere,
3307 4780 3356 4817 a.

1973 4843 2130 4908 1074,
2171 4843 2306 4896 1077
2333 4858 2347 4907 ;
2379 4833 2547 4894 incisa
2576 4856 2689 4908 spes
2716 4853 2766 4891 a.
2794 4833 3172 4908 1065,106g'
3196 4835 3352 4908 1070,

1975 4903 2132 4978 1075,
2162 4903 2721 4966 1076.4—V'ocabu'lum
2740 4908 2899 4977 ﬁdem
2919 4922 2970 4961 a.
2997 4905 3154 4970 1075,
3185 4903 3370 4976 paucis
3393 4903 3550 4957 lineis

1972 4992 2166 5055 quater
2203 4981 2495 5055 repetitur._‘
2629 5048 2682 5055 __
2769 5046 2829 5055 Η
3048 5044 3130 5055 Mn
3219 5023 3304 5055 me

2043 5053 2154 5125 (ἐξ)
2333 5068 2396 5106 ex
2445 5050 2564 5126 his:
2619 5046 2850 5126 (Daniel.
2896 5044 3164 5126 ξἰιιιὲὅὶ.
3201 5043 3453 5126 ,Πεγςξιιιξ
3480 5053 3557 5126 est
