4076 5310
541 130 707 212 1643'

1526 159 1869 218 LAMBISRTI
1908 160 2467 217 [IERSFELDENSIS
2504 160 2843 217 ANNALES.

3657 118 3835 218 1044.

540 271 771 340 quodam
795 269 979 327 colore
999 270 1236 328 infucata
1263 281 1384 338 est;
1413 274 1567 343 quod
1593 290 1697 330 non
1727 291 1833 329 uno
1859 277 2107 347 exemplo
2134 284 2181 340 Α
2209 275 2444 345 querela:
2469 275 2644 345 magis
2673 274 3014 330 confirmant.
3064 272 3294 331 Tantum
3337 277 3481 332 enim
3525 278 3709 342 abest,
3754 288 3817 332 ut

541 364 911 420 centirmatur.
982 363 1158 421 Nimia
1210 350 1443 438 denique
1472 368 1625 437 cepia
1651 383 1704 423 et
1752 368 1968 425 ubertas
2023 368 2115 426 ubi

542 453 792 508 brevitati
837 463 893 509 et
939 455 1293 510 concinnitati
1340 458 1672 515 commodior
1711 457 1902 515 fuisset
1941 460 2143 533 locus,

540 546 673 599 vitio
695 546 743 600 ei
763 546 897 602 verti
911 555 1112 617 potest.
1138 546 1284 616 Quas
1309 548 1455 605 leves
1480 550 1738 618 maculas,
1756 552 1975 622 quibus,
1992 570 2115 609 cum

538 633 593 688 in
623 633 900 690 Lamberti
940 634 1078 691 libro
1123 636 1277 708 plura
1316 639 1542 704 niteant,
1574 650 1633 695 ut
1674 641 1724 695 ei
1781 642 1921 698 inter
1939 644 2117 701 (etatis

537 721 733 780 medim
762 726 1051 783 historicos
1094 729 1395 801 principem
1438 746 1576 800 pene
1617 730 1791 787 locum
1821 736 2118 793 concedere

534 829 640 867 non
686 812 1026 879 dubitemus,
1064 833 1168 871 non
1225 833 1551 888 magnopere
1584 818 1926 891 offendimur,
1979 822 2112 893 ipse,

531 906 905 961 «urendatriee
930 923 1093 963 manu
1113 909 1351 974 admota,
1368 908 1522 964 facile
1544 912 1852 983 abstergcre
1870 913 2117 972 etdclcre

531 997 828 1065 patuisset;
869 999 1192 1053 excusanda:
1222 1008 1398 1054 tamen
1432 1009 1553 1055 sunt
1592 1001 1644 1055 in
1684 1002 1929 1068 homine,
1964 996 2139 1073 cujus

529 1101 696 1152 esset,
735 1088 889 1144 libris
929 1089 1121 1152 sacris,
1152 1087 1551 1153 ecclesiasticis,
1588 1091 1850 1163 liturgicis
1878 1080 2137 1165 legendis!

527 1193 751 1233 omnem
786 1177 900 1235 fere
939 1195 1160 1247 operam
1196 1195 1464 1251 omneque
1504 1191 1714 1254 tempus
1753 1186 2082 1255 impendere.

582 1266 815 1336 'Quibus
844 1268 1139 1339 expositis,
1171 1269 1235 1323 de
1278 1284 1334 1323 re
1359 1287 1465 1326 non
1516 1274 1692 1330 minus
1715 1274 1864 1346 gravi
1889 1284 1945 1330 et
1977 1274 2121 1330 difﬁ-

538 1353 830 1415 cultatibus
859 1359 1120 1428 implicita
1155 1364 1503 1431 quaerendum
1538 1375 1652 1419 est:
1703 1380 1769 1420 an
1797 1366 2119 1421 Lambertus

539 1450 854 1505 historicam
894 1451 1053 1507 fidem
1084 1468 1299 1523 semper
1319 1457 1552 1529 servarit
1580 1457 1690 1529 (45)
1717 1457 1741 1511 ?
1805 1458 1973 1526 Quam
2001 1462 2119 1529 qui-

538 1541 659 1621 dem
688 1540 1035 1609 quaestionem
1051 1558 1154 1598 non
1186 1544 1374 1600 melius
1390 1555 1442 1601 et
1459 1529 1757 1616 promptius
1777 1548 2122 1621 solverimus,-

2215 382 2337 436 qum
2381 364 2434 419 in
2479 366 2759 423 monachis
2807 382 2916 422 suae
2953 366 3130 422 aetatis
3177 368 3369 437 suique
3414 368 3627 422 ordinis
3663 368 3819 424 vitu-

2216 455 2451 525 peranda
2479 454 2804 520 observarit,
2834 454 3051 512 silentio
3078 464 3308 526 premat,
3349 466 3443 515 aut
3473 472 3669 513 corn
3690 458 3819 514 cul-

2216 560 2338 613 pam
2372 542 2425 603 in
2456 542 2611 607 alios,
2644 542 2917 614 principes
2951 544 3217 615 inprimis,
3245 560 3473 615 quorum
3506 556 3692 602 tamen
3722 547 3815 601 in-

2209 632 2387 702 jurias
2435 641 2491 687 et
2533 631 2847 689 vexationes
2875 633 3071 703 quibus
3107 634 3254 689 cives
3298 650 3426 689 suos
3473 635 3815 699 adiciebant.

2215 724 2403 779 eadem
2434 723 2729 778 acerbitate
2754 724 3003 796 castigat,
3029 724 3321 783 transferre
3351 727 3499 789 velit,
3529 735 3588 780 ut
3614 738 3817 797 aperte

2218 816 2273 871 in
2302 830 2489 871 eorum
2518 829 2695 873 mores
2737 813 2895 886 plane
2939 816 3248 886 deperditos
3298 817 3588 875 invehatur
3629 819 3818 890 deque

2218 908 2284 962 iis
2307 906 2556 977 querelas
2578 907 2764 978 jactet.
2796 907 2913 962 Ea!
2946 907 3159 976 qualem
3197 909 3374 975 nobis,
3419 909 3541 963 data
3578 911 3648 965 dc
3692 925 3817 964 mo-

2217 999 2408 1054 nachis
2429 997 2513 1056 sui
2561 999 2817 1068 temporis
2850 998 3151 1056 dissemidi
3193 1001 3501 1066 occasione,
3544 999 3814 1056 ambitio—

2219 1091 2325 1157 nis,
2357 1090 2623 1160 superbiae
2656 1100 2711 1146 et
2737 1089 2961 1145 luxuria:
2994 1105 3183 1146 eorum
3218 1091 3507 1162 imaginem
3534 1101 3818 1163 proponat

2218 1183 2284 1238 ad
2314 1198 2441 1237 ann.
2475 1181 2606 1236 1071
2642 1199 2656 1235 :
2689 1180 2756 1236 Et
2793 1197 2968 1236 revera
3012 1198 3115 1236 non
3152 1182 3408 1236 immerito
3444 1183 3711 1239 Dominus
3740 1213 3820 1225 -—-

2219 1290 2323 1327 non
2351 1289 2460 1327 esse
2497 1290 2655 1343 usque
2680 1274 2749 1327 ad
2794 1287 2977 1326 unum.
3013 1270 3121 1328 Nec
3149 1273 3397 1328 monachi
3433 1254 3672 1337 tantum,
3713 1275 3817 1329 sed

2218 1367 2378 1440 etia'un
2414 1365 2605 1426 sutumi
2635 1364 2890 1425 Ecclesiae
2936 1364 3304 1440 magistratus,
3334 1365 3380 1420 si
3423 1363 3567 1420 forte
3593 1380 3815 1422 morum

2216 1459 2410 1532 pudori
2468 1473 2523 1523 et
2553 1464 2677 1516 vitae
2721 1461 2994 1523 sanctitati
3044 1462 3223 1519 mitms
3264 1462 3591 1526 studuerint,
3637 1459 3813 1517 bilem

2220 1556 2270 1609 ei
2299 1564 2354 1608 et
2382 1553 2801 1625 indignationem
2830 1561 3069 1618 movent,
3113 1552 3458 1623 graviterque
3491 1567 3588 1607 eos
3617 1567 3819 1622 repre-

536 1620 699 1704 quam
734 1630 779 1684 si
806 1670 820 1695 ,
859 1630 1202 1687 Lambertum
1232 1650 1356 1707 vera
1383 1635 1563 1691 dicere
1601 1637 1831 1708 primum
1858 1620 2117 1714 potuisse,
2152 1621 2193 1678 Β
2221 1646 2406 1700 hcudit
2433 1620 2754 1716 et‘exagitat
2790 1653 2849 1699 ut
2896 1660 3023 1700 ann.
3072 1620 3240 1709 1664;
3285 1654 3341 1700 et
3367 1620 3443 1699 va.
3496 1644 3639 1699 1070
3678 1620 3822 1701 fier-

536 1726 733 1784 demie
787 1724 1060 1794 voluisse,
1109 1725 1297 1799 paucis
1349 1726 1860 1788 deumllslt‘alﬁznus.
1934 1733 2120 1789 Omnis

537 1805 717 1875 autem
779 1822 854 1877 rei
900 1823 1065 1878 cardo
1119 1823 1171 1876 in
1202 1838 1268 1875 co
1304 1817 1528 1878 venitur
1554 1865 1569 1887 ,
1609 1834 1828 1889 utrum,
1879 1840 1998 1894 qua:
2031 1825 2119 1879 hic

537 1913 771 1991 scriptor
798 1914 866 1968 de
890 1912 1126 1973 lieinrici
1156 1915 1220 1970 lV
1260 1914 1458 1980 indole,
1490 1916 1731 1970 moribus
1762 1924 1816 1970 et
1836 1915 2026 1982 factis,
2052 1917 2117 1972 de

543 2005 717 2059 turbis
764 2018 831 2060 eo
887 2004 1189 2075 imperante
1234 2006 1548 2071 concitatis,
1592 2008 1659 2062 de
1695 2007 2115 2077 calamitatibus,

538 2111 657 2155 qut-.1:
677 2094 1019 2151 Germaniam
1042 2104 1152 2149 tum
1173 2095 1284 2151 fato
1304 2097 1488 2167 iniquo
1511 2096 1837 2167 alﬂixerun",
1853 2101 2116 2166 narravit,

540 2201 665 2242 vera
722 2187 869 2252 sint,
931 2202 1124 2247 necne.
1194 2187 1253 2245 1n
1292 2190 1458 2244 tantis
1499 2186 1813 2248 animorum
1850 2193 2117 2260 motibus,

538 2276 758 2344 quantis
785 2276 1063 2349 Lamberti
1090 2286 1225 2334 mtas
1254 2280 1455 2351 agitata
1484 2291 1599 2346 est,
1644 2283 1761 2339 fieri
1804 2300 1912 2340 non
1946 2285 2120 2355 potuit

536 2368 668 2438 quin
696 2409 725 2445 ,ν
770 2385 931 2438 quam
958 2371 1079 2442 quis
1105 2371 1173 2428 de
1202 2372 1364 2428 rebus
1397 2375 1624 2444 publicis
1653 2388 1971 2446 sequeretur
1998 2394 2120 2433 sen-

541 2462 789 2525 tentiam,
816 2461 869 2519 in
896 2476 1016 2523 eam
1038 2462 1268 2521 lectores
1295 2481 1511 2537 quoque
1536 2468 1751 2524 trahere
1778 2468 1956 2525 vellet.
2012 2469 2120 2526 Sed

539 2553 593 2606 in
630 2555 734 2610 hoc
778 2554 927 2619 viro,
969 2556 1061 2626 qui
1098 2557 1240 2613 inter
1268 2554 1367 2614 has
1393 2570 1741 2628 tempestates
1767 2572 1822 2617 et
1854 2561 2119 2631 procellas

539 2655 751 2699 tantum
798 2645 999 2705 mentis
1019 2662 1166 2703 same
1197 2657 1251 2703 et
1277 2649 1445 2714 animi
1484 2651 1680 2719 quietis
1706 2650 1807 2707 sibi
1835 2668 2122 2708 conserva-

537 2735 652 2821 vit,
694 2745 754 2791 ut
803 2751 990 2800 verum
1033 2753 1063 2801 a
1093 2737 1230 2793 falso
1265 2740 1573 2795 discernere
1612 2751 1831 2811 posset,
1868 2736 1972 2796 tale
1993 2741 2121 2811 quid

539 2843 648 2882 non
680 2839 765 2885 est
791 2829 1113 2885 timendum.
1162 2829 1560 2889 Hersfeldensis
1599 2835 1832 2890 ctenobii
1864 2836 2118 2903 antistes,

538 2919 741 2989 publici
784 2921 999 3014 concilii
1032 2937 1316 3014 nunquam
1370 2941 1477 2981 non
1532 2914 1836 2997 particeps,
1884 2928 2012 2998 quid
2062 2928 2116 2982 in
2146 2951 2194 3014 ο

539 3019 774 3082 utraque
798 3052 813 3078 ,
853 3021 908 3068 et
943 3011 1183 3071 Heinrici
1218 3016 1361 3087 regis
1409 3025 1463 3072 et
1495 3015 1772 3073 Saxonum
1819 3016 2141 3093 Thuringoﬂ

542 3113 798 3171 rumque,
840 3110 995 3171 parte
1024 3114 1341 3173 gereretur,
1368 3122 1471 3161 non
1518 3115 1636 3162 erat
1659 3107 1901 3172 nescius;
1942 3107 2121 3165 comi-

539 3188 621 3258 git
645 3204 776 3247 vero
804 3190 852 3246 ei
889 3192 1053 3247 etiam
1095 3196 1377 3252 utmedius
1404 3196 1551 3255 inter
1573 3196 1721 3251 illum
1744 3197 2042 3268 principem
2067 3185 2137 3254 et,

541 3278 642 3333 hos
672 3279 902 3350 populos
923 3322 940 3348 ,
963 3292 1021 3339 et
1050 3282 1124 3340 illi
1150 3283 1220 3340 ob
1259 3284 1419 3342 ﬁdem
1450 3280 1737 3343 servatam.
1764 3297 1951 3357 gratus
1977 3297 2123 3343 esset

539 3380 596 3427 et
622 3368 919 3441 acceptus,
965 3384 1019 3430 et
1048 3376 1189 3447 apud
1236 3377 1337 3432 hos
1376 3379 1446 3433 ob
1473 3378 1731 3433 eximiam
1755 3378 2121 3446 eloquentiam

544 3472 880 3534 ceterasque
923 3462 1123 3533 ingenii
1168 3466 1442 3536 animique
1471 3466 1758 3524 facultates
1791 3484 1985 3538 magna
2009 3468 2124 3537 pol-

541 3550 680 3606 leret
706 3553 1034 3610 auctoritate
1054 3595 1071 3621 ,
1104 3556 1179 3609 ita
1204 3566 1263 3609 ut
1283 3555 1606 3613 Lambertus
1624 3599 1639 3624 ,
1679 3573 1841 3628 quem
1866 3567 2121 3626 tanquam

546 3642 818 3697 hominem
890 3658 998 3697 non
1029 3644 1187 3700 modo
1238 3655 1542 3716 promptum
1570 3643 1835 3717 ingenio,
1876 3647 1970 3701 sed
2022 3661 2123 3701 usu

542 3732 726 3785 etiam.
754 3733 1112 3788 exercitatum
1142 3728 1176 3801 ,'
1212 3736 1408 3806 smpius
1452 3720 1683 3792 fortasse
1732 3737 2025 3793 intinerum
2070 3745 2125 3793 et

545 3822 887 3891 negotiorum
926 3823 1032 3879 sibi
1084 3825 1408 3903 adiungebat
1467 3830 1749 3897 comitem,
1795 3829 2024 3899 quaehis
2056 3827 2125 3883 de

546 3913 708 3967 rebus
739 3914 1034 3970 traditurus
1061 3918 1294 3987 posteris
1319 3928 1462 3974 esset
1488 3960 1503 3983 ,
1543 3936 1610 3974 ex
1651 3936 1789 3991 puro
1818 3931 1871 3976 et
1904 3920 2124 3990 limpido

545 4002 725 4072 petius
752 4004 902 4059 fonte
926 4020 1086 4075 quam
1115 4020 1183 4061 ex
1211 4008 1438 4063 turbidis
1464 4009 1649 4064 rivulis
1672 4011 1888 4065 haurire
1920 4018 2129 4080 posset.

546 4087 982 4166 Uniuscnjusque
1022 4103 1204 4152 autem
1241 4095 1480 4155 historici
1519 4100 1744 4155 multum
1794 4100 2051 4167 interest,
2079 4102 2122 4155 si

544 4181 808 4252 quando,
854 4182 1002 4239 viros
1029 4224 1044 4249 ,
1098 4200 1329 4255 quorum
1386 4186 1452 4241 ad
1500 4189 1785 4244 arbitrium
1827 4197 2123 4259 nutumque

2222 1749 2478 1788 manuum
2532 1749 2629 1804 per
2686 1733 3054 1789 Simoniacam
3126 1734 3357 1790 [heresin
3432 1734 3824 1804 cpisc0patunt

2219 1824 2670 1893 Bambergcnsem
2701 1824 2982 1890 invasisse,
3015 1833 3071 1880 et
3106 1826 3291 1881 multis
3320 1827 3637 1881 muneribus
3660 1842 3825 1896 papae

2221 1914 2362 1968 datis
2399 1930 2502 1968 non
2530 1913 2702 1968 solum
2746 1914 3122 1984 impunitatem
3164 1916 3429 1979 criminis,
3466 1918 3613 1987 quod
3653 1918 3813 1985 obje-

2220 1994 2367 2058 ctum
2397 2002 2593 2069 fuerat,
2622 2016 2997 2070 consecutmn,
3024 2006 3115 2062 sed
3146 2006 3312 2083 etiam
3338 2007 3559 2076 pallium
3618 2019 3673 2065 et
3703 2010 3817 2064 alia

2220 2097 2462 2168 qtuedam
2497 2097 2990 2168 archiepiscopatus
3017 2098 3247 2169 insignia
3265 2101 3593 2171 percepisse,
3620 2103 3814 2157 animo

2221 2193 2290 2247 ob
2319 2191 2420 2245 hoc
2460 2189 2667 2247 facinus
2693 2191 3038 2249 vehementer
3078 2202 3350 2253 commoto
3388 2194 3573 2247 tradit.
3611 2194 3710 2264 (cf.
3759 2212 3819 2257 ει,

2223 2282 2404 2352 1075).
2436 2283 2726 2353 Postquam
2766 2283 3087 2340 Lambertus
3124 2284 3370 2340 itutbcrti
3399 2285 3821 2349 abbatisllama

2222 2376 2522 2445 bergcnsis,
2549 2376 2639 2447 qui
2670 2376 2748 2449 ad
2783 2375 2961 2432 locum
3011 2376 3649 2453 Mcginwardi,_.abbatis
3696 2379 3817 2432 Au-

2221 2466 2442 2536 gicusis,
2473 2480 2580 2527 non
2636 2480 2737 2535 per
2771 2466 2973 2541 justam
3028 2475 3085 2521 et
3128 2467 3427 2538 legitimam
3477 2466 3816 2523 electionem

2220 2556 2477 2631 sutfectus
2497 2565 2599 2621 est,
2631 2556 2906 2617 sordidam
2956 2558 3119 2613 vitam
3162 2567 3217 2612 et
3244 2574 3407 2628 quam
3438 2558 3707 2623 immensa
3746 2559 3823 2625 ad,

2220 2648 2358 2704 hanc
2384 2647 2702 2719 dignitatem
2747 2647 3137 2717 assequendam
3188 2664 3408 2712 munera
3438 2649 3817 2718 prodegisset,

2218 2735 2558 2806 perstrinxit,
2606 2736 2680 2790 ita
2710 2735 2883 2806 pergit
2921 2734 2996 2808 (a.
3052 2735 3208 2806 1071)
3241 2751 3256 2791 :
3301 2734 3357 2790 Is
3395 2738 3818 2806 pseudo-monu-

2223 2825 2347 2879 citus
2376 2855 2447 2865 -—
2472 2824 2758 2896 prolixiore
2796 2842 2925 2895 opus
2963 2824 3151 2878 habent
3200 2826 3477 2894 tragtrdiu.
3524 2855 3593 2865 —-
3632 2825 3821 2892 Quam

2222 2929 2470 2969 severum
2511 2922 2566 2968 et
2606 2912 2813 2983 justum
2861 2922 2946 2968 est
3000 2914 3119 2984 ejus
3143 2913 3209 2968 de
3248 2912 3521 2979 lleinrico,
3553 2915 3822 2984 episcOpo

2223 3005 2487 3076 Spirensi,
2520 3003 2776 3060 Ecclesia:
2804 3020 2915 3059 sua:
2949 3018 3078 3074 opes
3119 3004 3310 3074 puerili
3363 3005 3583 3060 levitate
3614 3004 3818 3075 dilapi-

2222 3096 2383 3163 dante
2408 3097 2483 3167 (a.
2540 3095 2725 3165 1075),
2759 3104 2814 3150 et
2860 3095 2927 3150 de
2982 3095 3266 3151 abbatibus
3308 3096 3696 3165 monachisque
3744 3096 3817 3149 ad

2223 3204 2486 3259 summam
2535 3185 2822 3242 Fuldensis
2892 3187 3205 3242 monasterii
3263 3187 3580 3257 dignitatem
3631 3187 3823 3255 pretio

2222 3278 2571 3345 mercandum
2617 3275 3016 3339 confluentibus
3043 3277 3117 3347 (a.
3150 3276 3307 3344 1075)
3347 3275 3650 3344 judicium!
3682 3275 3821 3342 Qui:

2222 3370 2322 3425 bus
2359 3368 2619 3437 exemplis
2646 3367 2796 3438 plura
2828 3369 2935 3426 alia
2981 3367 3224 3449 ejusdem
3263 3368 3475 3439 generis
3520 3366 3645 3422 addi
3676 3383 3811 3438 pos-

2223 3471 2361 3520 sent.
2385 3460 2483 3517 Cui
2512 3461 2743 3531 denique
2770 3461 2885 3531 ipse
2922 3461 3235 3524 Ruthardus
3265 3462 3318 3515 in
3349 3458 3593 3514 moribus
3615 3457 3816 3513 remis-

2225 3556 2338 3611 sior
2363 3554 2645 3612 videbatur
2676 3558 2749 3627 (a.
2777 3554 2960 3627 1074),
2992 3555 3085 3626 qui
3118 3554 3434 3617 Aribonem,
3466 3550 3817 3606 nobilissima

2224 3648 2426 3703 familia
2455 3657 2797 3718 prognatum,
2846 3646 3117 3705 Guillelmi
3163 3655 3218 3701 et
3273 3644 3490 3702 Ottonis
3538 3642 3823 3698 marchio—

2224 3753 2354 3791 num
2382 3736 2633 3802 fratrem,
2665 3754 2695 3790 a
2736 3736 2910 3793 servis
2946 3736 3060 3791 suis
3100 3735 3364 3798 occisum,
3410 3753 3429 3785 ι
3466 3731 3663 3788 litteris
3685 3732 3818 3802 qui—

2225 3826 2347 3881 dem
2377 3827 2620 3906 apprime
2647 3828 2916 3883 eruditum
2936 3868 2949 3892 ,
2983 3826 3077 3884 sed
3122 3836 3342 3896 propter
3385 3824 3663 3881 lasciviam
3691 3840 3815 3883 m0~

2226 3936 2452 3990 rumque
2497 3920 2971 3990 intemperantiam
3017 3919 3174 3974 bonis
3220 3918 3472 3973 omnibus
3517 3917 3749 3971 invisum
3790 3934 3813 3968 ι

2227 4014 2301 4083 (a.
2354 4013 2512 4085 1070)
2560 4014 2716 4076 dicit,
2771 4026 2951 4066 nonne
2986 4011 3033 4066 is
3067 4009 3237 4064 solam
3268 4008 3393 4062 vitae
3446 4007 3814 4075 integritatem

2225 4114 2280 4161 et
2305 4105 2580 4169 virtutem,
2622 4102 2767 4159 nulla
2792 4102 3094 4172 dignitatis,
3136 4092 3443 4170 generis'et
3482 4096 3688 4150 ordinis
3716 4094 3816 4149 ha-

2225 4194 2337 4248 bita
2375 4193 2602 4255 ratione,
2646 4192 2703 4251 in
2747 4190 3017 4245 laudando
3051 4188 3257 4259 pariter
3286 4203 3350 4241 ac
3379 4187 3431 4240 in
3461 4184 3818 4254 vituperando

546 4272 728 4326 caeteri
779 4287 839 4327 se
880 4271 1046 4345 figere
1091 4285 1146 4330 et
1201 4290 1524 4347 componere
1574 4278 1778 4344 solent,
1829 4288 2124 4348 praesentes
2155 4285 2201 4345 υ
2227 4294 2501 4353 spectasse
2538 4283 2808 4354 putandus
2848 4280 2977 4336 est?
3005 4310 3078 4321 -—
3114 4278 3225 4334 Nec
3257 4287 3434 4331 tamen
3476 4292 3542 4331 eo
3571 4275 3816 4329 audacia:

548 4364 928 4430 cognoscendi,
959 4381 1146 4422 coram
1174 4383 1238 4422 cx
1272 4368 1338 4423 iis
1366 4369 1617 4424 audiendi
1650 4378 1735 4434 et,
1786 4368 1972 4438 quales
2016 4371 2126 4426 sint

546 4465 737 4513 eorum
764 4469 943 4509 mores
967 4467 1022 4511 et
1042 4456 1252 4527 ingenia
1276 4499 1292 4523 ,
1324 4459 1598 4523 discendi,
1627 4474 1858 4528 quaeque
1879 4459 2047 4514 velint
2069 4468 2127 4515 et

549 4544 772 4612 cupiant
807 4545 1195 4618 investigandi,
1226 4550 1566 4605 occasionem
1589 4550 1689 4604 sibi
1742 4550 1920 4604 datam
1958 4552 2122 4605 videt.

500 4651 505 4655 '
549 4636 680 4716 Quae
706 4640 1077 4707 opportunitas
1101 4653 1288 4698 nostro
1314 4657 1456 4710 smpe
1475 4657 1533 4698 se
1553 4641 1766 4707 obtulit,
1795 4642 2127 4701 ileiurieolV

549 4726 839 4784 identidem
854 4728 1549 4791 llersfeldizecommorante
1561 4742 1618 4786 ut
1639 4747 1781 4790 anno
1800 4731 1953 4795 1066.
1973 4732 2124 4799 1071,

550 4816 1067 4886 1075,107ι1.-5θ‹1
1094 4822 1226 4877 satis
1254 4823 1319 4876 de
1334 4823 1433 4877 hac
1456 4839 1617 4878 causa
1645 4824 1844 4879 dictum
1868 4834 2015 4894 puto,
2041 4840 2130 4880 vc-

550 4910 763 4969 niamus
791 4914 858 4967 ad
881 4911 1514 4982 alterameambertum,
1537 4930 1656 4983 qua:
1679 4925 1953 4984 comperta
1966 4926 2018 4969 et
2035 4930 2131 4970 ex-

548 5002 756 5074 plorata
789 5004 1038 5059 habuerit
1066 5017 1196 5057 vera
1225 5013 1280 5058 et
1316 5004 1551 5069 sincera,
1578 5021 1677 5060 nec
1705 5004 1839 5061 falsa
1866 5017 1922 5061 et
1957 5007 2130 5061 simu-

552 5094 682 5159 lata,
736 5095 969 5164 posteris
1004 5094 1308 5163 reliquisse,
1336 5109 1457 5148 cum
1498 5096 1589 5163 qui
1628 5096 1682 5150 in
1712 5098 1966 5152 omnibus
2014 5099 2132 5167 ejus

552 5183 954 5237 narrationibus
995 5182 1136 5235 inest
1168 5181 1433 5249 genuinus
1483 5183 1601 5238 sine
1641 5183 1749 5238 ullo
1797 5184 1921 5240 fuco
1958 5186 2129 5253 color,

801 5286 910 5310 Inm
944 5272 1125 5310 Iihnwp
1150 5272 1266 5310 nine

553 5273 739 5310 Ill'n‘b'll
801 5286 910 5310 Inm
944 5273 1125 5310 Iihnwn
1150 5273 1266 5310 nine
1294 5280 1345 5310 nl
1376 5287 1566 5310 nravnc
1605 5274 1672 5310 11η
1713 5277 2000 5310 οηννιιηῑῖο’
2026 5276 2133 5310 nln-

2226 4388 2542 4444 progressus
2585 4383 2669 4427 est
2697 4372 3039 4435 Lambcrtus,
3081 4380 3140 4424 ut
3195 4371 3261 4424 de
3307 4367 3466 4422 rebus
3497 4366 3818 4422 ntonasticis

2227 4464 2385 4517 aliam
2416 4463 2594 4531 plane,
2638 4479 2801 4531 quam
2831 4462 2914 4516 sui
2959 4460 3142 4517 sreculi
3189 4460 3455 4521 homines,
3488 4456 3815 4512 sententiam

2227 4563 2564 4623 sequeretur,
2599 4552 2909 4623 Meginltero
2938 4551 3096 4617 duce,
3131 4549 3263 4603 nihil
3288 4548 3387 4602 nisi
3416 4546 3560 4616 quod
3586 4546 3815 4599 nimium

2228 4653 2393 4707 esset,
2431 4652 2542 4697 tum
2570 4642 2623 4697 in
2655 4642 2983 4711 petulantia,
3029 4650 3140 4707 tum
3183 4642 3237 4694 in
3269 4637 3565 4708 disciplina:
3611 4637 3818 4689 severi-

2230 4744 2361 4799 tatc,
2401 4745 2703 4789 aversatus.

2301 4826 2675 4893 Suspicionem
2702 4824 2865 4879 etiam
2908 4822 3075 4877 animi
3121 4819 3488 4875 llildcbrando
3532 4817 3650 4872 sive
3679 4814 3820 4871 Cere-

2230 4915 2382 4987 gorio
2414 4913 2499 4968 VII
2526 4912 2767 4983 pontifici
2796 4921 3009 4975 tantum
3038 4908 3222 4972 dediti,
3263 4919 3528 4978 quantum
3555 4904 3625 4960 ab
3649 4902 3814 4960 Hein-

2232 5004 2343 5056 rico
2372 4999 2438 5054 IV
2487 5015 2611 5070 rege
2646 5000 2831 5067 alieni,
2876 4995 3197 5068 quihusdam
3247 4996 3415 5050 movit
3467 4992 3812 5048 Lambertus.

2232 5090 2366 5146 Nam
2398 5091 2549 5145 illum
2582 5104 2688 5144 non
2733 5088 2892 5143 modo
2924 5088 3174 5142 laudibus
3222 5085 3463 5142 cumulat
3508 5086 3583 5152 (a.
3627 5083 3810 5151 1075),

2233 5182 2330 5238 sed
2371 5181 2536 5236 etiam
2586 5179 2885 5233 calumnias
2924 5185 2980 5233 et
3027 5178 3296 5242 convicia,
3349 5174 3548 5245 quibus
3603 5173 3814 5227 inimici

2232 5266 2793 5310 ηιιηὶίινηςρῖιιιιιὶιιιηιι
2860 5281 2966 5310 lum
3005 5266 3189 5310 sminln
3234 5265 3473 5310 refutare
3517 5264 3721 5310 ﬁllldﬂl-
3755 5272 3815 5310 ιη.
