4076 5310
306 289 445 350 1οη

1730 282 2098 346 νεοαεω.

3410 286 3553 344 4οη

226 440 231 441 ν
302 421 537 463 scamus.
581 400 674 459 Sic
704 411 920 458 narrata
964 400 1235 476 pontiﬁcis
1266 416 1389 458 cum
1431 400 1685 455 Matliilde
1730 414 1874 453 mar-
1904 403 1953 460 Α
1985 414 2101 453 rum
2140 398 2475 455 exactionem
2500 406 2555 453 et
2583 395 2811 467 injurias
2850 394 3236 453 Saxonibuset
3260 396 3555 469 Thurlngis

302 498 578 557 cliionissa
632 496 1024 552 consuetudine
1071 505 1123 549 et
1172 494 1443 556 convictu,
1486 501 1741 561 quautam
1774 490 1880 543 eri-

303 588 543 643 minandi
576 586 857 642 materiam
906 584 1195 655 praebuerit
1238 584 1340 638 ista
1372 580 1733 642 familiaritas,
1773 594 1878 633 non

301 680 543 749 pneterit
572 680 787 748 quidem
814 718 830 745 ,
882 686 939 732 at
977 677 1160 732 statim
1192 686 1370 730 tamen
1402 672 1549 728 addit
1573 672 1644 743 (a.
1680 669 1877 738 1077):

302 769 410 824 Sed
444 769 585 838 apud
615 785 789 822 omnes
815 785 1003 839 sanum
1034 767 1232 837 aliquid
1260 766 1515 835 sapientes
1541 763 1656 816 lace
1684 762 1879 815 clarius

300 858 597 923 constabat,
624 857 766 927 falsa
804 873 916 912 esse
958 872 1074 927 qua:
1112 854 1439 908 dicebautur.
1482 851 1622 905 Nam
1656 861 1703 904 et
1732 866 1876 919 papa

299 978 371 988 —
395 948 524 1001 satis
572 964 690 1001 eum
733 958 917 1001 contra
954 955 1229 1000 venenatas
1264 947 1624 997 ’detrnclorum
1673 941 1880 1010 linguas

298 1037 740 1092 communiebant.
782 1036 983 1091 Eodem
1014 1035 1191 1099 modo,
1223 1047 1451 1102 quorum
1487 1030 1880 1085 liildehrandtts

301 1130 355 1183 in
396 1130 601 1199 synodo
630 1126 1015 1183 Wurmatiensi
1045 1135 1332 1181 accusatus
1361 1132 1466 1183 est.
1497 1124 1688 1178 delicta
1717 1138 1880 1178 excu-

298 1236 425 1275 sare
456 1235 750 1291 eorumque
786 1218 1074 1274 criminum
1114 1217 1221 1271 vim
1265 1226 1319 1272 et
1343 1215 1552 1286 pondus
1591 1212 1880 1283 infringere

297 1329 363 1368 ac
391 1311 572 1366 levare
623 1311 823 1375 studet,
858 1319 1007 1364 utea
1052 1308 1235 1364 omnia
1282 1309 1349 1361 ab
1403 1305 1624 1376 Hugone
1654 1304 1873 1368 Blanco,

298 1400 516 1461 homine
575 1397 916 1454 fraudulento
970 1406 1025 1453 et
1051 1398 1130 1453 ira
1182 1398 1236 1451 in
1285 1410 1478 1466 papam
1524 1392 1877 1458 inflammato,

296 1491 600 1562 excogitata
637 1504 761 1545 esse
811 1488 975 1545 dicat.
1024 1489 1266 1559 Denique
1312 1488 1595 1553 tumultus,
1627 1488 1735 1541 vita
1776 1503 1878 1542 cte-

297 1583 405 1637 lihe
455 1597 612 1637 sacro
656 1581 832 1638 ordini
870 1582 1131 1651 imperata
1162 1580 1387 1650 passim,
1440 1578 1698 1633 Erfordia:
1742 1593 1879 1647 pim-

294 1675 450 1744 cipue
480 1683 651 1738 ortos,
680 1672 753 1727 ita
798 1671 985 1737 refert,
1030 1681 1089 1726 ut
1131 1671 1401 1741 pontificis
1445 1670 1661 1725 decreta
1708 1669 1879 1739 magis

294 1765 528 1836 probare
568 1780 728 1835 quam
767 1763 1074 1833 improbare
1117 1761 1385 1815 videatur.
1423 1757 1520 1814 liis
1547 1759 1711 1830 igitur
1734 1757 1880 1813 aliis-

294 1872 401 1926 que
452 1857 635 1912 causis
688 1855 1038 1910 Lambertum
1088 1852 1353 1922 Gregorio
1404 1850 1672 1906 faventem
1713 1860 1767 1905 et
1810 1852 1880 1905 ab

294 1948 412 2018 ejus
457 1949 702 2017 partibus
749 1955 984 2003 stantem
1037 1946 1299 2001 videmus.
1358 1944 1464 2000 Sed
1526 1959 1732 2014 quaeso,
1788 1943 1879 2013 qni

296 2040 413 2095 fieri
461 2048 691 2109 poterat,
738 2047 797 2094 ut
851 2038 1105 2107 scriptor,
1144 2036 1386 2091 locorum
1438 2034 1723 2090 intervallo
1773 2035 1883 2090 dis-

285 2128 528 2198 jnnctus,
557 2131 622 2184 de
653 2129 791 2194 viro,
817 2128 909 2197 qui
938 2142 1044 2181 non
1074 2126 1247 2182 solum
1277 2124 1425 2196 vulgi
1471 2125 1723 2196 opinione
1754 2139 1879 2196 gra-

1981 508 2011 545 a
2051 506 2175 560 rege
2206 489 2382 545 illatas
2432 499 2594 559 atque
2651 488 2948 558 improbam
2999 502 3186 542 eorum
3232 488 3554 545 clericorum

1984 582 2167 645 vitam,
2202 581 2293 650 qui
2336 581 2402 634 ad
2443 579 2709 635 honorum
2756 578 2957 648 gradus
3001 592 3105 631 non
3155 577 3241 631 via
3271 577 3553 642 virtutum,

1982 672 2076 727 sed
2103 686 2200 742 per
2223 669 2539 725 ambitionis
2568 677 2899 739 praeruptum
2926 676 2982 724 et
2996 667 3135 722 male
3158 675 3436 737 partarum
3462 682 3557 738 pe-

1980 764 2260 821 cuniarum
2283 759 2647 831 profusionem
2676 761 3027 816 immerentes
3063 760 3443 825 ascenderant,
3471 759 3559 813 in-

1980 867 2221 914 sectatur
2249 864 2304 912 et
2337 855 2583 925 corripit.
2625 855 2757 923 Qua:
2798 870 2923 910 cum
2966 856 3039 910 ita
3070 869 3129 911 se
3169 854 3423 922 habeant,
3452 871 3558 910 non

1981 952 2177 1006 mirum
2207 957 2289 1005 est
2336 946 2681 1002 Lambertum
2717 948 2896 1016 potius
2936 947 3245 1017 pontificem
3279 962 3441 1017 quam
3474 961 3562 1002 re-

1981 1059 2099 1113 gem
2148 1056 2271 1097 cum
2318 1038 2545 1095 asseclis
2594 1039 2836 1094 insontes
2886 1038 3022 1091 adeo
3074 1052 3175 1093 nec
3226 1035 3562 1108 refragantes

1982 1132 2246 1202 iujuriose
2302 1140 2357 1188 et
2408 1128 2699 1185 crudeliter
2752 1134 3098 1194 tractantem,
3152 1143 3274 1199 quae
3320 1127 3562 1184 facinora

1980 1224 2221 1296 quotidie
2261 1232 2316 1277 et
2342 1222 2553 1276 videret
2607 1229 2663 1276 et
2719 1219 2951 1285 audiret,
3006 1219 3193 1275 favore
3235 1235 3360 1277 esse
3414 1233 3564 1275 cont-

1980 1317 2216 1388 plexum.
2263 1315 2323 1370 In
2364 1313 2601 1370 Heinrici
2647 1312 2865 1383 quidem
2896 1311 3021 1367 Vita
3065 1312 3170 1368 duo
3207 1311 3563 1369 discernenda

1979 1415 2103 1464 sunt
2134 1415 2399 1477 tempora,
2426 1419 2594 1460 unum
2642 1419 2751 1475 quo
2777 1418 2875 1458 rex
2913 1402 3128 1474 juvenis
3175 1418 3273 1473 per
3307 1402 3561 1473 paedago-

1979 1514 2077 1570 gos
2103 1509 2157 1551 et
2196 1496 2444 1567 pessimae
2472 1508 2614 1551 nota:
2652 1494 2946 1550 familiares
2974 1492 3404 1564 corruptelarum
3443 1491 3564 1548 ille-

1979 1589 2159 1644 cebris
2204 1586 2467 1653 irretitus,
2512 1584 2768 1655 potentia:
2793 1583 2935 1651 lines
2960 1582 3121 1653 paulo
3164 1580 3375 1652 longius
3398 1596 3562 1652 quam

1981 1678 2173 1751 patria:
2241 1677 2390 1733 salus
2454 1677 2816 1748 permitteret,
2879 1672 3125 1743 proferre
3178 1682 3404 1730 conatus
3445 1682 3562 1740 est;

1981 1772 2237 1834 alterum.
2275 1785 2403 1825 cum
2423 1768 2567 1823 mala
2591 1767 2781 1831 subiit,
2824 1781 2951 1838 rege
2989 1764 3384 1836 potentissimo,
3411 1777 3444 1818 a
3467 1778 3565 1835 pa-

1984 1872 2064 1916 tre
2123 1874 2356 1931 avoque,
2402 1858 2554 1914 Viris
2612 1857 2931 1915 clarissimis
2980 1865 3037 1914 et
3088 1856 3292 1926 optime
3351 1854 3566 1910 meritis

1980 1950 2376 2015 commendato,
2419 1947 2814 2019 indignissima,
2864 1963 2985 2017 qua:
3032 1960 3302 2003 summam
3334 1944 3566 2000 misera-

1983 2043 2185 2099 tionem
2213 2055 2555 2097 commovere
2581 2039 2806 2106 debent;
2830 2039 2986 2109 cujus
3018 2054 3181 2095 sensu
3203 2036 3372 2093 etiam
3396 2035 3566 2092 Lam-

1981 2133 2166 2189 hertus
2221 2130 2438 2186 difﬁcile
2461 2139 2517 2186 et
2553 2128 2920 2201 periculosum
2962 2130 3018 2184 in
3047 2128 3257 2184 Italiam
3284 2127 3389 2183 iter
3416 2126 3564 2183 cala-

292 2222 567 2287 vissinius,
595 2220 987 2276 disertissimus
1009 2228 1065 2274 et
1093 2219 1342 2276 maxima:
1369 2219 1711 2275 auctoritatis
1739 2228 1884 2274 esset
1983 2228 2311 2296 natalesque
2346 2226 2543 2296 quibus
2592 2223 2649 2278 in
2696 2237 2763 2291 eo
2813 2221 3080 2277 laboravit
3124 2220 3460 2284 describens,
3506 2233 3568 2274 se

294 2310 535 2374 habitus,
563 2311 655 2365 sed
686 2308 1097 2379 intelligentium
1121 2324 1336 2379 quoque
1367 2309 1646 2364 hominum
1672 2307 1880 2375 judicio

293 2392 732 2469 probatissimus,
790 2399 949 2457 aliter
998 2400 1223 2455 sentiret
1277 2408 1333 2454 et
1394 2399 1741 2469 loqueretur?
1797 2399 1917 2465 Ad,

294 2490 559 2543 virtutum
606 2490 745 2560 ejus,
779 2506 1030 2545 verarum
1072 2500 1126 2543 et
1154 2490 1426 2553 fictarnm,
1468 2489 1879 2543 admirationem

294 2579 589 2635 accessisse
644 2581 784 2651 apud
848 2581 1195 2636 Lambertum
1247 2579 1473 2653 legimus
1525 2580 1664 2652 grati
1714 2581 1880 2636 animi

292 2686 543 2737 sensum,
575 2686 736 2742 quem
777 2671 1162 2736 llildebrando,
1191 2672 1337 2726 velut
1363 2672 1632 2727 acerrimo
1662 2672 1877 2727 liberta-

293 2763 364 2817 tis
391 2760 695 2820 Germania:
750 2763 974 2830 vindici,
1013 2763 1198 2818 deberi
1240 2777 1433 2818 omnes
1459 2762 1545 2816 vel
1571 2763 1712 2833 regis
1744 2761 1880 2817 levi-

1984 2328 2188 2374 tactum
2238 2331 2358 2372 esse
2401 2315 2706 2385 profitetur.
2774 2313 2851 2369 De
2912 2311 3002 2367 illa
3056 2312 3180 2367 vita:
3222 2318 3377 2381 parte
3428 2308 3568 2365 scri-

1982 2417 2106 2481 ptor
2149 2409 2272 2463 lene
2313 2406 2575 2477 judicium
2616 2403 2746 2469 fert,
2786 2402 3014 2474 juvenili
3060 2401 3244 2472 potius
3297 2396 3567 2469 superbia:

1982 2514 2143 2571 quam
2177 2500 2487 2555 inveteratae
2550 2494 2692 2551 male
2759 2493 2993 2548 faciendi
3039 2487 3416 2549 consuetudini
3480 2486 3571 2542 in-

1978 2589 2183 2659 justam
2261 2585 2537 2641 Saxonum
2622 2582 3032 2653 oppressionem
3123 2578 3570 2650 perniciosasquo

1983 2678 2178 2749 quibus
2207 2677 2472 2748 ﬂagrabat
2503 2676 2757 2731 libidines
2802 2676 3070 2736 tribuens,
3114 2681 3173 2727 et
3207 2671 3288 2726 sic
3316 2683 3441 2725 eum
3468 2681 3570 2724 ex-

1981 2785 2180 2826 cusans
2230 2768 2386 2839 (£7):
2442 2764 2581 2837 Rege
2624 2765 2693 2820 ad
2750 2764 2951 2829 omnia,
2983 2777 3102 2833 qua
3131 2760 3314 2831 jussus
3362 2757 3567 2828 fuisset.

295 2863 405 2908 tate
434 2852 644 2919 offensi,
673 2853 754 2910 vel
799 2856 916 2925 ejus
961 2856 1213 2925 superbia
1242 2853 1354 2908 laesi
1391 2868 1501 2921 pne
1545 2870 1605 2908 se
1636 2853 1883 2909 ferebant
1981 2859 2172 2932 puerili
2215 2858 2421 2914 levitate
2461 2865 2746 2919 annuente,
2807 2863 2918 2909 tum
2957 2866 3140 2922 regem
3189 2868 3209 2901 ι
3251 2845 3568 2919 juveniliter

292 2962 359 3001 ac
384 2948 796 3017 profitebantur.
834 2945 1024 3001 Utrum
1049 2943 1195 3013 jure,
1220 2961 1290 3000 an
1329 2944 1560 3015 injuria?
1597 2946 1708 3001 Hoc
1737 2946 1880 3015 diju-

1985 2950 2407 3007 tumultuantem
2439 2967 2458 3000 ι
2491 2944 2791 3017 appellans.
2821 2943 3131 2998 Saxonibus
3158 2954 3288 2996 vero
3329 2947 3386 2995 et
3414 2935 3566 2993 Thu-

293 3038 475 3093 dicare
502 3038 591 3093 vix
620 3037 770 3093 licuit
801 3038 1115 3104 Lamberto,
1154 3040 1245 3109 qui
1288 3048 1400 3095 tum
1433 3040 1666 3110 superbe
1689 3055 1718 3094 a
1750 3054 1877 3110 rege
1905 3067 1952 3130 ο
1983 3043 2153 3114 ringis
2180 3040 2246 3096 ad
2276 3038 2569 3094 maximam
2599 3035 2894 3107 perniciem
2922 3034 2991 3089 ab
3038 3048 3104 3090 eo
3139 3032 3256 3103 jam
3303 3028 3561 3094 redactis,

294 3131 436 3186 facta
462 3139 517 3186 i-t
548 3131 766 3203 indigne
796 3132 864 3187 ab
896 3132 1013 3203 ejus
1041 3132 1307 3187 ministris
1335 3132 1421 3187 vel
1462 3133 1655 3187 amicis
1686 3147 1878 3203 perpe-

295 3230 454 3285 trata,
485 3220 732 3290 malaque
753 3236 819 3274 ex
838 3236 1121 3275 munerum
1146 3237 1427 3277 sacrorum
1456 3222 1875 3288 nundinatione,

295 3321 551 3381 tanquam
588 3326 656 3366 ex
698 3312 922 3381 perenni
971 3310 1140 3378 fonte,
1190 3312 1466 3367 manantia
1507 3312 1640 3367 vidit
1689 3326 1747 3366 et
1785 3327 1878 3383 ge.

293 3402 450 3467 muit,
491 3412 601 3455 tum
634 3403 869 3456 remedia
902 3403 988 3458 his
1018 3403 1241 3469 morbis,
1272 3403 1362 3472 qui
1394 3412 1563 3457 totum
1590 3402 1877 3471 utriusque

294 3490 600 3561 reipublicae
638 3506 836 3562 corpus
865 3503 1026 3549 antea
1063 3508 1252 3548 sanum
1298 3501 1355 3547 et
1378 3492 1563 3548 valens
1603 3492 1873 3562 pestilenti

293 3595 502 3635 veneno
539 3581 865 3649 infecerant,
910 3583 1166 3638 sanandis
1203 3584 1501 3655 proposita,
1532 3582 1793 3639 salutaria
1820 3593 1876 3640 et

292 3672 581 3741 praesentia
607 3672 780 3727 duxit.

304 3766 309 3771 “
365 3763 471 3818 Sed
499 3780 562 3819 ea
598 3780 813 3836 quoque
844 3766 999 3838 culpa
1042 3766 1365 3823 Lambertus
1400 3775 1577 3833 vacat,
1625 3784 1787 3839 quam
1818 3769 1871 3824 in

291 3867 418 3908 eum
459 3854 619 3925 vulgo
669 3868 983 3922 ceuserunt,
1022 3850 1166 3927 quod
1219 3859 1271 3912 in
1313 3859 1667 3914 describenda
1710 3858 1873 3914 ficiu-

294 3943 393 3999 rici
427 3943 515 4010 IV,
543 3944 650 3999 vita
695 3955 751 4002 et
796 3948 1037 4002 moribus
1092 3949 1306 4004 veritati
1339 3949 1477 4004 male
1518 3949 1869 4016 consulerint,

292 4048 436 4107 quae,
466 4036 714 4092 instituta
744 4053 865 4092 cum
897 4038 1017 4094 aliis
1045 4054 1224 4095 rerum
1251 4041 1699 4096 Germanicarum
1722 4041 1871 4110 ejus-

294 4127 418 4182 dem
460 4130 638 4184 astatis
664 4130 1019 4198 scriptoribus
1045 4132 1468 4201 comparatione,
1502 4131 1661 4188 facile
1698 4134 1764 4188 ab
1804 4148 1871 4189 eo

292 4220 559 4276 removeri
607 4228 801 4289 potest.
837 4219 1024 4277 Nullus
1068 4223 1210 4278 enim
1254 4223 1369 4278 fere
1414 4225 1859 4296 horumscripto-

294 4327 415 4368 mm
429 4313 545 4386 (46)
561 4315 848 4384 reperitur,
866 4316 955 4386 qui
978 4317 1046 4370 ab
1058 4316 1205 4371 omni
1226 4316 1459 4387 partium
1484 4318 1662 4373 studio
1675 4318 1870 4373 immu-

1984 3144 2279 3199 rerumque
2325 3126 2668 3198 publicarum
2709 3124 3025 3203 conditione
3077 3123 3301 3178 omnino
3349 3128 3569 3193 pertur-

1979 3222 2127 3288 bata,
2179 3220 2644 3291 prudentibusque
2697 3217 3005 3287 principum
3046 3213 3288 3271 consiliis
3338 3226 3568 3286 prorsus

1980 3312 2181 3382 spretis
2226 3318 2281 3365 et
2324 3308 2606 3379 neglectis,
2655 3308 2900 3362 severius
2945 3321 3070 3360 cum
3101 3320 3165 3360 eo
3193 3304 3329 3376 agit.
3357 3312 3418 3358 ut
3455 3319 3566 3357 non

1979 3404 2141 3457 modo
2172 3407 2287 3456 haec
2337 3399 2449 3471 (48)
2477 3416 2490 3451 :
2545 3398 2728 3468 Neque
2763 3397 2901 3452 enim
2950 3397 3180 3451 lascivia
3214 3395 3350 3466 regis
3389 3423 3463 3436 —-
3487 3393 3567 3449 vel

1978 3492 2075 3548 levi
2099 3492 2254 3547 verba
2300 3491 2519 3545 auderet
2559 3489 2894 3560 redarguere,
2943 3491 3037 3543 sed
3066 3489 3231 3543 etiam
3261 3486 3430 3541 multa
3457 3486 3562 3541 alia

1977 3586 2032 3642 in
2073 3584 2218 3657 regis
2248 3582 2601 3655 ignominiam
2646 3582 2814 3647 dicta,
2852 3582 2906 3637 in
2940 3582 3027 3637 his
3067 3565 3371 3636 Annalibus
3419 3580 3564 3652 lega-

1976 3692 2131 3743 mus;
2159 3692 2307 3742 cum,
2335 3676 2381 3730 si
2406 3673 2636 3729 alterum
2679 3673 2840 3729 simul
2870 3684 3084 3743 tempus
3107 3673 3384 3728 narrando
3414 3687 3567 3728 com-

1975 3768 2141 3840 plecti
2188 3767 2452 3831 licuisset,
2498 3763 2724 3820 meliora
2754 3764 2822 3821 de
2857 3778 2924 3821 eo
2952 3763 3169 3819 dicendi
3202 3762 3387 3819 oblata
3417 3770 3565 3820 esset

1974 3859 2223 3915 facultas.

1972 3938 1977 3941 ’
2044 3949 2250 4016 Quibus
2291 3948 2543 4004 omnibus
2586 3946 2912 4004 examinatis
2935 3954 2990 4002 et
3028 3943 3382 4017 pendentis,
3412 3943 3562 4000 haud

1975 4040 2132 4094 inviti
2191 4038 2485 4110 largiemur
2549 4038 2931 4103 Lambertum,
2989 4037 3118 4092 licet
3172 4036 3242 4091 ab
3284 4034 3563 4093 erroribus

1970 4124 2206 4201 quorum
2268 4130 2553 4185 nonnullos
2607 4130 2662 4185 in
2714 4130 3150 4191 annotationibus
3204 4127 3559 4193 ostendimus,

1975 4237 2082 4276 non
2118 4236 2339 4290 prorsus
2368 4220 2619 4285 liberum,
2654 4220 3253 4291 plenam,perspicuam
3294 4228 3351 4278 et
3394 4232 3561 4273 accu~

1977 4322 2149 4366 ratam
2188 4327 2367 4366 rerum
2398 4327 2494 4365 sua
2524 4319 2686 4365 aetate
2734 4324 2865 4364 vere
2891 4317 3167 4379 gestarum
3190 4307 3559 4363 narrationem

293 4402 401 4470 nis,
431 4406 809 4459 conturbatum
834 4404 1059 4460 dissidio
1091 4406 1232 4460 inter
1256 4407 1565 4475 poatificem
1611 4416 1667 4462 et
1698 4409 1868 4477 impe-
1897 4403 1947 4461 D
1976 4402 2276 4472 posteritati
2307 4401 2607 4469 reliquisse.
2635 4407 2709 4467 ει,
2741 4414 2993 4455 ωηιηθο
3019 4414 3328 4465 causam!!!»
3363 4400 3561 4470 quibus

295 4504 528 4552 ratorem
556 4496 869 4566 reipublicae
913 4506 1112 4553 statum
1156 4507 1261 4552 tam
1293 4499 1587 4568 prudenter
1614 4509 1669 4554 et
1689 4502 1872 4569 quiete

291 4586 625 4656 exposuerit,
651 4602 815 4657 quam
844 4586 1189 4643 Lambertus.
1216 4586 1381 4658 Cujus
1404 4590 1505 4643 etsi
1531 4599 1869 4645 commenta-

295 4675 361 4732 rii
399 4676 533 4731 satis
563 4675 865 4733 luculenter
904 4679 1119 4741 docent,
1164 4692 1288 4733 eum
1328 4678 1489 4734 fidem
1534 4695 1684 4749 papa:
1723 4680 1872 4736 debi-

295 4776 403 4821 tam
431 4766 653 4823 omuiuo
681 4783 899 4823 servare
930 4766 1161 4823 voluisse
1196 4778 1252 4822 et
1279 4768 1395 4838 ejus
1436 4768 1587 4838 signa
1625 4770 1873 4825 deserere

292 4857 445 4913 nefas
472 4858 709 4923 duxisse,
741 4875 849 4914 non
879 4860 1078 4930 ubique
1107 4868 1281 4916 tamen
1323 4861 1392 4917 ab
1420 4875 1487 4916 eo
1518 4862 1657 4916 facta
1690 4862 1874 4916 defen-

292 4951 392 5007 dit.
420 4952 537 5020 Quo
572 4951 672 5007 fuit
707 4955 901 5024 probo,
930 4955 1229 5011 honestatis
1257 4966 1475 5012 amante
1501 4966 1558 5012 et
1586 4973 1615 5011 a
1650 4956 1872 5029 flagitiis

287 5042 699 5113 sceleribusque
754 5046 1081 5101 abhorrente
1128 5046 1327 5113 animo,
1380 5063 1605 5117 prorsus
1660 5065 1868 5115 omnes,

285 5137 381 5207 qui
427 5135 571 5207 leges
630 5144 685 5192 et
733 5136 958 5191 aliorum
1010 5136 1132 5205 jura
1180 5140 1473 5202 violarunt,
1523 5141 1635 5194 sive
1687 5141 1869 5197 clerici

1978 4509 2205 4564 quaeque
2233 4502 2350 4563 acta
2382 4504 2533 4558 sunt,
2564 4506 2739 4561 neque
2769 4505 2958 4547 eorum
2988 4505 3110 4561 qua:
3155 4505 3278 4545 cum
3314 4491 3382 4546 iis
3424 4507 3559 4547 con-

1970 4584 2157 4654 juncta
2182 4594 2482 4640 evenerunt
2507 4583 2919 4655 explicationem
2943 4583 3561 4655 negligat,pragmatica

1976 4676 2323 4746 ejusdemque
2345 4690 2485 4731 vera:
2523 4675 2766 4731 historia:
2792 4675 3067 4741 exstitisse
3099 4664 3410 4732 auctorem.
3437 4676 3561 4744 Quo

1976 4770 2179 4823 factum
2205 4779 2291 4824 est
2317 4777 2374 4821 ut
2393 4767 2637 4842 plerique
2666 4767 2907 4841 historia:
2922 4766 3313 4825 Germanorum
3337 4767 3561 4839 scripto-

1978 4876 2085 4925 res,
2123 4861 2215 4932 qui
2260 4860 2479 4929 quidem
2533 4860 2708 4915 fontes
2764 4859 2909 4929 ipsos
2948 4860 3100 4915 adire
3137 4868 3559 4925 consueverunt,

1972 4952 2099 5007 eum
2132 4951 2373 5008 maximi'
2396 4951 2804 5015 :estimaverint,
2833 4951 3058 5022 ejusque
3087 4951 3143 5005 in
3172 4948 3411 5005 Heinrici
3439 4949 3567 5006 Vita

1975 5044 2321 5109 auctoritate,
2354 5053 2609 5112 tauquam
2635 5040 2870 5097 hominis
2904 5038 3331 5109 eloquentissimi
3357 5037 3570 5106 pariter

1970 5130 2037 5194 ac
2060 5134 2383 5211 gravissimi,
2407 5134 2518 5191 fere
2540 5134 2654 5189 sola
2682 5134 2925 5189 nitantur
2943 5142 2998 5187 et
3024 5131 3076 5183 in
3103 5147 3167 5185 ea
3190 5126 3577 5197 acquiescant.
