4076 5310
369 132 505 197 1061

1550 128 1888 191 AMANS.
1928 169 1998 179 -
2036 134 2151 193 ΑΝ.
2193 126 2355 193 ansa.

3464 139 3633 204 ’10ὒὲ

356 247 554 304 Ilecelo
578 243 647 279 “’
666 242 949 301 successit.
1008 243 1231 301 Sibicbo
1270 246 1341 279 ³⁸³
1364 245 1635 316 Spirensis
1662 248 1945 319 cpiscopus
1975 256 2021 311 Α
2050 248 2174 303 belli
2211 264 2270 303 se
2316 249 2602 318 praeberet,
2640 259 2695 305 et
2735 248 2929 307 tierent
2970 249 3260 307 novissima
3304 253 3420 322 ejus
3452 256 3639 328 pejora

355 337 515 402 obiit;
542 335 627 390 cui
657 334 926 389 Arnoldus
948 334 1229 389 successit.
1273 334 1522 392 IIezclteu
1549 336 1617 368 ¹⁸⁶
1641 336 1948 391 Babenbcr—

354 427 537 498 gensis
600 426 887 495 episcopus
943 426 1115 491 obiit;
1180 427 1265 483 cui
1324 427 1617 483 Adalberto
1682 426 1750 460 ‘”
1819 442 1945 481 suc-

353 518 538 573 cessit.
1890 518 1893 521 “

423 608 768 679 Imperatoris
820 607 961 662 Iilins
1017 607 1302 665 Heiurtcus
1353 620 1701 665 consecratus
1754 619 1836 664 est
1892 610 1943 664 in

353 714 539 770 regem
573 700 895 770 Aquisgrani
930 700 1067 771 (Jul.
1102 700 1190 772 I7)
1234 703 1301 755 ab
1343 702 1670 757 Ilerjmanno
1704 702 1770 733 ⁸³⁸
1797 700 1943 755 Colo-

355 787 531 842 niensi
579 788 1005 859 archiepiscopo.
1041 793 1129 844 vix
1178 801 1232 845 et
1269 806 1411 859 :egre
1449 806 1603 862 super
1647 792 1749 846 boc
1779 792 1947 860 impe-

356 888 505 934 trato
527 895 789 936 consensu
832 882 1073 953 Liupoldi
1120 885 1185 916 ⁸³⁷
1220 886 1628 955 archiepiscopi,
1672 886 1738 940 ad
1783 901 1943 955 quem

353 985 576 1046 propter
623 979 909 1047 primatum
946 980 1267 1051 Mogontinzc
1314 982 1383 1013 ⁸³⁸
1426 968 1569 1037 sedis
1607 981 1945 1037 cotisecratio

356 1068 502 1136 regis
526 1077 581 1122 ct
614 1080 792 1125 cetera
819 1072 1162 1142 negociorum
1191 1074 1258 1105 ¹³⁹
1282 1076 1432 1145 regni
1465 1074 1750 1143 dispositio
1779 1074 1945 1143 potis-

354 1159 552 1214 simmn
589 1163 910 1231 pertinebat.
957 1163 1062 1219 Sed
1092 1166 1384 1234 imperator
1411 1168 1586 1236 potius
1613 1165 1944 1221 IIerimauno

353 1249 761 1321 archiepiscopo
801 1252 903 1308 hoc
954 1253 1292 1324 privilegium
1350 1255 1671 1330 vendicabat
1725 1266 1945 1325 propter

353 1338 653 1395 claritatem
702 1344 915 1411 generis
963 1344 1102 1413 ejus,
1142 1355 1195 1400 et
1234 1347 1361 1415 quia
1394 1346 1535 1400 intra
1583 1346 1649 1377 “'
1685 1346 1942 1399 diores'm

354 1430 526 1502 ipsius
563 1436 898 1490 consecratio
927 1438 1042 1491 brec
1067 1438 1389 1494 celebranda
1428 1439 1739 1510 contigisset
1773 1438 1939 1509 (I5I).

1063 1527 1225 1583 MLV.

2046 339 2341 409 prioribus.
2380 336 2680 394 Beatricem
2724 351 2925 403 tamen.
2967 344 3119 411 quasi
3159 359 3256 413 per
3300 345 3637 406 dediciouem

2048 440 2343 502 acceptam,
2362 448 2544 487 secum
2574 431 2799 488 abduxit
2821 434 2909 498 ω,
2935 435 3035 489 hoc
3061 434 3132 488 illi
3162 435 3333 505 culpre
3352 437 3639 509 objicicus,

2047 521 2210 590 quod,
2241 522 2534 576 contractis
2558 537 2617 576 se
2647 523 2950 577 inconsulto
2985 526 3205 593 nuptiis,
3238 527 3377 582 hosti
3426 529 3642 599 publico

2047 614 2253 668 Italiam
2304 614 2647 684 prodidisset.
2689 616 2892 673 Deinde
2936 633 3082 674 anno
3130 622 3337 692 integro
3385 624 3526 679 intra
3575 626 3645 663 “7

2045 705 2254 759 Italiam
2283 716 2670 770 commoratum,
2699 716 2889 762 cuncta
2921 725 3041 779 quae
3086 712 3163 765 rei
3212 711 3419 768 utilitas
3466 727 3643 787 espo-

2047 809 2199 851 scere
2225 795 2508 851 videbatur
2546 796 2832 867 magnilicc
2862 814 2958 869 pro
2983 799 3103 856 loco
3128 810 3182 857 et
3210 809 3452 874 tempore
3487 807 3643 866 ordi-

2048 886 2218 941 navit.

2740 980 2926 1036 MLVI.

2119 1071 2429 1129 Guntlierus
2480 1082 2604 1129 tunc
2656 1077 2917 1143 temporis
2962 1076 3320 1135 cancellarius
3371 1079 3634 1137 visionem

2016 1164 2019 1167 '
2046 1162 2177 1216 vidit
2197 1162 2452 1217 memoria
2467 1163 2713 1232 dignam:
2739 1163 3020 1219 Dominum
3044 1164 3111 1198 ’⁸³
3126 1168 3177 1221 in
3194 1169 3636 1241 soliomaiestatis

2046 1266 2159 1306 sua:
2189 1252 2449 1316 residere,
2478 1261 2535 1307 et
2556 1252 2763 1307 elevato
2791 1253 2844 1307 in
2874 1252 3037 1308 altum
3058 1255 3304 1321 brachio,
3327 1257 3635 1316 districtum

2046 1341 2283 1410 gladium
2343 1356 2539 1411 magno
2596 1344 2715 1396 nisu
2744 1343 3003 1409 vibrare,
3055 1354 3110 1399 et
3156 1347 3636 1409 circumstantibus

2045 1430 2255 1485 dicere:
2298 1429 2533 1485 Iieddum
2564 1431 2814 1485 ultionem
2865 1433 3097 1488 hostibus
3145 1437 3294 1501 meis,
3341 1448 3389 1491 et
3434 1440 3515 1494 Itis
3544 1439 3636 1505 qui

2045 1525 2266 1579 oderunt
2293 1542 2373 1581 me
2401 1527 2684 1580 retribuam
2722 1527 2900 1598 (Dent.
2934 1545 3109 1594 χχχιι,
3136 1529 3247 1602 41).
3278 1531 3448 1598 Quam
3475 1534 3635 1587 Visid-

423 1616 708 1674 Beinricus
738 1619 1034 1690 imperator
1061 1600 1396 1677 nativitatem
1429 1621 1638 1677 Domini
1681 1621 1941 1676 Gos'arize
1969 1597 2017 1655 Β
2045 1630 2166 1671 nem
2195 1616 2439 1687 protinus
2470 1597 2771 1672 mortalitas
2806 1619 3090 1674 subsecuta
3129 1597 3304 1677 “best
3330 1622 3630 1692 principqu

349 1708 662 1774 celebravit,
710 1711 1000 1781 statimque
1046 1713 1253 1767 exactis
1299 1712 1447 1767 feriis
1495 1712 1841 1773 solemnibus,
1887 1712 1939 1764 in

349 1798 557 1854 Italiam
580 1801 840 1870 perrexit,
860 1802 1082 1856 voeatus
1102 1817 1167 1857 eo
1183 1802 1244 1834 ¹δ¹
1262 1802 1525 1874 legatione
1552 1800 1937 1866 Romanorum,

349 1890 442 1958 qui
492 1892 899 1954 nunciaveraut,
948 1891 1174 1946 nimium
1216 1892 1268 1945 in
1300 1892 1448 1946 Italia
1476 1902 1663 1946 contra
1699 1906 1815 1956 rem,
1839 1906 1937 1960 pu-

348 1978 547 2035 blicam
578 1995 825 2035 crescere
848 1996 978 2051 opes
1000 1991 1055 2036 et
1076 1985 1367 2052 potentiam
1400 1982 1663 2039 Gotel‘ridi
1687 1985 1856 2048 ducis,
1886 1995 1939 2040 et

349 2070 454 2126 nisi
491 2072 720 2126 turbatis
742 2074 905 2129 rebus
929 2085 1139 2129 mature
1176 2076 1569 2140 consuleretur,
1601 2078 1771 2147 ipsum
1801 2094 1938 2149 quo-

346 2173 459 2229 que
503 2174 723 2232 regnum
757 2165 1068 2235 propediem
1108 2167 1177 2221 ab
1211 2182 1295 2233 eo,
1324 2168 1663 2224 dissimulato
1709 2173 1936 2238 pudore,
2016 2178 2019 2179 ⁷

345 2253 731 2320 occupandum
772 2253 905 2309 fore.
964 2255 1070 2310 Sed
1118 2258 1207 2313 ubi
1251 2258 1457 2313 Italiam
1506 2260 1779 2331 ingressus
1831 2273 1934 2327 est,

345 2341 455 2395 dus
499 2341 843 2409 Gotcfridus,
895 2347 1081 2401 missis
1122 2349 1175 2401 in
1216 2364 1500 2405 occursum
1548 2354 1664 2422 ejus
1706 2355 1933 2420 nunciis,

346 2432 638 2496 mandavit,
667 2435 799 2490 nihil
829 2451 887 2492 se
911 2438 1087 2491 minus
1118 2456 1278 2510 quam
1305 2442 1649 2497 rebellionem
1673 2449 1837 2513 cnglt-
1856 2461 1934 2509 re,

343 2531 590 2591 paratum
625 2527 801 2594 potius
835 2541 933 2595 pro
971 2537 1111 2583 statu
1147 2532 1221 2583 rei
1254 2530 1479 2600 publica:
1508 2542 1563 2585 et
1595 2533 1936 2601 imperatoris

344 2613 516 2670 salute
540 2627 779 2671 extrema
811 2620 973 2671 etiam
1006 2619 1072 2650 ‘“
1096 2622 1276 2675 omnia
1307 2623 1541 2691 experiri
1587 2625 1754 2696 (I52).
1807 2641 1933 2695 gra-

346 2714 459 2760 tum
490 2706 559 2739 ¹⁸³
583 2724 642 2762 se
681 2709 896 2773 habere,
941 2711 1084 2780 quod
1133 2713 1322 2782 patriis
1368 2714 1563 2769 tiuibus
1600 2717 1835 2772 extortis
1865 2716 1934 2750 m

344 2796 516 2864 (I35),
548 2799 738 2867 patriis
768 2801 1200 2870 possessionibus
1234 2803 1302 2834 M
1326 2803 1553 2871 ejectus,
1599 2805 1791 2875 opibus
1831 2808 1934 2862 sal-

344 2898 451 2945 tem
503 2893 688 2946 uxoris
735 2908 846 2947 suze
905 2893 957 2946 in
1002 2896 1435 2964 peregrinatione
1489 2907 2000 2995 sustentaretur;C

343 2996 506 3051 quam
547 2998 647 3037 nee
687 2983 809 3038 dolo
838 3000 936 3039 nec
969 2994 1143 3055 rapto,
1176 2987 1270 3040 sed
1311 2987 1477 3057 ipsius
1508 2988 1728 3057 placito,
1759 3000 1814 3045 et
1839 3005 1931 3044 ce—

345 3070 569 3126 lebratis
621 3071 934 3128 solemnitcr
977 3076 1217 3143 nuptiis,
1274 3077 1327 3129 in
1378 3078 1779 3133 matrimonium
1828 3080 1929 3135 sibi

338 3161 629 3232 iunxisset.
679 3162 892 3218 Beatrix
924 3180 1154 3235 quoque,
1202 3166 1445 3221 dissimul
1485 3174 1539 3222 to
1573 3183 1737 3235 tne‘u,
1765 3171 1931 3240 impe-

344 3255 512 3311 ratori
561 3256 778 3313 obviam
826 3258 1108 3329 processit,
1149 3270 1203 3312 et
1250 3260 1336 3313 vix
1387 3261 1672 3330 impetrata
1719 3263 1929 3319 dicendi

343 3347 520 3415 copia,
567 3348 659 3409 ait,
710 3349 842 3407 nihil
890 3363 947 3403 se
994 3348 1172 3420 egisse
1219 3362 1577 3419 pneterquam
1622 3354 1764 3420 quod
1810 3352 1932 3420 jure

343 3440 581 3510 gentium
628 3440 728 3494 sibi
782 3455 943 3510 agere
987 3441 1250 3507 licuisset;
1308 3442 1619 3497 destitutam
1663 3458 1721 3496 se
1764 3445 1927 3513 priori

343 3530 581 3593 marito,
644 3530 899 3586 desolata:
945 3532 1129 3586 domui
1181 3541 1464 3601 patronum
1516 3534 1831 3603 paravisse,
1878 3542 1933 3589 et

342 3620 627 3693 ingenuam
688 3625 919 3695 ingenuo
979 3625 1096 3681 sine
1149 3625 1271 3682 fuco
1328 3625 1547 3683 nefaria:
1608 3627 1926 3698 cujusquam

342 3713 1155 3784 machinationisnupsisse;nec
1169 3716 1328 3785 aequi,
1356 3732 1454 3772 nec
1478 3716 1603 3772 boni
1634 3730 1927 3772 memorem

342 3820 467 3862 eum
498 3819 640 3869 esse,
672 3806 716 3860 si
746 3806 797 3860 id
835 3806 935 3860 sibi
968 3821 1103 3873 pace
1148 3807 1262 3875 ejus
1313 3821 1418 3861 non
1455 3807 1668 3873 liceret,
1700 3810 1842 3877 quod
1874 3809 1926 3862 in

343 3896 573 3966 imperio
611 3895 855 3951 Romano
881 3895 1096 3951 feminis
1123 3897 1390 3951 nobilibus
1415 3912 1630 3967 semper
1664 3897 1937 3977 licuisset}

342 3989 641 4059 Imperator
690 3989 907 4058 itaque,
958 3999 1178 4059 accepto
1232 4005 1261 4044 a
1308 3991 1635 4060 primoribus
1679 3991 1925 4058 consilio,

344 4080 685 4138 Cotefridum
717 4082 944 4136 crimine
979 4083 1233 4145 absolvit,
1278 4099 1383 4138 non
1412 4091 1519 4137 tam
1555 4084 1792 4153 probans
1837 4098 1926 4138 sa-

345 4169 706 4228 tisfactionem
731 4168 867 4239 ejus,
886 4186 1046 4240 quam
1070 4183 1334 4236 metuens,
1355 4187 1421 4227 ue
1444 4172 1599 4227 malis
1623 4174 1928 4228 recentibus

2018 1706 2216 1778 'rcgni.
2268 1709 2449 1777 anue
2491 1709 2722 1778 expleta,
2753 1708 2888 1763 vidit
2923 1711 3111 1764 eodem
3162 1727 3349 1766 rursus
3399 1724 3633 1768 scemate

2042 1798 2331 1855 Dominum
2376 1802 2631 1863 residere,
2663 1809 2719 1856 et
2755 1802 2983 1858 remisso
3006 1801 3122 1871 jam
3163 1803 3212 1858 in
3246 1804 3492 1875 vaginam
3521 1806 3636 1877 gla-

2042 1889 2131 1943 dio
2159 1898 2213 1946 et
2243 1905 2404 1959 super
2431 1906 2602 1960 genua
2633 1907 2730 1946 sua
2760 1893 3041 1957 reclinato,
3073 1894 3251 1948 dicere
3276 1897 3635 1953 circumstan-

2042 1980 2187 2035 tibus
2215 1998 2228 2034 :
2269 1980 2418 2051 Ignis
2444 1998 2722 2036 succensus
2750 1994 2822 2035 est
2847 1986 2913 2016 "°
2938 1987 2992 2039 in
3023 1985 3199 2044 furore
3227 2003 3339 2041 meo
3360 1998 3406 2041 et
3429 1988 3631 2045 ardebit

2041 2086 2202 2137 usque
2231 2074 2299 2126 ad
2338 2073 2529 2142 inferni
2556 2076 2835 2130 novissima
2868 2076 3003 2148 (Jcr.
3029 2094 3161 2142 xvtt,
3190 2079 3271 2147 4).

2114 2155 2475 2221 Ilcrimannus
2534 2167 2599 2198 ¹⁸¹
2659 2165 2999 2223 Coloniensis
3043 2171 3332 2241 episcopus
3384 2172 3451 2206 "’
3496 2173 3633 2230 obiit

2041 2253 2193 2325 (Feb.
2229 2256 2314 2325 11)
2348 2272 2363 2321 ;
2406 2255 2492 2311 cui
2541 2255 2698 2311 Anno
2728 2257 3089 2314 Goslariensis
3135 2262 3455 2330 prtepositus
3501 2279 3626 2320 suc-

2038 2349 2203 2403 cessit
2229 2349 2415 2418 (Mart.
2446 2351 2524 2417 5).

2110 2444 2404 2511 Imperator
2452 2457 2731 2513 regressus
2777 2443 2845 2497 de
2888 2442 3077 2509 Italia,
3131 2455 3378 2501 sanctum
3426 2449 3625 2518 pascln

2036 2534 2427 2589 Podelbrunnte
2481 2533 2774 2589 celebravit
2832 2533 3021 2605 (April.
3078 2533 3173 2605 7),
3231 2537 3489 2605 brevique
3558 2537 3625 2569 '”

2036 2634 2403 2680 commoratus
2454 2625 2508 2678 in
2561 2623 2847 2688 Goslaria,
2908 2625 3149 2693 perrexit
3200 2625 3266 2679 ad
3314 2625 3492 2680 villam
3542 2624 3628 2680 Ci-

2034 2716 2150 2770 vois
2186 2716 2353 2783 (15.1),
2411 2716 2462 2769 in
2505 2715 2736 2768 conﬁnio
2780 2715 2939 2768 sitam
2991 2715 3139 2784 regni
3177 2713 3508 2772 Francorum
3562 2734 3626 2772 ac

2035 2806 2453 2861 Teutonicorum
2500 2805 2589 2869 ³⁸³,
2629 2805 2953 2875 colloquium
2985 2805 3058 2861 ibi
3094 2805 3160 2838 ιε’
3192 2808 3473 2863 habiturus
3500 2823 3624 2864 cum

2018 2894 2161 2968 rege
2204 2892 2557 2953 Francorum.
2608 2902 2652 2951 Α
2694 2913 2801 2967 quo
2845 2897 3232 2954 contumeliose
3267 2909 3431 2969 atque
3456 2901 3624 2955 host}-

2032 2987 2156 3041 liter
2210 2985 2543 3057 objurgatus,
2595 2986 2738 3056 quod
2792 2986 2958 3041 multa
3008 3002 3150 3057 smpe
3202 2988 3302 3044 sibi
3368 2990 3624 3042 mentitus

2032 3078 2240 3143 fuisset,
2272 3089 2327 3133 et
2356 3080 2496 3149 quod
2534 3090 2740 3147 partem
2769 3081 3060 3135 maximam
3108 3082 3175 3114 "°
3216 3083 3363 3152 regni
3387 3082 3623 3138 Franco-

2033 3185 2173 3234 rum,
2216 3169 2339 3223 dolo
2367 3184 2397 3221 a
2429 3171 2673 3237 patribus
2716 3169 2833 3237 ejus
2872 3180 3209 3239 occupatam,
3263 3174 3486 3229 reddere
3513 3182 3624 3229 tam

2032 3258 2122 3313 diu
2153 3258 2483 3320 distulisset;
2539 3276 2661 3313 cum
2705 3260 3000 3331 imperator
3027 3271 3274 3332 paratum
3316 3278 3372 3317 se
3396 3263 3619 3327 diceret,

2032 3348 2383 3419 singulariter
2407 3364 2529 3403 cum
2562 3363 2628 3403 eo
2648 3357 2896 3404 conserta
2927 3366 3087 3402 manu
3116 3349 3323 3419 ol-jecta
3354 3352 3619 3417 refellere.

2033 3439 2121 3495 ille
2163 3441 2405 3508 proxima
2456 3448 2613 3493 nocte
2664 3438 2785 3510 luga
2838 3438 3039 3511 lup-ns,
3077 3438 3145 3472 η’
3174 3442 3225 3493 in
3254 3455 3380 3497 suns
3405 3456 3463 3496 se
3488 3441 3620 3500 lines

2035 3532 2259 3600 recepit.
2701 3541 2704 3546 ·

2102 3620 2400 3691 Imperator
2441 3620 2777 3674 nativitatem
2812 3621 2880 3653 ⁸⁵⁸
2911 3630 3109 3677 sanctae
3140 3622 3320 3677 Μάνεω
3360 3622 3621 3679 Goslaria

2031 3712 2320 3768 celebravit
2348 3710 2519 3783 (Sept.
2548 3711 2627 3782 8),
2661 3711 2841 3782 ibique
2869 3711 3141 3769 Victorem
3189 3729 3405 3784 papam,
3440 3716 3533 3786 qui
3562 3726 3619 3770 et

2030 3803 2341 3871 Gebebart,
2399 3806 2686 3876 magnilico
2743 3814 3003 3877 apparatu
3056 3809 3293 3877 suscepit
3354 3809 3617 3878 ltospicio,

2029 3897 2273 3953 collectis
2320 3897 2530 3953 scilicet
2579 3898 2645 3952 ad
2693 3899 2993 3953 ornandam
3026 3909 3186 3954 tanta:
3227 3902 3332 3955 dici
3363 3900 3618 3957 solemni—

2030 3997 2195 4044 tatem
2226 3991 2438 4046 cunctis
2460 4006 2599 4062 pene
2624 3993 2774 4061 regni
2805 3992 2998 4059 opibus
3025 4002 3081 4046 et
3112 3993 3464 4063 principibus.
3492 3994 3617 4049 Inde

2029 4081 2302 4150 profectus
2344 4081 2622 4138 Botfeldeu
2668 4080 2734 4112 ¹⁸⁹
2794 4081 2964 4152 (155),
3018 4098 3139 4135 cum
3185 4082 3256 4136 ibi
3306 4082 3615 4152 aliquandiu

2029 4171 2301 4226 venationi
2331 4171 2545 4225 deditus
2576 4178 2896 4233 moraretur,
2930 4171 3193 4241 comperit
3228 4170 3613 4225 Willibelmum

322 4268 716 4335 exasperatus,
737 4261 1081 4317 Norunaunis
1103 4262 1486 4318 infestantibus
1506 4262 1716 4318 Italiam
1736 4263 1825 4317 du:
1841 4276 1927 4317 em
1959 4263 2400 4332 Dmarehionem
2457 4271 2512 4317 et
2553 4261 2885 4317 Diotericum
2935 4263 3188 4316 comitem
3232 4275 3354 4316 cum
3404 4261 3613 4317 inlicita

1627 4394 1861 4452 VARI/Ii
1902 4394 2305 4454 LECTIONES.

326 4548 329 4549 ν
418 4512 486 4547 ¹⁸¹
507 4514 694 4573 becelo
709 4514 896 4571 --obiit
920 4516 1006 4570 cui
1029 4517 1212 4573 desunt
1232 4518 1285 4572 5.
1365 4517 1433 4549 ⁸³³
1460 4515 1649 4572 Siniko
1673 4518 1725 4572 1.
1803 4516 1871 4550 ¹⁸δ
1894 4517 2155 4573 Hezeleen
2179 4520 2234 4572 5.
2314 4516 2381 4549 ⁸³⁸
2408 4516 2661 4572 adelbero
2682 4534 2877 4572 omnes.
2956 4517 3025 4550 m
3048 4518 3395 4576 Herimanoa.
3426 4518 3487 4577 C.
3515 4519 3609 4577 9b.

347 4583 415 4617 “'
438 4582 589 4658 Lupo

346 4725 402 4780 5.
481 4729 546 4763 ’δ’
582 4735 766 4782 secuta
797 4726 851 4780 5.
932 4727 999 4759 “°
1030 4725 1168 4781 deest
1200 4727 1251 4781 4.

595 4585 662 4639 Idi
695 4585 749 4640 5.
825 4586 895 4618 '”
920 4591 1190 4658 mogontie
1212 4589 1264 4641 4.
1292 4587 1343 4641 5.
1373 4603 1511 4641 corr.
1536 4598 1591 4640 ut
1618 4588 2139 4657 rideturmogontiue
2180 4590 2231 4643 5.
2311 4586 2380 4619 ‘“
2400 4587 2613 4689 negotia
2640 4597 2801 4657 atque
2826 4605 2870 4642 r.
2898 4589 2951 4642 5.
3031 4588 3099 4622 “°
3126 4589 3268 4645 inter
3291 4591 3347 4645 4.

640 4655 777 4689 doner
800 4655 834 4689 κ
933 4657 1001 4688 ιιι
1031 4673 1088 4689 δη
1114 4675 1146 4689 η
1179 4658 1212 4689 ’κ
1288 4656 1356 4689 ωδ
1384 4666 1432 4689 ΔΙ
1468 4659 1626 4689 Ion-:3
1659 4660 1689 4689 2
1787 4658 1853 4689 ιη
1883 4659 2315 4689 οηηηηοοέηηζιηιο
2341 4657 2369 4689 ι
2494 4657 2539 4689 ’σε
2572 4659 2719 4689 ιιι-υἷι
2751 4657 2777 4689 ι
2880 4660 2942 4689 υτ
2960 4659 3099 4689 ἓηηι-
3134 4660 3154 4689 ι
3260 4661 3325 4689 ιιι

346 4670 412 4728 ea
435 4655 490 4709 5.
516 4655 587 4689 Μ
638 4655 777 4708 deest
800 4655 852 4728 ζ).
933 4655 1088 4728 ‘f’se
1113 4658 1232 4728 g5.
1288 4656 1356 4689 ⁸⁵⁵
1383 4666 1437 4711 et
1466 4659 1628 4728 terris
1658 4660 1713 4714 5.
1787 4658 1853 4689 “'
1882 4655 2318 4714 successionibus
2336 4657 2390 4712 4.

1333 4728 1400 4759 ¹⁸¹
1435 4727 1799 4783 Herimannus
1826 4758 1897 4768 ——
1926 4730 2192 4784 successit
2218 4730 2272 4787 5.
2301 4729 2354 4782 4.
2392 4728 2443 4782 5.
2489 4727 2632 4795 infra
2680 4729 2890 4782 habent.
2948 4727 3049 4783 Sed
3077 4732 3319 4784 videntur
3345 4732 3427 4783 Iu'c
3477 4744 3611 4784 recte

3426 4590 3493 4623 ¹⁴¹
3509 4605 3556 4646 et
3577 4594 3611 4647 5

2494 4657 2539 4689 “
2572 4657 2801 4713 duxit‘.
2880 4659 3099 4713 u"inter
3127 4660 3179 4714 ιι.
3260 4661 3325 4693 ¹⁸⁸
3349 4662 3514 4715 Deum
3554 4664 3607 4717 5.

346 4795 616 4870 coliocari.
647 4796 894 4870 quoniam
916 4800 1156 4870 scriptor
1184 4799 1340 4870 etiam
1362 4799 1417 4850 in
1437 4813 1578 4870 seqq.
1607 4801 1842 4853 ordinem
1866 4800 2148 4870 chronolog
2193 4800 2445 4870 mensium
2470 4801 2711 4870 servavit.
2735 4800 2825 4854 2a.
2854 4816 2914 4852 ea
2942 4810 3059 4868 post
3095 4802 3349 4869 suscepit.
3367 4800 3610 4870 ltospicio

346 4864 641 4940 collocavit.
660 4864 786 4940 '_"’
810 4867 1263 4940 archiepiscopus
1299 4867 1353 4940 5.
1416 4864 1513 4940 f7”?
1536 4864 1714 4940 tempe

349 4935 419 4967 ‘"
441 4934 656 5008 elapsus
675 4935 729 4989 5.
808 4935 876 4967 ³⁸⁸
901 4934 1017 4990 nat.
1044 4937 1107 4992 D.

1720 4870 1794 4924 ris
1841 4868 1962 4922 add.
2016 4870 2070 4925 5.

1186 4937 1386 4994 oslarie
1405 4938 1497 4993 2b.
1552 4937 1660 4975 ι¹⁸⁹”
1696 4940 1750 4994 in
1800 4937 2181 4998 Verbotlelden
2225 4942 2282 4996 5.

2149 4869 2216 4902 ⁸⁸⁸
2246 4870 2643 4924 teutunicorum
2664 4868 2717 4925 5.
2796 4870 2862 4901 ³³⁸
2888 4871 3028 4924 deest
3050 4870 3103 4923 5.
3183 4868 3523 4938 "‘tnagnam
3552 4868 3606 4922 5.

1847 5074 2080 5137 ΝΟΤᾹΞ.

420 5164 563 5239 (131)
605 5166 727 5222 Vid.
764 5165 822 5239 I_._
843 5164 915 5239 ϐ.
951 5164 1315 5239 thteruber
1347 5164 1444 5239 die;
1472 5163 1921 5239 Kronungsmun-

346 5234 448 5310 _z_eu
474 5234 572 5292 dei-
608 5251 745 5310 τεῳ).
782 5235 985 5310 Ιςτοιιίερ
1016 5234 1266 5310 iiutlolplt
1290 5236 1327 5300 I,
1366 5234 1536 5310 Adslf.
1572 5234 1762 5295 Albc‘rt
1788 5235 1831 5300 I,
1863 5251 1917 5290 u.

2015 5181 2158 5296 ﬁth
2388 5170 2530 5293 ‘Ann.
2557 5168 2611 5235 6,
2643 5168 2712 5225 56
2736 5184 2752 5225 :
2780 5166 2987 5223 sedibus
3021 5165 3266 5249 extorris,
3311 5160 3512 5219 Duker.
3541 5164 3611 5222 ad

2076 5258 2157 5295 or.
2223 5278 2240 5296 .
2299 5275 2313 5291 .
2339 5282 2353 5296 .
2423 5280 2438 5295 .

2076 5258 2157 5295 or.
2186 5258 2240 5303 ο,
2266 5258 2353 5303 to,
2388 5258 2438 5295 s.
