4076 5310
504 187 643 244 £065

1656 179 2007 236 LAMBERTI
2044 171 2612 235 llEliSFELDENSIS

3658 178 3817 238 1954

502 296 847 354 multitudine
874 294 1127 351 Saxonici
1156 293 1446 360 exercitus,
1473 309 1610 363 quos
1637 302 1825 349 contra
1855 292 2096 348 Lutieios
2126 297 2169 353 A
2198 290 2518 345 electionem
2562 299 2955 346 consenserant
2978 288 3267 354 Frideriei,
3308 289 3496 347 fratris
3520 293 3807 354 Gotefridi

501 388 748 461 miserat,
802 386 942 441 male
989 386 1156 457 gestis
1212 386 1404 449 rebus,
1463 384 1924 459 occubuissem.
1984 383 2092 438 Nec

501 480 674 536 multo
702 487 822 550 post
851 479 964 548 ipse
986 477 1230 548 corporis
1269 476 1512 531 molestia
1541 475 1607 507 ¹⁶¹
1633 485 1935 545 correptus,
1968 488 2090 528 cum

499 580 707 643 septem
739 579 831 623 aut
855 584 921 623 eo
945 568 1175 638 amplius
1203 567 1393 621 diebus
1416 567 1552 621 lecto
1582 567 1924 628 deeubasset,
1950 565 2091 619 diem

499 660 699 718 clausit
727 668 1032 715 extremum
1073 659 1215 727 (Oct.
1248 657 1324 728 5).
1372 655 1672 711 Przesentes
1710 665 1884 717 erant,
1937 670 2090 724 quasr

500 754 568 808 ad
614 751 849 808 cilicium
900 751 1033 805 tanti
1071 748 1136 780 ¹⁸⁹
1180 748 1385 802 funeris
1430 763 1496 801 ex
1545 746 1811 801 industria
1858 745 2088 809 evocati,

498 843 781 897 Romanus
838 839 1121 910 pontifex,
1182 836 1546 906 Aquileiensis
1614 836 1681 866 ¹⁶³
1742 836 2087 904 patriarcha,

497 942 724 1002 patruus
781 931 849 962 m
903 927 1246 999 imperatoris
1298 925 1711 995 Ratisponensis
1769 924 2089 999 episcopus,

498 1022 626 1076 item
665 1018 1086 1075 innumerabiles
1111 1017 1320 1071 “"tam
1365 1016 1488 1070 laici
1528 1030 1690 1085 quam
1735 1011 2088 1069 ecclesiastici

497 1112 705 1168 ordinis
736 1111 803 1142 ⁸⁸⁸
842 1112 1168 1183 dignitates;
1229 1116 1581 1176 notatumque
1624 1115 1731 1171 est,
1771 1104 1914 1160 nulla
1947 1111 2091 1157 retro

498 1200 765 1272 majorum
799 1200 1060 1255 memoria
1097 1199 1215 1254 sine
1244 1198 1454 1267 publica
1488 1197 1784 1251 indictione
1815 1203 1895 1249 tot
1942 1194 2092 1249 illus-

498 1303 611 1350 tres
663 1308 927 1365 personas
978 1293 1029 1345 in
1083 1306 1249 1345 unum
1308 1289 1656 1344 conﬂuxisse.
1710 1288 1918 1358 Corpus
1975 1286 2090 1356 ejus

500 1383 720 1454 Spiram
776 1382 1097 1439 translatum
1140 1390 1254 1445 est;
1289 1389 1343 1434 et
1388 1381 1678 1434 celebratis
1728 1381 1875 1449 regio
1941 1393 2091 1433 more

496 1476 783 1545 exequiis,
823 1475 910 1528 die
973 1472 1216 1528 natalitio
1286 1471 1651 1542 apostolorum
1728 1471 1967 1527 Simonis
2011 1477 2091 1547 get

495 1566 647 1622 Judze
679 1564 820 1637 (Oct.
851 1564 964 1634 28),
993 1579 1101 1635 quo
1145 1564 1353 1618 scilicet
1382 1563 1468 1618 die
1506 1564 1669 1618 etiam
1701 1571 1864 1618 natus
1892 1563 2084 1627 fuerat,

495 1632 787 1728 sepultura-
820 1666 904 1711 est
926 1632 1209 1710 traditum.
1255 1655 1502 1726 Regnum
1534 1670 1633 1724 pro
1671 1664 1829 1724 patre
1857 1654 2092 1709 obtinuit
2120 1632 2166 1691 Β

499 1748 642 1801 filius
693 1745 811 1813 ejus
861 1745 1148 1801 lleinricus
1194 1754 1462 1815 quartus,
1536 1745 1773 1815 quinque
1823 1759 2090 1799 anuorum

476 1837 819 1912 infantulus,
875 1851 1018 1891 anno
1067 1844 1352 1906 postquam
1392 1836 1443 1889 itt
1477 1850 1657 1906 regem
1690 1846 1884 1891 unctus
1910 1836 2092 1891 fuerat

499 1928 688 1982 tcrcio.
741 1925 965 1982 Summa
995 1934 1173 1981 tamen
1221 1941 1403 1980 rerum
1429 1933 1484 1980 et
1511 1926 1751 1980 omnium
1800 1926 1866 1957 ³⁸⁷
1898 1927 2093 1994 quibus

497 2012 641 2074 facto
680 2034 816 2090 opus
859 2028 978 2074 erat
1027 2018 1174 2089 (l56)
1211 2017 1612 2071 administratio
1652 2032 1816 2086 penes
1862 2018 2094 2086 impera-

501 2114 692 2163 tricem
751 2109 1029 2169 remansit,
1080 2123 1200 2177 qua:
1250 2116 1395 2161 tanta
1436 2115 1555 2161 arte
1602 2107 1962 2177 periclitantis
2017 2108 2092 2162 rei

502 2199 729 2268 publicae
763 2209 965 2254 statum
994 2207 1162 2251 tutata
1195 2206 1297 2261 est,
1349 2203 1408 2250 ut
1447 2196 1582 2250 nihil
1611 2196 1664 2250 in
1702 2212 1765 2251 ea
1811 2196 2091 2262 tumultus,

497 2290 629 2344 nihil
651 2290 940 2344 simultatis
970 2297 1131 2343 tanta:
1156 2288 1230 2342 rei
1266 2289 1477 2341 novitas
1498 2298 1807 2357 generaret.

564 2378 837 2434 Arnoldus
877 2379 1153 2450 Spirensis
1193 2377 1480 2447 episcopus
1508 2377 1677 2442 obiit;
1717 2376 1804 2431 cui
1852 2376 2097 2432 Cuunra-

499 2468 599 2527 dus
627 2472 699 2505 “'
718 2473 985 2528 successit
1009 2471 1097 2524 η’,

567 2562 890 2620 Counradus
947 2563 1038 2628 ηε,
1087 2562 1230 2619 filius
1272 2564 1636 2633 imperatoris,
1689 2563 1796 2619 dux
1836 2562 2096 2631 Bajoaria:

498 2657 656 2713 obiit.
716 2655 980 2710 Duealum
1025 2654 1142 2724 ejus
1185 2644 1484 2725 imperator
1542 2655 1873 2726 imperatrici
1924 2655 2092 2721 dedit,

499 2758 714 2822 prtvato
735 2750 880 2818 jure,
912 2749 1090 2818 quoad
1119 2746 1296 2812 vellet,
1326 2746 1732 2815 possidendum.

571 2840 700 2894 Dedi
733 2838 1005 2908 palatinus
1033 2851 1217 2892 comes
1239 2836 1384 2908 (157)
1411 2853 1441 2890 a
1471 2838 1704 2905 quodam
1737 2835 1935 2893 clerico
1968 2837 2096 2892 Pre-

500 2926 671 2983 riensi
729 2927 942 2981 occisus
988 2934 1105 2991 est,
1158 2940 1320 2994 quem
1376 2940 1407 2979 a
1457 2925 1626 2981 fratre
1682 2941 1780 2981 suo
1827 2926 2094 2997 archiepi-

503 3032 670 3086 scopo
698 3017 763 3048 "°
786 3014 932 3086 (158)
954 3024 1266 3084 susceperat
1283 3032 1382 3086 pro
1404 3010 1723 3073 criminibus
1747 3033 1866 3086 qua:
1893 3018 1942 3072 ei
1967 3016 2104 3086 011ξὶ-

499 3107 783 3163 ciebantur
831 3106 995 3161 exdio
1041 3107 1469 3175 deportandum;
1521 3109 1766 3178 sepultus
1790 3118 1878 3164 est
1922 3108 2098 3179 "‘ju-

502 3198 663 3252 bcnte
689 3197 1013 3267 imperatore
1034 3197 1101 3227 ¹⁷²
1122 3197 1175 3251 in
1198 3195 1468 3251 Goslaria.

577 3288 919 3344 Willelteltno
947 3289 1246 3344 marchioni
1289 3290 1552 3345 successit
1595 3290 1750 3347 Uodo
1785 3292 1859 3324 ⁸⁷³
1895 3307 2096 3355 comes,

501 3380 586 3434 vir
648 3380 800 3435 valde
865 3379 1165 3434 initustrius
1222 3389 1279 3434 et
1346 3382 1488 3453 regis
1517 3383 1990 3453 consanguinitate
2030 3380 2099 3425 ³⁷³

505 3473 786 3542 proximus
810 3472 981 3544 (159).

1198 3563 1407 3620 MLVII.

577 3655 692 3711 Rex
747 3656 1086 3710 nativitatem
1136 3657 1350 3715 Domini
1410 3655 1721 3726 Ratisponze
1779 3658 2097 3726 celebravit,

504 3757 772 3816 prasente
795 3749 973 3801 adhuc
996 3748 1215 3803 Victore
1266 3762 1425 3818 papa.
1474 3748 1576 3816 Qui
1617 3751 1833 3815 exinde,
1883 3767 2101 3823 compo-

504 3838 623 3891 sitis
664 3838 1029 3901 mediocriter,
1061 3848 1221 3906 prout
1249 3849 1377 3893 tunc
1409 3842 1561 3909 copia
1592 3853 1731 3905 erat,
1762 3843 1908 3912 regni
1938 3859 2100 3911 nego-

505 3930 605 3981 ciis
627 3928 678 3982 in
708 3928 911 3982 Italiam
946 3945 1246 3998 regressus,
1277 3929 1310 3983 5
1333 3931 1600 3985 Kalendas
1642 3933 1870 4002 Augusti
1897 3934 2097 4004 migra-

506 4021 584 4072 vit
612 4021 678 4072 ad
713 4020 1020 4074 Dominum.
1055 4021 1454 4076 Eiltslatcnsem
1487 4023 1556 4053 ¹⁷⁸
1579 4025 1971 4093 episcopatum,
1993 4040 2099 4093 quo

506 4125 565 4164 se
593 4110 683 4165 ille
715 4128 849 4181 papa
884 4112 1062 4166 factus
1091 4129 1196 4166 non
1232 4113 1601 4179 abdicaverat,
1631 4114 1820 4170 Gunzo
1840 4116 2095 4181 suscepit.

506 4197 644 4254 Tum
690 4215 818 4256 vero
865 4198 1139 4269 universi,
1187 4203 1443 4272 quicquid
1475 4203 1803 4274 principum,
1843 4204 2100 4274 quicquid

2194 381 2366 444 ducis,
2414 390 2830 450 extractumque
2874 383 2940 435 de
2981 383 3311 436 monasterio
3340 384 3539 440 Casino
3573 388 3670 454 ³⁷⁸,
3709 392 3803 445 ubi

2196 471 2413 525 lucerna
2448 472 2539 525 Dei
2563 474 2759 528 ardens
2780 483 2832 527 et
2861 474 3045 528 lucens
3065 474 3163 529 sub
3187 474 3324 529 lecto
3351 478 3550 546 (Marc.
3581 496 3662 544 tv,
3694 487 3803 546 2t;

2193 560 2323 616 Luc.
2351 578 2468 626 vin,
2499 562 2585 625 16)
2620 565 2933 618 monasticae
2973 566 3172 634 quietis
3202 566 3579 634 delitescebat,
3629 587 3809 639 super

2194 654 2578 708 candelabrum
2615 656 3093 710 extuleruntscdis
3115 656 3441 725 apostolicae.
3490 659 3607 717 Nec
3647 665 3808 731 quis»

2194 758 2357 813 quam
2388 758 2519 798 sane
2552 746 2736 800 multis
2769 756 2915 801 retro
2957 746 3114 800 anuis
3149 747 3447 805 laetioribus
3493 751 3805 826 suffragiis.

2194 832 2385 903 majori
2425 836 2667 890 omnium
2703 838 3105 907 espeetatione,
3152 840 3219 893 ad
3278 840 3517 908 regimen
3564 841 3640 876 1"
3672 858 3809 914 pro-

2196 935 2442 979 cesserat
2484 925 2745 982 Romana:
2773 927 3039 981 ecclesiae.
3066 926 3172 982 Sed
3200 938 3405 984 tantam
3434 947 3614 1002 spem,
3643 931 3762 990 heu
3786 935 3803 985 1

2194 1017 2457 1072 frustrata
2483 1029 2566 1072 est
2593 1035 2738 1074 mors
2766 1020 3053 1074 immatura
3084 1020 3242 1091 (Aug.
3273 1022 3351 1092 2).
3390 1068 3397 1073 .

2267 1108 2410 1164 Uoto
2447 1109 2517 1141 ⁸⁷⁸
2559 1110 2802 1164 marchio
2833 1110 2980 1182 (Mli)
3011 1112 3184 1178 obiit;
3232 1113 3503 1170 cui-ﬁlius
3553 1114 3625 1147 ¹⁷⁹
3655 1116 3807 1186 ejus,

2195 1200 2334 1255 Uolo
2360 1201 2427 1231 ’⁷⁸
2459 1200 2662 1269 junior,
2694 1203 2975 1257 successit.
3195 1272 3200 1277 θ

2263 1290 2544 1363 Principes
2575 1293 2826 1348 Saxonia:
2853 1294 3062 1348 crebris
3085 1295 3478 1352 conventiculis
3507 1297 3809 1369 agitabant

2194 1380 2261 1436 de
2298 1379 2543 1450 injuriis,
2577 1383 2778 1450 quibus
2829 1382 2930 1436 sub
2978 1383 3303 1453 imperatore
3338 1386 3516 1441 all'ecti
3550 1385 3805 1453 fueram,

2193 1474 2710 1544 arbitrabanturque
2765 1474 2856 1541 ¹⁸⁶,
2884 1475 3111 1545 pulchre
3147 1477 3247 1531 sibi
3294 1478 3364 1509 ¹⁸¹
3400 1480 3467 1533 de
3517 1480 3606 1535 his
3637 1482 3812 1535 satis-

2194 1566 2398 1621 factum
2424 1565 2563 1632 fore,
2590 1566 2634 1623 si
2668 1566 2778 1621 lilio
2797 1567 2935 1635 ejus,
2978 1569 3105 1622 dum
3149 1570 3325 1625 adhuc
3361 1578 3490 1625 aetas
3520 1583 3805 1641 oportuna

2195 1654 2406 1724 injuriae
2449 1664 2615 1721 esset,
2661 1671 2882 1729 regnum
2929 1659 3239 1727 eriperent;
3279 1677 3380 1716 nee
3404 1661 3598 1733 procul
3626 1664 3701 1716 ah
3734 1662 3810 1698 ³⁸³

2195 1745 2301 1800 ﬁde
2331 1747 2543 1813 aberat,
2568 1746 2737 1802 filium
2765 1748 2819 1803 in
2846 1765 3026 1804 mores
3051 1751 3326 1821 vitamque.
3344 1754 3517 1823 patris
3537 1753 3805 1822 pedibus,

2170 1844 2253 1921 Iul
2273 1837 2445 1904 aiunt,
2476 1840 2679 1894 iturum
2704 1854 2844 1895 esse.
2867 1840 3116 1895 Accessit
3138 1857 3202 1896 ex
3227 1844 3505 1913 insperato
3535 1858 3804 1914 magnum

2194 1927 2477 1985 turbandis
2505 1929 2668 1985 rebus
2694 1930 3063 2002 adjumeutum
3093 1931 3242 1999 Otto,
3268 1932 3437 1988 frater
3458 1933 3803 1991 Willehelmi

2193 2017 2547 2083 marchionis,
2595 2022 2691 2076 sed
2734 2022 3086 2077 matrimonio
3118 2023 3335 2093 impari,
3379 2033 3555 2080 matre
3580 2026 3806 2082 scilicet

2196 2108 2378 2164 Slavia
2412 2111 2482 2142 ¹⁸³
2511 2112 2683 2183 (141),
2716 2121 2899 2183 natus,
2942 2116 3026 2168 vir
3054 2129 3181 2170 acer
3212 2115 3429 2182 ingenio
3454 2115 3525 2148 ⁸⁸⁸
3552 2125 3612 2170 et
3633 2133 3801 2171 manu

2195 2201 2445 2274 impiger.
2494 2203 2545 2258 ls
2589 2205 2729 2274 apud
2779 2215 2993 2274 gentem
3036 2205 3362 2261 Boemornm
3402 2207 3517 2276 jam
3546 2224 3577 2260 a
3627 2224 3803 2278 puero

2194 2291 2551 2357 exulaverat;
2588 2292 2682 2346 sed
2709 2304 2983 2364 comperta
3024 2309 3201 2349 morte
3230 2294 3433 2359 fratris,
3468 2310 3668 2367 magna
3704 2312 3804 2367 Spe

2194 2381 2505 2437 obtinenda:
2566 2383 2885 2438 hereditatis
2936 2401 3220 2456 regressus
3266 2388 3326 2460 in
3370 2388 3705 2449 .Saxouiam.
3767 2405 3805 2441 ι

2195 2475 2411 2530 cunctis
2472 2474 2581 2530 illic
2647 2476 2984 2546 principibus
3046 2478 3278 2548 b‘enigne
3337 2480 3612 2548 excipitur
3681 2480 3799 2545 ⁸⁸⁸,

2198 2564 2517 2635 magnisque
2566 2569 2807 2621 omnium
2858 2567 3331 2625 adhortationibus
3382 2569 3451 2603 ¹⁸⁶
3481 2571 3801 2641 instigatur,

2196 2669 2303 2707 non
2332 2656 2490 2710 modo
2559 2657 2836 2710 marcham
2870 2657 2962 2723 “7,
2991 2673 3110 2727 qua:
3149 2658 3250 2713 sibi
3287 2658 3413 2726 jure
3461 2660 3800 2714 hereditario

2197 2753 2551 2815 competeret,
2566 2748 2659 2802 sed
2678 2747 2850 2816 ipsum
2865 2763 3081 2818 quoque
3105 2765 3330 2820 regnum
3342 2749 3791 2818 aﬂ‘ectaredﬂ).

2199 2834 2301 2890 Ubi
2328 2835 2561 2892 alacrem
2583 2846 2940 2909 paratumque
2960 2840 3188 2909 negocio
3209 2841 3520 2907 advertunt,
3544 2841 3708 2896 ﬁdem
3731 2842 3798 2883 ³⁸⁸

2201 2940 2391 2981 omnes
2416 2927 2635 2993 dicunt;
2662 2944 2789 2984 suas
2816 2930 3019 3001 quique
3051 2930 3117 2962 ‘3’
3147 2946 3364 2996 manus,
3393 2945 3546 2986 suam
3567 2948 3795 3001 operam

2204 3015 2556 3086 pollicentur;
2609 3033 2923 3088 regemque,
2964 3020 3286 3089 ubicumque
3315 3020 3532 3076 fortuna
3572 3030 3800 3091 oportu-

2198 3098 2332 3161 num
2355 3107 2594 3175 fecisset,
2624 3107 2933 3165 interficere
2962 3111 3314 3165 constituunt.
3343 3110 3618 3180 Perculsis
3646 3120 3795 3167 metu

2201 3197 2497 3264 omnibus,
2558 3199 2756 3269 quibus
2824 3214 3006 3254 rerum
3079 3199 3418 3271 publicarum
3483 3200 3797 3256 sollicitudo

2201 3289 2379 3360 aliqua
2403 3299 2543 3356 erat,
2568 3302 2623 3346 et
2645 3306 2973 3361 magnopere
3001 3293 3223 3347 intentis
3258 3295 3325 3348 ad
3349 3295 3644 3348 sedandam
3678 3307 3799 3348 tur-

2200 3383 2325 3437 bam
2360 3399 2481 3453 qua:
2528 3384 2826 3450 oriebatur,
2856 3384 3057 3455 placuit
3096 3401 3276 3454 regem
3319 3387 3473 3441 ocius
3515 3385 3570 3440 in
3620 3386 3798 3441 Saxo.

2200 3473 2346 3527 niam
2369 3474 2577 3537 venire,
2601 3483 2656 3528 et
2685 3474 3012 3544 periclitanti
3038 3475 3114 3530 rei
3138 3476 3386 3545 publicae,
3417 3492 3633 3546 quaqua
3666 3491 3795 3545 pos-

2201 3572 2288 3617 set
2317 3562 2384 3594 ¹⁹⁰
2409 3565 2643 3625 ratione,
2677 3563 2984 3618 consulere.
3012 3564 3202 3634 itaque
3263 3565 3605 3619 nativitatem
3663 3581 3794 3619 san-

2201 3664 2410 3709 ctorum
2441 3656 2806 3727 apostolorum
2842 3654 2989 3721 Petri
3037 3665 3094 3710 et
3130 3656 3277 3710 Pauli
3324 3655 3677 3729 Mersenburg
3722 3654 3795 3689 ¹⁹¹

2200 3748 2573 3805 celebraturus
2605 3749 2674 3781 ¹⁹¹
2703 3759 2844 3805 erat.
2896 3749 2991 3812 Eo,
3025 3751 3279 3820 quicquid
3322 3752 3627 3822 principum
3671 3762 3795 3805 erat

2202 3840 2255 3893 in
2288 3839 2550 3905 Saxonia,
2577 3842 2643 3895 ad
2667 3840 2994 3910 colloquium
3021 3843 3239 3896 evocari
3271 3843 3433 3911 jussit
3476 3842 3628 3911 (Jun.
3671 3842 3790 3912 29).

2181 3930 2319 4015 'Quo
2350 3934 2474 3987 dum
2506 3943 2810 4001 pergerent,
2872 3947 2971 4001 pro
3020 3948 3114 3987 sua
3164 3932 3359 4002 singuli
3406 3933 3557 4003 copia
3589 3949 3789 4003 magna

2200 4022 2431 4087 militum
2483 4037 2642 4073 tuantt
2691 4021 2922 4088 stipati,
2970 4020 3196 4090 contigit
3243 4031 3299 4074 ttt
3340 4019 3485 4074 Bruti
3526 4030 3583 4075 et
3625 4022 3797 4092 ligge-

2199 4113 2400 4168 berdus
2428 4113 2520 4178 ‘9',
2566 4113 2837 4182 patrueles
2868 4114 3031 4180 regis,
3060 4129 3189 4168 casu
3223 4114 3521 4168 inciderent
3567 4114 3620 4168 in
3652 4115 3795 4167 mul-

2203 4204 2484 4257 titudinrm
2519 4203 2756 4272 praedicti
2809 4201 3043 4268 Ottnnis,
3098 4204 3417 4273 conglobate
3460 4204 3675 4273 agmine
3722 4204 3791 4258 ad

506 4291 681 4362 plebis
702 4292 963 4373 Romana:
985 4303 1124 4363 erat,
1172 4311 1282 4351 uno
1323 4296 1528 4363 animo,
1573 4298 1690 4367 pari
1719 4298 2018 4373 voluntate,
2045 4298 2098 4352 itt
2132 4308 2177 4366 ι)
2204 4303 2415 4349 curtem
2444 4290 2515 4323 ‘9‘
2545 4291 2747 4363 regiam
2778 4292 3191 4362 proficiscentis.
3223 4292 3287 4346 lli
3330 4302 3528 4363 praeter
3566 4306 3789 4348 causam

1791 4405 2025 4460 VARUE
2067 4402 2474 4460 LECTIONES.

583 4495 651 4528 ⁸⁸⁸
679 4496 1001 4552 obcubuisse
1038 4498 1090 4550 1.
1168 4497 1234 4529 ¹⁶¹
1272 4498 1532 4552 modestia
1560 4497 1615 4551 4.
1694 4498 1761 4558 Ψ
1789 4498 1930 4551 deest
1959 4497 2013 4551 4.

517 4566 569 4620 lt
620 4565 701 4638 lh.
753 4565 1065 4638 }o{i.:nae
1117 4567 1725 4638 inn.i.tn.abi(?)lln

521 4636 587 4670 ’τ’
631 4637 682 4689 5.
740 4635 794 4689 4.
820 4635 872 4689 5.
912 4638 1156 4693 addunt:
1191 4635 1556 4691 lierimannus
1585 4668 1656 4678 -—
1690 4636 1953 4692 successit

515 4706 585 4776 ’ff'
612 4704 728 4776 Udo
766 4722 940 4758 omnes
1016 4706 1556 4776 “consanguinitati
1580 4708 1635 4761 5.

515 4773 584 4808 ⁸⁷³
608 4774 647 4828 f.
678 4791 730 4830 e.
758 4777 943 4846 desunt
969 4776 1023 4831 4.
1099 4776 1166 4807 ¹⁸⁴
1196 4773 1460 4846 ψιιίάεεει
1493 4777 1546 4829 4.
1629 4778 1693 4808 ¹⁸¹
1727 4778 1796 4832 de
1819 4778 1872 4831 lt.
1898 4792 1944 4831 s.
1977 4778 2031 4832 5.

516 4860 603 4900 tur
632 4847 683 4899 1.
759 4843 827 4876 ⁸⁸⁸
846 4843 1315 4901 exhortationibus
1333 4846 1386 4899 5.

512 4916 650 4986 burg
678 4917 722 4969 1.
801 4914 869 4949 ¹⁹¹
895 4933 943 4971 c.
981 4932 1035 4971 e.
1062 4914 1133 4969 Μ.
1164 4917 1219 4970 5.

2094 4497 2163 4528 ⁸⁸³
2191 4495 2577 4566 aquilegieusis
2608 4494 2657 4547 1.

1815 4568 1883 4599 ³⁸⁸
1913 4569 2052 4621 deest
2081 4569 2137 4622 5.
2187 4568 2275 4619 ubi
2324 4566 2623 4634 dignitatis.

1986 4653 2231 4708 quaasur

1718 4708 1785 4739 ¹⁷⁸
1816 4704 2059 4762 eiusth
2090 4707 2141 4758 5.
2174 4706 2227 4759 4.
2258 4706 2315 4759 5.
2392 4704 2462 4736 ³⁷⁸
2483 4705 2707 4759 Cassitto
2735 4706 2787 4756 5.

2111 4776 2179 4807 ¹⁸²
2210 4791 2239 4829 a
2268 4776 2323 4829 5.
2399 4774 2467 4807 ¹⁸³
2497 4776 2745 4829 Sclavica
2783 4776 2833 4827 1.
2865 4776 2948 4829 11).

1467 4847 1533 4879 ¹⁸⁷
1563 4848 1858 4902 marcltiam
1901 4848 1955 4901 5.
1983 4847 2036 4901 5.
2114 4846 2182 4878 ¹⁸⁸
2206 4844 2349 4898 Lilli
2373 4843 2428 4898 6.

1300 4915 1366 4949 ³⁸³
1392 4910 1655 4972 Ecbertus
1683 4917 1980 4988 Egebertus
2014 4916 2066 4968 5.
2095 4927 2143 4970 et
2166 4919 2239 4969 ita
2268 4916 2430 4984 infra.

2737 4493 2806 4526 ⁸⁸⁵
2842 4503 2967 4564 etp.
3002 4498 3052 4549 1.
3106 4494 3249 4549 5?et
3278 4511 3329 4565 p.
3367 4495 3402 4548 i.
3435 4495 3791 4553 Gebehardﬂs

2702 4564 2768 4607 ‘97
2795 4567 3046 4619 omnibus
3065 4566 3118 4619 5.
3199 4564 3562 4620 '“i-uuradns
3586 4582 3786 4621 omnes.

2971 4636 3035 4665 ¹⁷²
3068 4639 3204 4690 deest
3236 4635 3290 4689 4.
3323 4634 3377 4689 5.

2867 4705 2930 4736 ⁸⁷⁷
2947 4723 3166 4772 ηιμιηιηι
3189 4707 3241 4760 5.
3266 4706 3317 4759 5.

2240 4652 2318 4688 ra.
2409 4634 2478 4666 m
2533 4636 2785 4704 arclticps
2809 4635 2862 4688 4.
2971 4636 3035 4665 ¹⁷²
3068 4639 3204 4690 deest
3236 4635 3290 4689 4.
3323 4634 3377 4689 5.
3479 4637 3546 4669 ³⁷⁸
3584 4652 3712 4705 rege
3734 4640 3788 4693 5.

2258 4706 2315 4759 5.
2392 4704 2462 4736 ⁸⁷⁸
2483 4705 2707 4759 Cassiuo
2735 4706 2787 4756 5.
2867 4705 3166 4759 "’rceinnn
3189 4707 3241 4759 5.
3266 4706 3317 4759 5.
3398 4705 3466 4738 ¹⁷⁸
3492 4707 3593 4759 lito
3614 4725 3788 4759 annm

3514 4724 3593 4761 JIU
3614 4725 3793 4762 0mm:

3027 4729 3166 4769 pium
3189 4729 3241 4760 ί).
3266 4729 3317 4759 ἱ)-
3399 4729 3466 4738 -·-
3492 4729 3593 4761 υιυ
3614 4729 3793 4763 autne:

3027 4775 3094 4848 ‘_“
3123 4776 3323 4848 ingenii
3346 4777 3427 4848 5.
3495 4776 3564 4810 ³⁸⁸
3589 4779 3795 4848 git-cipi-

2507 4842 2572 4915 Ψ
2601 4846 2829 4913 εῐυίεψιθ
2856 4847 2907 4899 1ο
2984 4845 3052 4876 ¹⁹⁰
3074 4842 3235 4915 posse
3260 4845 3316 4900 ι.
3415 4846 3479 4882 ¹⁸¹
3506 4849 3560 4903 in
3584 4842 3793 4905 Eusen-

2509 4913 2577 4945 ’”
2604 4926 2757 4968 curtc
2782 4915 2836 4968 5.

2024 5006 2254 5061 NOTAE.

586 5121 735 5166 (13m
776 5122 975 5166 ﬁnibus
1005 5122 1142 5166 farm
1170 5138 1297 5166 anns
1327 5130 1459 5166 (mf.
1489 5118 1599 5166 "ac
1637 5118 1862 5166 formula
1888 5119 2098 5166 «licendi

2280 5116 2428 5166 (1501
2465 5116 2550 5166 Cf-
2578 5121 2720 5166 Ann.
2756 5116 3023 5166 Saxonum
3048 5119 3186 5166 ἣκει.
