4076 5310
238 242 375 300 1009

1479 236 1817 294 ANNALES.
1856 264 1925 277 --
1961 233 2073 290 AN.
2116 231 2256 289 1062

3357 205 3495 283 {ore

234 369 337 424 per
377 351 592 407 diversa
632 346 961 405 monasteria
1003 348 1250 420 privatus
1293 349 1364 381 '”
1401 347 1514 419 jam
1557 357 1815 419 exegerat
1843 353 1893 411 Α
1920 357 2065 409 runt,
2123 353 2288 415 atque
2338 343 2602 399 infinitam
2634 329 3067 399 ~multitudinem
3132 343 3495 412 Ungarionnn

240 456 447 505 annos,
480 439 795 494 Burcliardo
830 440 1086 510 episcopo
1117 441 1380 496 successit
1408 441 1587 496 Bucco
1608 442 1680 473 ’⁵⁵
1705 442 1817 497 Go-

234 527 512 583 slariensis
522 527 841 596 praepositus
854 528 900 598 (1
911 527 1023 598 55).
1039 527 1139 595 Qui
1152 530 1498 598 pracessoris
1510 530 1590 584 sui
1610 530 1818 585 recenti

234 620 415 673 adhuc
432 618 599 672 exitio
621 634 720 672 con
729 620 972 682 territus,
990 620 1058 674 ab
1075 618 1422 675 iufestatione
1436 620 1818 677 Herveldensis

234 709 552 764 monasterii
567 709 921 777 temperabat.
938 708 1242 765 Minabatur
1264 719 1442 766 tamen
1465 713 1815 781 plerumque,

232 814 430 870 magna
454 813 513 853 se
539 798 839 862 facturum;
881 799 976 853 sed
1020 799 1160 854 ultra
1189 802 1353 855 verba
1389 816 1495 855 non
1528 802 1812 870 processit.

308 888 605 960 Liupoldus
646 888 716 921 ’⁸⁵
761 889 1204 959 archiepiscopus
1253 891 1598 961 Mogontinus
1644 891 1718 923 ”'
1756 892 1813 945 7.

230 979 358 1035 ldus
423 979 738 1035 Decembris
810 982 975 1044 obiit,
1038 980 1239 1035 relicto
1302 981 1355 1035 in
1422 981 1815 1036 monimentum

234 1071 320 1125 sui
345 1072 674 1126 monasterio
716 1073 890 1127 sancti
932 1071 1143 1139 Jacobi,
1168 1073 1313 1143 quod
1344 1075 1579 1145 pr0priis
1607 1090 1819 1144 impen-

234 1161 314 1217 sis
341 1173 661 1218 extruxerat
681 1163 969 1234 Moguntina
988 1164 1125 1219 foris
1155 1181 1368 1219 murum
1416 1166 1469 1221 in
1509 1150 1692 1221 monte
1722 1164 1817 1235 qui

230 1255 436 1310 dicitur
466 1244 760 1326 Speciosus
785 1256 957 1326 (l56).
982 1256 1081 1312 Cui
1122 1258 1388 1313 successit
1418 1256 1569 1328 (157)
1594 1256 1815 1327 Sigefri-

229 1343 335 1398 dus
373 1344 542 1399 abbas
586 1344 870 1400 Fuldensis
900 1347 1014 1416 (an.
1050 1346 1210 1413 1060,
1261 1346 1386 1401 Jan.
1427 1347 1503 1417 6).
1528 1347 1817 1402 Abbatiam

230 1449 363 1490 vero
401 1435 472 1467 ³⁸⁷
523 1434 850 1492 Wideradus
875 1438 1115 1493 obtinuit
1162 1439 1257 1503 ³³⁸,
1295 1439 1536 1508 ejusdem
1578 1439 1815 1496 ctenobii

230 1527 550 1594 monachus,
573 1527 813 1597 ejusdem
835 1544 1050 1600 quoque
1068 1530 1285 1586 familiae
1301 1530 1583 1586 oriundus.
1650 1561 1661 1571 -

939 1620 1106 1675 MLX.

1919 444 2288 504 peremerunt.
2327 434 2531 490 Deinde
2557 450 2680 490 cum
2707 451 2775 490 ex
2813 434 2883 467 '"
2921 436 3068 490 omni
3094 444 3248 505 parte
3271 436 3493 506 Ungarii

1918 527 1987 581 ad
2012 526 2295 581 ferendum
2319 527 2434 581 suis
2461 524 2724 582 auxilium
2745 526 3059 597 frequentes
3080 526 3491 591 conﬂuxissent,

1918 619 2166 673 videntes
2213 619 2364 673 missi
2420 620 2584 688 regis,
2619 628 2784 675 tanta:
2817 620 3146 675 multitudini
3175 636 3234 675 se
3268 636 3495 677 numero

1917 715 1973 762 et
2008 707 2213 761 viribus
2251 708 2489 777 impares
2526 722 2675 772 esse,
2721 708 2917 765 finibus
2952 710 3187 763 hostium
3230 709 3496 766 excedere

1917 795 2192 849 volebant.
2214 794 2415 850 Verum
2436 796 2511 850 illi
2537 796 2656 851 loca
2677 798 2884 863 omnia,
2911 812 3010 867 per
3030 814 3151 867 quae
3172 800 3352 855 exitus
3370 812 3497 857 esse

1917 894 2167 955 poterant
2190 885 2284 950 ⁸⁸⁸,
2309 886 2682 953 occluserunt,
2721 898 2831 943 tum
2865 905 2936 945 ne
2965 890 3095 959 quid
3122 890 3230 947 cibi
3274 899 3369 947 aut
3395 905 3496 963 po-

1920 987 2008 1032 tus
2034 978 2087 1031 iu
2115 978 2185 1009 ²⁶⁹
2215 978 2304 1032 via
2342 980 2697 1047 reperiretur,
2729 980 3099 1047 providerant.
3134 979 3383 1052 Cumque
3409 982 3498 1039 in-

1919 1067 2366 1135 superabeuntes
2403 1068 2597 1123 crebra
2625 1067 2935 1123 incursione
2960 1067 3305 1133 infestarent,
3333 1077 3387 1126 et
3417 1069 3495 1127 illi

1917 1170 2135 1225 semper
2194 1158 2495 1228 periculum
2555 1159 2758 1213 virtute
2809 1159 3209 1229 propulsantes,
3268 1176 3492 1231 magnas

1918 1249 2158 1304 hostium
2206 1261 2420 1320 strages
2483 1249 2699 1314 darent,
2760 1249 2978 1303 tandem
3045 1251 3297 1307 diuturna
3346 1253 3497 1309 caede

1916 1343 2201 1397 exhaustis
2251 1343 2482 1407 viribus,
2533 1341 2784 1398 Andreas
2830 1354 2973 1409 equo
3022 1342 3163 1397 forte
3203 1357 3491 1408 excussus,

1916 1437 2275 1507 pugnantium
2310 1438 2539 1507 pedibus
2562 1444 2648 1492 est
2674 1435 3057 1502 conculcatus;
3078 1437 3366 1508 episcopus
3409 1452 3496 1494 ξ..-

1916 1526 2070 1599 ptus,
2095 1527 2339 1583 marchio
2359 1527 2503 1582 fame
2537 1529 2710 1598 magis
2751 1542 2912 1597 quam
2952 1528 3093 1583 ferro
3129 1540 3494 1601 expugnatus,

1915 1632 1977 1673 se
1997 1619 2235 1684 dedidit;
2267 1618 2423 1687 cujus
2449 1620 2623 1674 virtus
2653 1627 2814 1674 tantae
2837 1619 3178 1675 admirationi
3207 1624 3348 1693 apud
3372 1624 3498 1679 bar-

306 1709 423 1765 Rex
471 1712 809 1767 nativitatem
868 1713 1080 1768 Doniini
1130 1715 1457 1772 Ψοηηειοίω
1484 1716 1635 1788 (158)
1672 1716 1815 1772 cete.
1841 1697 1889 1756 Β
1916 1708 2079 1764 baros
2105 1708 2226 1775 fuit,
2252 1707 2481 1773 utJoas,
2509 1709 2654 1765 illius
2678 1709 2839 1777 Belis,
2875 1725 2976 1781 pro
3003 1711 3147 1768 illius
3177 1722 3289 1768 tuin
3314 1716 3497 1785 gentis

236 1798 435 1854 bravii.
468 1801 570 1857 Ubi
602 1812 660 1857 et
686 1802 911 1857 sinodus
941 1803 1143 1859 indicta
1171 1804 1367 1861 fuerat.
1407 1805 1516 1863 Sed
1542 1822 1814 1862 excusan-

236 1889 384 1945 tibus
430 1907 487 1945 sc
534 1893 603 1925 ²⁵⁹
648 1908 746 1964 per
777 1894 1152 1950 infirmitatem
1187 1906 1240 1951 et
1270 1898 1664 1966 pestilentiam,
1692 1915 1813 1968 qua:

237 1988 368 2037 tunc
396 1986 652 2055 temporis
684 1986 1036 2041 vehementer
1060 1989 1410 2058 grassabatur
1438 1990 1491 2046 in
1518 1991 1713 2058 Gallia,
1742 1992 1813 2047 ad

234 2072 488 2129 eﬂ‘cctum
516 2092 621 2130 non
661 2078 927 2145 pervenit.

309 2164 471 2220 Sizzo
488 2166 555 2198 “°
572 2166 864 2225 Verdensis
882 2169 1171 2240 episcopus
1193 2173 1357 2239 obiit;
1379 2175 1464 2229 cui
1484 2175 1813 2231 Richbertus

231 2256 526 2310 successit.
547 2254 899 2335 Gebehardus
918 2260 1327 2331 Ratisponensis
1350 2264 1634 2333 cpiscopus
1653 2264 1807 2331 obiit;

231 2343 326 2397 cui
364 2344 493 2400 Otto
528 2349 810 2404 successit.
862 2350 1180 2407 Counradus
1228 2354 1307 2417 ,ευ
1370 2354 1645 2424 Spirensis
1698 2356 1812 2426 epi-

232 2449 438 2507 scopus
478 2438 546 2472 ³⁶³
574 2442 708 2496 obiit
736 2442 838 2474 ¹⁶³ο
880 2445 965 2500 cui
999 2445 1224 2501 Einhart
1242 2429 1526 2503 successit.

929 2535 1117 2592 MLXL

302 2618 548 2676 Andreas
576 2638 671 2677 rex
693 2621 1056 2695 Ungariorum
1077 2628 1267 2684 videns
1295 2627 1504 2694 Belem,
1539 2630 1810 2699 quendam

204 2708 592 2778 propinquum
646 2727 802 2767 suum
868 2715 1037 2787 (l59),
1109 2733 1333 2786 regnum
1398 2718 1685 2785 affectare,
1756 2728 1812 2776 et

241 2794 510 2865 [Iugarius
538 2814 567 2852 a
619 2817 677 2855 se
701 2802 964 2870 paulatim
1017 2806 1084 2859 ad
1118 2822 1242 2861 eum
1290 2807 1542 2872 deiicere,
1586 2824 1810 2863 uxorein

232 2898 387 2939 suam
426 2896 482 2941 et
522 2888 689 2946 lilium
738 2894 1106 2960 Salomonem,
1148 2898 1236 2952 cui
1286 2899 1591 2969 imperator
1636 2900 1843 2957 ﬁliam.

237 2989 397 3028 suam
433 2977 598 3048 {460),
620 2984 843 3050 parvulo
868 2986 1144 3054 parvulam
1169 2988 1258 3053 ⁸⁸⁸,
1281 2991 1658 3059 desponderat,
1687 3007 1809 3059 cum
1839 3024 1845 3059 ;

233 3065 421 3121 multis
484 3070 679 3138 opibus
722 3074 790 3128 ad
848 3090 1028 3147 regem
1101 3076 1416 3134 Heinricum
1483 3082 1806 3147 transmisit,

235 3164 447 3223 petens,
471 3168 529 3213 ut
552 3168 607 3214 et
630 3162 737 3217 sibi
754 3165 921 3220 misso
938 3169 1180 3223 exercitu
1220 3170 1551 3235 subveniret,
1580 3180 1637 3225 et
1660 3187 1808 3238 suos,

236 3248 410 3302 donec
450 3249 610 3306 rebus
643 3255 1003 3324 tranquillitas
1038 3259 1375 3328 redderetur,
1409 3269 1669 3316 servaret.
1696 3261 1811 3316 Rex

235 3336 637 3397 Willihclmum
679 3345 750 3377 ³⁸⁸
782 3349 1153 3405 marcbiunem
1197 3350 1600 3422 Thuringurum
1630 3362 1684 3405 et
1706 3351 1813 3423 Ep-

234 3444 434 3498 ponem
461 3431 785 3491 Citiccnsem
827 3438 1138 3510 episcopum
1162 3456 1286 3497 cum
1329 3442 1465 3497 duce
1485 3442 1810 3497 Boemorum

231 3527 293 3573 et
313 3523 557 3577 exercitu
598 3524 881 3594 Bajoarico
933 3528 1062 3584 illuc
1116 3530 1284 3599 misit.
1333 3530 1442 3586 Sed
1479 3531 1722 3587 marcbio
1755 3540 1812 3587 et

234 3613 525 3686 episcopus
571 3620 781 3688 priores
842 3619 1135 3691 Ungariam
1176 3624 1440 3693 ingressi,
1487 3640 1594 3679 non
1648 3639 1812 3694 expe-

232 3709 382 3759 ctato
411 3705 480 3769 '9‘
504 3705 644 3765 duce
672 3708 1019 3778 Boemorum,
1068 3726 1194 3767 cum
1213 3710 1338 3767 Bele
1369 3713 1523 3785 signa
1560 3714 1813 3772 contule-
1848 3754 1851 3757 -

1916 1800 1983 1831 m
2006 1800 2248 1856 moribus
2278 1801 2411 1855 haut
2439 1801 2740 1871 desperata:
2763 1801 2958 1857 indolis
2987 1802 3324 1868 adolescens,
3348 1806 3495 1861 ultro

1914 1899 2123 1961 patrem
2148 1900 2420 1957 exoraret,
2465 1906 2572 1946 non
2612 1892 2773 1947 modo
2802 1903 2863 1947 ut
2890 1908 3013 1947 cum
3036 1892 3159 1963 jure
3192 1896 3315 1949 belli
3350 1898 3495 1952 inta-

1912 1991 2061 2037 ctum
2090 1981 2313 2047 sineret,
2362 1981 2455 2035 sed
2490 1982 2653 2035 etiam
2691 1990 2751 2036 ut
2781 1981 3039 2038 afﬁnitate
3085 1984 3185 2039 sibi
3220 1983 3496 2054 jungcret,

1914 2073 2239 2142 desponsata
2263 2073 2310 2127 ei
2341 2070 2450 2125 lilia
2473 2087 2593 2137 sua,
2618 2087 2807 2128 sorore
2831 2075 2901 2107 ²⁷ί
2922 2072 3111 2130 Joiade
3139 2076 3210 2107 ""
3233 2077 3404 2147 (161).

1984 2161 2307 2231 lmperatrix
2337 2162 2595 2217 ducatum
2618 2162 2898 2234 Bajoariaa,
2927 2179 3087 2233 quem
3116 2174 3238 2235 post
3264 2162 3495 2223 mortem

1913 2250 2186 2307 Counradi
2208 2251 2280 2284 ³⁷³
2304 2250 2398 2307 ﬁlii
2422 2253 2505 2306 sui
2529 2267 2700 2323 usque
2720 2254 2787 2308 ad
2812 2253 2865 2308 id
2895 2261 3102 2324 tempus
3124 2270 3221 2325 per
3242 2271 3301 2311 se
3322 2257 3495 2327 ipsam

1914 2343 2407 2409 administraverat,
2440 2342 2624 2399 Ottoni
2654 2344 2801 2399 dedit
2840 2343 3013 2416 (162),
3042 2345 3232 2403 videns
3257 2362 3381 2403 eum
3407 2349 3494 2404 vi-

1914 2448 2035 2489 rum
2084 2433 2413 2489 industrium
2452 2442 2511 2489 et
2550 2431 2809 2503 juvandis
2856 2436 3010 2508 regni
3044 2438 3292 2509 negociis
3349 2441 3488 2498 satis

1912 2530 2262 2595 oportunum.

1984 2615 2291 2680 Heinricus,
2316 2632 2499 2674 comes
2531 2618 2603 2652 ³⁷⁸
2633 2620 2903 2689 palatinus
2934 2620 3336 2688 Luthariorum,
3366 2637 3498 2681 uxo-

1914 2720 2029 2761 rem
2060 2721 2212 2779 suam
2246 2707 2394 2779 (165)
2421 2724 2579 2762 manu
2609 2710 2824 2779 propria
2850 2710 3145 2774 interfecit,
3181 2722 3235 2767 et
3268 2713 3349 2769 sic
3375 2720 3495 2769 tan-

1913 2798 2033 2852 dem
2054 2798 2327 2868 publicata
2355 2798 2655 2854 evidentius
2674 2800 3020 2865 infestatione
3041 2802 3304 2871 demonis,
3318 2819 3494 2874 quam

1914 2888 2003 2943 diu
2058 2888 2526 2955 dissimulaverat,
2590 2890 2793 2945 missus
2850 2900 2937 2946 est
2986 2892 3038 2946 in
3098 2895 3492 2951 monasterium

1914 2979 2287 3035 El‘dernachen
2338 2981 2409 3037 ’7⁸
2449 2981 2624 3053 (164),
2678 2981 2860 3051 ibique
2905 2982 3156 3039 diuturna
3208 2986 3496 3043 vexatione

1916 3079 2271 3141 consumptus
2301 3071 2527 3127 interiit.

2599 3161 2807 3217 MLXII.
2856 3182 2863 3223 ἶ

1986 3250 2350 3308 Willihelmus
2370 3253 2441 3284 '"
2471 3252 2719 3307 marcliio
2753 3266 3009 3307 reversus
3039 3253 3092 3307 in
3116 3253 3493 3328 Tlmringiam,

1916 3342 2043 3398 dum
2091 3342 2270 3397 redire
2320 3342 2376 3395 in
2426 3341 2720 3413 Ungariam
2759 3349 2814 3395 et
2857 3357 3113 3411 sponsam
3165 3359 3316 3400 suam
3367 3363 3493 3404 cum

1916 3448 2110 3504 magna
2138 3448 2302 3503 opum
2325 3448 2547 3488 suarum
2570 3433 2933 3489 ostentatione
2961 3435 3232 3492 adducere
3253 3450 3493 3508 pararet,

1916 3525 2058 3581 inter
2096 3525 2334 3581 eundum
2380 3526 2615 3580 secunda
2655 3526 2937 3580 mansione
2985 3527 3496 3602 inorbocorreptus

1915 3621 2071 3676 obiit.
2096 3619 2375 3691 Sponsam.
2390 3619 2506 3689 ejus
2528 3618 2849 3675 Oudalricus
2870 3621 2939 3652 ’τ’
2978 3615 3223 3677 marchio
3244 3622 3494 3680 Carenti-

1915 3727 2129 3778 norum,
2153 3721 2416 3783 cognatus
2435 3713 2573 3783 ejus,
2597 3712 2836 3782 accepit;
2860 3712 3136 3768 marcham
3154 3713 3300 3782 Otto,
3326 3715 3497 3773 frater

1519 3847 1751 3906 vanum
1785 3849 2165 3931 LECTl'ONES

304 3934 378 3967 ³⁸³
401 3932 676 4008 deestjam
704 3949 821 4008 post
859 3941 1041 3995 aadil‘o
1079 3966 1134 3995 ο.
1220 3941 1290 3974 ⁸³⁸
1316 3942 1492 3998 Burco
1536 3945 1589 3998 4.
1627 3945 1678 3997 5.

1780 3944 1851 3977 ιη
1890 3925 2184 4017 Luipolilus
2220 3943 2284 4017 (2)
2308 3942 2395 3998 ab.
2434 3920 2709 4017 minus
2735 3941 2786 3995 ι.
2823 3940 2877 3994 5.
2908 3940 2963 4017 4.
3004 3940 3058 4017 5,
3153 3942 3247 4017 ’καί
3272 3957 3501 4017 mogun-

236 4003 386 4084 tinns
494 4003 744 4084 swm_us.'_
783 4010 851 4042 ³⁵⁷
876 4011 1125 4084 deestik
1162 4011 1258 4084 71"“
1282 4014 1518 4084 optinuit
1541 4016 1630 4069 2b.
1658 4016 1711 4068 4.
1753 4015 1805 4069 5.
1837 4003 2046 4084 sa'piu's.
2080 4013 2185 4069 Sed
2213 4003 2527 4083 plcrumque'
2542 4013 2663 4066 libri
2696 4011 3185 4084 indiinscriptihcum
3216 4008 3266 4084 1.
3298 4003 3496 4084 [inirent

231 4076 468 4150 obtinui,
490 4081 630 4146 quod
648 4079 975 4150 retinendum
1000 4082 1128 4135 duxi
1150 4082 1288 4150 (W.)

232 4143 302 4176 ’⁸³
334 4143 604 4200 cunradus
662 4149 713 4202 1.
764 4152 817 4204 5.

232 4212 306 4245 su
341 4215 559 4245 nonan-alr:
593 4216 621 4245 κ
676 4242 679 4245 .
720 4219 789 4245 ηις

232 4283 291 4337 5.
321 4284 531 4362 “main
566 4287 667 4362 via
689 4288 874 4342 desunt
903 4291 957 4343 4.
1033 4291 1102 4323 ³⁷⁸
1131 4292 1170 4345 i.
1204 4295 1468 4362 turgentis
1501 4295 1552 4348 4.
1587 4311 1710 4347 cuin

234 4354 352 4427 radi
383 4354 499 4427 rei].
536 4400 578 4427 ._
610 4357 678 4427 ⁸7⁸
717 4375 765 4412 c.
800 4374 851 4427 p.
882 4376 1020 4413 corr.

235 4422 306 4455 ³⁷⁷
334 4424 409 4479 ita
432 4422 524 4478 2b.
550 4424 607 4480 4.
634 4426 687 4483 5.
723 4422 904 4485 υιιύιικ
936 4430 987 4484 1.
1028 4422 1083 4484 3.
1115 4422 1336 4503 semper:

1362 4083 1496 4163 “iii
1519 4087 1719 4163 quibus
1745 4079 1951 4163 indicta
1968 4094 2089 4139 erat
2104 4079 2232 4163 add.
2333 4085 2602 4163 episcopis
2623 4080 2883 4163 suppl..“i._
2953 4080 3023 4163 ’ξ’
3046 4079 3187 4136 Sitto
3218 4082 3261 4134 l.
3290 4081 3416 4163 εἰῑο

878 4151 946 4205 5?
974 4151 1242 4221 conradus
1267 4152 1321 4206 4.
1340 4154 1369 4221 7‘
1398 4153 1468 4185 ’δ’
1495 4151 1635 4209 deest
1664 4155 1720 4209 4.
1752 4156 1807 4210 5.
1884 4155 1953 4186 ’⁸³
1983 4156 2232 4221 moritur.
2258 4155 2310 4208 in
2342 4151 2497 4220 cujus
2522 4151 2731 4221 locum
2767 4151 3025 4221 Einhart
3043 4160 3391 4221 promovetur
3439 4154 3492 4209 1.

341 4215 562 4284 parvula
591 4216 643 4270 5.
676 4242 679 4245 ν
720 4219 789 4250 ’⁸³
823 4215 1214 4275 Vuilehelnium
1248 4222 1299 4275 l.
1339 4220 1739 4278 Willchelinum
1780 4224 1869 4279 2b.
1895 4225 1949 4279 '5.
1989 4216 1993 4221 ’
2034 4225 2102 4256 ³⁸⁸
2141 4234 2366 4291 expecto
2391 4215 2445 4275 4.
2545 4222 2613 4253 ’⁸⁷
2652 4222 2684 4275 d

368 4284 455 4323 ’⁸⁸η
477 4286 531 4339 in
566 4287 652 4339 via
689 4288 874 4342 desunt
903 4291 957 4343 4.
1033 4291 1102 4323 ³⁷⁸
1131 4292 1170 4345 i.
1204 4295 1468 4347 tumentis
1501 4295 1552 4347 4.
1587 4311 1710 4347 cuni
1755 4311 1808 4347 ε.
1836 4296 1886 4347 1.
1962 4291 2030 4325 ³⁷⁸
2059 4294 2197 4347 deest
2220 4292 2275 4345 4.
2352 4294 2420 4324 ²⁷²
2444 4292 2623 4347 ioiada
2653 4294 2684 4344 6

1052 4296 1102 4323 πο
1131 4296 1170 4345 i.
1204 4296 1468 4362 turgentis
1501 4296 1552 4348 4.
1587 4311 1710 4347 cuin
1755 4311 1808 4363 g.

1052 4375 1105 4428 p.
1132 4376 1180 4414 c.
1211 4360 1267 4414 4.
1311 4376 1364 4429 p.
1394 4380 1443 4420 c.
1488 4367 1538 4420 1.
1584 4365 1653 4421 5?
1684 4365 1754 4397 ³⁷⁸
1781 4365 1815 4420 Ε

1962 4296 2030 4325 ³⁷³
2059 4296 2197 4347 deest
2220 4296 2275 4345 4.
2352 4296 2420 4324 ²⁷²
2440 4296 2623 4361 joiada
2653 4296 2706 4344 6.
2808 4296 2877 4321 ³⁷³
2908 4296 3167 4341 cuonradi
3198 4296 3253 4344 4.
3283 4296 3333 4343 5.
3363 4307 3494 4347 cun-

1915 4365 2169 4419 :ruachcu
2197 4363 2249 4417 ὅ.
2291 4362 2343 4417 4.
2378 4363 2433 4418 5.
2543 4360 2614 4394 ³⁷⁸
2648 4362 2724 4415 ita
2747 4360 2799 4414 '5.
2834 4359 2889 4414 4.
2922 4356 2976 4412 5.
3004 4357 3379 4418 Willehelmus
3403 4360 3495 4421 2⁵.

2545 4222 2613 4253 ’⁸⁷
2652 4220 2791 4275 deest
2823 4218 2913 4272 ‘25.
3011 4218 3081 4250 ⁸⁸⁸
3111 4218 3324 4288 poterat
3353 4222 3403 4274 1.
3436 4223 3493 4278 5.

2808 4290 2877 4321 ³⁷³
2908 4289 3167 4341 cuonradi
3198 4290 3253 4344 4.
3283 4290 3333 4343 5.
3363 4307 3494 4347 cun-

1744 4541 1975 4599 NOTIE.

308 4639 456 4711 (155)
496 4641 729 4696 Lcnzius
759 4641 811 4696 in
835 4639 974 4695 llist.
1008 4639 1347 4711 Halberstad.
1379 4655 1432 4710 p.
1467 4637 1557 4711 4_i,
1603 4637 1813 4711 dubitat
1845 4644 1890 4700 υ
1924 4707 1938 4711 _
1989 4637 2136 4708 (159)
2174 4636 2420 4711 Latuisse
2438 4636 2651 4711 videtur
2668 4638 3040 4711 Lambcrtum,
3064 4641 3241 4711 Belem
3264 4644 3509 4704 Androm

232 4726 302 4788 an
343 4707 521 4788 Bucco
556 4713 705 4788 prius
741 4711 1099 4788 Gnslarieusis
1128 4707 1447 4788 prmposit'uﬁs
1474 4707 1666 4788 fuerit,
1710 4709 1808 4788 sed

234 4729 302 4763 un
343 4729 518 4765 uuccu
556 4729 705 4780 prius
741 4729 1099 4767 unsrarneusrs
1164 4729 1447 4780 rteposuus
1484 4729 1666 4770 ruerit,
1712 4729 1805 4762 seu

234 4780 351 4851 hinc
379 4795 467 4834 res
492 4782 662 4836 firmis
685 4783 1019 4851 argumentis
1041 4729 1316 4851 staﬁilitur
1344 4795 1375 4834 a
1398 4777 1546 4833 Delio
1574 4777 1680 4849 (ap.
1709 4776 1805 4833 Le-

232 4849 659 4919 debtirArcliiv.
691 4849 807 4905 le.
842 4851 908 4906 γ.
949 4852 1083 4907 fasc.
1117 4852 1158 4913 l,
1190 4867 1239 4919 p.
1265 4849 1353 4903 4l.

306 4917 456 4987 (156)
498 4921 887 4975 Monasterium
913 4920 971 4974 S.
999 4915 1203 4976 Jacobi
1219 4916 1712 4980 Beuedictinorum,
1738 4915 1808 4987 ad

232 4985 529 5057 Moguntia:
562 5005 770 5057 muros.
811 5000 994 5057 postea
1028 4992 1165 5044 intra
1196 4990 1344 5044 urbis
1384 4985 1805 5057 propugnacula,

234 5054 395 5127 vulgo
433 5058 543 5127 Aauf
577 5059 670 5112 der
709 5054 966 5122 Sclrnnze,
1008 5075 1173 5127 prope
1220 5054 1808 5127 saxiiinglandilforine

232 5124 609 5195 (chhelsteiu,
635 5138 895 5189 montem,
925 5145 970 5181 s.
999 5124 1187 5182 collein
1217 5128 1399 5195 Drusi)
1423 5124 1532 5195 jam
1559 5139 1611 5195 a.
1640 5124 1799 5195 1050,
1830 5174 1833 5179 .

1917 4706 2356 4830 Γνιέἰιόιιιιΐυίδδε.
2378 4736 2445 4746 -
2469 4706 2594 4761 Haec
2628 4722 2757 4763 vero
2778 4710 2923 4767 Ann.
2948 4712 3131 4781 Altah.
3164 4708 3241 4769 ad
3267 4729 3319 4771 a.
3353 4715 3503 4770 1060

1917 4793 1973 4830 re
1998 4793 2129 4830 crnn
2163 4817 2176 4830 .

1913 4788 2176 4833 t‘clcrltnt.

2014 4846 2130 4915 I60)
2170 4846 2450 4917 Sopluam.

2014 4849 2130 4915 160)
2173 4849 2450 4917 Sopbtam.

1985 4849 2131 4993 E161)
2168 4915 2291 4972 Vid.
2316 4917 2673 4993 deﬂormayr
2692 4919 2909 4993 Herzog
2926 4922 3196 4993 Luitpold.
3225 4922 3501 4993 Gerlaclit-

1914 4986 2842 5062 MSSLN‘D,9lC:,_Mllnch9il_185i,
2873 4986 2940 5052 '4.
2972 4986 3113 5047 Au'u.
3150 4993 3216 5047 ad
3253 5008 3305 5062 p.
3336 4989 3501 5045 51-53

1912 5056 2331 5130 etWedekind
2355 5056 2524 5130 Noteu
2565 5057 2605 5112 ἰ.
2645 5059 2709 5122 2,
2747 5076 2798 5130 p.
2825 5062 3114 5124 488-498,
3161 5056 3268 5117 cui'
3295 5073 3500 5130 nomen

1909 5122 2099 5202 J_oiad_a
2128 5142 2250 5202 esse
2283 5127 2517 5195 videtur,
2545 5122 2814 5200 genitivus
2843 5147 2962 5187 voc.
2996 5122 3141 5195 Joas,
3180 5145 3280 5202 pro
3306 5126 3501 5186 Joadis

230 5209 263 5247 a
285 5192 535 5267 Bai-done
573 5197 811 5267 arcliiep.
836 5198 1101 5267 iciliiicari
1133 5192 1527 5267 cmpt::m,_$ub
1564 5192 1804 5267 Lupoldo
1905 5196 2024 5251 sive
2044 5197 2244 5253 Joadze.

230 5278 285 5310 a.
320 5263 456 5310 10³)Ξί
492 5266 698 5310 ﬁnitum
729 5263 785 5310 ρὶ
815 5266 1116 5310 tlétiio‘nlnm
1138 5263 1238 5310 ρςιῖ
1271 5268 1351 5310 Cf.
1385 5264 1576 5310 .Inann.
1609 5264 1674 5310 ml
1707 5264 1804 5310 Se-

1984 5267 2127 5310 !”in
2171 5271 2242 5310 ηρ
2273 5264 2566 5310 Nnrtlhpim
2615 5268 2837 5310 Snunni-

3553 2545 3657 2557 ..μ’
