4076 5310
532 204 666 259 1071

1675 191 2028 249 LAMBERTI
2069 188 2632 246 HERSFELDENSIS

3656 183 3806 243 1072

529 315 669 384 ejus,
688 309 939 367 obtinuit.
967 307 1072 364 Sed
1093 301 1142 362 is
1165 304 1422 360 beneﬁt-ia
1449 303 1736 373 Mogontini
1761 302 2101 372 episcopatus
2129 308 2178 368 Α
2205 308 2320 355 stas
2342 295 2540 354 violata
2568 296 2760 367 suique
2795 294 2970 365 impos
3000 292 3142 349 facta
3182 293 3344 350 foret.
3370 293 3696 366 Episcopus,
3738 308 3805 353 ut

531 403 692 457 aliter
720 400 964 456 obtinere
990 413 1094 451 non
1124 396 1320 464 potuit,
1354 394 1454 448 nisi
1480 393 1838 463 promitteret,
1866 389 2106 446 decimas

531 505 592 549 se
624 492 692 547 de
727 491 840 546 suis
884 503 936 542 tn
968 485 1262 556 Thuringia
1298 483 1732 553 possessionibus
1769 482 2020 536 daturum
2051 489 2106 535 et

527 591 746 639 ceteros
764 579 1070 647 Thuringus
1093 584 1152 630 ut
1175 578 1314 629 idem
1346 575 1592 628 facerent
1615 582 1948 627 coacturum.
1976 571 2104 637 Qua:

529 686 620 728 res
641 670 933 726 multorum
965 669 1230 722 malorum
1262 664 1612 720 seminarium
1638 662 1758 725 fuit,
1784 662 2103 718 detestanti-

519 761 628 815 bus
655 759 906 814 omnibus
933 755 1226 825 Thuringis
1254 753 1454 808 factum
1485 753 1602 823 ejus
1629 763 1685 805 et
1713 753 2103 817 asserentibus,

527 850 667 906 mori
689 865 749 906 se
764 849 924 904 malle
943 863 1104 918 quam
1120 856 1334 918 patrum
1355 860 1575 900 suorum
1591 843 1852 915 lcgittima
1867 843 1938 876 ³⁷⁸
1955 843 2103 916 (165)

522 942 779 998 amittere
805 939 974 1012 (166).

593 1031 919 1102 lmperatrix
965 1031 1210 1086 nutriens
1265 1029 1442 1084 adhuc
1492 1029 1660 1084 ﬁlium
1710 1043 1889 1093 suum,
1949 1027 2103 1100 regni

513 1125 750 1194 'negocia
772 1137 870 1192 per
888 1135 946 1178 se
968 1123 1137 1190 ipsam
1159 1120 1408 1185 curabat,
1432 1120 1792 1189 utebaturque
1815 1119 2103 1189 plurimum

525 1215 755 1270 consilio
808 1213 1047 1269 Heinrici
1093 1211 1448 1281 Augustensis
1501 1211 1759 1280 cpiscOpi.
1810 1208 1965 1264 Unde
2006 1223 2104 1264 nec

523 1306 890 1374 suspicionem
930 1302 1120 1358 incesti
1150 1302 1354 1356 amoris
1391 1300 1629 1370 effugere
1669 1299 1864 1369 potuit,
1900 1299 2102 1368 passim

524 1400 668 1454 fama
691 1397 992 1468 jactitante,
1023 1395 1166 1466 quod
1211 1408 1315 1448 non
1351 1393 1469 1448 sine
1511 1391 1650 1461 turpi
1687 1391 2014 1445 commercio
2049 1390 2100 1444 in

516 1498 733 1543 tantam
766 1485 1097 1541 coaluissent
1122 1483 1190 1514 ²⁷⁹
1225 1481 1668 1536 familiaritatem.
1709 1480 1783 1533 Ea
1829 1495 1916 1534 res
1949 1480 2102 1548 priu-

505 1580 675 1649 cipes
701 1577 772 1610 ⁸⁸⁸
804 1576 1042 1646 graviter
1077 1572 1407 1635 offendebat,
1431 1572 1680 1625 videntes
1706 1570 1916 1624 scilicet
1959 1569 2101 1639 quod

2209 391 2466 446 invidiam
2495 390 2619 444 facti
2653 388 2944 458 mitigaret,
2971 401 3038 440 ne
3067 385 3319 441 videlicet
3354 388 3580 456 privatae
3608 389 3805 459 gloria:

2206 481 2386 551 potius
2413 495 2574 550 quam
2606 478 2913 534 communis
2933 477 3200 530 commodi
3225 479 3437 531 ratione
3476 479 3592 534 haec
3618 481 3805 534 admi-

2206 573 2342 627 sisse
2366 571 2658 634 videretur,
2705 569 2897 623 statuit
2934 576 2991 621 ut
3025 569 3311 637 episcopus
3335 570 3587 639 quilibet,
3619 572 3679 627 in
3703 589 3805 627 cu-

2201 665 2289 734 jus
2310 663 2511 719 diocesi
2543 677 2639 716 rex
2665 661 2790 715 dum
2817 659 2886 694 ³⁸⁸
2913 660 3170 730 temporis
3197 673 3520 726 moraretur,
3548 678 3620 718 ne
3662 663 3805 733 quid

2207 753 2514 810 detrimenti
2544 767 2629 809 res
2651 751 2865 822 publica
2895 760 3193 821 pateretur,
3228 753 3560 820 provideret,
3616 764 3678 810 et
3728 755 3805 785 ’θ’

2207 846 2386 902 causis
2415 862 2533 917 quae
2570 847 2635 900 ad
2677 859 2857 916 regem
2904 842 3094 898 delata:
3145 842 3396 909 fuissent,
3447 847 3806 914 potissimum

2208 942 2578 1012 responderet.
2612 941 2931 1011 ltnperatrix
2960 955 3058 994 nec
3090 940 3256 993 ﬁlium
3298 941 3451 1009 sequi
3503 954 3607 995 nec
3652 941 3805 1011 inju-

2207 1035 2312 1088 rias
2357 1049 2482 1089 suas
2508 1032 2634 1103 jure
2665 1032 2904 1103 gentium
2958 1031 3303 1100 expostulare
3349 1031 3540 1095 voluit,
3595 1033 3698 1087 sed
3750 1034 3808 1087 in

2205 1123 2421 1192 propria
2461 1123 2719 1178 recedens
2773 1121 2863 1186 ηε,
2918 1121 3127 1189 privata
3160 1120 3228 1151 ³⁸³
3257 1120 3514 1190 deinceps
3571 1129 3804 1174 mtatem

2186 1229 2369 1285 .agere
2394 1213 2694 1284 proposuit.
2719 1211 2829 1267 Nec
2848 1212 3018 1266 multo
3035 1221 3156 1280 post
3179 1210 3392 1265 taedium
3416 1226 3578 1281 passa
3598 1227 3808 1266 terum-

2206 1321 2398 1360 narum
2447 1306 2655 1370 seculi,
2706 1303 3016 1359 domesticis
3062 1318 3275 1372 quoque
3315 1304 3526 1357 erudita
3573 1303 3809 1357 calami-

2207 1397 2428 1462 tatibus,
2454 1411 2615 1465 quant
2645 1394 2752 1450 cito
2776 1403 2830 1450 et
2858 1393 3116 1448 velociter
3139 1391 3455 1445 exsufﬂante
3477 1392 3682 1462 spiritu
3711 1392 3809 1446 Dei

2205 1491 2508 1545 exsiccetur
2538 1487 2742 1544 frenum
2767 1487 3080 1557 temporalis
3109 1485 3292 1558 gloriae
3314 1486 3471 1557 (Isai.
3507 1502 3598 1549 xu,
3632 1487 3688 1550 7,
3724 1487 3808 1555 8),

2205 1583 2462 1652 cogitavit
2487 1581 2667 1636 seculo
2690 1594 3036 1644 renunctare;
3068 1579 3357 1648 statimque
3382 1579 3448 1631 ad
3467 1578 3807 1647 explendum

524 1679 744 1742 proplel'
782 1667 940 1722 "ﬂius
971 1665 1240 1735 Nimim“
1288 1677 1528 1717 amorem
1561 1676 1678 1726 sua»
1719 1675 1839 1729 (10³⁷8
1886 1659 2103 1730 Ροιίεδί-
2133 1646 2177 1704 Β
2208 1675 2351 1745 quod
2382 1675 2712 1746 cogitaverat
2751 1687 2992 1743 praeceps
3032 1673 3252 1736 abisset,
3288 1672 3388 1726 nisi
3433 1673 3486 1726 in
3533 1688 3599 1726 ea
3633 1674 3810 1742 impe-

525 1774 680 1817 mum
704 1759 758 1815 in
794 1772 853 1813 re
890 1756 1102 1827 publica
1128 1753 1311 1810 valere
1337 1754 1618 1817 debuerat,
1647 1750 1946 1804 auctoritas
1970 1751 2111 1820 pene

525 1851 841 1908 oblitterata
874 1847 1084 1902 fuisset.
1121 1843 1309 1914 itaque
1347 1843 1724 1913 indignitatem
1767 1839 1846 1894 rei
1887 1853 1991 1894 non
2025 1837 2105 1893 fe-

527 1949 734 2007 rentes,
777 1937 968 1995 crebra
1009 1933 1384 1992 conventicula
1435 1933 1632 1998 facere,
1669 1933 1816 1987 circa
1861 1930 2108 2000 publicas

524 2032 832 2089 functiones
867 2027 1146 2084 remissius
1187 2040 1372 2096 agerc,
1413 2024 1672 2078 adversus
1711 2018 2106 2090 imperatricem

525 2120 870 2194 papularium
920 2118 1132 2173 animos
1176 2115 1503 2180 sollicitare,
1543 2123 1821 2184 postremo
1859 2111 2109 2167 omnibus

525 2211 702 2268 modis
727 2210 846 2275 niti,
880 2218 938 2263 ut
962 2223 991 2262 a
1023 2215 1197 2262 matre
1225 2220 1452 2276 puerum
1483 2205 1849 2259 distraherent
1877 2211 1931 2257 et
1957 2200 2108 2271 regni

526 2302 1058 2360 administrationem
1106 2300 1160 2354 in
1206 2314 1266 2355 se
1315 2297 1694 2353 transferrent.
1741 2297 1824 2350 Ad
1863 2295 2106 2350 ultimum

525 2395 866 2452 Coloniensis
906 2393 1221 2463 cpiscopus,
1270 2389 1686 2445 communicatis
1729 2388 1795 2420 ¹⁸¹
1845 2403 1966 2441 cum
2014 2385 2111 2440 Ec‘

531 2489 687 2542 berto
714 2484 786 2517 ⁸⁸⁸
809 2485 1010 2539 comite
1035 2492 1088 2536 et
1116 2497 1237 2536 cum
1258 2479 1456 2536 Ottoue
1487 2481 1622 2535 duce
1651 2478 2018 2548 Bajoariorum
2039 2478 2109 2510 ’⁸³

528 2573 773 2635 consiliis
800 2576 870 2610 ""
899 2575 1116 2646 navigio
1157 2590 1254 2643 per
1280 2573 1489 2627 Renum
1537 2573 1603 2628 ad
1636 2573 1812 2627 locum
1842 2574 1931 2641 qui
1977 2571 2110 2626 dici-

529 2680 618 2723 tur
645 2667 817 2724 sancti
851 2665 1113 2721 Suitberti
1144 2664 1215 2697 '3'
1259 2665 1432 2719 insula
1461 2663 1607 2734 (167)
1652 2664 1798 2717 venit
1828 2663 1896 2694 ’⁸⁸
1929 2662 2104 2733 (Mai).

528 2760 606 2814 lbi
636 2768 750 2814 tum
773 2757 841 2790 ³³⁷
871 2771 965 2812 rex
981 2764 1116 2810 erat.
1135 2754 1238 2823 Qui
1264 2755 1388 2809 dum
1411 2756 1646 2822 quadam
1671 2754 1756 2808 die
1779 2763 1900 2822 post
1922 2753 2112 2807 solem-

531 2865 627 2905 nes
673 2849 864 2920 epulas
897 2847 1071 2901 faetus
1099 2845 1290 2900 fuisset
1325 2845 1572 2908 hilarior,
1604 2844 1810 2898 hortari
1851 2858 1972 2897 eum
2001 2843 2112 2912 epi-

528 2954 726 3008 scopus
751 2938 920 3004 cmpit
943 2944 1003 2990 ut
1028 2935 1204 2990 navim
1231 2936 1502 3005 quandam
1527 2949 1705 2999 suam,
1729 2948 1889 3002 quam
1918 2933 1983 2988 ad
2007 2934 2112 3000 hoc,

530 3030 703 3096 ipsum
729 3029 866 3082 miro
888 3040 1053 3096 opere
1076 3025 1430 3090 instruxerat,
1446 3033 1748 3093 spectatum
1767 3025 2106 3094 procederet.

527 3117 712 3173 Facile
749 3117 1155 3188 hoc‘persuasit
1196 3131 1363 3185 puero
1391 3115 1622 3186 simplici
1666 3125 1722 3170 et
1760 3116 1893 3169 nihil
1933 3116 2110 3186 minus

527 3221 691 3276 quam
717 3207 942 3262 insidias
973 3206 1290 3276 suspicanti.
1320 3205 1563 3275 Cumque
1608 3205 1788 3260 navim
1835 3205 2111 3276 ingressus

528 3299 742 3363 fuisset,
767 3298 1092 3368 stipantibus
1116 3312 1238 3351 eum
1265 3297 1365 3362 his,
1395 3311 1530 3367 quos
1556 3297 1839 3367 epiSCOpus
1862 3296 2113 3352 factionis

530 3391 847 3448 sum'socios
871 3406 936 3445 ac
972 3391 1251 3446 ministros
1274 3398 1578 3458 paraverat,
1618 3398 1839 3459 repente
1877 3390 2111 3459 remiges

528 3485 833 3554 insurgunt,
864 3481 1030 3536 remis
1061 3480 1403 3546 incumbunt,
1453 3482 1631 3535 navim
1663 3481 1808 3535 dicto
1851 3481 2009 3535 citius
2056 3481 2111 3535 in

529 3574 767 3628 medium
798 3572 1036 3626 ﬂuminis
1060 3571 1362 3640 impellunt.
1397 3571 1512 3626 Rex
1563 3586 1702 3625 nova
1745 3585 1925 3626 rerum
1972 3569 2112 3625 facie

529 3665 807 3728 confusus,
840 3665 1184 3733 incertusque
1214 3663 1400 3726 animi,
1433 3677 1534 3717 nec
1560 3662 1706 3717 aliud
1728 3678 1888 3732 quam
1922 3663 2028 3717 vim
2057 3671 2113 3718 et

530 3771 722 3811 necem
750 3755 852 3809 sibi
893 3761 1141 3822 paratam
1173 3754 1488 3817 arbitratus,
1517 3754 1573 3808 in
1603 3752 1802 3810 flumen
1833 3770 1891 3809 se
1919 3755 2113 3826 praeci-

530 3845 696 3914 pitem
727 3842 905 3903 dedit;
943 3843 1210 3910 citiusque
1259 3857 1381 3896 cum
1424 3858 1562 3911 aqua
1602 3843 1892 3899 violentior
1944 3843 2110 3900 sudo-

531 3943 730 3999 cassct,
768 3934 868 3989 nisi
900 3933 1162 3989 Ecbertus
1194 3948 1398 4001 cernes,
1445 3935 1572 3988 dato
1611 3945 1733 4005 post
1782 3951 1904 3990 eum
1947 3936 2110 4003 saltu,

531 4023 952 4094 periclitantem,
979 4025 1093 4094 ipse
1122 4039 1338 4094 quoque
1361 4040 1468 4080 non
1501 4025 1786 4079 minimum
1842 4027 2114 4096 periclita-

532 4128 640 4180 tus,
671 4114 762 4170 vix
789 4123 843 4170 et
866 4129 1009 4185 aegre
1040 4116 1201 4169 morti
1249 4115 1486 4185 eriperet
1520 4125 1575 4169 et
1616 4116 1740 4170 navi
1778 4119 2108 4174 restitueret.

535 4208 670 4262 Exin
700 4207 772 4241 ⁸⁸⁸
797 4207 1081 4264 blandiciis
1111 4208 1307 4278 quibus
1335 4217 1586 4278 poterant
1609 4208 1912 4278 tlelinitum,
1957 4213 2112 4269 Colo-

2209 1777 2323 1821 tum
2354 1768 2579 1838 spiritus
2615 1765 2773 1822 amici
2824 1765 3212 1821 maturioribus
3256 1764 3326 1796 ¹⁹³
3377 1763 3626 1820 consiliis
3652 1764 3810 1820 inbi—

2207 1858 2470 1914 buissent.

2881 1947 3114 2004 MLXHI.

2279 2039 2394 2095 Rex
2428 2039 2763 2094 nativitatem
2793 2039 3004 2094 Domini
3041 2039 3301 2095 Goslaria:
3327 2038 3649 2095 celebravit.
3698 2039 3808 2096 Ubi

2211 2136 2325 2205 ipsa
2354 2135 2461 2200 die,
2492 2135 2618 2189 dum
2669 2133 2735 2188 ad
2783 2149 3066 2204 vesperam
3115 2134 3262 2190 sellae
3302 2135 3686 2204 episcoporum
3724 2134 3810 2190 lo-

2211 2233 2488 2288 carentur,
2539 2224 2682 2278 inter
2727 2225 3056 2279 catnerarios
3098 2224 3381 2280 llecelonis
3435 2225 3504 2256 ""
3543 2224 3812 2280 Hildene—

2211 2317 2530 2371 sheimensis
2554 2316 2788 2385 epise0pi
2821 2327 2875 2371 et
2900 2317 3232 2372 camerarios
3253 2316 3532 2371 Wideradi
3566 2316 3809 2371 Fulden-

2212 2407 2286 2461 sis
2308 2406 2521 2460 abbatis
2554 2405 2734 2477 gravis
2775 2407 3110 2462 concertatio
3154 2407 3344 2462 oborta
3384 2416 3492 2474 est,
3528 2415 3586 2462 et
3616 2407 3808 2479 primo

2205 2496 2415 2567 jurgiis,
2464 2496 2659 2552 deinde
2713 2498 2907 2569 pugnis
2956 2514 3042 2553 res
3095 2508 3245 2569 gesta
3299 2509 3401 2562 est,
3451 2500 3674 2570 citoque
3730 2498 3809 2553 ad

2210 2590 2418 2661 gladios
2439 2590 2834 2660 prorupissent,
2867 2590 2971 2645 nisi
3001 2590 3070 2622 ”'
3092 2590 3302 2646 Ottouis
3332 2590 3483 2645 ducis
3511 2587 3803 2658 Bajoario-

2213 2695 2355 2748 rum,
2388 2683 2479 2750 qui
2533 2696 2752 2736 causam
2810 2682 3022 2737 abbatis
3061 2682 3334 2748 tuebatur,
3387 2683 3691 2737 auctoritas
3726 2681 3807 2713 ”'

2214 2773 2638 2829 intercessisset.
2687 2774 2861 2830 Causa
2914 2791 3042 2831 vero
3096 2775 3216 2830 talis
3253 2784 3389 2831 erat.
3444 2774 3804 2830 Consuetudo

2212 2865 2282 2897 ’⁸⁷
2309 2875 2427 2922 erat
2466 2867 2517 2920 in
2570 2882 2736 2937 regno
2779 2884 2877 2940 per
2931 2868 3127 2924 multos
3174 2877 3320 2924 retro
3350 2868 3585 2936 majores
3607 2868 3806 2922 obser-

2212 2963 2360 3016 vata.
2414 2963 2726 3026 ut‘semper
2783 2957 2836 3011 in
2884 2969 3159 3020 conventu
3202 2958 3576 3028 episcoporum
3626 2957 3803 3013 abbas

2212 3046 2494 3102 Fuldensis
2541 3047 2948 3117 archiepiscopo
2978 3048 3284 3118 Moguntina
3342 3048 3623 3118 proximus
3656 3049 3803 3102 assi-

2212 3137 2360 3192 deret
2411 3137 2578 3210 (168).
2631 3137 2736 3193 Sed
2777 3140 3062 3210 episcopus
3103 3140 3446 3202 causabatur,
3516 3141 3802 3196 neminem

2211 3227 2281 3258 ²⁹⁸
2307 3227 2408 3283 sibi
2447 3230 2585 3282 intra
2613 3228 2682 3264 ’⁸³
2717 3229 2970 3285 diocesim
2998 3245 3148 3285 suam
3177 3239 3299 3300 post
3326 3231 3801 3300 archiepiscopum

2211 3318 2409 3373 debere
2441 3318 2708 3389 praeferri,
2740 3322 3006 3376 animatus
3057 3322 3122 3377 ad
3153 3321 3254 3375 hoc
3299 3331 3352 3376 et
3407 3337 3570 3391 opum
3603 3322 3804 3391 gloria,

2212 3423 2318 3478 qua
2348 3409 2420 3441 ³⁸⁸
2447 3419 2824 3466 antecessores
2875 3427 3000 3468 suos
3049 3411 3206 3483 longe
3257 3414 3799 3484 supergrediebatur,

2211 3507 2266 3553 et
2302 3501 2558 3571 temporis
2605 3501 2673 3535 ὀι
2728 3505 3117 3573 oportunitate,
3173 3506 3321 3574 quia,
3365 3522 3488 3576 rege
3529 3506 3716 3561 adhuc
3744 3505 3801 3559 in

2211 3590 2506 3657 puerilibus
2529 3593 2686 3647 annis
2711 3595 3023 3657 constituto,
3059 3595 3250 3663 singuli
3283 3597 3426 3665 quod
3447 3596 3549 3652 sibi
3577 3594 3802 3652 animus

2212 3681 2571 3748 suggessisset
2604 3681 2783 3737 facere
2813 3684 3030 3754 impune
3052 3694 3319 3753 peierant.

2281 3767 2596 3824 Gcrhardus
2621 3787 2775 3841 papa,
2803 3773 2894 3842 qui
2925 3783 2980 3828 et
3017 3774 3287 3840 Nicolaus,
3322 3774 3456 3830 obiit
3480 3774 3595 3847 (an.
3633 3776 3801 3843 1061,

2213 3856 2372 3926 Jul.).
2401 3858 2456 3912 In
2487 3860 2642 3931 cujus
2675 3861 2848 3917 locum
2897 3879 2994 3932 per
3034 3862 3350 3929 electionem
3409 3865 3551 3934 regis
3577 3875 3636 3922 et
3659 3883 3800 3938 quo-

2215 3949 2446 4004 rundam
2481 3952 2784 4022 principum
2815 3953 3125 4009 Parmensis
3155 3955 3437 4024 episcopus
3469 3957 3804 4012 substitutus

2213 4049 2295 4093 est
2335 4039 2496 4109 (Nov.
2528 4042 2710 4111 1062),
2743 4054 2796 4099 et
2839 4044 3062 4100 Romam
3109 4060 3204 4116 per
3226 4043 3529 4100 Bucconem
3572 4046 3804 4101 llalber-

2213 4129 2516 4184 stadensem
2569 4133 2876 4202 episcopum
2935 4134 3150 4188 missus.
3213 4133 3310 4189 Cui
3384 4135 3633 4190 redeunti
3697 4150 3802 4205 pro

2211 4221 2434 4288 praemio
2464 4221 2600 4276 bene
2626 4234 2827 4280 curata:
2851 4225 3134 4294 legationis
3172 4226 3389 4295 pallium
3427 4227 3576 4283 dedit
3604 4237 3663 4284 et
3687 4227 3796 4282 alia

534 4299 679 4353 niam
705 4300 1025 4371 perducunt.
1055 4299 1247 4355 Cetera
1273 4299 1558 4355 multitudo
1587 4315 1685 4370 per
1733 4310 1934 4357 terram
1982 4304 2109 4360 sub-
2134 4311 2186 4374 D
2211 4311 2454 4381 quaedam
2497 4315 2988 4386 archiepiscopatus
3038 4317 3288 4388 insignia.
3322 4317 3476 4384 Quod
3524 4318 3800 4386 archiepi-

535 4390 808 4460 sequitur,
833 4391 1247 4447 criminantibus
1268 4391 1537 4462 plurimis,
1567 4393 1709 4463 quod
1755 4395 1902 4465 regia
1943 4394 2112 4452 maie-

2215 4414 2412 4469 scopus
2452 4401 2792 4472 Mogontinus
2837 4403 2909 4462 ad
2951 4404 3340 4463 obfuscandum
3387 4407 3475 4463 sui
3516 4407 3800 4479 priontus

1819 4552 2049 4611 VARUE
2087 4558 2487 4621 LECTIONES.

607 4656 678 4733 "3
704 4660 782 4713 ita
931 4660 985 4716 4.
1019 4661 1054 4717 5
1082 4662 1315 4733 legitima
1348 4663 1398 4716 1.
1433 4662 1536 4717 2b?
1608 4664 1648 4695 ¹’·
1705 4663 1995 4733 coaluisset
2020 4665 2074 4720 5.
2150 4668 2222 4698 ¹⁸⁰
2259 4670 2398 4726 deest
2425 4671 2479 4727 5.

536 4729 607 4761 ⁸³³
633 4728 1022 4784 Bauuariorum
1058 4733 1110 4785 4.
1136 4728 1158 4733 ⁷
1188 4733 1259 4767 ³⁸⁸
1294 4733 1520 4787 ιοιιείιίο
1562 4734 1615 4787 5.

542 4868 570 4899 κ

1713 4733 1783 4765 ³³⁸
1833 4732 2131 4789 Swittberti
2171 4738 2222 4791 5.
2278 4741 2577 4799 Suuitberti
2619 4744 2674 4797 4.
2723 4744 2776 4799 5.

537 4797 608 4886 ς’
647 4799 854 4886 Exinde
892 4799 976 4886 μ’
1023 4800 1286 4886 ἐἷλκε-5.
1399 4803 1616 4886 tunc}:
1649 4801 1714 4854 5?
1802 4801 1902 4886 f’°_
1916 4813 1970 4858 et
1991 4833 2070 4886 1-
2089 4812 2440 4886 resppnderet
2469 4797 2777 4886 dentata:
2812 4814 2880 4886 ²ξ¹
2921 4797 3260 4872 decede—uss.
3290 4797 3406 4848 ’θ’θ’
3445 4797 3796 4886 prii-513E113;

2574 4674 2646 4749 _'°'_
2673 4675 3069 4749 communicato
3097 4675 3150 4732 3.
3179 4675 3234 4730 4.
3261 4676 3314 4749 5.
3389 4676 3714 4749 "‘ngel'lo
3740 4679 3794 4734 3-

2876 4747 2946 4781 ³⁸6
2979 4757 3242 4801 venerunt
3280 4747 3334 4800 4.
3437 4747 3692 4804 ⁸⁸⁷ἰι1ιιε
3739 4749 3795 4803 3.

538 4869 912 4956 deest
946 4870 1007 4956 5.
1079 4871 1148 4956 '_“
1187 4870 1470 4956 llezelpnnis
1497 4871 1846 4956 ltiltlentensis
1872 4873 1924 4926 3.
2001 4874 2070 4906 ³⁸⁸
2110 4869 2254 4956 ηΓξὶ.
2331 4881 2401 4912 ³⁸⁸
2440 4899 2546 4937 non
2599 4883 2723 4938 add.
2754 4883 2808 4936 4.
2834 4883 2888 4938 5.
2966 4887 3034 4917 ¹⁹⁷
3077 4887 3128 4939 in
3169 4869 3348 4955 regno
3404 4869 3458 4956 p:
3490 4869 3797 4943 ἧι.τῖἷίιῖ

535 4942 870 4994 consuetudo
898 4949 1014 5021 erat
1051 4940 1246 5021 οὺςηι.
1326 4939 1396 4971 ²⁹⁸
1434 4941 1574 5020 quod
1600 4941 1741 5020 intra
1763 4945 1814 4994 d.
1851 4956 1896 4994 s.
1967 4980 1980 4995 .
2011 4958 2040 4997 a
2082 4947 2352 5006 neminem
2375 4952 2478 5007 sibi
2517 4954 2712 5008 debere
2732 4954 2961 5025 prei'erri
2988 4957 3042 5011 5.
3117 4956 3186 4988 ’θ’
3222 4939 3419 5010 futili:
3477 4939 3580 4998 ⁸δῖ
3625 4939 3797 5015 δῦθι-Ξ.

535 5005 605 5039 ⁸⁸³⁸
643 5019 699 5062 et
725 5018 981 5078 temporis
1007 5019 1062 5064 et
1088 5009 1186 5064 luet
1211 5017 1629 5078 Opportunitate.
1668 5007 1791 5063 Nic.
1820 5010 1884 5064 de
1914 4958 2109 5081 gygen.
3587 4975 3624 5029 q

535 5005 605 5039 ⁸⁸³⁸
643 5019 699 5062 et
725 5011 981 5078 temporis
1007 5019 1062 5064 et
1088 5009 1186 5064 loci
1211 5005 1629 5078 Opportunitate.
1668 5007 1791 5063 Nic.
1820 5010 1884 5064 de
1914 5005 2109 5081 Syqen.

2047 5117 2273 5175 NOTAE.

605 5208 754 5281 (165)
793 5209 909 5281 v9;
934 5209 1223 5262 Lamberto
1247 5208 1442 5260 usitata
1465 5221 1567 5275 pro
1593 5224 1604 5260 :
1637 5207 1942 5277 privilegia,
1969 5224 2111 5277 pra:-

536 5291 681 5310 l-nnnl
853 5279 891 5310 Π
903 5294 929 5310 n

2247 5213 2436 5310 “(.l68.)
2471 5213 2706 5310 fibbates
2731 5214 3026 5310 Euldenses
3060 5214 3181 5310 ide?
3203 5216 3799 5310 hancpraarqgativam

2422 5301 2451 5310 ιι
2477 5285 2670 5310 Ιέιιιιηηιι
2715 5284 2764 5310 ne:
