4076 5310
287 251 428 310 1ὓ75

1529 247 1865 305 ANNALES.
1897 277 1963 288 -
2002 248 2113 304 AN.
2158 248 2312 305 1065.

3407 254 3543 309 1074

285 365 560 437 fastigium
605 365 809 422 factum
867 365 1272 436 interpretatus,
1323 364 1696 435 indignissime
1744 362 1866 420 tulit
1893 367 1941 425 Α
1967 377 2185 433 gressos
2205 365 2390 420 statim
2415 363 2761 432 adoriantur;
2799 363 2894 420 sed
2924 379 3030 421 nox
3078 366 3542 423 concertationem

283 458 454 532 (169).
480 456 585 510 Sed
609 473 705 527 per
727 456 1115 525 archiepiscopi
1142 455 1478 511 Coloniensis
1500 455 1863 510 interventum

284 550 652 606 satisfactione
679 558 920 616 accepta.
945 549 1150 617 quievit
1180 548 1474 618 indignatio
1499 547 1634 614 ejus.

359 639 468 691 Rex
487 646 833 708 pentecosten
850 637 918 669 ³⁰²
934 637 1195 692 Goslarite
1216 638 1510 692 celebravit
1533 638 1579 707 (l
1593 636 1680 706 70)
1705 635 1859 700 (Jun.

280 729 356 798 8).
386 729 460 783 lbi
493 729 563 761 '“
589 730 717 784 dum
748 729 815 782 ad
854 730 1274 800 vespertinalem
1327 730 1560 785 sinaxim
1591 729 1738 800 (171)
1768 745 1862 784 rex

279 827 335 872 et
359 818 594 888 episcopi
623 819 1021 884 convenissent,
1057 835 1246 874 rursus
1281 819 1349 876 de
1391 821 1664 889 positione
1705 819 1862 875 sella-

280 925 403 964 rum
433 909 821 980 episcopalium
851 911 1110 966 tumultus
1156 911 1422 975 exoritur,
1453 927 1561 968 non
1613 909 1856 974 fortuita,

279 1007 340 1054 ut
378 1001 549 1069 prius,
585 1002 962 1068 concursione,
993 1002 1085 1056 sed
1117 1002 1488 1071 praemeditata
1517 1002 1606 1056 diu
1655 1003 1862 1058 machi-

278 1092 516 1145 natione.
541 1089 675 1145 Nam
719 1092 1004 1161 episcopus
1031 1091 1584 1148 llildenesheimensis
1609 1092 1679 1124 ’°‘
1707 1108 1862 1149 acce-

277 1191 385 1251 ptze
414 1183 566 1252 prius
612 1185 954 1239 contumeliae
1007 1199 1237 1248 memor,
1279 1184 1566 1239 Ecbertum
1605 1187 1859 1241 comitem

277 1288 402 1328 cum
432 1274 700 1342 expeditis
729 1273 990 1328 militibus
1044 1283 1191 1330 retro
1219 1274 1388 1329 altare
1432 1275 1745 1330 occuluerat
1766 1275 1855 1330 '°'.

277 1360 366 1425 Hi,
395 1361 580 1417 audito
629 1363 1066 1418 tumultuantium
1131 1365 1552 1420 camerariorum
1607 1367 1856 1435 strepitu,

275 1454 430 1510 ocius
454 1455 725 1521 advolant,
753 1455 1102 1511 Fuldensium
1131 1456 1267 1511 alios
1290 1457 1500 1526 pugnis,
1535 1456 1670 1512 alios
1701 1456 1861 1510 fusti-

276 1544 379 1600 bus
404 1545 634 1609 cazdunt,
681 1555 1056 1615 prosternunt,
1107 1555 1164 1601 et
1209 1547 1274 1600 de
1329 1547 1571 1601 sacrario
1615 1546 1857 1602 ecclesiae

275 1636 558 1705 inopinato
598 1638 838 1707 periculo
881 1639 1139 1694 attonitos
1190 1638 1346 1692 facile
1396 1639 1719 1707 proturbant
1763 1639 1851 1692 '°°.

275 1727 482 1795 Quibus
550 1729 674 1785 ilico
737 1729 804 1783 ad
865 1745 1017 1784 arma
1074 1730 1559 1796 conclamantibus,
1622 1709 1930 1784 Fulden-B

274 1834 362 1873 ses
389 1857 406 1884 ,
445 1821 640 1888 quibus
678 1835 830 1874 arma
875 1822 928 1876 in
969 1831 1220 1890 promptu
1258 1830 1433 1884 erant,
1481 1821 1621 1876 facto
1674 1835 1856 1892 grege,

273 1908 557 1964 ecclesiam
592 1911 923 1982 irrumpunt,
951 1912 1002 1966 in
1027 1913 1202 1966 medio
1223 1913 1373 1968 chori
1404 1913 1858 1983 psallentiumque

270 1998 502 2056 fratrum
535 2018 727 2057 manus
748 2011 1060 2068 conserunt,
1093 2019 1204 2058 rem
1227 2020 1331 2059 non
1358 2004 1470 2072 jam
1501 2005 1735 2060 fustibus
1762 2005 1858 2060 sed

268 2090 460 2162 gladiis
494 2103 709 2161 gerunt.
738 2094 923 2162 Pugna
956 2103 1110 2168 atrox
1140 2096 1499 2150 committitur
1528 2096 1731 2169 (Jun.),
1776 2104 1858 2150 at-

266 2197 374 2251 que
401 2199 498 2252 per
527 2192 692 2238 totam
725 2185 1012 2240 ecclesnam
1040 2201 1138 2254 pro
1175 2187 1353 2257 ymnis
1378 2197 1432 2242 et
1475 2188 1707 2242 canticis
1747 2189 1858 2258 spi-

265 2271 558 2326 ritualibus
599 2273 914 2328 vociferatio
962 2276 1367 2329 adhortantium
1417 2285 1471 2330 et
1520 2277 1754 2332 ululatus
1785 2274 1854 2310 ³⁰⁷

265 2361 617 2416 morientium
649 2364 959 2417 exauditur.
1005 2364 1179 2434 Super
1205 2365 1400 2418 altaria
1431 2366 1523 2420 Dei
1557 2368 1740 2422 tristes
1768 2368 1858 2437 ju-

265 2452 519 2524 gulantur
549 2453 754 2517 hostire,
785 2456 1095 2524 passimque
1121 2471 1218 2524 per
1243 2457 1528 2511 ecclesiam
1576 2459 1856 2529 sanguinis

264 2553 494 2599 currunt
519 2542 760 2610 flumina,
793 2560 898 2600 non
923 2545 1103 2615 legali,
1137 2557 1194 2600 ut
1237 2549 1534 2617 quondam,
1572 2549 1851 2620 religione,

265 2636 358 2691 sed
395 2635 576 2690 hostili
603 2637 926 2694 crudelitate
973 2638 1214 2709 profusa.
1254 2639 1554 2710 Episcopus
1597 2639 1853 2695 Hildene-

263 2728 586 2783 shcimensis
612 2728 701 2792 3”,
732 2737 889 2800 capto
913 2730 1130 2784 editiori
1156 2730 1294 2796 loco,
1329 2740 1604 2800 tamquam
1633 2732 1850 2786 militari

262 2819 496 2886 quodam
523 2819 754 2874 classico
802 2836 957 2888 suos,
982 2831 1040 2875 ut
1064 2821 1281 2877 fortiter
1303 2823 1698 2890 proeliarentur,
1728 2823 1855 2878 hor-

263 2911 498 2975 tabatur,
563 2921 618 2968 et
665 2928 730 2967 ne
770 2913 872 2969 loci
913 2914 982 2950 ³⁸⁸
1008 2915 1266 2985 religione
1291 2917 1360 2969 ab
1386 2916 1552 2969 armis
1581 2923 1852 2969 terreren-

263 3011 371 3067 tur,
397 3019 507 3058 sum
537 3006 882 3062 auctoritatis
908 3017 964 3062 et
1011 3008 1388 3076 permissionis
1419 3007 1631 3061 titulum
1659 3008 1849 3062 obten-
1876 3046 1922 3108 ε

261 3094 444 3149 debat.
486 3095 632 3150 Multi
664 3098 939 3168 utrimque
971 3100 1258 3164 vulnerati,
1298 3101 1448 3155 multi
1500 3100 1666 3154 occisi
1696 3109 1846 3164 sunt,

260 3184 408 3239 inter
443 3202 578 3256 quos
617 3189 872 3259 prazcipui
929 3199 1088 3245 erant
1141 3191 1440 3260 Regiuboto
1493 3191 1584 3255 ³¹⁰,
1625 3191 1851 3260 signifer

259 3274 568 3344 Fuldensis,
594 3288 648 3333 et
671 3279 830 3344 Bero,
858 3281 1091 3336 Ecberto
1119 3282 1304 3338 comiti
1336 3281 1490 3337 miles
1512 3282 1846 3337 carissimus.

169 3438 176 3445 ι
258 3367 379 3423 Rex
409 3368 550 3424 inter
583 3370 695 3426 haec
724 3370 1035 3428 vociferans
1062 3381 1116 3427 et
1150 3373 1251 3428 sub
1287 3372 1510 3428 obtentu
1544 3373 1706 3443 regite
1737 3389 1852 3427 ma-

254 3456 472 3529 iestatis
527 3463 780 3531 populum
810 3463 879 3495 '“
936 3465 1212 3534 adjurans,
1244 3465 1423 3520 surdis
1455 3463 1687 3519 fabulam
1721 3479 1849 3517 nar-

258 3565 388 3606 rare
423 3551 573 3622 (172)
610 3554 914 3608 videbatur.
970 3554 1210 3610 Tandem
1255 3556 1492 3610 monitus
1541 3569 1570 3607 a
1614 3555 1748 3620 suis,
1794 3562 1853 3608 ut

258 3645 389 3700 vita:
415 3645 649 3714 promite
674 3661 853 3716 pugna
882 3647 1152 3702 excedens
1193 3647 1525 3711 consuleret,
1557 3647 1758 3716 vixque
1780 3647 1850 3679 '“

261 3734 410 3788 inter
440 3735 805 3804 constipatam
844 3737 1018 3792 artius
1044 3737 1446 3792 multitudinem
1475 3737 1762 3804 eluctatus,
1794 3740 1849 3794 in

258 3824 526 3894 palatium
563 3843 621 3880 se
650 3827 870 3896 recepit.
917 3827 1501 3894 Hildeuesheimenses,
1534 3829 1626 3898 qui
1655 3829 1852 3884 instru-

258 3919 334 3973 cti
366 3919 830 3989 prameditatique
859 3921 925 3976 ad
950 3935 1184 3990 pugnam
1212 3932 1492 3988 venerant,
1541 3924 1852 3990 superiores

257 4008 590 4066 eﬂiciuntur.
623 4011 939 4077 Fuldeuses,
992 4022 1176 4081 utpote
1235 4030 1372 4083 quos
1402 4014 1637 4071 inermes
1672 4016 1850 4086 inopi-

260 4109 538 4171 natosque
566 4102 746 4156 subito
789 4111 993 4157 exorta:
1033 4103 1314 4159 seditionis
1364 4106 1602 4174 procella
1633 4118 1854 4162 contra-

259 4200 440 4254 xerat,
471 4190 572 4246 fusi
623 4191 902 4262 fugatique
959 4202 1121 4262 atque
1151 4194 1220 4225 ⁸¹³
1254 4195 1320 4249 de
1366 4195 1595 4250 ecclesia
1640 4196 1850 4265 expulsi

260 4288 414 4336 sunt.
450 4281 618 4336 Fores
664 4283 790 4337 ilico
827 4283 1173 4338 obserantur.
1204 4284 1523 4351 Fuldeuses,
1553 4287 1646 4356 qui
1675 4289 1851 4356 primo

1965 454 2202 509 diremit.
2234 453 2460 511 Postero
2484 456 2571 510 die
2599 457 2943 512 severissime
2997 458 3181 514 habita
3225 459 3541 528 quaestione,

1964 545 2228 601 Ecberlus
2260 561 2446 602 eomes
2471 546 2628 602 facile
2655 549 2862 603 crimen
2916 549 3162 614 removit,
3194 565 3303 604 non
3335 559 3544 605 tantum

1959 636 2100 706 juris
2124 645 2178 691 et
2199 637 2376 708 legum
2407 640 2730 708 patrocinio,
2759 650 3021 708 quantum
3077 639 3264 697 favore
3289 651 3344 697 et
3369 641 3545 698 indul-

1964 726 2146 798 gentia
2201 729 2370 797 regis,
2423 728 2579 798 cujus
2611 729 2874 798 patruelis
2922 739 3059 785 erat.
3095 730 3292 786 Totum
3323 746 3566 802 accusa-3

1964 817 2126 874 tionis
2172 818 2384 888 pondus
2427 819 2479 873 in
2510 819 2758 876 abbatem
2805 835 3022 876 versum
3071 831 3176 878 est.
3227 822 3403 891 Hunc,
3454 823 3543 879 in-

1962 908 2176 979 quiunt,
2211 909 2453 963 omnium
2484 924 2606 979 quae
2640 909 2953 967 acciderant
2981 920 3146 981 caput
3189 911 3545 986 fomitemque

1961 999 2150 1064 fuisse,
2194 1000 2342 1054 hunc
2397 999 2468 1031 m
2510 1000 2578 1054 ad
2618 1000 3028 1056 disturbandam
3082 1004 3320 1073 quietem
3377 1005 3545 1074 regiae

1961 1091 2132 1145 curtis
2176 1091 2551 1159 praemeditato
2596 1091 2782 1147 furore
2812 1092 3058 1159 venisse;
3110 1103 3432 1164 argumento
3463 1096 3541 1151 rei

1960 1197 2102 1246 esse,
2133 1183 2277 1252 quod
2305 1190 2452 1238 tanta
2485 1183 2536 1238 vi
2569 1183 2872 1249 hominum,
2905 1191 3054 1238 tanta
3089 1183 3266 1244 bellici
3317 1201 3544 1256 appara-

1963 1283 2048 1330 tus
2072 1290 2269 1345 pompa
2311 1275 2628 1340 instructus,
2661 1274 2808 1329 nullo
2836 1274 3060 1344 periculi
3113 1285 3259 1330 metu
3289 1282 3539 1347 urgente,

1959 1365 2284 1421 eovenisset
2312 1364 2402 1419 ³⁸⁸.
2439 1363 2574 1418 Tum
2604 1378 2732 1419 vero
2753 1365 2980 1432 urgebat
3017 1373 3072 1417 et
3098 1362 3188 1418 ille
3231 1364 3543 1434 apostolicae

1959 1458 2270 1513 sanctitatis
2323 1471 2390 1512 ac
2444 1456 2696 1512 Mosaicae
2761 1454 3192 1510 mansuetudinis
3235 1455 3540 1527 episcopus,

1959 1549 2050 1620 qui
2083 1550 2219 1604 tanti
2251 1550 2534 1619 sanguinis
2564 1547 2832 1614 effusione
2885 1563 3079 1603 manus
3120 1563 3247 1604 suas
3273 1548 3386 1604 Deo
3414 1563 3544 1606 cono

1957 1651 2272 1698 sceraverat
2299 1651 2355 1697 et
2408 1641 2619 1697 violatae
2645 1641 2890 1698 ecclesia:
2925 1641 3151 1711 injurias
3183 1640 3545 1698 truculentius

1961 1739 2124 1800 atque
2152 1731 2414 1786 immitius
2467 1746 2631 1800 quam
2681 1745 2778 1784 rex
2835 1745 2960 1784 suas
3010 1729 3455 1800 persequebatur.
3485 1730 3542 1784 lu

1960 1836 2190 1891 quorum
2217 1836 2447 1890 corpora
2475 1821 2626 1890 prius
2655 1820 2803 1874 ferro
2831 1818 3196 1876 debacchatus
3243 1819 3442 1886 fuerat,
3474 1821 3542 1874 ad

1959 1913 2302 1980 perimendas
2346 1911 2539 1965 horum
2576 1912 2788 1966 animas
2837 1909 3013 1978 gladio
3038 1911 3261 1978 spiritus
3290 1911 3452 1967 modo
3475 1910 3543 1941 ⁸¹⁷

1959 2000 2304 2066 fulminabat,
2337 2002 2638 2071 pracideus
2663 2010 2772 2055 tam
2817 2001 3098 2055 defunctos
3121 2016 3284 2071 quam
3332 2016 3427 2058 eos
3449 2002 3540 2072 qui

1957 2095 2092 2151 caedi
2132 2094 2514 2166 superfuerant
2563 2095 2630 2150 de
2675 2109 2906 2164 corpore
2957 2095 3222 2150 ecclesiae.
3277 2094 3540 2152 Abbatem

1957 2193 2155 2254 praeter
2210 2184 2560 2240 acerbitatem
2621 2185 2699 2240 rei
2747 2183 2817 2217 ³¹⁸
2862 2199 2981 2253 qute
3023 2185 3322 2249 acciderat,
3357 2184 3539 2239 odium

1956 2291 2171 2347 quoque
2209 2277 2472 2346 gravabat
2497 2275 2734 2329 nominis
2761 2274 3012 2329 monachi
3038 2273 3126 2340 ³¹⁹,
3169 2274 3312 2342 quod
3337 2274 3540 2328 invete-

1959 2379 2075 2424 rata
2101 2368 2306 2422 malitia
2334 2367 2585 2422 homines
2612 2365 2779 2421 seculi
2809 2365 2960 2436 (175)
3005 2379 3223 2434 semper
3251 2363 3540 2419 obfuscare

1957 2469 2121 2528 atque
2148 2458 2458 2526 opprimere
2479 2457 2840 2512 conabantur.
2873 2455 2965 2511 Sic
2979 2456 3218 2526 undique
3241 2455 3537 2525 impetitus,

1954 2550 2320 2620 olipuguatus,
2372 2561 2687 2616 oppressus,
2743 2555 2867 2616 post
2918 2554 2995 2600 tot
3033 2555 3322 2617 tantasque
3352 2557 3542 2601 contua

1956 2639 2146 2694 melias
2169 2639 2414 2708 privatus
2436 2639 2813 2703 abscessisset,
2840 2638 2944 2692 nisi
2974 2653 3134 2708 quem
3179 2651 3282 2692 nec
3326 2636 3414 2691 lex
3441 2651 3541 2692 nec

1955 2730 2265 2786 innocentia
2315 2731 2455 2785 tueri
2512 2737 2782 2799 poterant,
2831 2730 3060 2798 pecunia
3107 2735 3279 2784 tutata
3327 2727 3534 2784 fuisset.

1953 2820 2089 2875 Nam
2123 2821 2401 2876 distractis
2430 2835 2494 2875 ac
2542 2820 2851 2890 dilapidatis
2875 2819 3024 2891 (174)
3072 2820 3232 2876 rebus
3259 2818 3543 2874 Fuldensis

1954 2912 2292 2976 monasterii,
2326 2925 2384 2966 se
2408 2926 2643 2982 suosque
2665 2910 2953 2966 carissimo
2993 2910 3350 2966 mercimonio
3376 2909 3535 2964 rede-

1953 3004 2070 3058 mit.
2094 3004 2365 3076 Quantum
2388 3004 2524 3074 regi,
2541 3013 2805 3072 quantum
2821 3001 3348 3074 auriculariis(l75),
3363 3017 3542 3072 quau-

1954 3105 2065 3152 tum
2105 3097 2360 3167 episcopo
2389 3097 2576 3150 datum
2606 3096 2701 3161 sit,
2741 3097 2874 3151 haut
2917 3095 3052 3150 satis
3088 3103 3238 3151 certo
3269 3094 3544 3164 comperi-

1953 3201 2093 3241 mus.
2126 3185 2356 3240 Cautum
2402 3183 2548 3240 enim
2597 3184 2796 3249 fuerat,
2839 3197 2910 3239 ne
2948 3183 3150 3254 passim
3200 3183 3539 3254 'ulgaretur.

1953 3279 2067 3334 Hoc
2097 3279 2230 3333 haut
2260 3277 2423 3332 dubio
2451 3284 2666 3332 constat
2699 3277 2778 3331 sic
2809 3290 2873 3330 ea
2901 3283 3224 3346 tempestate
3244 3276 3542 3331 exhaustas

1953 3382 2117 3443 atque
2142 3371 2358 3426 attritas
2383 3385 2503 3426 esse
2531 3369 2674 3424 illius
2701 3370 3018 3424 monasterii
3037 3383 3195 3438 opes,
3223 3384 3343 3440 qua:
3367 3385 3540 3436 usque

1952 3465 2020 3518 ad
2050 3464 2102 3518 id
2129 3463 2386 3532 temporis
2412 3461 2811 3516 florentissimae
2837 3470 3016 3526 erant,
3056 3459 3374 3529 cunctisque
3418 3459 3543 3516 Gal-

1953 3556 2151 3612 liarum
2174 3555 2422 3612 ecclesiis
2453 3554 2770 3608 eminebant
2796 3552 2888 3619 ⁸²⁰,
2927 3562 2988 3608 ιιι
3015 3553 3176 3608 modo
3225 3551 3301 3608 ibi
3342 3552 3545 3622 prioris.

1951 3649 2245 3719 opulentia:
2272 3649 2362 3702 vix
2393 3646 2731 3701 monimenta
2761 3644 3024 3714 reperias.

2021 3739 2206 3796 Abbas
2231 3746 2353 3808 post
2376 3736 2514 3805 haec,
2555 3745 2776 3806 accepta
2809 3728 3049 3800 licentia,
3080 3733 3305 3790 Fuldam
3337 3747 3541 3792 remea-

1952 3828 2052 3894 vit,
2083 3840 2272 3882 amaro
2300 3833 2355 3881 et
2385 3824 2632 3881 confecto
2653 3824 2819 3880 nimis
2846 3839 3010 3894 super
3035 3824 3203 3879 tantis
3255 3823 3539 3879 calamitas

1954 3921 2102 3976 tibus
2127 3919 2334 3974 animo.
2367 3917 2437 3972 Et
2459 3932 2589 3973 ecce
2632 3916 2708 3972 ibi
2750 3916 3017 3974 acerbiori
3053 3929 3192 3985 pene
3239 3929 3424 3970 rerum
3449 3928 3538 3968 as—

1952 4012 2184 4083 peritate
2199 4010 2488 4080 excipitur,
2510 4017 2566 4064 et
2587 4008 2880 4064 secundum
2903 4007 3260 4078 pmphette'“
3282 4004 3536 4076 elogium,

1953 4103 2167 4174 fugiens
2197 4116 2350 4156 arma
2375 4095 2576 4164 ferrea,
2621 4099 2813 4154 incidit
2846 4099 2899 4152 in
2949 4113 3136 4154 arcum
3185 4110 3383 4152 aereum
3413 4095 3537 4168 (Job

1954 4193 2186 4264 “.24).
2225 4192 2449 4248 Fratres
2505 4189 2805 4246 Fuldenses
2863 4205 2891 4244 a
2946 4189 3212 4260 principio
3260 4197 3535 4244 austerum

1953 4282 2068 4351 ejus
2097 4292 2155 4337 et
2182 4283 2360 4336 minus
2383 4297 2544 4350 quant
2573 4281 2756 4336 decuit
2780 4279 3042 4351 populare
3074 4279 3344 4349 ingenium
3372 4277 3538 4334 offen-

262 4372 501 4426 tumultu
530 4375 596 4428 ad
645 4390 795 4428 arma
827 4375 1059 4429 tollenda
1092 4377 1252 4445 paulo
1298 4377 1369 4409 ³¹⁶
1408 4377 1618 4448 longius
1645 4380 1853 4434 discur—
1882 4383 1929 4442 ι)
1955 4373 2129 4428 derat.
2158 4370 2325 4426 Auxit
2345 4371 2461 4439 ipse
2488 4371 2743 4425 invidiam
2787 4380 2844 4424 et
2874 4369 3045 4425 facem
3097 4384 3204 4425 non
3255 4370 3534 4425 minimam

263 4472 470 4527 terant,
503 4463 816 4534 frequentes
843 4466 1148 4534 armatique
1188 4475 1396 4535 assunt,
1442 4469 1639 4523 atrium
1681 4470 1854 4525 eccle-

263 4551 360 4606 sim
394 4563 681 4624 occupant,
712 4555 886 4610 aciem
940 4555 1236 4620 instruunt,
1287 4566 1347 4611 ut
1372 4557 1439 4612 de
1467 4559 1693 4614 ecclesia
1723 4575 1845 4629 pro-

1958 4462 2294 4519 aemulationi
2324 4461 2394 4493 ⁸²²
2427 4462 2688 4529 subdidit,
2731 4462 2931 4532 praedia
2978 4461 3221 4517 ecclesiae
3275 4462 3533 4518 militibus

1957 4557 2202 4626 improbe
2226 4555 2501 4627 eroganda
2529 4554 2598 4584 ’”
2628 4563 2684 4608 et
2707 4553 2962 4608 victualia
2992 4553 3244 4622 fratrum,
3291 4556 3531 4625 priorqu

1579 4665 1814 4721 VARIAS
1855 4666 2260 4724 LECTIONES.

305 4754 374 4786 ³⁸⁸
412 4754 795 4824 penthccosten
828 4757 882 4810 5.
911 4755 966 4809 4.
1009 4771 1210 4823 semper
1255 4754 1384 4823 fere.
1461 4757 1532 4788 ³⁰³
1571 4757 1670 4813 Ubi
1717 4759 1771 4812 5.
1847 4761 1918 4792 ⁸⁵⁸
1959 4757 2390 4815 Ινίἰὶάθιιθιηθηείε
2433 4756 2487 4812 5.

1407 4826 1479 4860 ³⁰⁸
1538 4828 2063 4887 hildeneshemensis
2099 4831 2153 4883 5.
2204 4842 2253 4883 et
2292 4827 2456 4896 infra.

271 4825 492 4880 turbant
543 4826 596 4880 4.
638 4825 690 4880 5.
769 4825 838 4857 ³⁰⁷
881 4826 1210 4880 ululancium
1257 4825 1308 4878 5.

267 4892 584 4967 Regini)on
607 4895 663 4948 4.
685 4894 768 4967 5.
812 4895 1073 4967 reinbodo
1115 4894 1196 4967 ib.

269 5033 480 5090 lacione
505 5037 557 5090 5.
639 5033 708 5065 ⁸²³
746 5037 1059 5118 erongando
1089 5035 1142 5088 5.

1293 4895 1359 4927 ³¹¹
1399 4896 1538 4952 deest
1574 4899 1627 4952 5.
1705 4899 1774 4930 ⁸⁸³
1812 4903 1899 4954 vix
1938 4903 1994 4956 4.

267 4963 601 5038 venisset}.
641 4963 748 5038 __{"
805 4966 943 5018 deest
987 4965 1040 5038 5.
1094 4964 1188 5038 -.³⁵⁸
1227 4965 1364 5022 deest
1385 4966 1438 5021 5.
1517 4967 1585 4998 '"
1644 4972 1951 5038 monachiei
1992 4975 2044 5030 1.

2575 4757 2644 4790 ⁸⁸⁸
2685 4755 3058 4812 occultauerat
3100 4757 3154 4811 4.
3185 4758 3239 4813 5.
3318 4757 3388 4790 ³⁸⁸
3416 4772 3537 4824 per-

2560 4827 2630 4900 ”?
2671 4829 2788 4900 loca
2832 4827 2886 4883 5.
2936 4899 2941 4900 ί
2979 4829 3050 4900 Ψ
3085 4827 3435 4900 _Regenbodo
3486 4829 3536 4880 1.

2073 4901 2143 4935 ³⁸⁸
2172 4900 2311 4953 deest
2333 4899 2385 4952 5.
2462 4898 2532 4930 ἰδ
2573 4899 2712 4953 deest
2743 4898 2800 4951 4.
2876 4899 2945 4933 ³η
2977 4898 3063 4952 hic
3082 4897 3135 4952 5.
3196 4897 3284 4931 "l'
3323 4911 3377 4948 u.
3402 4909 3538 4950 cou-

2123 4969 2188 5004 ³²⁶
2216 4969 2568 5024 imminebant
2595 4967 2650 5023 5.
2715 4968 2785 5007 ἰι
2824 4968 3106 5040 prophetie
3136 4968 3192 5023 5.
3270 4966 3342 5000 ³⁸⁸
3382 4979 3540 5020 emu-

1781 5130 2018 5196 ΝΟΤᾹΣ.

339 5215 484 5286 (169)
524 5215 607 5271 Cf.
648 5211 839 5286 Joann.
873 5232 940 5271 aa
975 5213 1156 5285 Serar.
1182 5221 1221 5268 t.
1254 5215 1298 5281 l,
1325 5233 1380 5286 p.
1449 5216 1574 5281 496,
1617 5229 1672 5274 et
1716 5220 1854 5273 scri-

2036 5227 2187 5286 (I72)
2222 5221 2302 5277 Cf.
2335 5236 2499 5286 supra
2525 5228 2639 5275 not.
2673 5221 2798 5277 152.
