4076 5310
579 257 717 312 10ἳὸ

1748 271 2093 335 LAMBERTI
2134 278 2692 340 HERSFELDENSIS

3712 289 3851 345 ιι)ῖύ

578 371 837 427 abbatum
866 355 1195 432 liberalitate
1219 384 1442 447 statuta,
1495 382 1803 440 minuendo.
1850 387 2157 445 Murmura-
2183 393 2240 470 Α
2262 404 2423 448 sensu
2472 390 2795 450 maturiores
2837 403 2993 451 erant
3042 398 3153 453 cito
3206 397 3322 456 haec
3361 398 3527 458 verba
3561 400 3853 459 satisfece-

577 464 715 520 bant
752 465 818 521 de
845 466 931 523 his
978 467 1202 523 cottidie
1248 470 1340 537 ³⁸⁸,
1381 483 1437 527 et
1480 474 1753 533 intestinis
1798 479 2159 537 simultatibus

579 555 931 625 quatiebatur
958 560 1373 616 monasterium.
1411 560 1814 623 Tolerabantur
1866 578 2044 627 tamen
2094 572 2159 625 ti.

578 659 733 701 more
755 645 929 718 magis
951 663 1114 717 quam
1148 665 1354 718 amore,
1378 668 1444 708 ne
1471 656 1703 720 scilicet,
1730 659 2024 716 immature.
2044 662 2160 717 vul-

578 746 702 809 gata
729 739 1090 808 querimonia,
1122 741 1441 814 lavorregis
1469 756 1524 800 et
1551 748 1852 817 principum
1898 767 2019 806 eum
2046 762 2159 809 tue-

578 835 791 891 rentur.
819 830 890 883 At
913 830 1001 885 ubi
1028 833 1260 887 nuncius
1317 845 1553 905 accepta:
1598 838 1652 892 in
1696 838 1940 896 Goslaria
1989 842 2160 899 cladis

579 915 807 971 Fuldatn
837 920 1004 983 venit,
1032 930 1141 974 tum
1165 938 1295 978 vero
1323 934 1378 979 et
1411 925 1481 960 ²¹¹
1508 928 1741 983 recentis
1784 931 2022 987 vulneris
2059 934 2157 989 do~

580 1006 697 1061 lore
707 1017 759 1063 et
783 1010 1179 1078 praeteritorum
1199 1014 1460 1068 memoria
1478 1018 1714 1083 accensi,
1732 1018 1963 1075 fremere
1973 1036 2159 1078 omnes

578 1107 630 1150 et
650 1113 706 1152 se
732 1099 971 1154 vicissim
997 1101 1305 1175 hortari'“,
1332 1112 1391 1158 ttt
1416 1112 1620 1160 tantam
1638 1110 1895 1177 temporis
1919 1126 2159 1167 commo-

578 1189 802 1242 ditatem
821 1191 1082 1245 divinitus
1106 1193 1340 1248 oblatam
1364 1210 1468 1249 non
1485 1196 1553 1229 ³⁸⁷
1569 1198 1928 1268 negligerent;
1952 1202 2159 1271 agendo

578 1281 805 1349 neget-io
843 1283 979 1337 nihil
1032 1295 1231 1354 prteter
1278 1306 1495 1360 operam
1535 1293 1967 1366 industriamque
2005 1314 2156 1353 suam

581 1371 772 1427 dcesse
797 1373 889 1437 ⁸⁸⁸,
915 1379 1095 1446 urgeri
1129 1379 1399 1437 hominem
1434 1387 1666 1454 propriis
1690 1388 2067 1459 iniquitatibus
2090 1392 2160 1447 ad

582 1460 898 1529 interitum;
924 1477 1150 1533 agerent
1182 1485 1327 1524 nunc
1362 1472 1555 1543 singuli
1580 1491 1679 1545 pro
1712 1477 1849 1531 virili
1876 1480 2122 1544 portione

574 1560 631 1608 et
649 1568 707 1609 se
735 1570 1001 1627 suumque
1026 1563 1412 1617 monasterium
1438 1565 1733 1622 liberarent
1761 1583 2030 1625 acerrimo
2052 1586 2156 1626 non

578 1658 735 1716 patre
777 1664 872 1703 seu
911 1652 1099 1718 hoste,
1146 1655 1237 1722 qui
1275 1655 1543 1713 Fuldense
1577 1674 1807 1725 nomen,
1853 1662 1985 1716 cado
2008 1664 2159 1733 prius

575 1747 869 1810 aequatum,
914 1743 1115 1811 probro
1169 1760 1312 1801 nunc
1368 1746 1703 1819 ludibrioque
1743 1752 1956 1807 eunetis
1997 1768 2162 1823 expo-

577 1826 791 1880 suisset.
824 1825 931 1891 Sic,
965 1828 1313 1889 inﬂammata
1356 1835 1606 1891 seditioni
1663 1847 1935 1908 tamquam
1978 1841 2160 1896 oleum

576 1920 687 1990 igni
716 1921 863 1993 (176)
895 1926 1102 1981 addidit
1146 1928 1339 1999 injuria
1391 1932 1681 1988 recentior.
1735 1933 2039 2005 Reginboto
2066 1937 2159 2003 i";

579 2010 671 2081 qui
698 2010 897 2079 inilla
961 2014 1294 2096 Goslariensi
1351 2023 1733 2091 congressione
1791 2025 2156 2094 occubuerat,

578 2118 776 2172 equum
810 2122 976 2174 unum
1002 2113 1180 2183 magni
1212 2113 1380 2183 precii
1410 2112 1671 2171 fratribus
1696 2116 2059 2174 Fuldensibus
2087 2120 2161 2176 ob

576 2198 1009 2263 recordationem
1052 2203 1248 2259 anima:
1295 2219 1406 2259 suae
1434 2205 1688 2275 dederat,
1722 2222 1883 2278 quem
1910 2208 2159 2279 protinus

578 2294 779 2359 abbas,
821 2292 956 2363 ipsis
991 2292 1347 2360 inconsultis,
1375 2295 1513 2352 laico
1551 2298 1767 2353 cuidam
1806 2300 1971 2356 dedit.
2006 2300 2160 2357 llunc

579 2382 815 2438 clTeralis
844 2382 1073 2459 animis,
1106 2384 1638 2454 intemperatissimis
1677 2389 2007 2446 clamoribus
2042 2390 2159 2445 fra-

576 2484 688 2529 tres
721 2483 1001 2544 repetunt;
1044 2474 1136 2530 diu
1185 2490 1244 2531 se
1270 2476 1595 2534 tirannidem
1618 2478 1735 2548 ejus
1782 2482 1954 2551 magis
1996 2497 2157 2553 quam

578 2569 913 2645 dominatum
937 2568 1115 2624 servili
1143 2569 1403 2639 patientia
1427 2570 1635 2637 tulisse,
1661 2588 1766 2628 non
1791 2573 1931 2629 ultra
1957 2573 2161 2629 laturos

577 2660 724 2727 fore;
757 2662 1008 2717 redderet
1035 2661 1190 2718 ocius
1220 2677 1317 2732 per
1341 2663 1449 2717 vim
1478 2673 1665 2735 erepta
1690 2665 1791 2720 sibi
1812 2666 1998 2719 aliena:
2029 2665 2162 2720 libe‘

578 2754 811 2811 ralitatis
840 2754 1138 2821 beneﬁcia;
1176 2757 1222 2812 si
1252 2765 1602 2813 cunctaretur
1619 2800 1632 2825 ,
1658 2774 1764 2814 non
1787 2760 1899 2829 jam
1923 2760 1992 2792 ³³⁰
2012 2760 2161 2816 clan-

579 2846 914 2901 destiuis'1m
947 2847 1389 2903 musitationibus
1434 2863 1493 2904 se
1544 2858 1785 2916 acturos,
1836 2855 1930 2908 sed
1982 2852 2159 2923 palam

577 2935 740 2991 aditis
771 2935 1134 2991 tribunalibus
1162 2936 1400 2991 divinam
1439 2946 1495 2992 et
1532 2939 1824 2995 humanam
1852 2956 2008 3012 opem
2031 2959 2162 2999 con-

2260 490 2403 535 rant.
2450 481 2557 538 Sed
2603 484 2861 555 juventus
2909 503 3059 544 more
3102 505 3201 544 suo
3238 491 3373 545 nihil
3430 493 3648 556 veniae,
3712 468 3878 547 nihil‘

2260 568 2554 626 laxamenti
2577 573 2937 641 admittebat;
2959 577 3048 631 ditt
3077 578 3413 648 simplicitati
3446 596 3560 635 suae
3587 596 3688 650 per
3713 582 3854 636 ιιιοιο

2258 660 2335 715 lia
2362 662 2529 718 'verba
2560 664 2873 720 insultatum
2905 666 3103 735 fuisse;
3138 668 3295 723 ﬁdem
3328 670 3445 739 ejus
3469 712 3482 731 .
3528 681 3685 725 tanto
3713 683 3856 726 tem-

2257 765 2422 820 pore,
2476 759 2557 809 tot
2604 757 2767 811 rebus
2814 769 3111 826 spectatam
3139 799 3154 823 ,
3212 759 3353 814 ultra
3392 759 3462 793 ³³⁸
3497 761 3691 816 fallere
3740 778 3856 817 non

2259 858 2445 913 posse;
2477 845 2578 900 eos
2595 861 2803 911 mores,
2835 864 2952 902 eam
2987 850 3387 920 improbitatem
3416 852 3656 908 hominis
3683 869 3859 919 esse,

2260 931 2513 1001 quiequid
2537 936 2853 1004 urgentibus
2876 937 3344 1007 inpraesentiarum
3374 942 3531 996 malis
3552 958 3660 997 non
3685 942 3861 998 fecis-

2259 1028 2363 1084 set,
2398 1022 2469 1087 id,
2499 1023 2601 1077 nisi
2631 1024 2824 1079 iterum
2851 1026 2933 1081 vis
2963 1026 3031 1058 “°
3057 1026 3405 1085 adhiberetur
3426 1072 3439 1096 ,
3469 1042 3739 1103 perpetuo
3762 1035 3853 1088 in-

2260 1106 2459 1163 lectum
2484 1110 2628 1177 fore;
2668 1122 2952 1183 prepterea
2996 1130 3058 1171 se
3098 1116 3166 1171 ab
3204 1118 3270 1154 W
3292 1133 3415 1187 jure
3456 1136 3556 1175 suo
3585 1136 3698 1175 non
3732 1136 3857 1176 ces-

2259 1212 2415 1278 suros
2443 1214 2583 1267 esse,
2614 1203 2786 1257 donec
2816 1206 2882 1258 ad
2908 1209 3320 1278 expugnandam
3350 1210 3522 1264 animi
3545 1209 3670 1278 ejus
3697 1213 3851 1267 duri-

2263 1273 2389 1344 tiam
2420 1292 2601 1346 omnia
2643 1292 2840 1348 divina:
2866 1334 2881 1360 ,
2920 1297 3101 1350 omnia
3146 1297 3399 1354 humanae
3434 1299 3558 1369 opis
3583 1298 3860 1371 διιεῖ-θεὴ

2258 1389 2731 1451 pertemptassent.
2758 1384 2940 1441 Abbas
2976 1386 3072 1440 diu
3100 1387 3439 1454 immoratus,
3482 1390 3574 1445 ubi
3597 1406 3661 1445 se
3697 1392 3857 1447 videt

2258 1469 2393 1523 nihil
2440 1470 2788 1542 supplicando
2837 1490 3030 1544 agere,
3067 1493 3169 1532 nec
3210 1480 3422 1550 copiam
3465 1481 3571 1535 sibi
3613 1496 3746 1537 esse
3784 1482 3857 1536 ad

2259 1561 2533 1617 reddenda
2562 1579 2689 1634 quae
2712 1565 3075 1636 exigebantur.
3090 1569 3182 1634 m;
3210 1571 3515 1639 praesertim
3554 1572 3857 1627 exhaustis

2258 1664 2397 1723 pene
2437 1656 2650 1711 cunctis
2695 1658 2888 1727 opibus
2936 1661 3250 1716 monasterii
3273 1702 3286 1726 ,
3314 1677 3414 1717 nec
3437 1661 3849 1724 sulﬁcientibus

2187 1725 2234 1785 Β
2264 1754 2441 1801 tamen
2466 1748 2531 1801 ad
2562 1752 2980 1817 exsaturandatn
3020 1752 3591 1822 ingluviem’avaritim
3616 1770 3856 1821 eorum,

2260 1837 2352 1906 qui
2403 1836 2457 1891 in
2508 1837 2839 1896 Goslariensi
2898 1843 3129 1897 tumultu
3173 1844 3283 1898 laesi
3329 1845 3583 1901 fuerant:
3625 1848 3859 1901 tandem

2260 1927 2404 1998 regis
2419 1927 2664 1996 jussioue
2684 1932 3003 1998 accersitus,
3036 1937 3103 1988 ad
3133 1935 3327 1990 curtim
3352 1935 3422 1968 "*'
3445 1936 3654 2008 regiam
3685 1936 3859 2007 proti-

2260 2017 2516 2085 ciscitur,
2553 2020 2680 2076 dato
2718 2023 3043 2077 necessariis
3081 2027 3194 2078 suis
3230 2026 3486 2094 negocio,
3517 2035 3581 2079 ut
3618 2027 3865 2082 terrori-

2258 2112 2360 2167 bus
2398 2121 2454 2167 et
2499 2111 2904 2177 blandimentis,
2950 2129 3162 2185 quaqua
3208 2117 3293 2171 via
3335 2116 3865 2187 possent,cﬂ'erat:e

2254 2202 2551 2274 juventutis
2577 2204 2789 2261 animos
2816 2206 3128 2279 mitigarent
3155 2208 3242 2261 ³⁵⁵.
3270 2208 3374 2264 Sed
3406 2210 3507 2265 hoc
3547 2210 3602 2264 in
3631 2211 3861 2265 irritum

2256 2295 2439 2360 cessit.
2468 2294 2708 2365 Denique
2734 2307 2853 2366 post
2881 2298 3191 2353 abscessum
3223 2299 3293 2341 ³⁸⁵
3319 2298 3434 2368 ejus
3456 2302 3746 2370 principes
3760 2299 3856 2369 ju-

2258 2385 2536 2449 ventutis,
2587 2386 2785 2455 quibus
2836 2388 3178 2457 potissimum
3228 2390 3615 2445 incentoribus
3637 2400 3860 2445 tantum

2260 2476 2463 2531 malum
2486 2486 2796 2541 exarserat,
2828 2486 2993 2531 totam
3025 2480 3224 2534 adeunt
3246 2481 3316 2512 ³⁸⁸
3346 2481 3861 2551 congregationem,

2260 2567 2525 2634 indicant,
2553 2567 2734 2622 animo
2762 2567 2862 2622 sibi
2893 2567 3057 2624 ﬁxum
3079 2585 3236 2637 esse,
3258 2580 3347 2637 ut,
3385 2571 3673 2641 eruptione
3708 2572 3859 2625 facta

2260 2659 2327 2716 de
2348 2661 2704 2726 monasterio,
2737 2674 2946 2731 regem,
2980 2663 3307 2734 ubicumque
3333 2664 3573 2735 gentium
3608 2663 3871 2733 reperia—

2264 2760 2369 2815 tur,
2400 2751 2736 2822 perquirant,
2767 2758 2961 2806 contra
2985 2752 3248 2806 saevitiam
3282 2753 3491 2808 abbatis
3518 2751 3637 2820 ejus
3656 2762 3861 2822 poten-

2262 2842 2391 2897 tiam
2415 2842 2481 2874 ³⁷⁵⁷
2510 2841 2869 2913 patrocinium
2898 2852 3223 2912 exposcam;
3254 2853 3542 2912 orantque,
3564 2853 3625 2897 ut
3650 2844 3867 2913 quibus

2259 2936 2498 2990 valitudo
2526 2950 2632 2990 non
2655 2935 2886 2989 obsistat
2907 2950 3090 2990 secum
3124 2935 3562 3006 preliciscantur,
3591 2935 3686 3005 qui
3723 2951 3860 2990 vero

577 3036 667 3079 tra
715 3024 1055 3103 violentiam.
1083 3024 1200 3094 ejus
1252 3026 1659 3097 imploraturos.
1700 3030 1896 3087 Abbati
1950 3035 2161 3102 pondus
2187 3065 2233 3129 ϐ
2262 3036 2421 3081 mlale
2453 3024 2533 3081 vel
2566 3026 2755 3127 morbo
2786 3033 3160 3129 praigravanle
3198 3027 3249 3081 id
3278 3032 3382 3081 'non
3416 3026 3633 3129 possint
3659 3025 3857 3129 scripti

581 3114 847 3189 malorum
895 3115 1071 3184 primo
1124 3116 1408 3172 consilium
1457 3120 1830 3191 respondendi
1863 3123 2158 3178 ademerat.

578 3204 713 3259 Dein
736 3205 991 3281 mtoms.
1012 3206 1080 3261 ad
1121 3223 1310 3278 preces
1344 3210 1709 3282 lacrimasque
1738 3228 1963 3279 versus,
1999 3230 2161 3273 orare

576 3302 634 3350 et
662 3294 919 3351 obtestari
968 3312 1068 3366 per
1115 3299 1314 3365 Deum,
1363 3315 1432 3355 ne
1451 3299 1608 3369 juxta
1635 3312 1790 3359 vetus
1814 3306 2168 3373 proverbium

581 3385 761 3457 ignem
804 3387 982 3458 gladio
1026 3398 1404 3448 scrutarentur
1451 3393 1638 3466 (I77),
1686 3410 1755 3451 ne
1798 3396 2161 3456 Goslariensis

578 3483 922 3538 contumeliae
944 3484 1136 3540 vulnus
1154 3501 1345 3542 recens
1372 3487 1568 3554 adhuc,
1599 3498 1655 3543 ct
1679 3490 1908 3544 necdum
1938 3491 1994 3546 in
2018 3492 2165 3547 cica-

578 3571 783 3650 tricem
798 3572 1113 3637 obductum.
1134 3576 1288 3633 novis
1309 3576 1589 3633 doloribus
1613 3578 2022 3647 exttlcerarent;
2045 3597 2161 3637 me-

576 3675 860 3722 morentur
889 3669 1156 3727 calamum
1182 3670 1253 3707 ⁸³³
1282 3681 1705 3742 conquassatum
1733 3672 1802 3705 ³³⁸
1827 3688 1933 3729 non
1974 3683 2161 3731 conte-

584 3758 811 3812 reudum
840 3757 1023 3830 (178),
1054 3775 1153 3815 nec
1194 3761 1362 3816 littum
1412 3762 1680 3833 l'ttmigans
1713 3762 1882 3834 (Isai,
1914 3780 2025 3819 xui
2046 3804 2061 3829 ,
2102 3764 2158 3835 5)

577 3844 634 3899 in
663 3844 874 3903 favillas
902 3849 1220 3919 cineresque
1239 3850 1622 3920 redigendum;
1647 3861 1952 3921 parcerent,
1979 3854 2024 3908 si
2053 3854 2158 3908 mi-

577 3949 683 3990 nus
734 3936 1121 3995 existimationi
1170 3941 1435 4011 propriae,
1493 3949 1552 3997 at
1601 3942 1672 3979 ³³⁸
1703 3943 1997 3998 calamitati
2043 3941 2160 4013 ejus

576 4027 724 4081 eti”
752 4029 1020 4098 miseriae,
1079 4048 1203 4102 quae
1249 4043 1403 4088 tanta
1443 4045 1619 4101 esset,
1651 4044 1709 4091 ut
1743 4036 1989 4093 hostibus
2026 4040 2161 4108 quo-

577 4132 685 4187 que
709 4118 779 4151 ⁸³⁸
803 4121 915 4177 suis
938 4121 1047 4179 lact
1064 4122 1200 4179 imas
1227 4124 1295 4157 ³³⁷
1320 4134 1581 4182 excutere
1618 4128 1839 4195 pusSct;
1874 4144 1932 4184 se
1947 4147 1974 4194 ,ί
1994 4128 2038 4183 si
2065 4133 2165 4185 an-

578 4209 730 4281 gelus
754 4212 967 4269 Domini
997 4230 1481 4287 perseqttenseum
1509 4219 1785 4289 paniulum
1829 4222 2169 4289 remisisset,

577 4301 625 4358 si
666 4302 734 4357 ab
759 4306 920 4360 tantis
952 4307 1109 4362 malis
1144 4308 1255 4361 vita
1283 4310 1483 4364 comite
1515 4326 1768 4380 umquam
1796 4310 1867 4344 ³³⁸
1894 4312 2160 4381 respiras-

2263 3117 2345 3173 sui
2372 3108 2757 3185 astipulatione
2784 3114 2853 3147 ³⁸⁸
2880 3114 3076 3170 factum
3100 3130 3287 3170 eorum
3311 3113 3739 3169 corroborarent
3760 3112 3854 3166 ³³9.

2263 3208 2371 3262 lies
2397 3206 2551 3268 foeda
2570 3216 2624 3261 et
2645 3206 2787 3261 diettt
2819 3221 3034 3275 quoque
3058 3205 3330 3261 horrenda
3364 3206 3478 3259 visa
3508 3213 3593 3261 est
3620 3204 3859 3261 seniori-

2261 3299 2362 3353 bus
2390 3296 2646 3366 ,'.fusiquc
2670 3297 2722 3350 in
2754 3304 2957 3357 terram
2977 3335 3001 3362 ,,
3026 3311 3123 3366 per
3150 3295 3318 3355 Deum
3361 3295 3755 3365 precabantur,
3784 3309 3857 3348 ne

2262 3402 2321 3443 se
2354 3396 2408 3443 et
2436 3388 2608 3456 ipsum
2651 3386 2936 3441 Fuldensis
2971 3387 3083 3456 spei
3124 3387 3377 3457 exiguum
3416 3385 3560 3456 quod
3608 3385 3856 3439 restabat
3941 3458 3946 3462 _

2260 3480 2531 3551 perditum
2561 3478 2704 3532 irent
2735 3476 2879 3549 (179)
2898 3476 3211 3545 λιιινιιηιιιηι
3244 3477 3484 3548 graviter
3509 3476 3851 3531 Goslariensi

2260 3572 2414 3628 clade
2447 3586 2560 3627 rem
2594 3569 2958 3636 Fuldensem;
2992 3571 3037 3624 si
3081 3570 3181 3639 ipsi
3218 3569 3535 3624 monasterii
3574 3569 3743 3623 limen
3782 3583 3851 3622 ea

2261 3671 2443 3718 mente
2479 3663 2840 3720 ext-essissent
2870 3661 2962 3726 "9,
3007 3676 3120 3715 non
3158 3662 3483 3715 turbandam
3514 3660 3675 3715 modo
3699 3700 3717 3725 ,
3750 3660 3848 3714 sed

2261 3752 2558 3808 omninoin
2583 3767 2824 3822 praeceps
2853 3752 3071 3806 ituram.
3101 3751 3247 3807 Nihil
3272 3752 3347 3807 illi
3374 3753 3460 3807 his
3491 3752 3848 3807 sermonibus

2260 3843 2393 3900 moti
2423 3840 2624 3911 -—jam
2663 3842 2806 3896 enim
2855 3841 3160 3912 pertinacia
3194 3841 3246 3895 in
3272 3843 3566 3896 amentiam
3593 3850 3763 3910 atque
3790 3840 3855 3895 in

2261 3934 2467 3990 rabiem
2517 3946 2577 3987 se
2624 3939 2868 3987 verterat
2916 3959 2987 3971 -·
3032 3931 3245 3986 concite
3298 3947 3394 4001 per
3443 3932 3845 3986 monasterium

2262 4010 2594 4088 discurrunt,
2630 4022 2858 4078 invicem
2886 4037 2955 4077 se.
2974 4020 3042 4076 ad
3078 4023 3383 4076 audendum
3408 4022 3475 4054 ”'
3517 4022 3729 4077 facinus
3748 4021 3847 4075 ad-

2261 4118 2550 4172 hortantur
2572 4155 2587 4179 ,
2616 4124 2671 4169 et
2699 4114 2776 4169 sic
2799 4096 3014 4168 tandem
3049 4113 3231 4169 adulta
3258 4114 3664 4183 conspiratione
3687 4112 3850 4168 sede-

2263 4208 2368 4265 cim
2401 4223 2629 4263 numero
2657 4247 2671 4269 ,
2713 4220 2931 4259 crucem
2967 4205 3069 4260 sibi
3111 4206 3465 4274 pra-ferentes
3487 4245 3501 4270 ,
3544 4205 3841 4274 antiphona

2265 4301 2513 4371 imposita
2552 4297 2722 4370 (180),
2750 4297 3003 4351 claustris
3042 4297 3356 4351 monasterii
3401 4305 3718 4367 erumpunt.
3745 4294 3843 4351 δε-

578 4402 695 4459 set,
725 4398 831 4452 noh
863 4397 1023 4453 modo
1058 4399 1306 4469 adempta
1349 4401 1714 4467 redditurum,
1743 4404 1837 4458 sed
1868 4404 2157 4474 duplicatis
2189 4402 2235 4460 D
2261 4392 2565 4464 (tuebantur
2591 4404 2685 4444 ⁸0⁵
2712 4388 2926 4443 θῖηίηυε
2952 4387 3186 4457 majores
3212 4397 3341 4441 "al"
3361 4428 3375 4451 ν
3402 4389 3494 4458 qui
3520 4402 3714 4442 sanum
3746 4386 3845 4443 au‘

578 4498 795 4555 quoque
833 4489 1150 4551 muneribus
1195 4491 1613 4547 cumulaturum,
1644 4491 1739 4548 Hi3
1782 4493 1872 4563 qui
1914 4502 2073 4548 mlum
2103 4501 2158 4575 ςι
2266 4484 2394 4558 quid
2424 4483 2734 4553 sapiebant,
2767 4494 2892 4536 cum
2921 4487 3071 4536 tanto
3093 4478 3243 4535 luctu
3269 4487 3434 4549 atque
3460 4477 3689 4547 ejulatu,
3713 4492 3780 4532 ac
3798 4479 3847 4532 si

1862 4599 2090 4657 VARUE
2128 4596 2528 4657 LECTIONES.

656 4703 728 4738 ’“
761 4706 1147 4791 qugttidien'é.“
1182 4727 1383 4791 semper
1434 4720 1481 4791 et
1518 4720 1593 4791 tle
1630 4710 2138 4791 plerumqueﬂetiattt
2163 4710 2217 4764 4.
2250 4700 2414 4791 ω’δίξ
2450 4707 2694 4791 άεςδιῃᾷ..
2773 4705 2847 4791 ξ²⁶
2866 4720 3076 4791 “cepere
3100 4705 3267 4791 “add:
3292 4706 3367 4791 3:
3612 4705 3754 4791 deest

583 4776 655 4807 ³²⁸
681 4790 802 4831 esse
845 4778 900 4833 5.
938 4794 943 4797 ‘
1003 4779 1071 4814 ³⁹⁹
1110 4776 1420 4847 Reginbodo
1461 4782 1512 4835 l.
1555 4776 1702 4837 4.3.
1803 4776 1872 4814 ⁸³³
1913 4776 2051 4836 deest
2088 4780 2142 4835 5.
2248 4782 2316 4813 ³³⁸
2357 4777 2727 4835 clatntlestlnis
2759 4777 2813 4831 4.
2995 4778 3063 4809 ³³³
3100 4776 3302 4832 Deinde
3335 4776 3390 4830 4.
3485 4777 3555 4808 ³³³
3607 4777 3751 4847 deest
3796 4777 3850 4831 5.

590 4846 662 4921 ξ’*
694 4862 1017 4921 quassatum,
1033 4850 1089 4906 4.
1162 4850 1233 4884 ³³⁸
1261 4867 1324 4906 ac
1349 4882 1417 4893 —
1443 4867 1508 4906 ac
1528 4853 1580 4907 5.
1661 4851 1733 4884 ³³⁸
1759 4852 1959 4921 quique
1985 4853 2038 4906 4.
2064 4853 2205 4906 deest
2237 4852 2288 4903 3.
2365 4852 2432 4883 ³³⁷
2460 4865 2579 4904 exc.
2609 4851 2642 4902 Ι.
2669 4865 2722 4921 p.
2751 4848 2803 4902 5.
2883 4846 2955 4921 'ff
2981 4862 3195 4921 unaque
3216 4847 3279 4921 5._
3348 4847 3420 4921 “ff
3437 4862 3589 4921 _n.Au.
3619 4846 3659 4897 Γ.
3690 4861 3854 4921 posse

579 4915 637 4971 3.
712 4915 783 4950 ³⁸⁸
804 4916 894 4984 jus
915 4919 968 4976 4.
1007 4920 1065 4976 5:
1137 4921 1203 4953 ³⁸⁸
1237 4937 1287 4974 a.
1312 4922 1363 4974 4.
1400 4922 1469 4976 5?
1490 4922 1610 4991 d3“
1641 4915 1960 4991 exigebatur
1985 4925 2037 4978 5.
2069 4923 2122 4977 5.
2201 4922 2270 4953 ³³³
2299 4920 2575 4975 curleut5.
2599 4915 2810 4987 swpius.
2891 4916 3307 4991 ‘ffmitigare4.
3384 4917 3454 4949 m
3482 4919 3768 4991 alicessgm
3796 4918 3851 4970 4.

584 4986 640 5042 5.
706 4986 776 5022 ³⁸⁸
804 4990 872 5045 ad
893 5006 1016 5052 eum
1053 4991 1104 5045 5.
1184 4991 1253 5023 δι’
1286 4993 1359 5045 ita
1387 4992 1441 5046 4.
1478 4989 1603 5046 Nic.
1642 4993 1706 5047 de
1733 4984 1793 5046 Β.
1828 4994 2082 5061 potentia:
2111 4994 2157 5046 ι.
2186 4992 2263 5048 5‘!
2292 4992 2591 5062 potentiam
2619 4984 2680 5044 et
2707 4988 3073 5060 patrocinium
3103 4984 3156 5045 3.
3235 4988 3305 5021 ³³⁸
3332 4996 3469 5044 asst.
3501 4988 3556 5042 '5.
3631 4984 3705 5018 ⁸⁸⁸
3730 5003 3856 5042 cor-

589 5059 852 5116 roborent
886 5062 940 5117 1.
1017 5062 1089 5095 ⁸⁸⁸
1114 5062 1454 5117 excesserint
1475 5062 1530 5117 5.
1605 5062 1673 5096 ⁸⁸³
1706 5059 2031 5119 audiendum
2058 5063 2114 5118 4.
2293 5059 2308 5062 ⁷
2992 5100 2995 5103 -

2106 5172 2337 5231 NOTAE.

660 5264 809 5310 ll7fil
834 5265 910 5310 Ita
948 5264 1113 5310 etiam
1144 5280 1193 5310 ει.
1240 5261 1398 5310 4074.
1450 5252 1456 5257 4
2283 5267 2414 5310 Iimn
2439 5265 2574 5310 iram
2601 5273 3007 5310 lnmpnlttmmm
3030 5264 3454 5310 intlinnalitmem
3484 5279 3590 5310 nnn
3616 5279 3861 5310 mmmn-
