4076 5310
239 280 368 335 1077
1475 282 1566 337 ΑΒ
1575 280 1816 338 μΑιΕε.
1847 311 1888 327 ~—

1988 279 2051 339 N.
2080 283 2238 343 1063.
3344 282 3491 339 ’1οης

345 390 414 448 ad
437 390 771 496 sepultura-ut
798 390 1051 496 funebris
1070 403 1265 463 pompa
1293 387 1546 496 ultimum
1574 389 1694 493 vale
1722 404 1818 444 διι-
1837 394 1895 454 'A
1984 395 2089 451 Bel
2119 395 2270 468 (182)
2290 437 2304 462 ,
2348 396 2440 467 qui
2488 411 2715 469 regnum
2769 383 3043 453 invaserat
3093 393 3491 466 Ungariorum‘,

240 483 446 585 τιξξυτοε
484 482 631 585 (18ίῇ)
665 482 1125 585 εσθττίςιχῐωτιιφ
1152 498 1219 538 ηε
1255 483 1330 537 ι’θῖ
1365 491 1470 536 iam
1494 481 1695 584 ξιτοοῖε
1725 495 1822 536 ηῢο
1924 488 2081 543 obiit.
2124 486 2283 553 Joas,
2324 488 2469 544 ﬁlius
2519 488 2637 556 ejus
2662 528 2677 554 ,
2732 489 2902 543 satius
2954 496 3151 557 putans
3200 486 3496 542 moderatis

241 572 381 630 Vn“
427 581 651 642 "Deme
699 573 956 628 “"“Ciala
1009 572 1121 642 νθὶιί
1174 579 1450 640 muPomm
1503 572 1814 635 Ῑηειιιθνθῑν
1923 578 2118 648 opibus
2142 578 2196 632 in
2228 592 2363 647 pace
2403 578 2641 648 perfrui,
2671 593 2834 648 quam
2860 576 3343 631 “’imntoderatas
3381 590 3501 631 am-

241 679 403 718 uaum
438 679 501 717 ex
532 678 759 717 numero
786 678 902 725 suo,
930 663 1100 717 citato
1127 669 1389 731 quantum
1423 668 1638 730 poterat
1660 673 1821 728 equo,

1988 664 2125 722 endo
2147 660 2508 755 calamitatem
2541 678 2704 739 atque
2725 668 2997 722 excidium
3030 681 3223 737 parcre
3257 664 3327 698 ³⁸³
3353 664 3504 739 genti

244 752 612 823 praemittunt,
643 752 734 823 qui
766 750 979 807 litteras
1011 752 1078 806 ad
1106 767 1287 822 regem
1319 761 1480 809 tanta:
1500 748 1827 805 calamitatis

1988 774 2070 824 tua,
2094 750 2374 814 mandavit
2400 757 2471 797 ³⁸*
2505 756 2615 828 regi
2653 757 2935 819 lleinrieo,
2979 755 3022 811 si
3050 742 3152 811 sibi
3185 755 3323 826 apud
3355 754 3505 811 Salo-

246 845 451 901 indices
490 845 727 915 perferat
754 844 849 909 π’,
888 854 943 899 et
970 859 1077 913 qua
1105 844 1183 902 vi.
1235 857 1341 914 qua
1385 842 1712 897 necessitate
1751 839 1822 894 ad
1932 862 2145 902 nionem
2169 888 2186 913 ,
2211 846 2378 901 filium
2412 847 2643 902 Andreae
2680 848 2853 917 regis,
2892 846 3164 901 natalibus
3208 855 3263 899 et
3296 844 3508 901 meritis

246 944 362 1011 haec
396 954 644 998 extrema
685 940 1014 1013 experienda
1049 939 1222 994 coacti
1252 940 1393 1001 sint.
1432 938 1678 992 edoceat.
1720 933 1828 1004 lpsi
1917 939 2046 994 ‘suis
2086 938 2387 1008 condignas
2434 938 2612 992 honor
2654 938 2952 992 haberetur
2977 977 2993 1003 ,
3047 936 3322 992 subditum
3358 951 3418 993 se
3457 938 3507 997 ci

248 1034 505 1105 paulatim
535 1034 848 1103 pedestres,
879 1032 1114 1088 servatis
1141 1030 1421 1085 ordinibus
1442 1069 1456 1093 ,
1487 1027 1831 1096 subsequun-
1934 1028 2259 1100 ﬁdelemque
2302 1028 2541 1082 futurum
2570 1068 2584 1094 ,
2643 1035 2697 1083 et
2749 1028 2907 1084 malle
2958 1027 3243 1083 beneﬁciis
3287 1041 3409 1081 cum
3444 1042 3511 1083 eo

252 1133 361 1194 tur.
381 1124 673 1193 Postquam
696 1123 931 1215 nuncius
956 1137 1022 1175 eo
1049 1122 1295 1188 pervenit
1324 1121 1583 1187 lcctaeqne
1612 1118 1681 1163 ³θς³
1707 1123 1834 1171 sunt
1934 1136 2096 1190 quam
2124 1121 2323 1187 armis,
2356 1121 2458 1176 fide
2482 1136 2643 1191 quant
2677 1122 2796 1175 acie
2836 1103 3117 1175 dimicare.
3157 1116 3358 1173 Eadem
3405 1115 3511 1172 Uno

250 1216 467 1277 ιῖηετοθ·
497 1216 693 1269 hom)"
714 1210 929 1283 quidam
954 1211 1189 1281 Ρθνοιηίῐ
1216 1226 1408 1266 omnes
1433 1208 1524 1278 qui
1554 1208 1606 1261 in
1633 1204 1836 1276 Pal“|i0
1926 1216 2071 1284 garii
2099 1228 2289 1270 omnes
2316 1214 2531 1269 assidua
2567 1213 2833 1284 legatione
2870 1211 3284 1282 pollicebantur.
3311 1208 3387 1264 lta
3418 1208 3515 1263 rex

254 1316 418 1410 erant
433 1321 594 1373 super
626 1316 731 1358 tam
764 1306 976 1372 procaci
1012 1301 1177 1368 facto,
1208 1302 1667 1367 mirabanturque,
1697 1296 1837 1350 inter
1942 1298 2554 1375 Hginricus'ungaﬁam
2589 1319 2712 1359 cum
2738 1303 2982 1359 exercitu
3014 1298 3511 1372 ingressus’(Aug.),

256 1398 486 1463 eximios
520 1407 577 1453 et
613 1396 932 1467 apostolicae
976 1392 1406 1459 conversationis
1436 1390 1582 1453 viros
1624 1397 1837 1443 tantum

1988 1396 2287 1452 alomonem
2330 1398 2384 1451 in
2416 1383 2611 1451 solium
2638 1376 2807 1465 patris
2854 1364 3102 1467 restituit
3110 1432 3126 1458 ,
3167 1364 3351 1459 juncta
3388 1364 3436 1444 ei
3463 1364 3517 1443 in

257 1483 441 1554 ﬂagitii
493 1483 734 1553 potuisse
780 1482 1036 1551 reperiri,
1086 1489 1146 1535 ut
1189 1478 1430 1549 privatas
1480 1473 1705 1543 injurias
1729 1479 1839 1524 tam
1941 1489 2252 1560 caninam,“
2298 1503 2487 1543 sumre
2562 1464 2695 1549 sui.
2747 1464 3049 1552 ablatisth
3097 1482 3351 1536 omnibus
3401 1494 3521 1548 qua,

257 1574 495 1643 pessimo
538 1571 783 1639 exemplo
816 1570 883 1602 ⁸³³
919 1570 1346 1631 ulciscerentur,
1386 1580 1485 1620 nec
1517 1563 1586 1594 ³⁸⁸
1615 1561 1713 1614 lilii
1748 1576 1843 1630 pa-

1988 1581 2057 1649 egi
2088 1580 2397 1651 scrupulum
2428 1593 2647 1634 movere
2674 1576 2758 1632 vel
2787 1576 2934 1647 regni
2964 1582 3164 1630 statum
3194 1570 3525 1627 labefactare

262 1664 363 1718 tris
383 1705 399 1727 ,
424 1664 477 1719 in
510 1680 573 1723 ea
600 1662 937 1732 pods-simum
967 1660 1279 1715 calamitate
1299 1698 1313 1723 ,
1344 1657 1751 1718 misererentur,
1789 1651 1841 1704 in

1988 1670 2214 1737 oterant,
2244 1673 2297 1727 in
2327 1686 2459 1741 pace
2487 1669 2754 1726 remeavit
2774 1670 2841 1724 ad
2870 1667 3094 1723 Gallias.

263 1769 386 1824 qua-
406 1753 592 1809 hostes
628 1768 843 1824 quoque
874 1752 946 1783 ³⁸⁸
980 1765 1107 1806 suos
1153 1750 1218 1804 ad
1252 1746 1653 1802 miserationem
1688 1752 1743 1798 et
1778 1740 1844 1795 ad
1877 1727 1888 1784 1

2020 1763 2285 1819 Educatio
2322 1750 2493 1833 regis
2521 1771 2684 1831 atque
2732 1752 3003 1815 ordinatio
3044 1750 3306 1833 omnium
3342 1768 3528 1811 rerum

265 1844 519 1900 lacrimas
552 1858 850 1915 provocare
879 1840 1162 1910 potuisset.
1200 1838 1412 1893 Placuit
1454 1837 1636 1905 itaque
1668 1831 1849 1925 omni-
1950 1853 2286 1925 pumcarum
2316 1831 2484 1922 penes
2506 1853 2790 1922 episcopos
2818 1858 2959 1915 erat,
2983 1831 3365 1918 eminebatqite
3389 1847 3532 1901 inter

264 1936 387 2002 bus,
417 1936 627 2006 insigne
654 1935 759 1989 hoc
790 1932 1000 1987 facinus
1033 1930 1225 2001 insigni
1258 1928 1439 1995 aliquo
1475 1921 1719 1992 exemplo
1744 1919 1854 1973 vin-
1951 1919 2049 2000 eos
2113 1919 2410 2015 Μοεοηίίηί
2469 1919 2554 1999 α’
2586 1919 2931 1999 ροιὸηερηεῖε
3000 1940 3533 2010 archiepiscoporum

267 2026 460 2089 dic‘ari.
489 2025 624 2080 Tum
669 2040 783 2088 rex,
824 2020 1052 2077 consilio
1112 2035 1240 2075 usus
1293 2013 1631 2072 Coloniensis
1674 2009 1856 2066 archi-
1950 2009 2272 2097 auclorila's;
2312 2036 2360 2090 Α
2394 2035 2589 2105 quibus
2624 2050 2748 2091 cum
2785 2036 2837 2089 in
2867 2041 3080 2104 panem
3116 2009 3331 2087 cohsmi
3370 2029 3538 2085 Λύδι-

270 2118 509 2190 episcopi
532 2126 588 2171 et
617 2115 833 2171 Otlonis
863 2112 1014 2167 ducis
1040 2109 1434 2178 Bajoariorum,
1462 2117 1693 2175 quorum
1720 2109 1857 2196 tunc
1958 2092 2145 2184 {nmis
2168 2092 2479 2183 Premenéis
2517 2092 2959 2196 archiepiscoéus
2993 2133 3301 2195 assumptus
3324 2092 3539 2187 mssa“

272 2207 499 2262 arbitrio
534 2220 622 2260 res
667 2203 880 2275 publica
930 2200 1447 2261 administrabatur,
1503 2193 1754 2264 praccpit
1801 2198 1862 2267 ut

278 2297 398 2366 ipse
426 2293 643 2362 baiulus
679 2292 985 2345 litterarum
1018 2304 1140 2343 cum
1166 2287 1288 2341 aliis
1318 2285 1489 2338 tribus
1510 2323 1524 2346 ,
1553 2281 1643 2355 qui
1676 2287 1863 2334 aucto-

279 2399 373 2439 res
418 2382 699 2439 seditionis
742 2379 1003 2441 fuerant,
1035 2393 1131 2447 per
1185 2376 1405 2443 diversa,
1452 2369 1775 2435 monasteria
1810 2367 1863 2420 in

280 2473 531 2531 custodia
579 2470 812 2526 habendi
859 2458 1236 2531 mitterentur;
1291 2463 1356 2515 ad
1418 2457 1863 2529 compescendam

281 2579 416 2621 vero
443 2576 679 2619 ceteram
710 2556 1145 2631 multitudinem,
1170 2554 1424 2628 quoniam
1451 2552 1519 2583 ³⁸⁷
1547 2566 1648 2614 nec
1671 2548 1866 2620 spiritu

282 2653 524 2711 lenitatis
570 2666 669 2707 nec
719 2652 871 2721 virga
918 2647 1234 2703 monasticae
1275 2639 1638 2711 correptionis
1685 2635 1867 2693 sanari

286 2730 625 2818 potuissent,
655 2744 825 2799 abbas
857 2739 1079 2795 militari
1121 2751 1284 2791 manu
1317 2742 1580 2788 uteretur.
1623 2728 1775 2783 Tunc
1801 2725 1870 2759 ³⁸⁸

288 2838 477 2899 abbas,
507 2834 687 2891 missis
722 2833 935 2887 obviam
973 2831 1259 2893 militibus,
1292 2829 1410 2882 sine
1452 2826 1503 2879 vi
1546 2832 1601 2879 et
1643 2820 1871 2877 tumultu

289 2944 386 2986 eos
411 2927 634 2983 Fuldant
667 2925 850 2980 reduci
878 2920 1060 2992 jussit,
1086 2928 1139 2976 et
1160 2929 1315 2975 extra
1343 2914 1728 2971 monasterium
1782 2926 1871 2965 cu-

290 3018 544 3075 stodibus
573 3014 834 3069 adhibitis
884 3002 1042 3066 suum
1094 3006 1394 3079 praestolari
1451 3003 1703 3058 reditum.
1756 2998 1876 3069 Ipse

293 3121 537 3178 queque,
567 3104 679 3175 regi
707 3101 826 3157 vale
855 3099 1031 3165 facto,
1064 3113 1158 3153 eos
1185 3111 1214 3150 e
1239 3094 1468 3163 vestigio
1502 3099 1582 3146 est
1611 3090 1874 3143 subsecu-

298 3176 413 3253 tus.
449 3196 524 3250 lbi
558 3194 813 3249 collectos
845 3190 1044 3245 fratres
1078 3197 1132 3241 et
1157 3186 1364 3255 primos
1396 3182 1625 3236 militum
1650 3176 1881 3232 Fulden—

301 3287 440 3343 sium
468 3284 559 3340 diu
591 3299 654 3338 ea
691 3277 1020 3337 consultatio
1057 3273 1545 3340 tenuit,laicorum
1584 3284 1653 3321 an
1696 3277 1882 3320 mona-

302 3379 527 3434 chorum
566 3373 771 3444 judicio
798 3372 850 3425 in
886 3385 980 3425 eos
1012 3365 1370 3422 animadverti
1410 3368 1705 3432 oporteret.
1739 3353 1886 3410 Vicit

302 3485 366 3524 ea
410 3466 676 3523 sententia
705 3505 719 3529 ,
752 3477 873 3532 quae
893 3460 965 3501 ³⁸-⁹
996 3459 1255 3515 censebat
1292 3470 1386 3510 eos
1409 3493 1425 3519 ,
1480 3450 1571 3521 qui
1594 3491 1610 3517 ,
1654 3459 1885 3504 excusso

304 3563 432 3633 iugo
479 3528 712 3630 regulae,
743 3528 1053 3625 contempto
1091 3549 1287 3604 abbate
1310 3588 1326 3613 ,
1359 3560 1457 3617 per
1490 3528 1887 3599 contumaciam

310 3654 514 3724 egressi
549 3664 603 3707 et
636 3650 867 3705 necdum
913 3648 966 3701 in
1003 3640 1391 3699 monasterium
1436 3632 1640 3705 recepti
1672 3620 1883 3695 essent,

311 3721 571 3801 laicorum
612 3742 790 3812 potius
834 3740 949 3809 lege
976 3734 1296 3807 judicandos
1327 3729 1395 3761 ³⁶⁰
1423 3727 1561 3782 fore.
1609 3724 1686 3778 lta
1725 3721 1894 3775 abbas

312 3837 576 3902 laiztorum
606 3826 1041 3900 jurisdictionem
1073 3830 1320 3888 secutus,
1351 3820 1490 3874 duos
1530 3832 1595 3870 ex
1625 3816 1733 3877 eis,
1761 3810 1896 3864 alte-

315 3939 443 3982 rum
463 3922 864 3998 presbiteratus
894 3918 1121 3971 alterum
1146 3912 1379 3968 diacouii
1403 3912 1609 3964 honore
1632 3904 1897 3969 insignes,

314 3989 481 4086 jussit
509 4014 723 4084 publice
759 4008 928 4079 virgis
950 4020 1121 4061 caesos
1153 4013 1207 4058 et
1234 4011 1481 4056 attousos
1510 3994 1739 4066 expelli;
1771 3989 1900 4045 reli-

322 4121 462 4178 quos
486 4104 670 4161 multis
691 4101 866 4174 plagis
895 4106 1219 4157 maceratus,
1252 4109 1351 4164 per
1371 4090 1548 4145 vicina
1570 4080 1904 4142 monasteria

324 4212 356 4253 ι
381 4203 486 4251 ium
528 4195 634 4250 alio
680 4189 999 4247 transmisit.
1040 4187 1116 4241 De
1157 4184 1382 4254 singulis
1419 4192 1604 4236 tamen
1653 4192 1760 4231 non
1806 4186 1907 4243 pro

326 4293 486 4346 modo
510 4289 681 4357 culpa:
707 4328 721 4351 ,
759 4287 852 4341 sed
883 4297 981 4352 pro
1013 4278 1268 4335 natalium
1301 4290 1520 4331 suorum
1551 4270 1799 4327 claritate
1824 4262 1910 4319 vel

328 4356 678 4443 obscuritate,
699 4376 883 4432 mitius
913 4372 995 4428 vel
1024 4370 1262 4425 atrocius
1285 4375 1560 4435 sumptum
1585 4356 1907 4430 supplicium

328 4480 434 4528 est.
461 4466 678 4525 Viderit
704 4466 872 4521 abbas
897 4504 912 4528 ,
951 4478 1019 4516 an
1050 4461 1101 4513 vi
1139 4457 1342 4512 doloris
1377 4451 1644 4522 impulsus
1684 4444 1910 4516 injurias

333 4575 462 4616 suas
516 4556 767 4615 acerbius
820 4568 993 4624 quam
1041 4548 1225 4604 decuit
1274 4541 1643 4603 vindicando,
1694 4536 1913 4593 modum

335 4651 478 4707 forte
501 4648 817 4706 excesserit.
860 4645 914 4699 Id
951 4651 1166 4698 constat
1213 4639 1447 4693 inustam
1478 4646 1600 4712 esse
1626 4646 1687 4685 ea
1714 4636 1918 4696 tempe-

337 4755 483 4800 state
514 4739 782 4797 maculam
813 4735 1069 4792 Fuldensi
1109 4728 1597 4796 monasterio,qua:
1615 4722 1777 4791 longa
1800 4718 1918 4773 fore

341 4837 484 4892 sitan
541 4829 949 4890 succedentium
1003 4833 1305 4894 temporum
1365 4817 1509 4875 serie
1559 4812 1704 4869 ablui
1745 4818 1800 4865 et
1831 4810 1922 4863 ex-

250 4974 253 4975 ν
341 4928 483 5000 tergi
502 4925 575 4959 '“
601 4939 710 4981 non
734 4921 925 4993 possit.

1612 5015 1841 5077 varum
1898 4972 2317 5103 Lacaenas;
2394 4984 2395 4987 ‘

1962 2229 2075 2275 tum
2109 2229 2330 2289 prepter
2360 2218 2661 2274 claritatem
2692 2217 2935 2289 generis,
2963 2224 3075 2269 tum
3110 2224 3333 2286 pr0pter
3361 2212 3541 2267 relatis

1964 2322 2128 2381 atque
2169 2310 2666 2385 archiepiscopatus
2719 2307 3169 2378 prmrogativam,
3223 2304 3315 2359 ille
3345 2302 3544 2372 sa‘pius

1965 2404 2351 2473 colloquendo,
2389 2400 2736 2471 obsequendo
2768 2390 2931 2453 etiam
2974 2408 3137 2467 atque
3182 2392 3544 2460 assentando,

1968 2498 2041 2551 ita
2068 2496 2170 2550 sibi
2204 2509 2385 2565 regem
2410 2493 2559 2548 brevi
2592 2492 2930 2555 devinxerat,
2956 2500 3034 2553 ut,
3064 2486 3265 2543 ceteris
3280 2484 3548 2555 episcopis

1966 2584 2313 2655 post-habitis,
2332 2591 2475 2637 totus
2496 2582 2550 2636 in
2574 2598 2696 2637 eum
2714 2580 3096 2644 iuclinarctnr,
3111 2588 3165 2633 et
3182 2576 3365 2648 ipsein
3380 2587 3550 2645 regno

1971 2677 2244 2733 communi
2285 2690 2423 2745 pene
2448 2674 2518 2707 ³⁸⁸
2538 2673 2910 2729 monarcliiatn
2948 2684 3217 2739 usurpare
3249 2666 3551 2722 videretur.

1974 2766 2255 2827 Secundas
2275 2764 2344 2796 ⁸⁸⁸
2359 2772 2476 2835 post
2493 2778 2617 2819 eum
2644 2772 2826 2832 partes
2856 2761 3049 2832 agebat
3072 2756 3363 2821 Wernheri
3402 2754 3552 2827 (l85)

1975 2872 2183 2917 comes.
2202 2854 2419 2924 juvenis
2456 2864 2562 2908 tam
2586 2852 2804 2922 ingenio
2825 2866 2988 2921 quam
3011 2857 3174 2904 aetate
3204 2848 3357 2903 ferox
3383 2844 3552 2916 (184).

1976 2949 2043 3005 Hi
2072 2949 2179 3003 duo
2200 2963 2299 3018 pro
2314 2944 2453 3016 rege
2477 2944 2893 3016 imperitabant;
2916 2941 2985 2996 ab
3014 2941 3098 2995 his
3117 2939 3464 3010 episcopatus
3504 2946 3561 2988 ct

1904 3056 1951 3120 α
1981 3043 2237 3107 abbatiae,
2264 3041 2333 3095 ah
2360 3040 2447 3094 his
2470 3037 2728 3108 quicquid
2759 3035 3276 3099 ecclesiasticarum,
3305 3027 3563 3101 quicquid

1981 3138 2315 3193 secularium
2372 3133 2702 3203 dignitatum
2756 3138 2875 3193 est,
2932 3127 3237 3183 emebatur.
3296 3123 3410 3178 Nec
3458 3120 3566 3174 alia

1982 3226 2271 3296 cuiquam,
2318 3223 2446 3277 licet
2484 3220 2754 3276 industrio
2797 3227 2959 3286 atque
3003 3214 3225 3286 egregio
3256 3227 3402 3279 VII‘O,
3443 3224 3568 3280 spes

1986 3315 2320 3389 adipiscendi
2364 3308 2588 3368 honoris
2623 3309 2785 3363 ullius
2823 3316 2942 3363 erat
2963 3348 2977 3371 ,
3010 3319 3172 3375 quam
3204 3313 3263 3357 ut
3291 3303 3391 3357 hos
3420 3300 3571 3371 prius

1988 3400 2197 3479 ingenti
2245 3403 2561 3476 profusione
2613 3398 2969 3471 pecuniarum
3020 3408 3242 3451 suarum
3303 3390 3569 3446 redemis-

1989 3508 2093 3555 set.
2124 3498 2189 3552 Et
2212 3496 2288 3550 ‘ab
2320 3492 2590 3564 episcopis
2622 3490 2839 3562 quidem
2876 3496 2932 3543 et
2956 3484 3182 3542 ducibus
3231 3492 3377 3538 metu
3403 3483 3574 3550 magis

1990 3605 2152 3661 quam
2179 3575 2440 3656 religione
2469 3579 2864 3650 temperabant.
2904 3577 2962 3631 In
2998 3576 3225 3630 abbates
3253 3587 3403 3639 vero,
3431 3570 3576 3641 quod

1994 3681 2050 3735 hi
2078 3678 2289 3749 injuriae
2336 3674 2550 3731 obviam
2577 3674 2656 3728 ire
2700 3684 2804 3725 non
2855 3676 3130 3740 poterant,
3180 3673 3289 3720 tota
3326 3663 3579 3731 libertate

1998 3775 2406 3846 grassabantur,
2465 3768 2596 3823 illud
2646 3781 2759 3836 pra:
2802 3778 2862 3820 se
2913 3762 3170 3824 ferentes,
3223 3756 3356 3813 nihil
3401 3756 3581 3811 minus

1999 3844 2184 3938 regem
2230 3865 2283 3919 in
2316 3848 2416 3919 hos
2453 3861 2597 3931 juris
2638 3874 2701 3914 ac
2754 3856 3039 3929 potestatis
3089 3853 3291 3909 habere
3329 3860 3492 3920 quam
3524 3844 3583 3900 in

2003 3961 2212 4019 villieos
2234 3973 2364 4015 suos
2412 3956 2497 4010 vel
2529 3956 2580 4010 in
2610 3953 2745 4009 alios
2786 3951 3058 4023 quoslibet
3111 3944 3304 4023 regalis
3337 3939 3474 4007 ,flsci
3502 3938 3582 3995 di-

2004 4048 2370 4127 spensatores.
2403 4049 2467 4104 Et
2494 4050 2671 4119 primo
2716 4045 2932 4115 quidem
2979 4040 3177 4111 praedia
3228 4032 3586 4091 monasterio-

2008 4172 2128 4212 rum
2160 4148 2482 4207 fautoribus
2522 4149 2651 4210 suis,
2681 4147 2865 4214 ‘prout‘
2888 4143 3099 4197 libitum
3130 4146 3266 4204 erat,
3295 4134 3590 4191 distribue-

2010 4256 2166 4319 bant,
2186 4250 2403 4322 etquod
2429 4247 2691 4317 reliquum
2714 4236 2834 4299 erat
2853 4241 3043 4296 crebra
3069 4237 3327 4308 regalium
3348 4232 3592 4289 servitio-

2014 4373 2135 4413 rum
2174 4351 2460 4410 exactione
2496 4362 2663 4417 usque
2684 4345 2749 4399 ad
2771 4342 2919 4399 feces
2939 4341 3157 4396 ultimas
3179 4334 3589 4392 exhauriebant.

2015 4459 2149 4515 Dein
2186 4456 2256 4489 ³⁸⁷
2296 4450 2706 4509 convalescente
2743 4443 2981 4509 audatia,
3012 4442 3066 4496 in
3116 4426 3235 4509 ipsa
3266 4432 3598 4493 monasteria

2016 4542 2278 4631 impetum
2326 4550 2614 4613 faciebant,
2677 4527 2840 4616 atque
2899 4557 2964 4599 ea
3024 4541 3167 4595 inter
3213 4551 3273 4593 se
3322 4524 3599 4605 tamquam

2018 4656 2339 4736 provincias“
2369 4652 2765 4724 partiebantur,
2795 4647 2923 4716 rege
2968 4643 3036 4698 ad
3068 4640 3249 4697 omnia
3276 4653 3395 4711 qua;
3415 4637 3604 4707 jussus

2026 4749 2219 4824 fuisset
2243 4758 2435 4833 puerili
2459 4755 2720 4814 facilitate
2757 4732 3050 4808 annuente.
3081 4729 3269 4818 Itaque
3293 4737 3606 4798 Premensis

2031 4858 2470 4939 archiepiscopus
2515 4839 2650 4923 duas
2709 4860 2938 4940 occupat
2979 4848 3226 4915 abbati-as
3276 4844 3389 4916 (an.
3422 4834 3613 4907 1066),

2433 5109 2478 5122 --
2592 5106 2595 5109 λ
2760 5102 2782 5122 ἰ
2871 5099 2875 5103 “
2978 5120 2987 5121 κ
3044 5088 3272 5122 La--_l,;_.-
3312 5094 3458 5120 -02...-
3488 5089 3618 5122 Ᾱῖιιθῖο
