4076 5310
561 307 701 376 1019

1693 300 2047 370 LAMBERTI
2089 297 2654 368 HERSFELDENSIS

3697 303 3848 359 £080

559 425 891 479 Laurensem
939 419 1088 483 (185)
1137 426 1193 474 et
1243 417 1650 484 Gorbeiensem,
1701 419 1989 488 przemium
2041 415 2383 477 hocAtiam
2409 414 2762 479 admirantes,
2811 411 3016 470 infecta
3057 412 3328 484 legatione
3365 414 3670 471 redierunt.
3703 415 3853 475 Tum

559 529 812 571 asserens
835 527 956 568 esse
989 511 1112 567 ﬁdei
1143 527 1207 566 ac
1255 510 1560 567 devotionis
1615 525 1725 567 suae
1777 525 1907 581 erga
1931 524 2143 580 regem.

559 604 638 659 Ne
670 601 722 658 id
751 602 1076 657 invidiosum
1101 600 1241 672 apud
1267 609 1478 656 ceteros
1501 600 1652 670 regni
1681 599 1956 670 principes
1983 598 2141 664 feret,

558 707 819 765 persuaso
850 707 997 762 rege,
1048 693 1141 747 dat
1188 690 1497 747 Coloniensi
1546 691 1955 761 archiepiscopo
1985 690 2142 754 duas,

560 784 929 840 Malmendren
975 784 1045 820 ⁸⁸⁸
1107 792 1162 839 et
1217 784 1407 838 Endan
1474 783 1542 816 ³⁸⁸
1597 781 1775 854 (186),
1836 780 2144 850 Mogontino

561 876 970 946 archiepiscopo
1007 889 1168 929 unam
1199 874 1253 929 in
1279 874 1638 930 Selechinstat
1668 873 1738 906 ³⁷⁰
1777 869 2144 943 (l87),0ttoni

562 967 687 1025 duci
729 967 1100 1035 Bajoariorum
1137 966 1207 999 ³⁷⁸
1245 982 1407 1020 unam
1441 966 1496 1020 in
1532 964 1747 1030 Altaha,
1782 963 2046 1021 Ruodoll‘o
2073 964 2143 996 ⁸⁷⁸

561 1060 684 1118 duci
714 1059 1011 1118 Suevorum
1051 1075 1216 1114 unam
1253 1059 1304 1113 in
1335 1058 1615 1112 Kenbeten
1669 1057 1740 1090 ³⁷³
1771 1056 1936 1128 (188).
1979 1057 2148 1128 lgitur

559 1150 870 1206 Premensis
920 1151 1385 1220 archiepiscopus,
1433 1159 1494 1203 ut
1535 1157 1702 1203 totam
1735 1146 1989 1201 tirannidi
2034 1161 2146 1202 sua:

559 1253 846 1302 vacantem
874 1242 1126 1298 redderet
1163 1240 1544 1296 Gorbeiensem
1575 1241 1644 1272 ³⁷⁸
1685 1241 1979 1304 abbatiam,
2010 1239 2144 1294 ridi-

553 1333 738 1393 culam
809 1341 1212 1390 commentatur
1273 1331 1534 1390 fabulam.
1604 1330 1984 1386 Disseminatis
2045 1343 2145 1398 per

562 1434 768 1481 curtem
810 1425 1014 1496 regiam
1058 1422 1387 1486 rumoribus,
1437 1421 1674 1492 divulgat
1717 1421 2028 1490 episcopum
2064 1421 2143 1475 ci-

559 1517 747 1572 vitatis
772 1516 1051 1584 cujusdam
1081 1513 1470 1581 Transalpina»,
1503 1513 1589 1568 cui
1619 1512 1744 1566 Pole
1775 1511 1922 1582 (189)
1948 1525 2144 1566 nomen

561 1617 661 1671 est,
691 1607 944 1663 humanis
983 1605 1143 1660 rebus
1195 1605 1517 1660 excessisse.
1568 1603 1704 1658 lluic
1749 1591 2142 1668 successorem,

556 1712 821 1768 persuaso
879 1710 1035 1767 rege,
1097 1696 1358 1766 subrogat
1422 1695 1674 1749 abbatem
1735 1694 2141 1759 Gorbeiensem,

557 1789 820 1860 iubetque
859 1797 916 1842 ut
957 1787 1272 1843 destitutam
1323 1795 1533 1842 rectore
1583 1786 1869 1841 ecclesiam
1915 1793 2147 1856 quanto-

562 1882 682 1937 cius
704 1889 794 1938 eat
841 1881 1098 1936 invisere.
1151 1879 1354 1936 Verum
1401 1879 1544 1934 inter
1588 1893 1790 1943 moras,
1833 1879 2028 1948 quibus
2059 1877 2148 1932 ille

561 1971 744 2027 itineri
794 1971 1098 2026 necessaria
1149 1972 1398 2039 parabat,
1440 1967 1568 2023 dum
1620 1968 1838 2038 quidam
1884 1969 1950 2024 de
1994 1968 2146 2023 ltalia

561 2063 840 2118 venientes
881 2061 1214 2132 episcOpum,
1285 2061 1377 2129 qui
1431 2068 1678 2115 mortuus
1722 2058 1901 2115 dictus
1945 2057 2145 2125 fuerat,

561 2153 744 2212 vivum
774 2163 828 2207 et
851 2152 1173 2208 incolumem
1198 2152 1572 2217 nunciassent,
1616 2150 1848 2204 irridere
1876 2164 2067 2205 omnes
2092 2157 2148 2204 et

561 2244 818 2301 detestari
851 2243 1098 2297 fraudem
1137 2241 1531 2312 archiepiscopi
1555 2247 1842 2312 coeperunt
1886 2241 1976 2294 ³⁷⁸.
2010 2239 2148 2295 Tum

559 2335 688 2391 Otto
722 2333 830 2387 dux
852 2332 1224 2401 Bajoariorum
1247 2333 1314 2387 ad
1338 2333 1732 2401 prohibendum
1765 2340 1969 2387 tantum
1995 2331 2148 2387 nefas

559 2423 743 2479 divino
768 2422 961 2493 spiritu
1011 2422 1303 2487 animatus,
1358 2421 1540 2477 multis
1585 2422 1870 2477 conatibus
1916 2422 2147 2476 circum-

559 2530 777 2586 quaque
827 2514 1096 2585 explicitis
1141 2513 1233 2578 m,
1267 2514 1354 2568 vix
1385 2523 1442 2568 et
1488 2529 1633 2583 aegre
1663 2513 1917 2579 obtinuit,
1950 2524 2009 2568 ut
2034 2521 2146 2568 tam

559 2606 744 2661 abbati
772 2621 933 2676 quam
960 2607 1291 2661 monasterio
1321 2605 1639 2660 Corbeiensi
1667 2620 1798 2659 suus
1827 2605 2022 2668 honor,
2050 2619 2146 2660 sua

559 2697 798 2767 dignitas
826 2697 1113 2753 incolumis
1137 2705 1468 2752 servaretur.
1511 2696 1683 2752 Porro
1707 2712 1830 2752 cum
1856 2697 1908 2752 in
1954 2711 2147 2752 mona-

558 2790 786 2842 sterium
814 2787 1091 2842 Laurense
1133 2787 1400 2846 satellites
1445 2787 1841 2857 archiepiscopi
1872 2787 2148 2842 venissent

558 2881 902 2946 nunciantes,
933 2880 1076 2949 quod
1128 2880 1278 2950 regia
1325 2880 1616 2935 donatione
1664 2879 1816 2936 locus
1845 2880 1960 2948 ipse
1986 2879 2148 2948 injus

558 2981 995 3044 potestatemque
1021 2970 1412 3042 archiepiscopi
1450 2969 1830 3035 concessisset,
1865 2968 2149 3040 juberent-

559 3077 668 3133 que
713 3071 773 3117 ut
815 3063 985 3116 abbas
1031 3060 1082 3116 ei
1127 3061 1423 3116 constituto
1474 3061 1592 3116 loco
1639 3075 1745 3115 non
1797 3061 2147 3130 pigritaretur

560 3169 873 3218 occurrere,
909 3161 1088 3208 tantus
1119 3151 1271 3207 dolor
1298 3159 1354 3207 et
1384 3152 1682 3223 indignatio
1711 3167 1901 3208 omnes
1922 3153 2140 3219 invasit,

560 3254 747 3302 utnec
773 3243 1023 3299 manibus
1073 3243 1126 3298 in
1169 3242 1376 3314 legatos
1407 3244 1553 3314 ipsos
1600 3251 2010 3314 temperassent,
2038 3243 2144 3299 nisi

554 3337 645 3408 jus
673 3335 912 3408 gentium
943 3334 1062 3405 plus
1112 3349 1272 3402 quam
1302 3334 1382 3389 ira
1422 3335 1704 3390 valuisset.
1744 3334 2144 3392 Contumeliose

560 3429 748 3496 auditi,
801 3427 1244 3486 contumeliosius
1312 3428 1482 3488 multo
1541 3436 1668 3488 sunt
1707 3427 1954 3484 dimissi.‘
1991 3427 2144 3494 Quod

555 3530 844 3591 postquam
886 3520 996 3589 regi
1025 3521 1338 3576 nunciatum
1374 3528 1483 3586 est,
1534 3519 1713 3574 missis
1758 3518 1881 3574 aliis
1909 3519 2142 3582 nunciis,

553 3611 720 3681 jussit
744 3611 924 3666 abbati
962 3611 1064 3666 sub
1107 3610 1546 3666 interminatione
1589 3610 1782 3664 salutis
1807 3609 2057 3680 propriae,
2085 3616 2146 3663 ut

561 3702 778 3758 abbatia
804 3716 864 3758 se
893 3703 1174 3759 abdicaret
1199 3700 1536 3771 festinusque
1560 3701 1891 3756 monasterio
1911 3700 2144 3755 excede—

561 3804 669 3852 ret.
706 3794 801 3851 llle
853 3803 1172 3866 comperta,
1227 3795 1542 3865 priusquam
1595 3794 1758 3864 legati
1801 3795 2142 3858 advenirent,

559 3890 708 3962 regis
727 3891 1020 3956 sententia,
1049 3889 1283 3961 benigne
1333 3902 1430 3943 eos
1476 3887 1674 3958 suscipi
1693 3887 1874 3957 jussit,
1901 3895 2064 3958 atque
2090 3888 2143 3942 in

560 3985 704 4040 diem
753 3990 1028 4052 posterum
1082 3997 1271 4038 eorum
1321 3996 1442 4052 quae
1471 3981 1526 4037 in
1571 3980 1844 4035 mandatis
1877 3980 2149 4036 habebant

562 4073 894 4130 audientiam
918 4072 1142 4128 distulit.
1166 4073 1354 4141 Nocte,
1381 4075 1569 4144 paucis
1595 4075 1695 4132 sibi
1720 4074 1996 4140 adhibitis,
2021 4074 2147 4140 inde

561 4169 866 4234 discedens,
896 4167 949 4222 in
981 4167 1096 4224 loca
1126 4168 1421 4233 tutissima,
1457 4169 1710 4225 omnibus
1734 4179 1932 4240 praeter
1957 4169 2148 4227 admo.

562 4260 690 4315 dum
720 4275 923 4330 paucos
947 4260 1224 4332 ignoratus
1251 4259 1341 4326 ⁸⁷⁷,
1375 4276 1434 4318 se
1479 4261 1704 4332 recepit,
1754 4275 1879 4316 cum
1916 4269 1970 4317 et
1999 4262 2148 4332 prius

561 4366 752 4407 omnes
777 4352 1020 4407 ecclesiae
1051 4353 1336 4408 thesauros
1360 4353 1609 4409 clanculo
1659 4363 1972 4424 exportatos
1993 4355 2064 4387 ³⁷⁸
2092 4355 2146 4410 in

2247 504 2445 560 milites
2493 504 2632 573 ejus,
2680 519 2817 574 quos
2861 519 2927 559 eo
2979 513 3220 574 tempore
3275 512 3330 560 et
3377 519 3538 573 opum
3585 505 3765 577 gloria
3793 515 3858 564 et

2247 595 2497 652 militaris
2523 597 2593 630 ⁸⁷⁸
2622 597 2700 651 rei
2732 596 2996 652 industria
3029 595 3360 652 clarissimos
3391 597 3650 662 habebat,
3674 598 3858 656 colla-

2247 688 2319 743 tis
2351 687 2556 742 viribus
2581 695 2816 742 montem
2861 684 3010 758 (l90)
3033 687 3125 757 qui
3170 686 3699 756 proximusadjacet
3730 703 3856 746 mo-

2247 778 2484 833 nasterio
2529 785 2813 848 occupant,
2859 776 3142 831 castellum
3175 785 3484 841 exstruunt,
3525 778 3857 847 prazsidium

2246 868 2566 940 imponunt;
2618 870 2793 940 parati
2839 869 3305 940 archiepiscopum
3373 869 3442 924 ab
3491 868 3858 928 infestationc

2245 963 2565 1020 monasterii
2593 963 2791 1036 capitis
2818 978 3038 1036 quoque
3071 963 3142 995 ³⁸⁸
3169 963 3253 1018 sui
3283 963 3529 1034 periculo
3551 977 3773 1020 arcere.

2919 1056 3157 1112 MLXIV.

2315 1149 2691 1206 Causabantur
2761 1151 2988 1206 Romani
3053 1152 3352 1223 principes,
3425 1153 3568 1225 quod
3619 1169 3718 1210 rex
3770 1154 3853 1209 eis

2247 1239 2566 1298 inconsultis
2581 1240 2843 1296 Romanae
2857 1241 3102 1298 ecclesize
3118 1243 3426 1312 pontificem
3445 1245 3853 1310 constituisset,

2247 1338 2300 1384 ct
2326 1331 2395 1384 ob
2413 1346 2532 1386 eam
2557 1332 2810 1402 injuriam
2839 1331 3197 1388 defectionem
3213 1335 3459 1389 meditari
3489 1336 3855 1392 videbantur.

2247 1421 2472 1491 Propter
2507 1423 2651 1492 quod
2699 1422 2898 1492 placuit
2945 1423 3321 1478 Coloniensem
3369 1426 3854 1497 archiepiscopum

2246 1511 2476 1567 Romam
2509 1513 2650 1568 mitti
2685 1514 2854 1584 (191).
2893 1514 2993 1580 Qui
3024 1515 3246 1571 veniens
3271 1530 3356 1580 eo,
3385 1533 3510 1572 curn
3545 1517 3696 1572 aliud
3731 1529 3856 1574 tur-

2247 1601 2392 1656 batis
2415 1603 2578 1658 rebus
2605 1603 2852 1658 invenire
2878 1619 2984 1658 non
3010 1614 3192 1673 posset
3221 1607 3542 1671 remedium,
3573 1607 3858 1676 judicavit

2246 1693 2661 1758 ordinationem,
2727 1708 2846 1763 qua:
2908 1694 3080 1750 inscio
3147 1705 3339 1751 senatu
3405 1696 3659 1753 Romano
3705 1698 3856 1755 facta

2247 1782 2456 1851 fuisset,
2485 1784 2698 1841 irritam
2728 1783 2870 1850 fore,
2901 1793 2958 1839 et
2984 1786 3064 1840 sic
3091 1796 3272 1842 amoto
3308 1787 3592 1843 Parmensi
3625 1790 3855 1860 cpisco-

2247 1890 2335 1945 po,
2366 1891 2465 1944 per
2503 1874 2824 1934 electionem
2865 1891 3053 1931 eorum
3087 1877 3442 1933 Anshelmum
3494 1879 3563 1912 ³⁸¹
3593 1879 3853 1936 ancen-

2247 1980 2362 2020 sem
2386 1965 2456 1997 ³⁸⁸
2482 1966 2794 2035 episcopum
2836 1981 2936 2036 pro
2979 1981 3044 2022 eo
3086 1967 3328 2023 ordinari
3351 1969 3641 2022 constituit
3671 1969 3850 2041 (lQi).

2248 2056 2448 2112 Verum
2494 2057 2582 2110 ubi
2637 2057 2752 2126 ipse
2781 2066 3001 2126 peracta
3034 2055 3300 2128 legatione
3349 2073 3636 2128 regressus
3667 2069 3759 2114 est
3799 2060 3852 2114 in

2247 2147 2499 2213 Galliam,
2524 2147 2836 2204 Parmensis
2886 2150 3195 2220 episcopus,
3245 2161 3456 2204 armata
3488 2151 3854 2208 multitudine

2247 2254 2352 2294 non
2382 2231 2618 2304 modica,
2643 2239 2974 2296 Luccensem
3022 2243 3337 2312 episcopum
3382 2244 3512 2298 sedc
3541 2245 3852 2314 apostolica

2248 2349 2346 2404 per
2371 2333 2478 2388 vim
2507 2335 2797 2389 deturbare
2817 2349 3103 2404 aggressus
3122 2344 3225 2394 est.
3261 2337 3498 2390 Econtra
3532 2337 3853 2392 fautoribus

2249 2424 2394 2479 illius
2422 2424 2487 2478 ad
2526 2440 2676 2479 arma
2730 2425 2960 2496 impigre
3008 2419 3481 2491 concurrentibus,
3519 2427 3853 2498 congressio

2249 2513 2393 2569 facta
2419 2523 2524 2579 est,
2558 2514 2824 2585 multique
2849 2516 2978 2570 hinc
3006 2524 3060 2570 et
3090 2515 3216 2572 inde
3245 2515 3570 2573 vulneribus
3595 2517 3851 2588 acceptis

2249 2615 2594 2662 corruerunt.
2627 2607 2718 2662 Sic
2743 2608 3039 2678 depravata
3077 2608 3436 2670 ecclesiastici
3483 2610 3690 2681 rigoris
3720 2599 3852 2672 cen-

2247 2721 2398 2772 sura,
2430 2707 2679 2762 homines
2708 2721 2812 2762 non
2837 2715 2896 2761 ut
2919 2707 3214 2777 quondam,
3242 2717 3302 2762 ut
3334 2718 3636 2778 praeessent
3668 2709 3853 2765 eccle-

2249 2799 2344 2854 sim
2399 2799 2492 2856 Dei
2542 2798 2739 2868 injecta
2807 2815 2970 2853 manu
3031 2801 3410 2863 trahebantur,
3461 2802 3554 2856 sed
3613 2817 3687 2858 nc
3739 2816 3849 2856 non

2246 2899 2546 2962 prmessent
2571 2901 2780 2945 armata
2809 2905 2970 2944 manu
2996 2889 3403 2959 praeliahantur,
3435 2890 3850 2960 fundebantquc

2248 2993 2438 3039 mutuo
2467 2984 2785 3054 sanguinem
2839 2997 2948 3038 non
2981 2998 3080 3052 pro
3129 2983 3324 3038 ovibus
3375 2983 3605 3049 Christi,
3647 2986 3747 3039 sed
3779 3000 3851 3040 ne

2173 3091 2219 3155 ρ
2253 3090 2357 3128 non
2389 3073 2460 3107 ⁸⁸³
2488 3074 2902 3128 dominarentur
2929 3072 3000 3108 '“
3029 3072 3224 3128 ovibus
3253 3073 3475 3129 Christi.
3508 3073 3851 3128 Anshelmus

2249 3176 2449 3228 tamen,
2477 3165 2567 3236 qui
2595 3173 2647 3218 et
2678 3163 2989 3219 Alexander
3025 3163 3118 3234 Ψ,
3171 3173 3226 3218 et
3271 3165 3469 3218 virtute
3519 3164 3758 3218 militum
3789 3174 3847 3219 et

2245 3255 2430 3311 favore
2455 3254 2758 3328 principum
2782 3255 2963 3309 sedem
2987 3255 3240 3310 obtinuit.
3261 3255 3413 3309 Alter
3439 3269 3590 3319 vero,
3615 3254 3721 3309 etsi
3746 3269 3848 3325 per

2245 3348 2628 3404 contumeliam
2668 3347 2936 3416 repulsus,
2989 3356 3171 3402 tamen
3229 3347 3408 3417 quoad
3448 3347 3586 3401 vixit
3621 3346 3693 3399 ab
3717 3344 3847 3413 jure

2245 3454 2345 3494 suo
2361 3454 2463 3492 non
2491 3439 2749 3502 cedebat;
2778 3438 2904 3492 huic
2935 3452 3150 3508 semper
3171 3439 3437 3508 derogans
3459 3437 3603 3491 hunc
3630 3436 3844 3491 adulta»

2245 3546 2367 3586 rum
2396 3529 2642 3584 ecclesia:
2675 3529 2788 3592 Dei,
2822 3530 2964 3583 hunc
2983 3529 3495 3599 pseudoapostolum
3523 3527 3839 3597 appellans;

2246 3622 2442 3677 missas
2492 3634 2706 3690 quoque
2766 3635 3010 3674 seorsum
3087 3619 3390 3685 celebrans,
3465 3619 3844 3674 ordinationes

2247 3712 2428 3768 facere
2447 3721 2501 3766 et
2527 3727 2624 3766 sua
2657 3727 2754 3781 per
2775 3709 3036 3769 ecclesias
3066 3710 3283 3766 decreta
3315 3718 3369 3765 et
3394 3710 3662 3779 epistolas
3686 3725 3844 3764 more

2247 3804 2393 3859 sedis
2439 3802 2751 3872 apostolicae
2805 3803 3078 3856 destinare
3130 3817 3235 3856 non
3288 3802 3602 3857 desistebat.
3639 3802 3839 3858 Verum

2247 3897 2428 3953 nullus
2455 3895 2789 3960 attendebat,
2827 3893 3245 3950 criminantibus
3288 3894 3579 3964 universis,
3612 3892 3761 3962 quod
3786 3893 3838 3946 in

2248 3989 2508 4044 ultionem
2533 3987 2758 4060 privatze
2780 3985 3122 4040 contumeliae
3156 3985 3338 4041 sedem
3374 4000 3592 4055 quoque
3623 3993 3840 4056 aposto-

2249 4078 2409 4134 licam
2440 4078 2734 4133 homicidio
2762 4077 2831 4109 ⁸⁸⁸
2861 4076 3213 4132 maculasset.

2319 4168 2610 4226 Heinricus
2631 4167 2990 4236 Augustensis
3028 4167 3312 4236 episcopus
3339 4165 3474 4220 obiit
3503 4166 3673 4237 (195),
3704 4165 3841 4221 invi-

2249 4278 2344 4318 sus
2374 4261 2506 4332 regi,
2536 4260 2743 4314 invisus
2772 4259 3042 4330 episcopis
3069 4259 3340 4325 omnibus,
3366 4267 3585 4328 propter
3606 4258 3839 4328 superbe

2250 4355 2684 4413 administratam
2751 4351 2903 4421 regni
2956 4351 3401 4422 gubernationem
3473 4361 3718 4421 tempore
3769 4349 3834 4382 ⁸⁸⁷

566 4450 741 4496 tutum
771 4442 1022 4498 locasset.
1059 4443 1133 4497 Ita
1158 4443 1321 4514 legati
1353 4443 1441 4499 die
1464 4453 1682 4515 postero
1711 4445 1795 4500 cui
1816 4445 1970 4514 jussa
2005 4448 2146 4518 regis
2181 4433 2226 4492 ί)
2254 4443 2634 4516 imperatricis.
2665 4441 2954 4496 Embrieho
2986 4441 3056 4476 ³⁸⁸
3093 4441 3144 4496 ei
3193 4440 3474 4505 successit,
3515 4440 3839 4510 prmpositus

564 4541 898 4602 exponerent
925 4549 1030 4590 non
1058 4533 1344 4608 habentes,
1393 4534 1730 4618 multumque
1778 4537 1880 4591 viri
1911 4539 2147 4607 pruden-

2253 4537 2616 4608 Mogontinus,
2639 4534 2726 4589 vir
2756 4531 3081 4604 pontificalis
3120 4530 3396 4587 modestiae
3421 4540 3479 4587 et
3527 4530 3837 4603 gravitatis.

1875 4626 2109 4686 VARle
2150 4629 2554 4694 LECTIONES.

641 4695 713 4734 ³⁸⁸
750 4695 1108 4752 Milmundren
1147 4697 1200 4751 5.
1302 4696 1372 4730 ³⁸⁸
1420 4697 1590 4752 Eldan
1649 4697 1704 4752 5.

571 4767 640 4800 ³’³
662 4767 963 4822 Kenbetten
984 4767 1036 4820 5.
1115 4767 1185 4838 "7‘
1221 4766 1602 4824 Gorbeiensem
1628 4769 1680 4823 4.
1759 4768 1830 4800 ⁸⁷³
1855 4784 2045 4838 cepere
2073 4774 2127 4828 5.

571 4853 660 4893 ros
707 4838 803 4909 (ita
844 4838 1066 4910 semper)
1123 4837 1537 4910 cl._deportatos
1578 4847 1632 4892 4.

572 4910 642 4940 ³⁸⁸
667 4907 939 4964 lucensem
970 4909 1023 4963 5.
1050 4907 1102 4962 et
1128 4907 1310 4976 infra.‘
1365 4907 1436 4941 ³⁸³
1461 4923 1530 4963 ne
1558 4925 1696 4962 corr.
1725 4918 1784 4963 ut
1804 4911 1859 4966 5.

1819 4697 1889 4731 "°
1938 4699 2324 4760 Selechiustatt
2367 4703 2420 4756 5.

2205 4775 2274 4808 ⁸⁷⁸
2305 4771 2580 4842 implicitis
2612 4770 2667 4823 5.
2708 4841 2717 4842 ί
2745 4770 2812 4801 ⁸⁷⁷
2835 4768 3025 4842 paucis
3057 4768 3444 4842 incognitus5.

1747 4838 1815 4872 ⁸⁷³
1846 4840 1922 4894 rei
1961 4842 2210 4900 militaris
2248 4845 2302 4899 3.

1935 4910 2005 4944 ⁸⁸³
2033 4917 2471 4969 nondenarentur
2503 4911 2556 4965 4.

3029 4696 3097 4780 ria
3138 4693 3471 4796 nudglﬂ'oo}.
3517 4693 3750 4796 ﬁgtlolfo
3787 4697 3839 4750 6.

3575 4767 3596 4794 ⁸
3629 4767 3843 4820 tliezau-

3575 4846 3624 4888 et
3677 4838 3839 4906 infra.

3603 4905 3674 4938 ην

2517 4700 2584 4732 ³⁷³
2633 4699 2859 4754 Bavarie
2898 4697 2952 4752 5.

2391 4835 2460 4874 ³⁸⁰
2507 4843 2646 4894 deest
2699 4841 2774 4893 Γ.
2835 4835 2936 4870 ’³⁸⁸
2991 4835 3304 4892 Anseltnum
3367 4837 3417 4888 1.
3460 4835 3515 4888 5.

2635 4911 2703 4944 ³⁸⁸
2730 4909 3054 4964 Allcxander
3075 4908 3129 4966 4.
3208 4907 3277 4940 ³⁸³
3297 4907 3436 4960 deest
3467 4905 3522 4960 5.

571 4992 702 5049 pore
725 4978 1006 5052 (superscr.
1035 4979 1426 5050 temporaliter)
1458 4979 1787 5049 imperatrici
1812 4980 1865 5036 4.
1944 4980 2012 5015 ⁸⁸⁸
2034 4983 2352 5039 Embrichio
2391 4985 2444 5038 5.

2086 5079 2315 5138 ΝΟΤᾸΕ.

641 5143 791 5216 (ιξδ)
816 5143 946 5212 Quae
972 5146 1076 5200 hac
1107 5145 1174 5200 de
1213 5159 1273 5200 re
1299 5145 1354 5199 in
1391 5143 1662 5216 Chronico
1693 5145 2145 5206 Laureshamensi

572 5231 627 5310 Ρ.
824 5230 943 5286 sqq.
985 5224 1287 5310 narrantur
1326 5229 1466 5310 cum.
1500 5215 1588 5310 iis,
1617 5231 1752 5310 quam;
1781 5227 1966 5310 noster
1988 5220 2055 5310 de
2085 5235 2149 5310 ea

963 5287 1094 5310 -ξ-...Α
1126 5285 1466 5310 ΑΑ-εηΑηιΙζιιαι.

2323 5151 2469 5294 (188)
2500 5152 2785 5233 Kempten.

2350 5224 2472 5294 189)
2504 5223 2630 5294 Pola
2646 5224 2785 5294 "Istrt.

2350 5224 2472 5310 e22
2504 5223 2885 5310 Ee'aJ.striae-.

2259 5305 2262 5308 .
2333 5291 2472 5310 innnK
2512 5293 2582 5310 no
2631 5293 2688 5310 {VI
2723 5306 2768 5310 .-
2864 5291 2885 5310 Ι
2917 5305 2970 5310 --.
2997 5307 3004 5310 .
3057 5292 3069 5310 1
3127 5291 3144 5310 ἱ
3239 5307 3248 5310 -
3321 5292 3419 5310 Ann
