4076 5310
254 291 387 353 1081
1485 294 1824 354 ANNALES.
1859 326 1863 337 ε

1963 296 2078 353 ΑΝ.
2119 299 2272 359 1063.
3371 314 3508 371 1033

325 400 629 496 Wernberi
677 415 864 496 comes
891 398 1094 496 filiam
1134 404 1449 496 monasterii
1493 407 1686 472 nostri,
1713 420 1835 477 qum
1860 410 1905 469 Α
1938 406 2011 496 ad
2032 411 2358 478 spectandos
2398 423 2507 471 tam
2559 417 2792 476 illustres
2839 420 2983 477 viros
3024 424 3340 479 catervatim
3379 441 3510 496 pro-

256 493 459 553 dicitur
482 494 747 550 Kirhberc
784 492 852 528 ³⁸⁸
881 492 1051 563 (194),
1083 494 1389 551 inconsulto
1415 496 1630 560 abbate,
1656 513 1686 553 a
1709 511 1833 567 rege
1932 495 2381 572 ﬂuebant,primo
2393 509 2661 578 peregrini
2678 509 2926 566 cultusac
2942 492 3521 584 magniﬁciapparintus

256 589 416 662 petiit
443 597 498 643 et
520 588 852 659 impetravit.
889 587 995 643 Pro
1022 604 1127 660 qua
1176 589 1485 659 recipienda
1519 593 1832 646 diuturnum
1936 588 2127 659 ingens
2157 594 2498 661 miraculum,
2529 598 2655 654 dein
2678 600 2765 665 δ”,
2790 601 2953 666 utﬁt,
2981 617 3089 657 non
3118 605 3299 658 minor
3318 607 3513 674 praedm

260 696 486 756 agonem
534 682 935 750 desudavimus,
989 682 1312 739 dimicantes
1378 684 1640 741 adversus
1702 685 1834 739 tanti
1937 692 2061 753 spes
2089 695 2155 735 ac
2181 684 2509 741 desiderium
2545 690 2703 759 cepit.
2733 691 2916 762 Itaque
2939 706 3063 746 cum
3091 694 3321 749 transita
3364 694 3513 763 Licia

261 773 438 846 hostis
462 774 724 831 szevitiam
772 789 879 838 non
922 775 1090 833 armis
1130 776 1465 843 carnalibus,
1494 778 1588 832 sed
1618 776 1837 844 jejuniis
1940 769 2074 829 lines
2090 771 2514 832 Sarracenorum
2532 779 2933 838 iltlt'oisaettt‘“
2947 793 3002 838 et
3021 784 3514 853 jamacivitatecui

262 872 319 925 et
346 861 555 919 crebris
594 864 953 918 orationibus.
986 862 1140 920 Unde
1168 865 1259 919 ille
1298 868 1627 923 mordaciter
1667 866 1838 934 magis
1941 859 2170 917 Ramulo
2191 879 2385 921 nomen
2400 879 2484 924 est
2497 884 2602 925 una
2626 873 2709 927 vel
2725 874 2881 944 paulo
2902 876 3025 947 plus
3050 879 3328 933 mansione
3355 877 3518 938 abest-~

261 968 426 1026 quam
455 952 625 1009 facete
642 953 711 988 ³⁸⁸
723 953 894 1021 jocari
918 954 1142 1019 solebat,
1166 971 1360 1027 magno
1374 972 1595 1012 munere
1619 957 1839 1028 dignum

264 1060 327 1103 se
349 1060 469 1101 esse
495 1045 637 1115 apud
671 1061 873 1116 regem,
922 1046 1016 1115 qui
1046 1048 1340 1103 monachos
1387 1046 1525 1116 ejus,
1558 1048 1842 1118 languidos

264 1137 418 1207 prius
444 1136 497 1190 in
530 1135 597 1168 ⁸⁸⁸
621 1150 786 1206 opere
810 1136 902 1191 Dei
928 1145 983 1191 et
1014 1137 1245 1208 tepidos,
1273 1138 1429 1194 novis
1455 1138 1664 1195 facibus
1690 1138 1844 1193 adhi-

265 1224 419 1290 bitis,
444 1227 832 1284 exsuscitasset
858 1228 928 1261 ³⁹²
970 1228 1275 1300 invitosque
1317 1232 1385 1287 ad
1422 1229 1627 1300 jejunia
1658 1239 1714 1285 et
1740 1246 1843 1284 nu-

268 1316 533 1388 dipedalia
553 1319 840 1389 coegisset.
1418 1386 1423 1391 _

342 1405 641 1479 Sigefridus
684 1407 1026 1480 Mogontinus
1068 1411 1358 1481 episcopus
1420 1418 1475 1466 et
1530 1409 1847 1467 Gunthertts

267 1495 729 1569 Babenbergensis
750 1509 807 1563 et
835 1500 961 1564 Otto
985 1500 1396 1572 Ratispouensis
1407 1501 1849 1557 ctWillehebuus

271 1588 635 1658 Trajectensis
678 1590 938 1661 episcopi,
985 1592 1111 1649 item
1177 1591 1265 1657 alii
1322 1607 1482 1662 quam
1523 1592 1727 1662 plures.
1759 1605 1850 1646 co-

271 1679 470 1737 lumnae
494 1691 548 1737 et
569 1684 745 1752 capita
776 1682 1091 1752 Galliarum,
1122 1684 1422 1751 autumnali
1447 1694 1689 1756 tempore
1716 1683 1845 1739 Hie-

272 1770 584 1841 rosolimam
607 1743 1043 1843 proﬁciscuntur.
1075 1743 1088 1752 ’
1250 1743 1255 1751 1
1558 1743 1576 1756 ’
1874 1743 1920 1811 Β

951 1861 1162 1918 MLXV.

344 1949 462 2008 Rex
514 1953 854 2021 nativitatem
922 1952 1131 2017 Domini
1205 1952 1468 2009 Goslariaa
1533 1953 1847 2019 celebravit,

274 2045 475 2115 pascha
505 2043 827 2100 Wormaciae
869 2044 1058 2116 (Mart.
1107 2045 1219 2113 27).
1252 2043 1351 2099 Ubi
1407 2044 1852 2114 archiepiscopus

276 2131 585 2191 Premensis
610 2134 753 2191 inter
779 2148 935 2197 sacra
982 2133 1271 2199 missarum
1299 2134 1581 2199 solemnia,
1608 2134 1737 2188 dum
1754 2133 1853 2189 des

274 2224 448 2280 bitum
483 2233 647 2280 tantae
672 2225 952 2283 festivitati
974 2240 1278 2281 sermonem
1322 2224 1549 2290 laceret,
1576 2224 1852 2281 hominem

277 2317 350 2372 ab
379 2316 725 2373 infestatione
773 2317 1021 2373 demonis
1054 2317 1330 2389 purgavit,
1358 2316 1494 2372 fusis
1520 2332 1620 2387 pro
1650 2331 1716 2372 eo
1743 2325 1853 2371 tam

279 2408 397 2464 suis
426 2422 586 2478 quam
621 2409 795 2464 tocius
822 2407 1003 2478 populi
1040 2408 1130 2479 qui
1174 2422 1414 2479 pmsens
1438 2418 1561 2464 erat
1578 2408 1852 2478 precibus.

279 2502 356 2559 Ea
386 2518 473 2558 res
518 2502 708 2573 grandi
760 2501 1023 2558 miraculo
1072 2502 1285 2561 cunctis
1337 2511 1475 2564 erat.
1515 2502 1856 2570 stupentibus

282 2595 514 2656 scilicet.
549 2596 692 2664 quod
726 2594 806 2648 vir
832 2604 941 2649 tam
991 2595 1239 2665 pessimae
1275 2594 1328 2648 in
1352 2594 1548 2664 populo
1574 2595 1856 2651 existima-

286 2687 469 2750 tionis,
493 2687 587 2757 qui
617 2687 783 2742 vitam
810 2686 1067 2742 virtutum
1097 2701 1206 2741 non
1232 2685 1473 2747 haberet.
1498 2689 1650 2757 signa
1681 2688 1855 2745 virtu-

285 2794 398 2842 tum
424 2784 650 2843 faceret.
683 2783 791 2844 Sed
818 2785 996 2842 annuli
1021 2783 1138 2856 ejus
1167 2784 1431 2843 insidiose
1450 2784 1521 2821 ³⁷³
1559 2787 1663 2842 hoc
1691 2782 1860 2839 interb

283 2880 661 2948 prctabantur,
694 2894 799 2934 non
841 2879 1050 2934 meritis
1087 2877 1204 2946 ejus
1249 2880 1344 2936 sed
1388 2878 1733 2948 praesentium
1764 2891 1861 2947 p0—

285 2970 532 3039 pulorum
575 2970 955 3041 supplicationi
999 2970 1378 3026 ascribendum
1415 2984 1536 3027 esse
1573 2978 1734 3024 tanta:
1781 2968 1858 3022 rei

1940 963 2082 1020 sent,
2113 957 2359 1026 proximo
2387 974 2678 1029 parasceve
2710 976 2835 1019 ante
2864 966 3065 1035 pascha
3102 966 3335 1038 (Μαι-1.).
3368 965 3517 1025 circa

1945 1049 2167 1104 terciam
2193 1051 2296 1107 diei
2326 1052 2539 1116 horam,
2570 1055 2931 1111 incursionem
2956 1058 3100 1129 passi
3132 1065 3258 1113 sunt
3285 1058 3352 1112 ab
3376 1057 3517 1111 Ara-

1945 1142 2091 1209 bitis,
2119 1144 2209 1214 qui
2233 1156 2514 1215 comperto
2545 1156 2651 1201 tam
2678 1148 2964 1220 insignium
2995 1150 3233 1205 virorum
3260 1149 3526 1221 adventu,

1945 1234 2182 1305 undique
2212 1233 2279 1289 ad
2308 1235 2480 1305 spolia
2517 1236 2817 1307 diripienda
2857 1239 3171 1309 frequentes
3214 1239 3520 1311 armatique

1946 1321 2334 1378 conﬂuxerant.
2366 1323 2616 1396 Plerique
2653 1326 3071 1383 Christianorum
3100 1328 3167 1361 “‘
3209 1330 3525 1400 religiosum

1947 1420 2225 1483 putantes,
2271 1429 2434 1469 manu
2478 1417 2581 1472 sibi
2632 1417 2893 1473 auxilium
2937 1418 3083 1476 ferre
3106 1420 3178 1453 m
3206 1430 3263 1476 et
3296 1420 3520 1476 salutem

1948 1517 2124 1569 suam,
2156 1520 2317 1575 quam
2343 1522 2571 1582 peregre
2600 1512 3006 1580 proliciscentes
3030 1512 3142 1568 Deo
3171 1514 3521 1579 devoverant,

1949 1596 2120 1650 armis
2140 1598 2513 1667 corporalibus
2540 1603 2697 1667 tueri,
2728 1603 2902 1673 prima
2932 1604 3114 1659 statim
3143 1604 3525 1674 congressione

1950 1690 2245 1757 prostrati,
2294 1691 2609 1748 vulneribus
2653 1694 2836 1749 multis
2878 1695 3144 1762 confecti,
3181 1704 3236 1749 et
3276 1694 3528 1749 omnibus

1949 1797 2071 1852 quae
2119 1781 2393 1838 habebant
2430 1800 2463 1838 a
2493 1783 2585 1841 illo
2610 1784 2936 1840 subteminis
2970 1784 3042 1818 m
3068 1784 3216 1858 (196)
3259 1797 3431 1854 usque
3458 1781 3529 1837 ad

1951 1872 2241 1943 corrigiam
2264 1873 2449 1945 caliga:
2472 1874 2757 1946 exspoliati
2782 1884 2907 1931 sunt
2927 1875 3084 1946 (Gen.
3108 1890 3215 1939 xiv,
3242 1874 3357 1946 εδ).
3384 1872 3531 1928 lnter

1950 1978 2093 2034 quos
2144 1963 2507 2022 Willibelmus
2549 1983 2767 2038 quoque
2811 1968 3178 2039 Trajectensis
3222 1969 3529 2038 episcopus,

1952 2055 2180 2111 brachio
2219 2071 2356 2125 pene
2399 2058 2571 2128 plagis
2596 2057 2908 2123 debilitate,
2952 2060 3127 2114 nudus
3150 2073 3215 2113 ac
3237 2057 3531 2113 semivivus

1953 2148 2175 2207 relictus
2201 2149 2275 2183 ⁸⁸⁸
2295 2160 2397 2205 est.
2425 2151 2605 2207 Ceteri
2620 2152 2910 2208 christiani
2934 2152 3081 2223 jactu
3107 2151 3364 2224 lapidum,
3387 2150 3532 2222 quod

1954 2256 2126 2311 genus
2156 2241 2246 2296 teli
2280 2239 2419 2297 forte
2448 2241 2599 2299 locus
2639 2243 2754 2313 ipse
2785 2242 2990 2297 ali‘atim
3030 2243 3392 2308 ministrabat,
3423 2256 3530 2296 non

1955 2339 2066 2385 tam
2095 2331 2394 2402 periculum
2446 2333 2867 2403 pr0pulsabant',
2907 2348 3068 2403 quam
3117 2339 3347 2387 mortem
3369 2371 3386 2395 ,
3414 2345 3534 2401 qua:

1954 2439 2197 2493 praesens
2224 2426 2468 2496 urgebat,
2502 2424 2721 2480 diﬂ‘erre
2763 2426 3117 2479 conabantur.
3144 2422 3341 2479 Pedem
3367 2423 3534 2476 etiam
3606 2412 3619 2419 ’

1954 2517 2213 2588 paulatim
2238 2515 2620 2581 subtrahendo,
2646 2515 2714 2569 ad
2737 2515 2917 2569 villam
2940 2514 3300 2577 declinabant,
3325 2524 3447 2582 qua:
3468 2512 3537 2565 ab

1959 2610 2080 2679 ipso
2104 2609 2299 2664 itinere
2330 2608 2504 2677 spatio
2544 2605 2803 2661 mediocri
2850 2604 3108 2658 distabat.
3155 2602 3536 2672 Capharnanm

1958 2701 2103 2757 hanc
2147 2697 2344 2763 fuisse,
2374 2712 2440 2751 ex
2468 2695 2825 2751 similitudine
2864 2693 3116 2749 vocabuli
3170 2691 3537 2747 coniciebant.

1959 2790 2134 2858 Quam
2157 2797 2216 2844 ut
2245 2789 2473 2859 ingressi
2501 2794 2645 2850 sunt,
2671 2785 2906 2856 episcopi
2934 2799 3126 2839 omnes
3148 2783 3346 2837 atrium
3370 2780 3541 2851 quod-

1960 2886 2083 2940 dam
2107 2889 2392 2951 occupant,
2410 2880 2597 2935 humili
2622 2888 2835 2949 septum
2861 2878 3093 2932 maceria
3125 2886 3180 2931 ct
3210 2883 3318 2929 tam
3341 2872 3539 2944 fragili,

1962 2987 2021 3037 ttt
2050 2975 2263 3032 etiamsi
2311 2973 2456 3030 nulla
2497 2972 2580 3027 vis
2608 2970 2976 3034 adhiberetur,
3006 2970 3119 3025 sola
3165 2977 3434 3024 vetustate
3462 2966 3541 3020 fa-

286 3046 556 3131 eﬂectum.
605 3063 679 3118 lbi
712 3078 809 3132 per
856 3064 1261 3119 concessionem
1312 3061 1550 3130 ejusdem
1591 3061 1861 3131 archiepi-
1889 3079 1936 3141 ο
1968 3072 2069 3125 cile
2098 3078 2407 3135 con-"aret;
2453 3069 2505 3123 in
2534 3065 2688 3136 cup];
2729 3066 2909 3121 medio
2939 3066 3132 3122 domus
3159 3073 3315 3128 erat,
3355 3076 3543 3118 coena-

288 3158 436 3227 scopi
485 3157 717 3227 primum
768 3171 831 3211 se
894 3171 987 3211 rex
1034 3171 1185 3210 arma
1244 3154 1316 3188 m
1351 3154 1545 3210 bellica
1593 3154 1864 3210 succinxit

288 3246 476 3318 (Mart.
516 3247 632 3319 29),
681 3246 973 3317 statimque
998 3246 1230 3316 primam
1280 3252 1547 3314 susceptae
1573 3250 1865 3303 armatura;

289 3338 679 3407 exat-ientiam
718 3337 866 3407 (l95)
912 3337 966 3391 in
1025 3336 1495 3405 archiepiscopum
1573 3332 1864 3388 Colonien—

291 3445 407 3503 sem
429 3430 498 3467 ³⁸⁸
523 3430 761 3485 dedisset
802 3438 858 3494 et
901 3430 966 3485 ad
1014 3429 1445 3499 persequendum
1474 3442 1598 3483 eum
1644 3427 1790 3481 ferro
1811 3433 1867 3479 et

291 3521 419 3591 igne
445 3521 516 3555 ³⁸⁸
544 3536 782 3592 przeceps
804 3520 1006 3577 abisset
1037 3521 1125 3584 ³⁸⁷,
1159 3520 1262 3574 nisi
1296 3534 1383 3574 res
1420 3518 1663 3572 turbatas
1702 3517 1867 3584 impe-

292 3615 469 3672 ratrix
492 3614 811 3685 tempestivo
836 3613 994 3675 valde
1021 3612 1247 3670 consilio
1281 3611 1689 3683 composuisset.
1724 3610 1869 3667 inter

292 3718 476 3767 cetera
505 3711 559 3766 id
580 3709 923 3780 potissimum
954 3708 1172 3762 invidia:
1194 3707 1244 3763 ei
1286 3715 1427 3769 erat,
1454 3706 1596 3776 quod
1624 3714 1752 3760 ante
1770 3704 1867 3758 alio

292 3811 425 3874 quot
452 3816 644 3866 annos,
694 3803 822 3855 dum
869 3799 1200 3869 imperatrici
1240 3799 1331 3869 jus
1378 3798 1529 3867 regni
1579 3811 1868 3867 rerumque

294 3891 659 3975 gubernacula
706 3890 922 3960 eripere
960 3889 1139 3953 vellet,
1183 3889 1358 3959 ipsum
1404 3900 1545 3959 pene
1590 3902 1771 3959 regem
1813 3887 1867 3942 in

295 3982 544 4037 ultimum
571 3979 862 4045 discrimen
892 3977 1304 4049 pracipitasset.

366 4070 620 4127 Heceloni
652 4068 999 4140 Argentorati
1030 4067 1285 4138 episcopo
1319 4066 1479 4138 paulo
1507 4075 1635 4123 ante
1681 4065 1871 4122 dei’unc

296 4174 407 4232 cto,
429 4178 717 4229 successor
748 4162 1076 4218 substitutus
1094 4171 1180 4217 est
1200 4159 1512 4229 Wernheri,
1536 4160 1871 4232 propinquus

295 4256 586 4317 Wernheri
615 4255 852 4313 comitis.

362 4348 576 4406 Interea
596 4347 838 4419 praedicti
855 4345 1091 4419 episcopi
1120 4346 1531 4403 Hierosolimam
1558 4353 1869 4416 pergentes,

293 4436 425 4503 dum
488 4418 913 4513 magnitudinem
971 4418 1131 4510 opum
1182 4453 1403 4493 suarum
1450 4436 1720 4509 gentibus,
1778 4418 1951 4504 per”

295 4543 434 4601 quas
463 4530 567 4585 iter
603 4530 893 4596 habebant,
940 4528 1300 4585 inconsultius
1343 4534 1705 4589 ostentarent,
1755 4524 1877 4581 ulti-

299 4637 447 4677 mum
477 4622 578 4676 sibi
608 4621 905 4691 periculum
942 4622 1321 4677 consciverant
1375 4618 1468 4682 ³³⁸.
1496 4617 1601 4672 nisi
1630 4630 1744 4671 rem
1773 4616 1875 4670 bu-

298 4729 460 4783 mana
514 4714 823 4771 temeritate
887 4715 1193 4784 prolapsam
1264 4712 1450 4767 divina
1499 4708 1875 4764 misericordia

300 4804 649 4875 restituisset.
675 4803 810 4859 Nam
854 4804 1137 4872 barbaros,
1183 4802 1274 4873 qui
1304 4816 1371 4857 ex
1403 4799 1627 4869 urbibus
1650 4807 1705 4855 et
1731 4798 1878 4868 agris

1964 3164 2143 3227 culum
2170 3163 2373 3218 habens
2395 3165 2527 3217 satis
2551 3161 2826 3216 editumet
2857 3157 2923 3214 ad
2957 3156 3363 3229 repugnandum
3387 3153 3542 3226 quasi

1964 3270 2028 3309 ex
2060 3253 2322 3308 industria
2368 3252 2442 3323 ⁸9³
2479 3260 2868 3321 praeparatum.
2905 3249 3075 3319 Hujus
3106 3261 3385 3319 superiora
3429 3246 3545 3316 cpi-

1965 3359 2161 3414 scopus
2190 3343 2530 3412 Mogontinns
2572 3354 2629 3396 et
2667 3340 3137 3411 Babenbergeusis
3181 3353 3302 3393 cum
3332 3337 3548 3393 clericis

1965 3436 2100 3503 suis,
2135 3435 2389 3489 inferiora
2419 3434 2586 3488 ceteri
2631 3431 2870 3503 episcopi
2920 3432 3023 3485 sibi
3055 3429 3363 3484 vendicant.
3394 3427 3544 3482 Laici

1966 3539 2155 3582 omnes
2176 3526 2243 3580 ad
2266 3526 2555 3579 arcendam
2579 3524 2687 3578 vim
2712 3523 2947 3579 hostium
2969 3531 3024 3576 et
3047 3519 3338 3574 maceriam
3363 3516 3549 3572 defen-

1968 3616 2200 3671 dendam
2253 3616 2479 3687 impigre
2529 3616 2881 3679 discurrunt,
2932 3619 2989 3667 et
3042 3612 3271 3683 primam
3327 3609 3546 3680 quidem

1967 3707 2286 3764 certaminis
2314 3707 2605 3780 procellam
2642 3706 2879 3776 lapidum
2919 3704 3093 3775 jactu,
3138 3710 3198 3757 ut
3230 3701 3548 3773 praedictum

1968 3807 2075 3864 est,
2106 3799 2432 3854 sustinuere.
2463 3798 2595 3852 Dein
2625 3796 2696 3830 ‘°‘
2725 3812 2849 3852 cum
2889 3796 3107 3852 barbari
3142 3807 3389 3865 magnam
3418 3792 3550 3846 telo-

1969 3906 2090 3945 rum
2122 3891 2319 3946 nubem
2351 3891 2405 3945 in
2446 3902 2626 3946 castra
2663 3889 3047 3960 conjecissent,
3085 3895 3141 3943 et
3179 3886 3280 3957 ipsi
3308 3886 3550 3957 plerum—

1969 3998 2097 4054 que,
2124 3982 2479 4054 impressione
2501 3983 2554 4036 in
2582 3996 2678 4038 eos
2705 3980 2871 4048 facta,
2898 3980 3099 4050 clipeos
3124 3987 3178 4032 et
3198 3977 3404 4050 gladios
3434 3991 3553 4030 maa
3623 3969 3631 3975 ⁷

1970 4076 2128 4132 nibus
2147 4092 2334 4133 eorum
2350 4079 2400 4133 vi
2422 4079 2798 4142 extorsissent,
2812 4092 2918 4132 non
2936 4074 3107 4131 solum
3126 4075 3237 4145 jam
3261 4067 3551 4126 maceriam

1972 4171 2111 4226 tueri
2143 4169 2433 4237 sufﬁciunt,
2459 4172 2551 4226 sed
2582 4171 2757 4240 portis
2784 4169 2856 4202 “7
2886 4169 3052 4224 etiam
3078 4167 3349 4222 interdum
3373 4176 3554 4217 erum-

1972 4278 2100 4332 perc
2150 4272 2205 4317 et
2252 4277 2492 4334 pugnam
2541 4264 2846 4317 comminus
2889 4261 2962 4292 *θ’
3012 4258 3281 4312 lacessere
3329 4253 3551 4308 audent.

1975 4353 2215 4418 Quorum
2249 4353 2504 4422 impetum
2529 4353 2655 4406 dum
2682 4351 2890 4406 Arabes
2917 4349 3063 4404 nullo
3082 4347 3196 4418 jam
3235 4346 3375 4411 loco,
3408 4342 3554 4398 nulla

1976 4443 2092 4497 acie
2132 4444 2405 4497 sustinere
2431 4451 2675 4512 possent,
2705 4442 2991 4497 consilium
3021 4440 3240 4494 tandem
3281 4452 3313 4491 a
3352 4434 3427 4469 ’θ’
3473 4443 3556 4490 tu-

1979 4533 2266 4587 multuaria
2304 4534 2686 4603 congressione
2734 4532 2801 4586 ad
2848 4531 3185 4586 obsidionem
3213 4534 3454 4591 vertunt,
3501 4532 3557 4580 et

1980 4625 2156 4680 inedia
2177 4634 2339 4695 atque
2362 4625 2680 4680 lassitudine
2701 4624 2969 4680 conﬁcere
2992 4621 3394 4694 aggrediuntur,
3418 4632 3557 4688 quos

1979 4715 2126 4771 l'crro
2148 4729 2459 4786 expugnare
2483 4704 2895 4784 non'poterant.
2918 4713 3108 4783 Itaque
3133 4707 3556 4771 multitudinem,

1979 4820 2084 4875 qua
2108 4806 2201 4839 “"
2233 4805 2812 4875 superhabundabant,
2843 4803 3178 4877 conglobatis
3204 4801 3412 4858 scilicet
3455 4798 3564 4853 cir—

1603 4911 1833 4967 VARUS
1874 4913 2274 4971 LECTIONES.

372 4986 445 5022 ³⁸⁸
496 4987 800 5059 Kirchberg
843 4987 894 5042 l.
928 4987 988 5059 ξι.
1026 4985 1120 5059 ,5.
1149 4981 1522 5059 _l_iirch_bergl_t__
1553 4981 1627 5059 -l;_
1673 4982 1748 5051 cf.
1786 4984 1931 5059 infra
1989 4987 2246 5059 q._l0jili.

306 5056 376 5115 9"
403 5052 833 5115 exsuscitasse'b.
919 5056 988 5090 ³⁸³
1023 5055 1281 5110 insidiose
1310 5056 1363 5109 5.
1463 5052 1533 5085 ⁸⁸⁸
1562 5054 1631 5108 ad
1672 5069 1823 5107 arma
1850 5052 1904 5107 6.

311 5138 377 5216 f‘
420 5140 797 5216 consciverunt
844 5139 892 5216 l_.
940 5136 1010 5216 5]
1081 5135 1150 5216 f”
1210 5133 1509 5216 deinde}?

1610 5132 2041 5216 “’l‘nretroisscnt
2080 5136 2156 5216 4.“

2342 4983 2411 5016 ³⁹⁰
2459 4982 2639 5039 facere
2680 4985 2734 5039 5-
2816 4983 2903 5014 ’³’ί
2939 4997 2992 5051 P-
3040 4991 3093 5037 θί
3142 4990 3181 5034 ί·
3226 4980 3288 5051 in.
3317 4990 3379 5051 9⁸
3414 4973 3471 5028 d'

2006 5055 2077 5088 ³⁸⁵
2126 5055 2528 5113 Coloniensium
2575 5056 2631 5109 ὅ.
2716 5055 2787 5087 ³9⁸
2839 5045 2954 5121 igni
2998 5052 3052 5105 5.
3150 5045 3476 5121 8"abiisset
3518 5047 3576 5098 ’5.

2370 5135 2523 5216 crist-
2558 5132 2621 5216 ἐξ
2644 5133 2741 5214 (ita
2783 5119 3003 5216 “uisi—ta
3024 5126 3353 5216 sese);
3378 5119 3469 5216 δῖ’.
3496 5138 3575 5216 νε·
